4867 6150
325 444 446 513 601

335 638 476 704 dies
519 638 748 704 festos:
794 636 910 702 sed
955 647 1033 701 ut
1073 636 1218 719 ipsa
1258 633 1670 718 experientia
1713 632 2009 716 doceret,
2065 633 2285 698 Deum

334 726 417 791 iis
460 744 605 791 csse
641 723 968 788 offensum
1013 743 1175 805 quos
1218 721 1541 806 singulari
1585 718 1903 786 beneficio
1946 717 2285 802 privabat:

332 809 681 893 trepidatio
747 809 924 874 enim
969 817 1034 872 et
1088 817 1307 873 metus
1365 828 1499 873 non
1555 803 1819 871 aliunde
1862 804 2291 888 proveniebat

333 915 528 981 quam
594 917 676 961 ex
736 914 964 960 eorum
1023 892 1240 977 culpa.
1346 892 1697 959 Caeterum
1761 891 1917 956 hinc
1972 890 2290 975 colligant

331 982 556 1049 fideles
600 981 832 1047 utilem
892 979 1289 1057 doctrinam,
1349 979 1603 1062 quoties
1646 977 1866 1043 Deum
1915 976 2288 1060 sequentur,

329 1090 401 1135 se
448 1069 593 1134 eius
637 1066 1039 1151 protectione
1086 1074 1261 1131 tutos
1304 1065 1476 1130 fore:
1533 1064 1686 1147 quia
1750 1064 1820 1128 in
1887 1063 2028 1128 eius
2085 1083 2289 1128 manu

329 1165 432 1221 est
475 1153 825 1237 prohibere
869 1152 1158 1218 hostium
1203 1151 1508 1234 impetus,
1552 1159 1620 1215 et
1662 1169 1892 1215 omnes
1935 1169 2166 1214 noxae.

506 1240 723 1322 Neque
748 1240 1081 1321 quisquam
1104 1239 1518 1319 conspicietur
1543 1255 1752 1301 coram
1776 1234 2008 1301 Iehova
2031 1254 2286 1300 vacuas.

327 1325 566 1394 Nescio
648 1325 807 1409 quid
874 1325 944 1390 in
1011 1332 1303 1391 mentem
1368 1323 1628 1388 venerit
1710 1319 2134 1404 quibusdam,
2215 1327 2291 1385 ut

325 1421 645 1496 putarent
708 1413 929 1477 Deum
996 1410 1379 1494 promittere
1453 1407 1810 1491 locupletes
1868 1408 2003 1472 fore
2061 1427 2291 1472 omnes

327 1498 447 1583 qui
514 1508 616 1563 ter
672 1520 742 1565 se
799 1498 1112 1563 sisterent
1176 1515 1396 1561 coram
1462 1493 1866 1561 sanctuario:
1940 1513 2146 1577 quum
2205 1514 2290 1559 ex

1760 442 2192 527 QUINTUM
2252 443 2907 513 PRAEOEP'I'UM.

4223 450 4358 516 602

2390 630 2613 699 verbis
2635 632 2844 699 Mosis
2890 634 3102 718 palam
3147 644 3461 719 appareat
3496 636 3675 721 exigi
3710 658 3749 704 a
3786 636 4068 720 singulis
4101 656 4349 703 munus

2392 717 2655 802 aliquod
2720 719 2791 783 iu
2858 722 3125 806 signum
3197 720 3641 807 gratitudinis.
3753 722 3845 788 Et
3928 721 4098 789 forte
4173 722 4347 808 quod

2391 804 2691 871 historici
2736 820 3013 872 narrant
3056 808 3257 873 fuisse
3301 810 3503 874 moris
3548 808 3721 891 apud
3764 810 4024 890 Persas,
4074 830 4158 874 ne
4202 809 4348 893 quis

2391 910 2615 975 regem
2683 891 2924 975 alloqui
2992 891 3264 959 auderet
3330 894 3574 978 absque
3646 916 3952 975 munere,
4018 895 4349 978 antiquius

2389 976 2519 1041 fuit
2562 987 2630 1041 et
2673 978 2819 1043 aliis
2864 979 3118 1062 populis
3162 1001 3524 1047 commune.
3585 980 3818 1046 Voluit
3858 979 4120 1065 quidem
4166 982 4351 1048 Deus

2392 1083 2636 1128 munus
2680 1064 2806 1130 sibi
2861 1065 3084 1130 offerri
3128 1067 3209 1132 ab
3255 1086 3680 1151 unoquoque,
3741 1075 4055 1151 tanquam
4098 1066 4351 1135 subiec-

2393 1148 2593 1215 tionis
2653 1160 2968 1216 tesseram
3029 1151 3134 1218 vel
3192 1152 3477 1218 arrham.
3580 1152 3730 1217 Etsi
3790 1164 4011 1219 autem
4071 1154 4352 1219 cessavit

2393 1234 2505 1302 hic
2549 1235 2717 1302 ritus
2763 1236 3028 1320 legalis,
3099 1238 3442 1304 retinenda
3487 1247 3588 1304 est
3630 1248 3852 1304 tamen
3899 1240 4039 1304 eius
4084 1239 4353 1320 veritas,

2393 1342 2505 1387 eos
2550 1322 2799 1388 scilicet
2843 1322 3111 1389 de‘mum
3159 1345 3346 1389 veros
3393 1345 3535 1390 esse
3580 1325 3706 1390 Dei
3754 1324 4060 1403 cultores,
4106 1327 4220 1408 qui
4259 1327 4354 1391 in-

2394 1428 2587 1472 anem
2634 1407 3106 1492 professionem
3129 1432 3266 1476 non
3288 1419 3651 1476 ostentant:
3701 1411 3816 1477 sed
3840 1432 3911 1476 re
3934 1411 4080 1494 ipsa
4102 1422 4352 1477 testan-

2394 1501 2524 1573 tur,
2570 1516 2719 1560 eum
2766 1515 2836 1560 se
2880 1517 3104 1581 regem
3151 1517 3525 1583 agnoscere.

999 2572 1024 2596 ο
1609 2425 2351 2539 SECUNDA
2407 2425 3065 2537 TABULA

700 2654 1006 2750 CUIU
1007 2652 1073 2748 S
1125 2651 1651 2747 PRIMUM
1703 2648 2581 2745 PRAECEPTUM
2634 2646 3231 2758 QUINTUM
3284 2647 3655 2744 LEGIS
3706 2647 3970 2743 EST.

957 2957 1091 3023 EX
1136 2953 1440 3022 EXODI
1484 2953 1645 3020 XX.

498 3131 605 3198 12.
650 3130 924 3197 Honora
980 3135 1227 3211 patrem
1292 3135 1476 3202 tuum
1535 3133 1592 3193 et
1653 3132 1911 3192 matrem
1956 3132 2147 3205 tuam,
2214 3130 2285 3191 ut

289 3224 814 3374 maggen&
855 3217 991 3283 dies
1035 3217 1130 3281 bui
1151 3236 1340 3298 super
1361 3219 1596 3282 terram
1617 3234 1809 3296 quam
1847 3212 2083 3280 Iehova
2104 3211 2288 3279 Deus

573 3696 999 3765 EIUSDEM
1036 3694 1470 3762 MANDA'PI
1510 3691 2037 3760 REPE'PI'PIO.

1018 3816 1152 3883 EX
1193 3815 1465 3883 DEUT.
1512 3815 1597 3881 V.

506 3991 609 4057 16.
656 3988 927 4055 Honora
956 3995 1211 4070 patrem
1253 3993 1429 4055 taum
1470 3993 1529 4054 et
1559 3993 1820 4053 matrem
1854 3992 2047 4066 tuam,
2081 4006 2289 4069 quem-

303 4077 674 4144 admodum
705 4077 1030 4156 praecepit
1067 4074 1184 4141 tibi
1220 4074 1471 4153 Iehova,
1517 4073 1697 4141 Deus
1740 4077 1915 4139 tuas:
1959 4078 2030 4138 nt
2058 4091 2289 4155 proro-

300 4168 552 4249 9enbur
594 4163 732 4229 dies
773 4162 887 4236 oui,
929 4167 984 4225 et
1027 4166 1099 4226 ut
1140 4160 1288 4226 bene
1329 4161 1416 4226 sit
1457 4159 1569 4225 aba·
1601 4180 1793 4243 super
1828 4165 2063 4225 terram
2096 4178 2288 4241 quam

304 4249 569 4317 lehova
612 4247 798 4315 Deus
839 4251 985 4313 tuas
1029 4247 1139 4312 dot
1179 4245 1311 4312 tibi.
1519 4265 1525 4280 ·

501 4420 656 4485 Non
714 4418 947 4504 ignoro
1005 4418 1207 4503 vulgo
1264 4416 1457 4483 aliter
1515 4417 1830 4502 distingui
1887 4418 2055 4502 legis
2099 4419 2286 4484 tabu·

304 4508 452 4574 las:
526 4527 680 4572 nam
743 4504 856 4590 qui
910 4526 995 4570 ex
1039 4505 1296 4571 duobus
1354 4503 1586 4587 primis
1644 4505 2013 4587 praeceptis
2077 4525 2285 4570 unum

302 4594 663 4661 duntaxat
718 4591 1007 4670 faciunt,
1061 4601 1386 4676 coguntur
1452 4589 1718 4655 tandem
1763 4589 2074 4656 ultimum
2117 4590 2285 4658 lace-

302 4701 496 4746 rare.
548 4677 722 4744 Nam
767 4678 943 4761 quod
985 4678 1172 4742 Deus
1216 4676 1672 4760 concupiscere
1716 4686 1900 4741 vetat
1943 4687 2074 4742 tam
2122 4697 2284 4741 uxo·

301 4788 462 4833 rem
515 4785 713 4848 quam
763 4764 1031 4828 domum
1095 4763 1413 4846 proximi,
1474 4762 1706 4827 inscite
1761 4763 1832 4827 in
1891 4762 2019 4827 duo
2072 4763 2289 4826 frusta

301 4852 745 4933 discerpitur,
805 4870 1005 4933 quum
1068 4849 1332 4914 nonnisi
1382 4849 1463 4915 de
1518 4869 1654 4913 uua
1711 4869 1783 4913 re
1841 4850 1948 4932 agi
2002 4850 2162 4914 satis
2207 4847 2287 4911 li-

297 4950 547 5024 queat.
607 4936 816 5019 quue
860 4957 945 5001 ex
987 4935 1186 5002 Pauli
1230 4936 1447 5001 verbis
1490 4934 1766 5013 elicitur,
1812 4936 1925 5015 qui
1970 4946 2285 5018 tanquam

297 5034 754 5110 praeceptum
800 5043 1007 5087 unum
1052 5029 1519 5088 commemorat
1560 5019 1778 5107 (Rom.
1826 5020 1883 5100 7,
1930 5020 2029 5106 ‘'I):
2075 5041 2284 5103 quan-

295 5131 525 5194 quam
575 5108 773 5192 longa
818 5107 1256 5190 disputatione
1296 5129 1460 5192 opus
1506 5128 1635 5172 non
1681 5115 1799 5184 est,
1845 5108 1954 5173 ubi
2000 5128 2106 5172 res
2141 5107 2286 5189 ipsa

293 5198 498 5263 clare
551 5192 837 5260 ostendit
901 5216 984 5259 ex
1031 5213 1164 5258 uno
1220 5214 1442 5259 errore
1497 5193 1778 5258 alterum
1846 5213 1990 5259 esse
2031 5201 2283 5259 natum.

291 5282 557 5366 Quum
603 5282 783 5346 enim
848 5301 1192 5364 perperam
1259 5278 1617 5345 secundum
1687 5288 2108 5363 praeceptum
2164 5278 2286 5344 sub

287 5369 542 5455 primo
592 5367 1061 5447 multassent,
1119 5365 1270 5451 quia
1328 5365 1564 5431 deinde
1617 5385 1962 5432 numerum
2009 5386 2137 5431 non
2184 5385 2288 5431 re-

2388 2950 2752 3036 periebant,
2811 2951 3018 3018 coacti
3078 2959 3238 3017 sunt
3294 2972 3516 3019 secare
3573 2952 3643 3017 in
3704 2950 3869 3018 duas
3912 2958 4136 3037 partes
4180 2952 4351 3036 quod

2391 3059 2619 3105 unum*
2646 3047 2713 3104 et
2755 3037 2878 3104 sim
2930 3038 3038 3104 lex
3084 3046 3246 3106 erat.
3344 3036 3483 3105 Gur
3525 3060 3682 3106 vero
3726 3038 3939 3105 tribus
3983 3039 4351 3123 praeceptis

2390 3126 2677 3209 priorem
2724 3124 2880 3190 tabu
2911 3144 3015 3189 am
3050 3124 3358 3206 finierint,
3381 3126 3551 3191 ratio
3584 3124 3827 3191 frivola
3866 3125 3947 3207 ab
3973 3127 4351 3211 Augustino

2391 3209 2761 3292 adducitur,
2826 3221 2901 3277 ut
2944 3210 3191 3277 scilicet
3234 3210 3487 3279 cultum
3532 3211 3662 3277 Dei
3706 3210 3789 3276 ad
3833 3212 4198 3278 trinitatem
4245 3233 4350 3277 re-

2390 3297 2566 3362 ferre
2610 3295 2936 3363 discerent
2979 3296 3237 3362 fideles:
3296 3308 3494 3381 atque
3537 3299 3631 3362 ita
3676 3298 3894 3362 Deum
3941 3320 4145 3363 unum
4194 3297 4348 3363 ado-

2392 3390 2622 3447 rarent
2663 3382 2733 3448 in
2780 3382 2992 3448 tribus
3078 3383 3349 3449 ersonis.
3440 3382 3711 3450 Talibus
3764 3384 4011 3450 scilicet
4072 3385 4353 3469 argutiis

2391 3468 2872 3535 inconsiderate
2936 3468 3008 3534 lu
3056 3467 3222 3534 endo
3281 3479 3728 3553 exposuerunt
3771 3469 4118 3553 impiorum
4177 3469 4347 3535 ludi-

2392 3554 2553 3620 briis
2607 3576 2864 3622 sacram
2922 3554 3052 3620 Dei
3105 3553 3337 3639 legem.
3456 3554 3779 3640 Iosephus
3837 3566 4018 3622 recte
4084 3556 4347 3638 quidem

2391 3650 2741 3724 praecepta
2784 3642 2927 3723 ipsa
2971 3661 3089 3707 suo
3136 3639 3364 3706 ordine
3409 3649 3772 3718 enumerat,
3842 3642 3957 3706 sed
4005 3643 4173 3707 male
4213 3642 4349 3707 sin·

2391 3726 2570 3810 gulis
2615 3726 2855 3792 tabulis
2898 3726 3099 3811 quina
3146 3726 3485 3794 attribuit:
3543 3748 3619 3793 ac
3678 3728 3733 3792 si
3788 3727 3971 3793 Deus
4030 3727 4348 3792 arithme-

2389 3814 2567 3878 ticen
2610 3825 2925 3896 sequutus
2970 3820 3162 3891 esset,
3209 3834 3285 3881 ac
3329 3834 3461 3879 non
3508 3815 3725 3897 potius
3746 3820 4087 3897 postquam
4113 3813 4193 3878 ad
4219 3813 4351 3898 pie-

2391 3906 2593 3964 tatem
2641 3898 2953 3983 populum
2998 3921 3188 3966 suum
3235 3898 3583 3980 erudierat,
3637 3921 3927 3965 seorsum
3970 3901 4350 3983 praecipere

2390 3985 2714 4051 voluisset
2771 3984 2850 4050 de
2903 3986 3197 4052 caritatis
3257 3987 3506 4052 officiis.
3596 3985 3942 4051 Hactenus
3999 3987 4173 4051 enim
4214 3995 4349 4052 tra-

2392 4068 2534 4136 dita
2575 4071 2703 4136 fuit
2748 4072 2976 4155 regula
3015 4072 3144 4138 Dei
3189 4071 3316 4138 rite
3374 4071 3658 4153 colendi,
3721 4072 3830 4137 vel
3890 4073 4068 4155 prior
4125 4071 4347 4137 tabula

2391 4157 2734 4240 complexa
2770 4166 2872 4223 est
2891 4158 3155 4241 pietatis
3194 4178 3544 4224 summam:
3592 4179 3769 4222 nunc
3804 4178 3963 4224 vero
3998 4157 4106 4221 lex
4144 4157 4342 4223 disse·

2392 4265 2538 4309 rere
2583 4244 2851 4327 incipiet
2893 4242 3216 4327 quomodo
3260 4245 3436 4310 inter
3479 4265 3551 4309 se
3592 4244 3821 4310 vivere
3875 4242 4177 4308 homines
4234 4241 4346 4309 de-

2390 4328 2623 4394 beant:
2671 4329 2909 4412 alioqui
2947 4331 3245 4396 sufficere
3266 4339 3527 4415 poterat
3561 4350 3696 4395 una
3730 4328 3973 4410 tabula,
4019 4350 4140 4395 nec
4161 4330 4350 4395 Deus

2391 4416 2604 4501 legem
2649 4416 2902 4481 frustra
2945 4418 3229 4500 partitus
3273 4426 3461 4483 esset.
3506 4415 3761 4481 Verum
3808 4415 3961 4499 quia
3998 4424 4135 4481 tota
4172 4416 4345 4481 vitae

2390 4501 2775 4568 formandae
2822 4503 2988 4570 ratio
3050 4503 3287 4584 pietate
3352 4511 3416 4567 et
3461 4502 3714 4568 iustitia
3776 4502 4168 4582 continetur,
4234 4522 4345 4567 eas

2390 4596 2612 4671 partes
2680 4586 2994 4672 distingui
3059 4590 3367 4671 oportuit,
3434 4599 3511 4653 ut
3577 4588 3856 4670 populus
3916 4588 4080 4672 legis
4144 4589 4343 4654 finem

2390 4681 2666 4747 teneret,
2713 4672 2793 4738 de
2838 4695 2966 4757 quo
3010 4685 3240 4756 postea
3285 4676 3522 4739 iterum
3571 4673 3918 4739 dicendum
3967 4675 4113 4740 erit.

2562 4759 2783 4825 Exodi
2825 4760 2930 4839 20,
2980 4759 3079 4826 12.
3140 4760 3402 4826 Honora
3433 4765 3704 4843 patrem.
3795 4760 4188 4843 Quanquam
4237 4780 4344 4826 ca-

2388 4847 2551 4912 ritas
2594 4844 2696 4933 (ut
2742 4855 2841 4912 est
2875 4845 3212 4912 vinculum
3253 4845 3667 4929 perfectionis
3706 4844 3877 4933 [001.
3902 4847 3962 4923 3,
3992 4844 4131 4933 14])
4167 4866 4341 4910 com·

2388 4932 2741 5017 prehendit
2781 4953 3105 4998 summam
3151 4930 3473 4999 secundae
3516 4932 3797 5013 tabulae,
3852 4944 4081 4998 mutua
4125 4941 4344 4996 tamen

2388 5019 2698 5103 obligatio
2743 5039 2876 5083 non
2924 5019 3141 5084 obstat
3193 5020 3546 5102 quominus
3602 5041 3796 5086 suum
3862 5017 4141 5102 gradum
4188 5017 4342 5081 reti-

2388 5120 2596 5172 neant
2615 5113 2750 5170 tam
2775 5113 3080 5187 parentes
3116 5126 3309 5187 quam
3347 5105 3461 5169 alii
3495 5106 3603 5189 qui
3644 5104 4153 5188 supereminent.
4197 5101 4345 5167 Imo

2390 5215 2520 5258 non
2568 5190 2761 5255 aliter
2805 5191 3016 5256 foveri
3063 5199 3129 5255 et
3172 5192 3431 5275 integra
3481 5211 3747 5256 manere
3788 5198 4007 5274 potest
4050 5188 4345 5254 humana

2391 5277 2696 5358 societas,
2756 5297 2952 5361 quam
3003 5277 3059 5343 si
3109 5278 3227 5344 filii
3280 5276 3659 5360 parentibus
3717 5296 3787 5340 se
3845 5275 4134 5342 modeste
4187 5276 4342 5341 sub·

2390 5364 2636 5443 iiciant‚
2681 5386 2757 5431 ac
2801 5375 3184 5431 reverenter
3226 5365 3425 5429 etiam
3470 5362 3771 5429 colantur
3792 5362 4162 5446 quicunque
4199 5360 4344 5427 aliis
