<?xml version="1.0" encoding="UTF-8"?>
<!DOCTYPE html PUBLIC "-//W3C//DTD XHTML 1.0 Transitional//EN"
    "http://www.w3.org/TR/xhtml1/DTD/xhtml1-transitional.dtd">
<html xmlns="http://www.w3.org/1999/xhtml" xml:lang="en" lang="en">
 <head>
  <title>
</title>
<meta http-equiv="Content-Type" content="text/html;charset=utf-8" />
  <meta name='ocr-system' content='tesseract 3.04.00' />
  <meta name='ocr-capabilities' content='ocr_page ocr_carea ocr_par ocr_line ocrx_word'/>
</head>
<body>
  <div class='ocr_page' id='page_1' title='image "./ioanniscalvinio04unkngoog_0029.png"; bbox 0 0 4867 6150; ppageno 0'>
   <div class='ocr_carea' id='block_1_1' title="bbox 329 419 3173 487">
    <p class='ocr_par' dir='ltr' id='par_1_1' title="bbox 329 419 3173 487">
     <span class='ocr_line' id='line_1_1' title="bbox 329 419 3173 487; baseline 0.001 -2"><span class='ocrx_word' id='word_1_1' title='bbox 329 419 415 485; x_wconf 89' lang='lat'><strong>33</strong></span> <span class='ocrx_word' id='word_1_2' title='bbox 1332 478 1337 487; x_wconf 89' lang='lat'><strong>.</strong></span> <span class='ocrx_word' id='word_1_3' title='bbox 1521 419 2263 487; x_wconf 78' lang='lat' dir='ltr'>COMMENTARIUS</span> <span class='ocrx_word' id='word_1_4' title='bbox 2306 419 2407 487; x_wconf 92' lang='lat' dir='ltr'><strong>IN</strong></span> <span class='ocrx_word' id='word_1_5' title='bbox 2453 419 2755 487; x_wconf 88' lang='lat' dir='ltr'>EXODI</span> <span class='ocrx_word' id='word_1_6' title='bbox 2799 419 2998 487; x_wconf 79' lang='lat' dir='ltr'><strong>GAP.</strong></span> <span class='ocrx_word' id='word_1_7' title='bbox 3045 420 3173 487; x_wconf 84' lang='grc' dir='ltr'><strong>ΙΙΙ.</strong></span> 
     </span>
    </p>
   </div>
   <div class='ocr_carea' id='block_1_2' title="bbox 316 608 2285 3017">
    <p class='ocr_par' dir='ltr' id='par_1_2' title="bbox 316 608 2285 3017">
     <span class='ocr_line' id='line_1_2' title="bbox 327 608 2285 693; baseline 0.001 -21"><span class='ocrx_word' id='word_1_8' title='bbox 327 608 708 675; x_wconf 76' lang='lat' dir='ltr'><strong>intermedii</strong></span> <span class='ocrx_word' id='word_1_9' title='bbox 765 609 1080 692; x_wconf 89' lang='lat' dir='ltr'><strong>temporis</strong></span> <span class='ocrx_word' id='word_1_10' title='bbox 1145 609 1344 674; x_wconf 88' lang='lat' dir='ltr'><strong>finem</strong></span> <span class='ocrx_word' id='word_1_11' title='bbox 1408 609 1740 693; x_wconf 80' lang='lat' dir='ltr'><strong>exprimit.</strong></span> <span class='ocrx_word' id='word_1_12' title='bbox 1844 610 2026 693; x_wconf 86' lang='lat' dir='ltr'><strong>Ergo</strong></span> <span class='ocrx_word' id='word_1_13' title='bbox 2085 630 2285 692; x_wconf 91' lang='lat' dir='ltr'><strong>quum</strong></span> 
     </span>
     <span class='ocr_line' id='line_1_3' title="bbox 327 694 2284 778; baseline -0.002 -17"><span class='ocrx_word' id='word_1_14' title='bbox 327 695 413 761; x_wconf 89' lang='lat' dir='ltr'><strong>ad</strong></span> <span class='ocrx_word' id='word_1_15' title='bbox 481 694 948 777; x_wconf 85' lang='lat' dir='ltr'><strong>octogesimum</strong></span> <span class='ocrx_word' id='word_1_16' title='bbox 1025 696 1261 760; x_wconf 89' lang='lat' dir='ltr'><strong>aetatis</strong></span> <span class='ocrx_word' id='word_1_17' title='bbox 1338 716 1588 760; x_wconf 88' lang='lat' dir='ltr'><strong>annum</strong></span> <span class='ocrx_word' id='word_1_18' title='bbox 1666 704 2016 778; x_wconf 79' lang='lat' dir='ltr'><strong>provectus</strong></span> <span class='ocrx_word' id='word_1_19' title='bbox 2094 705 2284 774; x_wconf 87' lang='lat' dir='ltr'><strong>esset,</strong></span> 
     </span>
     <span class='ocr_line' id='line_1_4' title="bbox 328 779 2285 864; baseline -0.002 -17"><span class='ocrx_word' id='word_1_20' title='bbox 328 781 657 864; x_wconf 89' lang='lat' dir='ltr'><strong>ductaque</strong></span> <span class='ocrx_word' id='word_1_21' title='bbox 702 800 906 846; x_wconf 91' lang='lat' dir='ltr'><strong>uxore</strong></span> <span class='ocrx_word' id='word_1_22' title='bbox 951 781 1404 846; x_wconf 79' lang='lat' dir='ltr'><strong>consenuisset</strong></span> <span class='ocrx_word' id='word_1_23' title='bbox 1444 781 1514 845; x_wconf 87' lang='lat' dir='ltr'><strong>in</strong></span> <span class='ocrx_word' id='word_1_24' title='bbox 1560 790 1737 846; x_wconf 90' lang='lat' dir='ltr'><strong>terra</strong></span> <span class='ocrx_word' id='word_1_25' title='bbox 1784 779 2087 862; x_wconf 79' lang='lat' dir='ltr'><strong>Madian,</strong></span> <span class='ocrx_word' id='word_1_26' title='bbox 2134 781 2285 846; x_wconf 87' lang='lat' dir='ltr'><strong>filiis</strong></span> 
     </span>
     <span class='ocr_line' id='line_1_5' title="bbox 326 864 2285 951; baseline -0.001 -17"><span class='ocrx_word' id='word_1_27' title='bbox 326 867 536 934; x_wconf 86' lang='lat' dir='ltr'><strong>Israel</strong></span> <span class='ocrx_word' id='word_1_28' title='bbox 575 864 1005 932; x_wconf 88' lang='lat' dir='ltr'><strong>intolerabilis</strong></span> <span class='ocrx_word' id='word_1_29' title='bbox 1043 867 1417 951; x_wconf 80' lang='lat' dir='ltr'><strong>tyrannidis</strong></span> <span class='ocrx_word' id='word_1_30' title='bbox 1450 868 1727 932; x_wconf 84' lang='lat' dir='ltr'><strong>saevitia</strong></span> <span class='ocrx_word' id='word_1_31' title='bbox 1760 888 1965 933; x_wconf 85' lang='lat' dir='ltr'><strong>novos</strong></span> <span class='ocrx_word' id='word_1_32' title='bbox 2002 868 2285 951; x_wconf 85' lang='lat' dir='ltr'><strong>gemitus</strong></span> 
     </span>
     <span class='ocr_line' id='line_1_6' title="bbox 328 952 2283 1036; baseline -0.002 -15"><span class='ocrx_word' id='word_1_33' title='bbox 328 966 397 1021; x_wconf 90' lang='lat' dir='ltr'><strong>et</strong></span> <span class='ocrx_word' id='word_1_34' title='bbox 439 954 762 1020; x_wconf 88' lang='lat' dir='ltr'><strong>clamores</strong></span> <span class='ocrx_word' id='word_1_35' title='bbox 807 952 1115 1018; x_wconf 84' lang='lat' dir='ltr'><strong>extorsit:</strong></span> <span class='ocrx_word' id='word_1_36' title='bbox 1178 973 1310 1017; x_wconf 90' lang='lat' dir='ltr'><strong>non</strong></span> <span class='ocrx_word' id='word_1_37' title='bbox 1369 954 1540 1036; x_wconf 91' lang='lat' dir='ltr'><strong>quod</strong></span> <span class='ocrx_word' id='word_1_38' title='bbox 1600 961 1761 1019; x_wconf 90' lang='lat' dir='ltr'><strong>tunc</strong></span> <span class='ocrx_word' id='word_1_39' title='bbox 1810 954 2095 1036; x_wconf 89' lang='lat' dir='ltr'><strong>primum</strong></span> <span class='ocrx_word' id='word_1_40' title='bbox 2140 972 2283 1018; x_wconf 90' lang='lat' dir='ltr'><strong>eoe-</strong></span> 
     </span>
     <span class='ocr_line' id='line_1_7' title="bbox 332 1038 2281 1125; baseline -0.001 -21"><span class='ocrx_word' id='word_1_41' title='bbox 332 1040 549 1125; x_wconf 90' lang='lat' dir='ltr'><strong>perint</strong></span> <span class='ocrx_word' id='word_1_42' title='bbox 592 1038 810 1104; x_wconf 90' lang='lat' dir='ltr'><strong>dolere</strong></span> <span class='ocrx_word' id='word_1_43' title='bbox 844 1045 912 1104; x_wconf 90' lang='lat' dir='ltr'><strong>et</strong></span> <span class='ocrx_word' id='word_1_44' title='bbox 954 1038 1329 1105; x_wconf 89' lang='lat' dir='ltr'><strong>lamentari:</strong></span> <span class='ocrx_word' id='word_1_45' title='bbox 1379 1040 1491 1105; x_wconf 90' lang='lat' dir='ltr'><strong>sed</strong></span> <span class='ocrx_word' id='word_1_46' title='bbox 1529 1039 1686 1122; x_wconf 90' lang='lat' dir='ltr'><strong>quia</strong></span> <span class='ocrx_word' id='word_1_47' title='bbox 1721 1040 1930 1122; x_wconf 90' lang='lat' dir='ltr'><strong>magis</strong></span> <span class='ocrx_word' id='word_1_48' title='bbox 1967 1060 2281 1122; x_wconf 86' lang='lat' dir='ltr'><strong>experge-</strong></span> 
     </span>
     <span class='ocr_line' id='line_1_8' title="bbox 336 1122 2281 1202; baseline -0.003 -8"><span class='ocrx_word' id='word_1_49' title='bbox 336 1127 487 1193; x_wconf 83' lang='lat' dir='ltr'><strong>facti</strong></span> <span class='ocrx_word' id='word_1_50' title='bbox 533 1126 836 1202; x_wconf 87' lang='lat' dir='ltr'><strong>fuerunt,</strong></span> <span class='ocrx_word' id='word_1_51' title='bbox 882 1132 957 1200; x_wconf 75' lang='lat' dir='ltr'><strong>et,</strong></span> <span class='ocrx_word' id='word_1_52' title='bbox 989 1122 1393 1190; x_wconf 81' lang='lat' dir='ltr'><strong>diuturnitas</strong></span> <span class='ocrx_word' id='word_1_53' title='bbox 1437 1123 1687 1190; x_wconf 90' lang='lat' dir='ltr'><strong>addidit</strong></span> <span class='ocrx_word' id='word_1_54' title='bbox 1732 1125 2031 1190; x_wconf 89' lang='lat' dir='ltr'><strong>stimulos</strong></span> <span class='ocrx_word' id='word_1_55' title='bbox 2077 1125 2281 1190; x_wconf 89' lang='lat' dir='ltr'><strong>acrio-</strong></span> 
     </span>
     <span class='ocr_line' id='line_1_9' title="bbox 331 1211 2283 1279; baseline -0.003 0"><span class='ocrx_word' id='word_1_56' title='bbox 331 1235 453 1279; x_wconf 88' lang='lat' dir='ltr'><strong>res.</strong></span> <span class='ocrx_word' id='word_1_57' title='bbox 545 1211 809 1277; x_wconf 82' lang='lat' dir='ltr'><strong>Scimus</strong></span> <span class='ocrx_word' id='word_1_58' title='bbox 868 1211 1055 1277; x_wconf 90' lang='lat' dir='ltr'><strong>dulce</strong></span> <span class='ocrx_word' id='word_1_59' title='bbox 1111 1211 1527 1277; x_wconf 88' lang='lat' dir='ltr'><strong>miseriarum</strong></span> <span class='ocrx_word' id='word_1_60' title='bbox 1586 1211 2079 1278; x_wconf 77' lang='lat' dir='ltr'><strong>condimentum</strong></span> <span class='ocrx_word' id='word_1_61' title='bbox 2138 1231 2283 1275; x_wconf 90' lang='lat' dir='ltr'><strong>esse</strong></span> 
     </span>
     <span class='ocr_line' id='line_1_10' title="bbox 332 1296 2279 1384; baseline -0.004 -19"><span class='ocrx_word' id='word_1_62' title='bbox 332 1321 512 1384; x_wconf 91' lang='lat' dir='ltr'><strong>spem</strong></span> <span class='ocrx_word' id='word_1_63' title='bbox 571 1297 861 1363; x_wconf 90' lang='lat' dir='ltr'><strong>laetioris</strong></span> <span class='ocrx_word' id='word_1_64' title='bbox 920 1297 1155 1363; x_wconf 87' lang='lat' dir='ltr'><strong>exitus.</strong></span> <span class='ocrx_word' id='word_1_65' title='bbox 1247 1298 1349 1362; x_wconf 86' lang='lat' dir='ltr'><strong>Ea</strong></span> <span class='ocrx_word' id='word_1_66' title='bbox 1407 1296 1882 1381; x_wconf 90' lang='lat' dir='ltr'><strong>quodammodo</strong></span> <span class='ocrx_word' id='word_1_67' title='bbox 1943 1297 2279 1362; x_wconf 84' lang='lat' dir='ltr'><strong>tristitiam</strong></span> 
     </span>
     <span class='ocr_line' id='line_1_11' title="bbox 330 1383 2280 1467; baseline -0.003 -16"><span class='ocrx_word' id='word_1_68' title='bbox 330 1383 658 1451; x_wconf 88' lang='lat' dir='ltr'><strong>mulcebat</strong></span> <span class='ocrx_word' id='word_1_69' title='bbox 703 1383 925 1449; x_wconf 87' lang='lat' dir='ltr'><strong>afflicti</strong></span> <span class='ocrx_word' id='word_1_70' title='bbox 973 1384 1231 1467; x_wconf 92' lang='lat' dir='ltr'><strong>populi,</strong></span> <span class='ocrx_word' id='word_1_71' title='bbox 1288 1385 1342 1448; x_wconf 89' lang='lat' dir='ltr'><strong>si</strong></span> <span class='ocrx_word' id='word_1_72' title='bbox 1402 1394 1421 1446; x_wconf 84' lang='lat' dir='ltr'><strong>t</strong></span> <span class='ocrx_word' id='word_1_73' title='bbox 1478 1405 1685 1448; x_wconf 88' lang='lat' dir='ltr'><strong>ranno</strong></span> <span class='ocrx_word' id='word_1_74' title='bbox 1741 1391 1999 1448; x_wconf 90' lang='lat' dir='ltr'><strong>mortuo</strong></span> <span class='ocrx_word' id='word_1_75' title='bbox 2059 1401 2280 1448; x_wconf 87' lang='lat' dir='ltr'><strong>suece-</strong></span> 
     </span>
     <span class='ocr_line' id='line_1_12' title="bbox 336 1468 2279 1554; baseline -0.003 -17"><span class='ocrx_word' id='word_1_76' title='bbox 336 1471 515 1537; x_wconf 87' lang='lat' dir='ltr'><strong>deret</strong></span> <span class='ocrx_word' id='word_1_77' title='bbox 556 1470 880 1553; x_wconf 78' lang='lat' dir='ltr'><strong>quispiam</strong></span> <span class='ocrx_word' id='word_1_78' title='bbox 940 1469 1304 1534; x_wconf 82' lang='lat' dir='ltr'><strong>humanior.</strong></span> <span class='ocrx_word' id='word_1_79' title='bbox 1462 1468 1524 1534; x_wconf 91' lang='lat' dir='ltr'><strong>bi</strong></span> <span class='ocrx_word' id='word_1_80' title='bbox 1585 1490 1739 1535; x_wconf 83' lang='lat' dir='ltr'><strong>vero</strong></span> <span class='ocrx_word' id='word_1_81' title='bbox 1782 1469 1956 1554; x_wconf 86' lang='lat' dir='ltr'><strong>regis</strong></span> <span class='ocrx_word' id='word_1_82' title='bbox 2000 1468 2279 1533; x_wconf 89' lang='lat' dir='ltr'><strong>mutatio</strong></span> 
     </span>
     <span class='ocr_line' id='line_1_13' title="bbox 335 1555 2280 1639; baseline -0.003 -16"><span class='ocrx_word' id='word_1_83' title='bbox 335 1557 513 1624; x_wconf 88' lang='lat' dir='ltr'><strong>nulla</strong></span> <span class='ocrx_word' id='word_1_84' title='bbox 579 1579 663 1621; x_wconf 87' lang='lat' dir='ltr'><strong>ex</strong></span> <span class='ocrx_word' id='word_1_85' title='bbox 731 1565 914 1638; x_wconf 88' lang='lat' dir='ltr'><strong>parte</strong></span> <span class='ocrx_word' id='word_1_86' title='bbox 976 1556 1462 1639; x_wconf 83' lang='lat' dir='ltr'><strong>oppressionem</strong></span> <span class='ocrx_word' id='word_1_87' title='bbox 1528 1555 1800 1631; x_wconf 84' lang='lat' dir='ltr'><strong>levavit,</strong></span> <span class='ocrx_word' id='word_1_88' title='bbox 1868 1564 2100 1620; x_wconf 89' lang='lat' dir='ltr'><strong>auctus</strong></span> <span class='ocrx_word' id='word_1_89' title='bbox 2179 1563 2280 1618; x_wconf 87' lang='lat' dir='ltr'><strong>est</strong></span> 
     </span>
     <span class='ocr_line' id='line_1_14' title="bbox 330 1638 2279 1725; baseline -0.002 -16"><span class='ocrx_word' id='word_1_90' title='bbox 330 1663 614 1723; x_wconf 90' lang='lat' dir='ltr'><strong>moeror,</strong></span> <span class='ocrx_word' id='word_1_91' title='bbox 682 1642 793 1725; x_wconf 92' lang='lat' dir='ltr'><strong>qui</strong></span> <span class='ocrx_word' id='word_1_92' title='bbox 861 1640 944 1706; x_wconf 89' lang='lat' dir='ltr'><strong>ad</strong></span> <span class='ocrx_word' id='word_1_93' title='bbox 1009 1640 1426 1707; x_wconf 89' lang='lat' dir='ltr'><strong>clamandum</strong></span> <span class='ocrx_word' id='word_1_94' title='bbox 1507 1662 1616 1707; x_wconf 93' lang='lat' dir='ltr'><strong>eos</strong></span> <span class='ocrx_word' id='word_1_95' title='bbox 1682 1641 1873 1705; x_wconf 91' lang='lat' dir='ltr'><strong>solito</strong></span> <span class='ocrx_word' id='word_1_96' title='bbox 1939 1638 2279 1705; x_wconf 88' lang='lat' dir='ltr'><strong>ardentius</strong></span> 
     </span>
     <span class='ocr_line' id='line_1_15' title="bbox 328 1726 2279 1813; baseline -0.004 -15"><span class='ocrx_word' id='word_1_97' title='bbox 328 1731 559 1813; x_wconf 88' lang='lat' dir='ltr'><strong>coegit.</strong></span> <span class='ocrx_word' id='word_1_98' title='bbox 650 1727 765 1794; x_wconf 82' lang='lat' dir='ltr'><strong>Sic</strong></span> <span class='ocrx_word' id='word_1_99' title='bbox 808 1729 1012 1812; x_wconf 85' lang='lat' dir='ltr'><strong>igitur</strong></span> <span class='ocrx_word' id='word_1_100' title='bbox 1058 1727 1252 1793; x_wconf 84' lang='lat' dir='ltr'><strong>verba</strong></span> <span class='ocrx_word' id='word_1_101' title='bbox 1299 1726 1503 1792; x_wconf 88' lang='lat' dir='ltr'><strong>Mosis</strong></span> <span class='ocrx_word' id='word_1_102' title='bbox 1547 1727 1973 1810; x_wconf 89' lang='lat' dir='ltr'><strong>interpretor,</strong></span> <span class='ocrx_word' id='word_1_103' title='bbox 2019 1736 2279 1791; x_wconf 90' lang='lat' dir='ltr'><strong>mortuo</strong></span> 
     </span>
     <span class='ocr_line' id='line_1_16' title="bbox 330 1813 2280 1901; baseline -0.003 -20"><span class='ocrx_word' id='word_1_104' title='bbox 330 1829 616 1901; x_wconf 80' lang='lat' dir='ltr'><strong>tyranno</strong></span> <span class='ocrx_word' id='word_1_105' title='bbox 650 1813 862 1879; x_wconf 88' lang='lat' dir='ltr'><strong>nihilo</strong></span> <span class='ocrx_word' id='word_1_106' title='bbox 897 1813 1286 1880; x_wconf 91' lang='lat' dir='ltr'><strong>clementius</strong></span> <span class='ocrx_word' id='word_1_107' title='bbox 1321 1813 1428 1878; x_wconf 86' lang='lat' dir='ltr'><strong>vel</strong></span> <span class='ocrx_word' id='word_1_108' title='bbox 1465 1814 1690 1878; x_wconf 88' lang='lat' dir='ltr'><strong>mitius</strong></span> <span class='ocrx_word' id='word_1_109' title='bbox 1724 1813 1929 1878; x_wconf 85' lang='lat' dir='ltr'><strong>fuisse</strong></span> <span class='ocrx_word' id='word_1_110' title='bbox 1967 1823 2280 1878; x_wconf 89' lang='lat' dir='ltr'><strong>tractatos</strong></span> 
     </span>
     <span class='ocr_line' id='line_1_17' title="bbox 327 1897 2279 1983; baseline -0.003 -16"><span class='ocrx_word' id='word_1_111' title='bbox 327 1903 501 1968; x_wconf 89' lang='lat' dir='ltr'><strong>filios</strong></span> <span class='ocrx_word' id='word_1_112' title='bbox 543 1900 771 1981; x_wconf 88' lang='lat' dir='ltr'><strong>Israel,</strong></span> <span class='ocrx_word' id='word_1_113' title='bbox 814 1898 1086 1983; x_wconf 90' lang='lat' dir='ltr'><strong>ideoque</strong></span> <span class='ocrx_word' id='word_1_114' title='bbox 1129 1900 1587 1966; x_wconf 83' lang='lat' dir='ltr'><strong>vehementius</strong></span> <span class='ocrx_word' id='word_1_115' title='bbox 1631 1899 1964 1964; x_wconf 87' lang='lat' dir='ltr'><strong>clamasse.</strong></span> <span class='ocrx_word' id='word_1_116' title='bbox 2054 1897 2279 1979; x_wconf 81' lang='lat' dir='ltr'><strong>Quan-</strong></span> 
     </span>
     <span class='ocr_line' id='line_1_18' title="bbox 326 1984 2279 2072; baseline -0.003 -18"><span class='ocrx_word' id='word_1_117' title='bbox 326 2009 524 2072; x_wconf 90' lang='lat' dir='ltr'><strong>quam</strong></span> <span class='ocrx_word' id='word_1_118' title='bbox 590 1985 752 2051; x_wconf 86' lang='lat' dir='ltr'><strong>mihi</strong></span> <span class='ocrx_word' id='word_1_119' title='bbox 819 1986 1177 2052; x_wconf 87' lang='lat' dir='ltr'><strong>verisimile</strong></span> <span class='ocrx_word' id='word_1_120' title='bbox 1240 1997 1369 2049; x_wconf 87' lang='lat' dir='ltr'><strong>est:</strong></span> <span class='ocrx_word' id='word_1_121' title='bbox 1433 1986 1844 2052; x_wconf 84' lang='lat' dir='ltr'><strong>Pharaonem</strong></span> <span class='ocrx_word' id='word_1_122' title='bbox 1880 1984 2100 2049; x_wconf 76' lang='lat' dir='ltr'><strong>illum</strong></span> <span class='ocrx_word' id='word_1_123' title='bbox 2168 1984 2279 2068; x_wconf 92' lang='lat' dir='ltr'><strong>qui</strong></span> 
     </span>
     <span class='ocr_line' id='line_1_19' title="bbox 324 2071 2280 2160; baseline -0.001 -22"><span class='ocrx_word' id='word_1_124' title='bbox 324 2076 581 2160; x_wconf 91' lang='lat' dir='ltr'><strong>primus</strong></span> <span class='ocrx_word' id='word_1_125' title='bbox 639 2074 867 2156; x_wconf 86' lang='lat' dir='ltr'><strong>gravia</strong></span> <span class='ocrx_word' id='word_1_126' title='bbox 922 2093 1125 2137; x_wconf 89' lang='lat' dir='ltr'><strong>onera</strong></span> <span class='ocrx_word' id='word_1_127' title='bbox 1185 2092 1333 2137; x_wconf 91' lang='lat' dir='ltr'><strong>cum</strong></span> <span class='ocrx_word' id='word_1_128' title='bbox 1392 2073 1658 2137; x_wconf 89' lang='lat' dir='ltr'><strong>tributis</strong></span> <span class='ocrx_word' id='word_1_129' title='bbox 1710 2071 2143 2154; x_wconf 84' lang='lat' dir='ltr'><strong>imposuerat,</strong></span> <span class='ocrx_word' id='word_1_130' title='bbox 2204 2091 2280 2137; x_wconf 90' lang='lat' dir='ltr'><strong>ac</strong></span> 
     </span>
     <span class='ocr_line' id='line_1_20' title="bbox 326 2157 2277 2239; baseline -0.004 -13"><span class='ocrx_word' id='word_1_131' title='bbox 326 2159 510 2226; x_wconf 88' lang='lat' dir='ltr'><strong>caedi</strong></span> <span class='ocrx_word' id='word_1_132' title='bbox 557 2158 1005 2223; x_wconf 84' lang='lat' dir='ltr'><strong>destinaverat</strong></span> <span class='ocrx_word' id='word_1_133' title='bbox 1046 2158 1367 2235; x_wconf 87' lang='lat' dir='ltr'><strong>infantes,</strong></span> <span class='ocrx_word' id='word_1_134' title='bbox 1428 2179 1556 2222; x_wconf 91' lang='lat' dir='ltr'><strong>non</strong></span> <span class='ocrx_word' id='word_1_135' title='bbox 1611 2178 1687 2222; x_wconf 91' lang='lat' dir='ltr'><strong>eo</strong></span> <span class='ocrx_word' id='word_1_136' title='bbox 1746 2177 1951 2239; x_wconf 92' lang='lat' dir='ltr'><strong>usque</strong></span> <span class='ocrx_word' id='word_1_137' title='bbox 2005 2157 2277 2222; x_wconf 86' lang='lat' dir='ltr'><strong>vixisse:</strong></span> 
     </span>
     <span class='ocr_line' id='line_1_21' title="bbox 326 2241 2279 2332; baseline -0.003 -21"><span class='ocrx_word' id='word_1_138' title='bbox 326 2247 486 2332; x_wconf 88' lang='lat' dir='ltr'><strong>quia</strong></span> <span class='ocrx_word' id='word_1_139' title='bbox 528 2254 901 2328; x_wconf 84' lang='lat' dir='ltr'><strong>superasset</strong></span> <span class='ocrx_word' id='word_1_140' title='bbox 944 2244 1084 2309; x_wconf 90' lang='lat' dir='ltr'><strong>eius</strong></span> <span class='ocrx_word' id='word_1_141' title='bbox 1129 2264 1405 2328; x_wconf 89' lang='lat' dir='ltr'><strong>regnum</strong></span> <span class='ocrx_word' id='word_1_142' title='bbox 1452 2265 1658 2310; x_wconf 89' lang='lat' dir='ltr'><strong>annos</strong></span> <span class='ocrx_word' id='word_1_143' title='bbox 1701 2242 2064 2327; x_wconf 88' lang='lat' dir='ltr'><strong>octoginta,</strong></span> <span class='ocrx_word' id='word_1_144' title='bbox 2108 2241 2279 2325; x_wconf 92' lang='lat' dir='ltr'><strong>quod</strong></span> 
     </span>
     <span class='ocr_line' id='line_1_22' title="bbox 326 2329 2276 2413; baseline -0.003 -14"><span class='ocrx_word' id='word_1_145' title='bbox 326 2332 623 2400; x_wconf 89' lang='lat' dir='ltr'><strong>accidere</strong></span> <span class='ocrx_word' id='word_1_146' title='bbox 681 2351 808 2397; x_wconf 90' lang='lat' dir='ltr'><strong>non</strong></span> <span class='ocrx_word' id='word_1_147' title='bbox 868 2331 1048 2395; x_wconf 90' lang='lat' dir='ltr'><strong>solet.</strong></span> <span class='ocrx_word' id='word_1_148' title='bbox 1154 2330 1528 2413; x_wconf 86' lang='lat' dir='ltr'><strong>Antequam</strong></span> <span class='ocrx_word' id='word_1_149' title='bbox 1594 2339 1977 2396; x_wconf 83' lang='lat' dir='ltr'><strong>nasceretur</strong></span> <span class='ocrx_word' id='word_1_150' title='bbox 2035 2329 2276 2407; x_wconf 85' lang='lat' dir='ltr'><strong>Moses,</strong></span> 
     </span>
     <span class='ocr_line' id='line_1_23' title="bbox 326 2414 2273 2501; baseline -0.003 -17"><span class='ocrx_word' id='word_1_151' title='bbox 326 2421 467 2485; x_wconf 89' lang='lat' dir='ltr'><strong>iam</strong></span> <span class='ocrx_word' id='word_1_152' title='bbox 506 2417 806 2501; x_wconf 89' lang='lat' dir='ltr'><strong>pluribus</strong></span> <span class='ocrx_word' id='word_1_153' title='bbox 852 2418 1044 2482; x_wconf 87' lang='lat' dir='ltr'><strong>annis</strong></span> <span class='ocrx_word' id='word_1_154' title='bbox 1083 2417 1320 2482; x_wconf 85' lang='lat' dir='ltr'><strong>misere</strong></span> <span class='ocrx_word' id='word_1_155' title='bbox 1354 2417 1588 2481; x_wconf 73' lang='lat' dir='ltr'><strong>vexati</strong></span> <span class='ocrx_word' id='word_1_156' title='bbox 1631 2416 1897 2482; x_wconf 86' lang='lat' dir='ltr'><strong>fuerant</strong></span> <span class='ocrx_word' id='word_1_157' title='bbox 1915 2414 2273 2479; x_wconf 88' lang='lat' dir='ltr'><strong>Israelitae.</strong></span> 
     </span>
     <span class='ocr_line' id='line_1_24' title="bbox 324 2501 2273 2586; baseline -0.003 -15"><span class='ocrx_word' id='word_1_158' title='bbox 324 2504 553 2586; x_wconf 88' lang='lat' dir='ltr'><strong>Neque</strong></span> <span class='ocrx_word' id='word_1_159' title='bbox 598 2505 773 2569; x_wconf 89' lang='lat' dir='ltr'><strong>enim</strong></span> <span class='ocrx_word' id='word_1_160' title='bbox 820 2503 1030 2586; x_wconf 89' lang='lat' dir='ltr'><strong>primo</strong></span> <span class='ocrx_word' id='word_1_161' title='bbox 1075 2502 1180 2566; x_wconf 89' lang='lat' dir='ltr'><strong>die</strong></span> <span class='ocrx_word' id='word_1_162' title='bbox 1227 2501 1307 2566; x_wconf 91' lang='lat' dir='ltr'><strong>ad</strong></span> <span class='ocrx_word' id='word_1_163' title='bbox 1369 2512 1617 2567; x_wconf 88' lang='lat' dir='ltr'><strong>tantam</strong></span> <span class='ocrx_word' id='word_1_164' title='bbox 1675 2503 2081 2567; x_wconf 79' lang='lat' dir='ltr'><strong>atrocitatem</strong></span> <span class='ocrx_word' id='word_1_165' title='bbox 2127 2521 2273 2584; x_wconf 91' lang='lat' dir='ltr'><strong>pro-</strong></span> 
     </span>
     <span class='ocr_line' id='line_1_25' title="bbox 322 2586 2275 2668; baseline -0.004 -11"><span class='ocrx_word' id='word_1_166' title='bbox 322 2591 485 2658; x_wconf 90' lang='lat' dir='ltr'><strong>siliit</strong></span> <span class='ocrx_word' id='word_1_167' title='bbox 529 2600 603 2655; x_wconf 93' lang='lat' dir='ltr'><strong>ut</strong></span> <span class='ocrx_word' id='word_1_168' title='bbox 645 2590 904 2655; x_wconf 90' lang='lat' dir='ltr'><strong>iuberet</strong></span> <span class='ocrx_word' id='word_1_169' title='bbox 942 2589 1263 2655; x_wconf 84' lang='lat' dir='ltr'><strong>masculos</strong></span> <span class='ocrx_word' id='word_1_170' title='bbox 1307 2608 1535 2653; x_wconf 89' lang='lat' dir='ltr'><strong>omnes</strong></span> <span class='ocrx_word' id='word_1_171' title='bbox 1577 2588 1889 2653; x_wconf 88' lang='lat' dir='ltr'><strong>interfici:</strong></span> <span class='ocrx_word' id='word_1_172' title='bbox 1937 2586 2050 2651; x_wconf 92' lang='lat' dir='ltr'><strong>sed</strong></span> <span class='ocrx_word' id='word_1_173' title='bbox 2095 2598 2275 2668; x_wconf 87' lang='lat' dir='ltr'><strong>post-</strong></span> 
     </span>
     <span class='ocr_line' id='line_1_26' title="bbox 320 2673 2274 2762; baseline -0.004 -20"><span class='ocrx_word' id='word_1_174' title='bbox 320 2699 522 2762; x_wconf 77' lang='lat' dir='ltr'><strong>quam</strong></span> <span class='ocrx_word' id='word_1_175' title='bbox 585 2690 891 2760; x_wconf 88' lang='lat' dir='ltr'><strong>expertus</strong></span> <span class='ocrx_word' id='word_1_176' title='bbox 953 2686 1096 2739; x_wconf 88' lang='lat' dir='ltr'><strong>erat</strong></span> <span class='ocrx_word' id='word_1_177' title='bbox 1150 2697 1222 2740; x_wconf 91' lang='lat' dir='ltr'><strong>se</strong></span> <span class='ocrx_word' id='word_1_178' title='bbox 1277 2675 1440 2739; x_wconf 90' lang='lat' dir='ltr'><strong>nihil</strong></span> <span class='ocrx_word' id='word_1_179' title='bbox 1501 2674 1818 2757; x_wconf 88' lang='lat' dir='ltr'><strong>proficere</strong></span> <span class='ocrx_word' id='word_1_180' title='bbox 1877 2673 2024 2737; x_wconf 90' lang='lat' dir='ltr'><strong>aliis</strong></span> <span class='ocrx_word' id='word_1_181' title='bbox 2067 2674 2274 2754; x_wconf 88' lang='lat' dir='ltr'><strong>impe·</strong></span> 
     </span>
     <span class='ocr_line' id='line_1_27' title="bbox 317 2759 2272 2830; baseline -0.005 0"><span class='ocrx_word' id='word_1_182' title='bbox 317 2764 516 2830; x_wconf 86' lang='lat' dir='ltr'><strong>riosis</strong></span> <span class='ocrx_word' id='word_1_183' title='bbox 560 2763 791 2829; x_wconf 88' lang='lat' dir='ltr'><strong>edictis</strong></span> <span class='ocrx_word' id='word_1_184' title='bbox 827 2760 948 2826; x_wconf 92' lang='lat' dir='ltr'><strong>hoe</strong></span> <span class='ocrx_word' id='word_1_185' title='bbox 983 2772 1352 2825; x_wconf 88' lang='lat' dir='ltr'><strong>extremum</strong></span> <span class='ocrx_word' id='word_1_186' title='bbox 1391 2770 1778 2825; x_wconf 84' lang='lat' dir='ltr'><strong>tentaverat.</strong></span> <span class='ocrx_word' id='word_1_187' title='bbox 1848 2759 2010 2825; x_wconf 88' lang='lat' dir='ltr'><strong>Post</strong></span> <span class='ocrx_word' id='word_1_188' title='bbox 2045 2767 2272 2823; x_wconf 89' lang='lat' dir='ltr'><strong>natum</strong></span> 
     </span>
     <span class='ocr_line' id='line_1_28' title="bbox 316 2844 2274 2932; baseline -0.004 -16"><span class='ocrx_word' id='word_1_189' title='bbox 316 2850 578 2927; x_wconf 85' lang='lat' dir='ltr'><strong>Mosen,</strong></span> <span class='ocrx_word' id='word_1_190' title='bbox 623 2869 828 2932; x_wconf 91' lang='lat' dir='ltr'><strong>usque</strong></span> <span class='ocrx_word' id='word_1_191' title='bbox 865 2847 944 2912; x_wconf 89' lang='lat' dir='ltr'><strong>ad</strong></span> <span class='ocrx_word' id='word_1_192' title='bbox 983 2857 1242 2930; x_wconf 91' lang='lat' dir='ltr'><strong>tempus</strong></span> <span class='ocrx_word' id='word_1_193' title='bbox 1277 2846 1446 2930; x_wconf 91' lang='lat' dir='ltr'><strong>quod</strong></span> <span class='ocrx_word' id='word_1_194' title='bbox 1482 2846 1590 2912; x_wconf 89' lang='lat' dir='ltr'><strong>hic</strong></span> <span class='ocrx_word' id='word_1_195' title='bbox 1633 2844 2038 2921; x_wconf 84' lang='lat' dir='ltr'><strong>describitur,</strong></span> <span class='ocrx_word' id='word_1_196' title='bbox 2086 2864 2274 2927; x_wconf 88' lang='lat' dir='ltr'><strong>prae·</strong></span> 
     </span>
     <span class='ocr_line' id='line_1_29' title="bbox 316 2930 2276 3017; baseline -0.004 -16"><span class='ocrx_word' id='word_1_197' title='bbox 316 2946 586 3001; x_wconf 90' lang='lat' dir='ltr'><strong>tereunt</strong></span> <span class='ocrx_word' id='word_1_198' title='bbox 669 2935 826 2999; x_wconf 89' lang='lat' dir='ltr'><strong>anni</strong></span> <span class='ocrx_word' id='word_1_199' title='bbox 904 2934 1162 2999; x_wconf 87' lang='lat' dir='ltr'><strong>circiter</strong></span> <span class='ocrx_word' id='word_1_200' title='bbox 1236 2934 1586 3017; x_wconf 86' lang='lat' dir='ltr'><strong>octoginta.</strong></span> <span class='ocrx_word' id='word_1_201' title='bbox 1698 2930 1892 2998; x_wconf 90' lang='lat' dir='ltr'><strong>Unde</strong></span> <span class='ocrx_word' id='word_1_202' title='bbox 1958 2931 2276 2997; x_wconf 88' lang='lat' dir='ltr'><strong>coniicere</strong></span> 
     </span>
    </p>
   </div>
   <div class='ocr_carea' id='block_1_3' title="bbox 188 3015 2273 3105">
    <p class='ocr_par' dir='ltr' id='par_1_3' title="bbox 188 3015 2273 3105">
     <span class='ocr_line' id='line_1_30' title="bbox 188 3015 2273 3105; baseline -0.004 -15"><span class='ocrx_word' id='word_1_203' title='bbox 188 3038 197 3049; x_wconf 86' lang='lat'>&#39;</span> <span class='ocrx_word' id='word_1_204' title='bbox 316 3023 511 3101; x_wconf 87' lang='lat' dir='ltr'><strong>lieet,</strong></span> <span class='ocrx_word' id='word_1_205' title='bbox 574 3032 930 3105; x_wconf 86' lang='lat' dir='ltr'><strong>antequam</strong></span> <span class='ocrx_word' id='word_1_206' title='bbox 1008 3020 1289 3084; x_wconf 85' lang='lat' dir='ltr'><strong>instaret</strong></span> <span class='ocrx_word' id='word_1_207' title='bbox 1367 3018 1660 3084; x_wconf 85' lang='lat' dir='ltr'><strong>liberatio</strong></span> <span class='ocrx_word' id='word_1_208' title='bbox 1724 3018 1926 3084; x_wconf 87' lang='lat' dir='ltr'><strong>fuisse</strong></span> <span class='ocrx_word' id='word_1_209' title='bbox 1987 3015 2273 3082; x_wconf 89' lang='lat' dir='ltr'><strong>medium</strong></span> 
     </span>
    </p>
   </div>
   <div class='ocr_carea' id='block_1_4' title="bbox 313 3103 2278 5518">
    <p class='ocr_par' dir='ltr' id='par_1_4' title="bbox 313 3103 2278 4568">
     <span class='ocr_line' id='line_1_31' title="bbox 316 3103 2274 3194; baseline -0.005 -19"><span class='ocrx_word' id='word_1_210' title='bbox 316 3111 613 3194; x_wconf 88' lang='lat' dir='ltr'><strong>aliquem</strong></span> <span class='ocrx_word' id='word_1_211' title='bbox 658 3127 1117 3186; x_wconf 85' lang='lat' dir='ltr'><strong>successorem,</strong></span> <span class='ocrx_word' id='word_1_212' title='bbox 1163 3106 1269 3170; x_wconf 83' lang='lat' dir='ltr'><strong>vel</strong></span> <span class='ocrx_word' id='word_1_213' title='bbox 1313 3106 1556 3190; x_wconf 90' lang='lat' dir='ltr'><strong>plures.</strong></span> <span class='ocrx_word' id='word_1_214' title='bbox 1646 3104 1729 3169; x_wconf 90' lang='lat' dir='ltr'><strong>In</strong></span> <span class='ocrx_word' id='word_1_215' title='bbox 1773 3104 1888 3169; x_wconf 87' lang='lat' dir='ltr'><strong>illa</strong></span> <span class='ocrx_word' id='word_1_216' title='bbox 1934 3103 2274 3186; x_wconf 84' lang='lat' dir='ltr'><strong>multiplici</strong></span> 
     </span>
     <span class='ocr_line' id='line_1_32' title="bbox 314 3189 2277 3274; baseline -0.005 -11"><span class='ocrx_word' id='word_1_217' title='bbox 314 3216 551 3264; x_wconf 86' lang='lat' dir='ltr'><strong>rerum</strong></span> <span class='ocrx_word' id='word_1_218' title='bbox 596 3194 1056 3271; x_wconf 78' lang='lat' dir='ltr'><strong>conversione,</strong></span> <span class='ocrx_word' id='word_1_219' title='bbox 1106 3213 1307 3274; x_wconf 91' lang='lat' dir='ltr'><strong>quum</strong></span> <span class='ocrx_word' id='word_1_220' title='bbox 1352 3191 1580 3258; x_wconf 89' lang='lat' dir='ltr'><strong>eadem</strong></span> <span class='ocrx_word' id='word_1_221' title='bbox 1627 3201 1798 3256; x_wconf 90' lang='lat' dir='ltr'><strong>esset</strong></span> <span class='ocrx_word' id='word_1_222' title='bbox 1842 3189 1948 3255; x_wconf 87' lang='lat' dir='ltr'><strong>vel</strong></span> <span class='ocrx_word' id='word_1_223' title='bbox 1992 3189 2277 3254; x_wconf 87' lang='lat' dir='ltr'><strong>deterior</strong></span> 
     </span>
     <span class='ocr_line' id='line_1_33' title="bbox 313 3276 2278 3371; baseline -0.005 -23"><span class='ocrx_word' id='word_1_224' title='bbox 313 3281 550 3371; x_wconf 87' lang='lat' dir='ltr'><strong>populi</strong></span> <span class='ocrx_word' id='word_1_225' title='bbox 594 3279 913 3357; x_wconf 89' lang='lat' dir='ltr'><strong>conditio,</strong></span> <span class='ocrx_word' id='word_1_226' title='bbox 968 3277 1303 3345; x_wconf 88' lang='lat' dir='ltr'><strong>insolitam</strong></span> <span class='ocrx_word' id='word_1_227' title='bbox 1360 3277 1897 3343; x_wconf 89' lang='lat' dir='ltr'><strong>lamentationem</strong></span> <span class='ocrx_word' id='word_1_228' title='bbox 1953 3276 2278 3358; x_wconf 84' lang='lat' dir='ltr'><strong>expressit</strong></span> 
     </span>
     <span class='ocr_line' id='line_1_34' title="bbox 315 3359 2274 3448; baseline -0.006 -12"><span class='ocrx_word' id='word_1_229' title='bbox 315 3370 563 3437; x_wconf 86' lang='lat' dir='ltr'><strong>ultima</strong></span> <span class='ocrx_word' id='word_1_230' title='bbox 617 3366 997 3432; x_wconf 87' lang='lat' dir='ltr'><strong>necessitas:</strong></span> <span class='ocrx_word' id='word_1_231' title='bbox 1062 3371 1262 3448; x_wconf 88' lang='lat' dir='ltr'><strong>atque</strong></span> <span class='ocrx_word' id='word_1_232' title='bbox 1324 3365 1519 3429; x_wconf 91' lang='lat' dir='ltr'><strong>etiam</strong></span> <span class='ocrx_word' id='word_1_233' title='bbox 1587 3361 1952 3445; x_wconf 87' lang='lat' dir='ltr'><strong>desperatio</strong></span> <span class='ocrx_word' id='word_1_234' title='bbox 2017 3381 2126 3426; x_wconf 92' lang='lat' dir='ltr'><strong>eos</strong></span> <span class='ocrx_word' id='word_1_235' title='bbox 2192 3359 2274 3424; x_wconf 89' lang='lat' dir='ltr'><strong>ad</strong></span> 
     </span>
     <span class='ocr_line' id='line_1_35' title="bbox 315 3446 2277 3542; baseline -0.005 -21"><span class='ocrx_word' id='word_1_236' title='bbox 315 3475 555 3542; x_wconf 88' lang='lat' dir='ltr'><strong>preces</strong></span> <span class='ocrx_word' id='word_1_237' title='bbox 572 3451 920 3535; x_wconf 88' lang='lat' dir='ltr'><strong>compulit:</strong></span> <span class='ocrx_word' id='word_1_238' title='bbox 944 3471 1073 3515; x_wconf 92' lang='lat' dir='ltr'><strong>non</strong></span> <span class='ocrx_word' id='word_1_239' title='bbox 1099 3451 1267 3534; x_wconf 90' lang='lat' dir='ltr'><strong>quod</strong></span> <span class='ocrx_word' id='word_1_240' title='bbox 1291 3460 1445 3516; x_wconf 90' lang='lat' dir='ltr'><strong>ante</strong></span> <span class='ocrx_word' id='word_1_241' title='bbox 1468 3450 1651 3515; x_wconf 88' lang='lat' dir='ltr'><strong>nulla</strong></span> <span class='ocrx_word' id='word_1_242' title='bbox 1671 3450 1933 3533; x_wconf 90' lang='lat' dir='ltr'><strong>penitus</strong></span> <span class='ocrx_word' id='word_1_243' title='bbox 1956 3455 2129 3513; x_wconf 89' lang='lat' dir='ltr'><strong>esset</strong></span> <span class='ocrx_word' id='word_1_244' title='bbox 2152 3446 2277 3511; x_wconf 92' lang='lat' dir='ltr'><strong>Dei</strong></span> 
     </span>
     <span class='ocr_line' id='line_1_36' title="bbox 315 3534 2278 3618; baseline -0.006 -10"><span class='ocrx_word' id='word_1_245' title='bbox 315 3539 672 3608; x_wconf 84' lang='lat' dir='ltr'><strong>invocandi</strong></span> <span class='ocrx_word' id='word_1_246' title='bbox 710 3559 893 3617; x_wconf 83' lang='lat' dir='ltr'><strong>cura,</strong></span> <span class='ocrx_word' id='word_1_247' title='bbox 930 3535 1043 3603; x_wconf 92' lang='lat' dir='ltr'><strong>sed</strong></span> <span class='ocrx_word' id='word_1_248' title='bbox 1086 3539 1239 3618; x_wconf 89' lang='lat' dir='ltr'><strong>quia</strong></span> <span class='ocrx_word' id='word_1_249' title='bbox 1280 3536 1477 3602; x_wconf 91' lang='lat' dir='ltr'><strong>nimis</strong></span> <span class='ocrx_word' id='word_1_250' title='bbox 1521 3535 1651 3600; x_wconf 91' lang='lat' dir='ltr'><strong>huc</strong></span> <span class='ocrx_word' id='word_1_251' title='bbox 1694 3543 1762 3599; x_wconf 88' lang='lat' dir='ltr'><strong>et</strong></span> <span class='ocrx_word' id='word_1_252' title='bbox 1803 3534 1956 3600; x_wconf 90' lang='lat' dir='ltr'><strong>illuc</strong></span> <span class='ocrx_word' id='word_1_253' title='bbox 1999 3535 2278 3600; x_wconf 88' lang='lat' dir='ltr'><strong>circum-</strong></span> 
     </span>
     <span class='ocr_line' id='line_1_37' title="bbox 316 3619 2277 3714; baseline -0.006 -19"><span class='ocrx_word' id='word_1_254' title='bbox 316 3626 731 3714; x_wconf 86' lang='lat' dir='ltr'><strong>spectabant,</strong></span> <span class='ocrx_word' id='word_1_255' title='bbox 770 3624 993 3701; x_wconf 90' lang='lat' dir='ltr'><strong>donee,</strong></span> <span class='ocrx_word' id='word_1_256' title='bbox 1030 3624 1342 3706; x_wconf 88' lang='lat' dir='ltr'><strong>praecisis</strong></span> <span class='ocrx_word' id='word_1_257' title='bbox 1378 3620 1684 3688; x_wconf 90' lang='lat' dir='ltr'><strong>omnibus</strong></span> <span class='ocrx_word' id='word_1_258' title='bbox 1709 3620 1990 3686; x_wconf 89' lang='lat' dir='ltr'><strong>terrenis</strong></span> <span class='ocrx_word' id='word_1_259' title='bbox 2024 3619 2277 3699; x_wconf 91' lang='lat' dir='ltr'><strong>mediis,</strong></span> 
     </span>
     <span class='ocr_line' id='line_1_38' title="bbox 316 3706 2274 3792; baseline -0.004 -13"><span class='ocrx_word' id='word_1_260' title='bbox 316 3715 395 3779; x_wconf 87' lang='lat' dir='ltr'><strong>in</strong></span> <span class='ocrx_word' id='word_1_261' title='bbox 443 3711 655 3779; x_wconf 89' lang='lat' dir='ltr'><strong>coelos</strong></span> <span class='ocrx_word' id='word_1_262' title='bbox 702 3708 1022 3775; x_wconf 88' lang='lat' dir='ltr'><strong>violenter</strong></span> <span class='ocrx_word' id='word_1_263' title='bbox 1066 3706 1146 3773; x_wconf 87' lang='lat' dir='ltr'><strong>ad</strong></span> <span class='ocrx_word' id='word_1_264' title='bbox 1208 3706 1657 3792; x_wconf 90' lang='lat' dir='ltr'><strong>quaerendum</strong></span> <span class='ocrx_word' id='word_1_265' title='bbox 1721 3708 1891 3772; x_wconf 89' lang='lat' dir='ltr'><strong>serio</strong></span> <span class='ocrx_word' id='word_1_266' title='bbox 1952 3706 2274 3772; x_wconf 91' lang='lat' dir='ltr'><strong>auxilium</strong></span> 
     </span>
     <span class='ocr_line' id='line_1_39' title="bbox 314 3794 2278 3878; baseline -0.005 -12"><span class='ocrx_word' id='word_1_267' title='bbox 314 3801 516 3866; x_wconf 86' lang='lat' dir='ltr'><strong>tracti</strong></span> <span class='ocrx_word' id='word_1_268' title='bbox 575 3803 747 3863; x_wconf 89' lang='lat' dir='ltr'><strong>sunt.</strong></span> <span class='ocrx_word' id='word_1_269' title='bbox 836 3795 987 3877; x_wconf 80' lang='lat' dir='ltr'><strong>Quo</strong></span> <span class='ocrx_word' id='word_1_270' title='bbox 1047 3796 1347 3878; x_wconf 87' lang='lat' dir='ltr'><strong>exemplo</strong></span> <span class='ocrx_word' id='word_1_271' title='bbox 1407 3794 1742 3870; x_wconf 89' lang='lat' dir='ltr'><strong>docemur,</strong></span> <span class='ocrx_word' id='word_1_272' title='bbox 1801 3795 2102 3876; x_wconf 86' lang='lat' dir='ltr'><strong>quamvis</strong></span> <span class='ocrx_word' id='word_1_273' title='bbox 2159 3815 2278 3857; x_wconf 90' lang='lat' dir='ltr'><strong>nos</strong></span> 
     </span>
     <span class='ocr_line' id='line_1_40' title="bbox 314 3879 2275 3967; baseline -0.005 -15"><span class='ocrx_word' id='word_1_274' title='bbox 314 3885 645 3953; x_wconf 89' lang='lat' dir='ltr'><strong>malorum</strong></span> <span class='ocrx_word' id='word_1_275' title='bbox 707 3883 1002 3967; x_wconf 86' lang='lat' dir='ltr'><strong>gravitas</strong></span> <span class='ocrx_word' id='word_1_276' title='bbox 1063 3883 1336 3948; x_wconf 80' lang='lat' dir='ltr'><strong>tristitia</strong></span> <span class='ocrx_word' id='word_1_277' title='bbox 1393 3889 1461 3945; x_wconf 89' lang='lat' dir='ltr'><strong>et</strong></span> <span class='ocrx_word' id='word_1_278' title='bbox 1517 3880 1694 3944; x_wconf 90' lang='lat' dir='ltr'><strong>luctu</strong></span> <span class='ocrx_word' id='word_1_279' title='bbox 1751 3879 2083 3958; x_wconf 88' lang='lat' dir='ltr'><strong>conficiat,</strong></span> <span class='ocrx_word' id='word_1_280' title='bbox 2146 3899 2275 3943; x_wconf 91' lang='lat' dir='ltr'><strong>non</strong></span> 
     </span>
     <span class='ocr_line' id='line_1_41' title="bbox 316 3963 2277 4053; baseline -0.006 -14"><span class='ocrx_word' id='word_1_281' title='bbox 316 3982 547 4039; x_wconf 87' lang='lat' dir='ltr'><strong>tamen</strong></span> <span class='ocrx_word' id='word_1_282' title='bbox 606 3969 905 4053; x_wconf 91' lang='lat' dir='ltr'><strong>protinus</strong></span> <span class='ocrx_word' id='word_1_283' title='bbox 956 3965 1039 4033; x_wconf 89' lang='lat' dir='ltr'><strong>ad</strong></span> <span class='ocrx_word' id='word_1_284' title='bbox 1095 3967 1316 4034; x_wconf 91' lang='lat' dir='ltr'><strong>Deum</strong></span> <span class='ocrx_word' id='word_1_285' title='bbox 1373 3976 1532 4033; x_wconf 81' lang='lat' dir='ltr'><strong>vota</strong></span> <span class='ocrx_word' id='word_1_286' title='bbox 1588 3974 1816 4031; x_wconf 87' lang='lat' dir='ltr'><strong>nostra</strong></span> <span class='ocrx_word' id='word_1_287' title='bbox 1873 3964 2103 4049; x_wconf 84' lang='lat' dir='ltr'><strong>dirigi,</strong></span> <span class='ocrx_word' id='word_1_288' title='bbox 2163 3963 2277 4029; x_wconf 89' lang='lat' dir='ltr'><strong>sed</strong></span> 
     </span>
     <span class='ocr_line' id='line_1_42' title="bbox 314 4050 2273 4139; baseline -0.004 -15"><span class='ocrx_word' id='word_1_289' title='bbox 314 4067 619 4125; x_wconf 88' lang='lat' dir='ltr'><strong>nostram</strong></span> <span class='ocrx_word' id='word_1_290' title='bbox 676 4055 1019 4139; x_wconf 80' lang='lat' dir='ltr'><strong>segnitiem</strong></span> <span class='ocrx_word' id='word_1_291' title='bbox 1084 4054 1381 4139; x_wconf 90' lang='lat' dir='ltr'><strong>pluribus</strong></span> <span class='ocrx_word' id='word_1_292' title='bbox 1434 4051 1720 4118; x_wconf 85' lang='lat' dir='ltr'><strong>stimulis</strong></span> <span class='ocrx_word' id='word_1_293' title='bbox 1784 4071 1947 4134; x_wconf 91' lang='lat' dir='ltr'><strong>opus</strong></span> <span class='ocrx_word' id='word_1_294' title='bbox 2014 4050 2273 4116; x_wconf 90' lang='lat' dir='ltr'><strong>habere.</strong></span> 
     </span>
     <span class='ocr_line' id='line_1_43' title="bbox 314 4137 2276 4220; baseline -0.006 -8"><span class='ocrx_word' id='word_1_295' title='bbox 314 4145 657 4212; x_wconf 91' lang='lat' dir='ltr'><strong>Admonet</strong></span> <span class='ocrx_word' id='word_1_296' title='bbox 716 4142 916 4206; x_wconf 90' lang='lat' dir='ltr'><strong>etiam</strong></span> <span class='ocrx_word' id='word_1_297' title='bbox 961 4139 1214 4220; x_wconf 83' lang='lat' dir='ltr'><strong>Moses,</strong></span> <span class='ocrx_word' id='word_1_298' title='bbox 1274 4138 1440 4205; x_wconf 89' lang='lat' dir='ltr'><strong>nihil</strong></span> <span class='ocrx_word' id='word_1_299' title='bbox 1497 4159 1639 4203; x_wconf 87' lang='lat' dir='ltr'><strong>esse</strong></span> <span class='ocrx_word' id='word_1_300' title='bbox 1692 4137 1932 4202; x_wconf 88' lang='lat' dir='ltr'><strong>mirum</strong></span> <span class='ocrx_word' id='word_1_301' title='bbox 1992 4137 2047 4201; x_wconf 92' lang='lat' dir='ltr'><strong>si</strong></span> <span class='ocrx_word' id='word_1_302' title='bbox 2092 4138 2276 4203; x_wconf 89' lang='lat' dir='ltr'><strong>Deus</strong></span> 
     </span>
     <span class='ocr_line' id='line_1_44' title="bbox 315 4221 2273 4313; baseline -0.006 -16"><span class='ocrx_word' id='word_1_303' title='bbox 315 4230 406 4298; x_wconf 86' lang='lat' dir='ltr'><strong>ad</strong></span> <span class='ocrx_word' id='word_1_304' title='bbox 473 4225 927 4313; x_wconf 89' lang='lat' dir='ltr'><strong>opitulandum</strong></span> <span class='ocrx_word' id='word_1_305' title='bbox 993 4247 1126 4293; x_wconf 90' lang='lat' dir='ltr'><strong>non</strong></span> <span class='ocrx_word' id='word_1_306' title='bbox 1183 4227 1379 4292; x_wconf 91' lang='lat' dir='ltr'><strong>citius</strong></span> <span class='ocrx_word' id='word_1_307' title='bbox 1437 4226 1822 4303; x_wconf 86' lang='lat' dir='ltr'><strong>accurrerit,</strong></span> <span class='ocrx_word' id='word_1_308' title='bbox 1886 4221 2147 4306; x_wconf 91' lang='lat' dir='ltr'><strong>quando</strong></span> <span class='ocrx_word' id='word_1_309' title='bbox 2205 4222 2273 4287; x_wconf 89' lang='lat' dir='ltr'><strong>in</strong></span> 
     </span>
     <span class='ocr_line' id='line_1_45' title="bbox 316 4309 2276 4396; baseline -0.003 -14"><span class='ocrx_word' id='word_1_310' title='bbox 316 4317 461 4383; x_wconf 90' lang='lat' dir='ltr'><strong>suis</strong></span> <span class='ocrx_word' id='word_1_311' title='bbox 541 4314 730 4380; x_wconf 89' lang='lat' dir='ltr'><strong>malis</strong></span> <span class='ocrx_word' id='word_1_312' title='bbox 807 4311 1152 4396; x_wconf 87' lang='lat' dir='ltr'><strong>torpebant</strong></span> <span class='ocrx_word' id='word_1_313' title='bbox 1237 4313 1355 4378; x_wconf 87' lang='lat' dir='ltr'><strong>filii</strong></span> <span class='ocrx_word' id='word_1_314' title='bbox 1434 4310 1663 4376; x_wconf 90' lang='lat' dir='ltr'><strong>Israel.</strong></span> <span class='ocrx_word' id='word_1_315' title='bbox 1786 4309 2075 4376; x_wconf 87' lang='lat' dir='ltr'><strong>Proinde</strong></span> <span class='ocrx_word' id='word_1_316' title='bbox 2154 4309 2276 4376; x_wconf 92' lang='lat' dir='ltr'><strong>hoc</strong></span> 
     </span>
     <span class='ocr_line' id='line_1_46' title="bbox 315 4396 2276 4485; baseline -0.004 -17"><span class='ocrx_word' id='word_1_317' title='bbox 315 4401 625 4485; x_wconf 90' lang='lat' dir='ltr'><strong>exemplo</strong></span> <span class='ocrx_word' id='word_1_318' title='bbox 670 4399 1029 4477; x_wconf 88' lang='lat' dir='ltr'><strong>discamus,</strong></span> <span class='ocrx_word' id='word_1_319' title='bbox 1086 4408 1159 4464; x_wconf 90' lang='lat' dir='ltr'><strong>ut</strong></span> <span class='ocrx_word' id='word_1_320' title='bbox 1202 4400 1385 4464; x_wconf 93' lang='lat' dir='ltr'><strong>Deus</strong></span> <span class='ocrx_word' id='word_1_321' title='bbox 1428 4398 1708 4482; x_wconf 87' lang='lat' dir='ltr'><strong>gratiam</strong></span> <span class='ocrx_word' id='word_1_322' title='bbox 1753 4417 1939 4462; x_wconf 88' lang='lat' dir='ltr'><strong>suam</strong></span> <span class='ocrx_word' id='word_1_323' title='bbox 1984 4396 2276 4479; x_wconf 84' lang='lat' dir='ltr'><strong>proferre</strong></span> 
     </span>
     <span class='ocr_line' id='line_1_47' title="bbox 316 4484 1654 4568; baseline -0.005 -14"><span class='ocrx_word' id='word_1_324' title='bbox 316 4495 649 4566; x_wconf 89' lang='lat' dir='ltr'><strong>maturet,</strong></span> <span class='ocrx_word' id='word_1_325' title='bbox 693 4486 913 4552; x_wconf 88' lang='lat' dir='ltr'><strong>statim</strong></span> <span class='ocrx_word' id='word_1_326' title='bbox 961 4484 1043 4549; x_wconf 90' lang='lat' dir='ltr'><strong>ad</strong></span> <span class='ocrx_word' id='word_1_327' title='bbox 1090 4507 1238 4550; x_wconf 91' lang='lat' dir='ltr'><strong>eum</strong></span> <span class='ocrx_word' id='word_1_328' title='bbox 1283 4485 1654 4568; x_wconf 88' lang='lat' dir='ltr'><strong>confugere.</strong></span> 
     </span>
    </p>

    <p class='ocr_par' dir='ltr' id='par_1_5' title="bbox 319 4566 2278 5434">
     <span class='ocr_line' id='line_1_48' title="bbox 499 4566 2273 4654; baseline -0.003 -16"><span class='ocrx_word' id='word_1_329' title='bbox 499 4571 916 4654; x_wconf 66' lang='lat' dir='ltr'><strong>Accenditque</strong></span> <span class='ocrx_word' id='word_1_330' title='bbox 978 4572 1226 4638; x_wconf 81' lang='lat' dir='ltr'><strong>clamor.</strong></span> <span class='ocrx_word' id='word_1_331' title='bbox 1315 4568 1751 4636; x_wconf 81' lang='lat' dir='ltr'><strong>Commendat</strong></span> <span class='ocrx_word' id='word_1_332' title='bbox 1793 4566 1922 4633; x_wconf 91' lang='lat' dir='ltr'><strong>Dei</strong></span> <span class='ocrx_word' id='word_1_333' title='bbox 1988 4568 2273 4634; x_wconf 90' lang='lat' dir='ltr'><strong>elemen-</strong></span> 
     </span>
     <span class='ocr_line' id='line_1_49' title="bbox 320 4654 2277 4740; baseline -0.004 -15"><span class='ocrx_word' id='word_1_334' title='bbox 320 4661 488 4727; x_wconf 88' lang='lat' dir='ltr'><strong>tiam</strong></span> <span class='ocrx_word' id='word_1_335' title='bbox 515 4661 734 4726; x_wconf 84' lang='lat' dir='ltr'><strong>Moses</strong></span> <span class='ocrx_word' id='word_1_336' title='bbox 771 4659 894 4723; x_wconf 91' lang='lat' dir='ltr'><strong>hac</strong></span> <span class='ocrx_word' id='word_1_337' title='bbox 930 4656 1444 4737; x_wconf 89' lang='lat' dir='ltr'><strong>circumstantia,</strong></span> <span class='ocrx_word' id='word_1_338' title='bbox 1469 4655 1639 4740; x_wconf 92' lang='lat' dir='ltr'><strong>quod</strong></span> <span class='ocrx_word' id='word_1_339' title='bbox 1676 4654 2010 4737; x_wconf 87' lang='lat' dir='ltr'><strong>pigritiam</strong></span> <span class='ocrx_word' id='word_1_340' title='bbox 2048 4675 2277 4719; x_wconf 88' lang='lat' dir='ltr'><strong>eorum</strong></span> 
     </span>
     <span class='ocr_line' id='line_1_50' title="bbox 319 4740 2273 4828; baseline -0.004 -15"><span class='ocrx_word' id='word_1_341' title='bbox 319 4768 456 4813; x_wconf 88' lang='lat' dir='ltr'><strong>non</strong></span> <span class='ocrx_word' id='word_1_342' title='bbox 494 4745 674 4810; x_wconf 91' lang='lat' dir='ltr'><strong>ultus</strong></span> <span class='ocrx_word' id='word_1_343' title='bbox 709 4744 925 4824; x_wconf 83' lang='lat' dir='ltr'><strong>fuerit,</strong></span> <span class='ocrx_word' id='word_1_344' title='bbox 957 4754 1033 4810; x_wconf 88' lang='lat' dir='ltr'><strong>ut</strong></span> <span class='ocrx_word' id='word_1_345' title='bbox 1067 4745 1266 4828; x_wconf 85' lang='lat' dir='ltr'><strong>digna</strong></span> <span class='ocrx_word' id='word_1_346' title='bbox 1301 4750 1460 4820; x_wconf 90' lang='lat' dir='ltr'><strong>erat,</strong></span> <span class='ocrx_word' id='word_1_347' title='bbox 1498 4740 1608 4808; x_wconf 93' lang='lat' dir='ltr'><strong>sed</strong></span> <span class='ocrx_word' id='word_1_348' title='bbox 1640 4740 1842 4806; x_wconf 75' lang='lat' dir='ltr'><strong>lentis</strong></span> <span class='ocrx_word' id='word_1_349' title='bbox 1878 4740 2273 4807; x_wconf 91' lang='lat' dir='ltr'><strong>clamoribus</strong></span> 
     </span>
     <span class='ocr_line' id='line_1_51' title="bbox 320 4826 2278 4916; baseline -0.005 -16"><span class='ocrx_word' id='word_1_350' title='bbox 320 4854 395 4900; x_wconf 88' lang='lat' dir='ltr'><strong>se</strong></span> <span class='ocrx_word' id='word_1_351' title='bbox 417 4831 791 4916; x_wconf 85' lang='lat' dir='ltr'><strong>praebuerit</strong></span> <span class='ocrx_word' id='word_1_352' title='bbox 825 4830 1241 4896; x_wconf 83' lang='lat' dir='ltr'><strong>exorabilem.</strong></span> <span class='ocrx_word' id='word_1_353' title='bbox 1310 4830 1407 4895; x_wconf 87' lang='lat' dir='ltr'><strong>Ac</strong></span> <span class='ocrx_word' id='word_1_354' title='bbox 1443 4828 1712 4893; x_wconf 89' lang='lat' dir='ltr'><strong>omnino</strong></span> <span class='ocrx_word' id='word_1_355' title='bbox 1747 4827 1814 4890; x_wconf 91' lang='lat' dir='ltr'><strong>in</strong></span> <span class='ocrx_word' id='word_1_356' title='bbox 1852 4826 1975 4893; x_wconf 92' lang='lat' dir='ltr'><strong>hac</strong></span> <span class='ocrx_word' id='word_1_357' title='bbox 1995 4826 2278 4893; x_wconf 88' lang='lat' dir='ltr'><strong>historia</strong></span> 
     </span>
     <span class='ocr_line' id='line_1_52' title="bbox 321 4912 2273 5000; baseline -0.005 -15"><span class='ocrx_word' id='word_1_358' title='bbox 321 4917 753 5000; x_wconf 87' lang='lat' dir='ltr'><strong>contemplari</strong></span> <span class='ocrx_word' id='word_1_359' title='bbox 810 4916 964 4982; x_wconf 89' lang='lat' dir='ltr'><strong>licet</strong></span> <span class='ocrx_word' id='word_1_360' title='bbox 1015 4916 1182 5000; x_wconf 90' lang='lat' dir='ltr'><strong>quod</strong></span> <span class='ocrx_word' id='word_1_361' title='bbox 1230 4913 1494 4980; x_wconf 88' lang='lat' dir='ltr'><strong>Psalmo</strong></span> <span class='ocrx_word' id='word_1_362' title='bbox 1556 4914 1677 4980; x_wconf 83' lang='lat'><strong>107</strong></span> <span class='ocrx_word' id='word_1_363' title='bbox 1738 4912 2011 4997; x_wconf 85' lang='lat' dir='ltr'><strong>legitur,</strong></span> <span class='ocrx_word' id='word_1_364' title='bbox 2063 4912 2273 4997; x_wconf 89' lang='lat' dir='ltr'><strong>stupi-</strong></span> 
     </span>
     <span class='ocr_line' id='line_1_53' title="bbox 326 5000 2274 5086; baseline -0.003 -17"><span class='ocrx_word' id='word_1_365' title='bbox 326 5005 635 5070; x_wconf 87' lang='lat' dir='ltr'><strong>dissimos</strong></span> <span class='ocrx_word' id='word_1_366' title='bbox 679 5005 874 5067; x_wconf 87' lang='lat' dir='ltr'><strong>etiam</strong></span> <span class='ocrx_word' id='word_1_367' title='bbox 922 5024 1206 5086; x_wconf 89' lang='lat' dir='ltr'><strong>quosque</strong></span> <span class='ocrx_word' id='word_1_368' title='bbox 1241 5004 1309 5066; x_wconf 91' lang='lat' dir='ltr'><strong>in</strong></span> <span class='ocrx_word' id='word_1_369' title='bbox 1356 5000 1552 5065; x_wconf 88' lang='lat' dir='ltr'><strong>rebus</strong></span> <span class='ocrx_word' id='word_1_370' title='bbox 1598 5000 1912 5065; x_wconf 88' lang='lat' dir='ltr'><strong>extremis</strong></span> <span class='ocrx_word' id='word_1_371' title='bbox 1958 5008 2107 5063; x_wconf 87' lang='lat' dir='ltr'><strong>vota</strong></span> <span class='ocrx_word' id='word_1_372' title='bbox 2154 5018 2274 5064; x_wconf 90' lang='lat' dir='ltr'><strong>sua</strong></span> 
     </span>
     <span class='ocr_line' id='line_1_54' title="bbox 327 5085 2275 5169; baseline -0.002 -15"><span class='ocrx_word' id='word_1_373' title='bbox 327 5091 597 5156; x_wconf 87' lang='lat' dir='ltr'><strong>demum</strong></span> <span class='ocrx_word' id='word_1_374' title='bbox 631 5089 710 5154; x_wconf 88' lang='lat' dir='ltr'><strong>ad</strong></span> <span class='ocrx_word' id='word_1_375' title='bbox 737 5090 951 5154; x_wconf 86' lang='lat' dir='ltr'><strong>Deum</strong></span> <span class='ocrx_word' id='word_1_376' title='bbox 998 5098 1401 5166; x_wconf 74' lang='lat' dir='ltr'><strong>convertere,</strong></span> <span class='ocrx_word' id='word_1_377' title='bbox 1444 5095 1514 5152; x_wconf 92' lang='lat' dir='ltr'><strong>et</strong></span> <span class='ocrx_word' id='word_1_378' title='bbox 1548 5086 1809 5169; x_wconf 89' lang='lat' dir='ltr'><strong>quidem</strong></span> <span class='ocrx_word' id='word_1_379' title='bbox 1860 5085 2275 5150; x_wconf 86' lang='lat' dir='ltr'><strong>vehementia</strong></span> 
     </span>
     <span class='ocr_line' id='line_1_55' title="bbox 328 5172 2269 5258; baseline -0.002 -18"><span class='ocrx_word' id='word_1_380' title='bbox 328 5176 571 5243; x_wconf 88' lang='lat' dir='ltr'><strong>doloris</strong></span> <span class='ocrx_word' id='word_1_381' title='bbox 637 5177 848 5258; x_wconf 87' lang='lat' dir='ltr'><strong>magis</strong></span> <span class='ocrx_word' id='word_1_382' title='bbox 915 5196 1105 5258; x_wconf 90' lang='lat' dir='ltr'><strong>quam</strong></span> <span class='ocrx_word' id='word_1_383' title='bbox 1185 5175 1310 5239; x_wconf 88' lang='lat' dir='ltr'><strong>rite</strong></span> <span class='ocrx_word' id='word_1_384' title='bbox 1376 5175 1732 5256; x_wconf 89' lang='lat' dir='ltr'><strong>composito</strong></span> <span class='ocrx_word' id='word_1_385' title='bbox 1796 5172 1948 5236; x_wconf 87' lang='lat' dir='ltr'><strong>fidei</strong></span> <span class='ocrx_word' id='word_1_386' title='bbox 2013 5172 2269 5238; x_wconf 87' lang='lat' dir='ltr'><strong>affectu.</strong></span> 
     </span>
     <span class='ocr_line' id='line_1_56' title="bbox 328 5259 2272 5344; baseline -0.003 -15"><span class='ocrx_word' id='word_1_387' title='bbox 328 5263 512 5329; x_wconf 87' lang='lat' dir='ltr'><strong>Dicit</strong></span> <span class='ocrx_word' id='word_1_388' title='bbox 547 5282 591 5341; x_wconf 81' lang='lat' dir='ltr'><strong>a</strong></span> <span class='ocrx_word' id='word_1_389' title='bbox 622 5263 953 5341; x_wconf 87' lang='lat' dir='ltr'><strong>servitute,</strong></span> <span class='ocrx_word' id='word_1_390' title='bbox 999 5262 1150 5344; x_wconf 91' lang='lat' dir='ltr'><strong>quia</strong></span> <span class='ocrx_word' id='word_1_391' title='bbox 1191 5259 1529 5344; x_wconf 86' lang='lat' dir='ltr'><strong>proprium</strong></span> <span class='ocrx_word' id='word_1_392' title='bbox 1580 5260 1703 5323; x_wconf 90' lang='lat' dir='ltr'><strong>Dei</strong></span> <span class='ocrx_word' id='word_1_393' title='bbox 1747 5268 1849 5323; x_wconf 92' lang='lat' dir='ltr'><strong>est</strong></span> <span class='ocrx_word' id='word_1_394' title='bbox 1890 5277 2272 5323; x_wconf 87' lang='lat' dir='ltr'><strong>succurrere</strong></span> 
     </span>
     <span class='ocr_line' id='line_1_57' title="bbox 327 5344 2269 5434; baseline -0.003 -20"><span class='ocrx_word' id='word_1_395' title='bbox 327 5348 671 5434; x_wconf 77' lang='lat' dir='ltr'><strong>oppressiS,</strong></span> <span class='ocrx_word' id='word_1_396' title='bbox 716 5348 992 5415; x_wconf 88' lang='lat' dir='ltr'><strong>liberare</strong></span> <span class='ocrx_word' id='word_1_397' title='bbox 1029 5347 1299 5422; x_wconf 88' lang='lat' dir='ltr'><strong>vinctos,</strong></span> <span class='ocrx_word' id='word_1_398' title='bbox 1335 5357 1404 5410; x_wconf 88' lang='lat' dir='ltr'><strong>et</strong></span> <span class='ocrx_word' id='word_1_399' title='bbox 1439 5346 1709 5410; x_wconf 90' lang='lat' dir='ltr'><strong>miseros</strong></span> <span class='ocrx_word' id='word_1_400' title='bbox 1744 5344 2027 5428; x_wconf 86' lang='lat' dir='ltr'><strong>erigere:</strong></span> <span class='ocrx_word' id='word_1_401' title='bbox 2075 5353 2269 5429; x_wconf 89' lang='lat' dir='ltr'><strong>atque</strong></span> 
     </span>
    </p>

    <p class='ocr_par' dir='ltr' id='par_1_6' title="bbox 468 5447 1369 5518">
     <span class='ocr_line' id='line_1_58' title="bbox 468 5447 1369 5518; baseline -0.004 -13"><span class='ocrx_word' id='word_1_402' title='bbox 468 5448 690 5505; x_wconf 58' lang='lat' dir='ltr'><strong>aalma·</strong></span> <span class='ocrx_word' id='word_1_403' title='bbox 719 5464 907 5518; x_wconf 73' lang='lat' dir='ltr'><strong>opera.</strong></span> <span class='ocrx_word' id='word_1_404' title='bbox 991 5450 1105 5503; x_wconf 75' lang='lat' dir='ltr'><strong>Vol.</strong></span> <span class='ocrx_word' id='word_1_405' title='bbox 1139 5447 1369 5503; x_wconf 66' lang='lat' dir='ltr'><strong>xxn&#39;.</strong></span> 
     </span>
    </p>
   </div>
   <div class='ocr_carea' id='block_1_5' title="bbox 2320 621 2341 5400">
    <p class='ocr_par' dir='ltr' id='par_1_7' title="bbox 2320 621 2341 5400">
     <span class='ocr_line' id='line_1_59' title="bbox 2320 621 2341 5400; baseline 0 0"><span class='ocrx_word' id='word_1_406' title='bbox 2320 621 2341 5400; x_wconf 95' lang='lat' dir='ltr'><strong> </strong></span> 
     </span>
    </p>
   </div>
   <div class='ocr_carea' id='block_1_6' title="bbox 4267 424 4360 490">
    <p class='ocr_par' dir='ltr' id='par_1_8' title="bbox 4267 424 4360 490">
     <span class='ocr_line' id='line_1_60' title="bbox 4267 424 4360 490; baseline 0 0"><span class='ocrx_word' id='word_1_407' title='bbox 4267 424 4360 490; x_wconf 83' lang='lat'><strong>34</strong></span> 
     </span>
    </p>
   </div>
   <div class='ocr_carea' id='block_1_7' title="bbox 2379 609 4348 2326">
    <p class='ocr_par' dir='ltr' id='par_1_9' title="bbox 2379 609 4348 2326">
     <span class='ocr_line' id='line_1_61' title="bbox 2391 609 4345 693; baseline 0.002 -19"><span class='ocrx_word' id='word_1_408' title='bbox 2391 609 2513 675; x_wconf 88' lang='lat' dir='ltr'><strong>has</strong></span> <span class='ocrx_word' id='word_1_409' title='bbox 2558 609 2681 674; x_wconf 90' lang='lat' dir='ltr'><strong>sibi</strong></span> <span class='ocrx_word' id='word_1_410' title='bbox 2725 619 2946 693; x_wconf 89' lang='lat' dir='ltr'><strong>partes</strong></span> <span class='ocrx_word' id='word_1_411' title='bbox 2991 610 3232 693; x_wconf 89' lang='lat' dir='ltr'><strong>ubique</strong></span> <span class='ocrx_word' id='word_1_412' title='bbox 3270 609 3576 676; x_wconf 86' lang='lat' dir='ltr'><strong>vindieat.</strong></span> <span class='ocrx_word' id='word_1_413' title='bbox 3645 609 3838 691; x_wconf 77' lang='lat' dir='ltr'><strong>Quod</strong></span> <span class='ocrx_word' id='word_1_414' title='bbox 3876 610 4073 690; x_wconf 85' lang='lat' dir='ltr'><strong>addit,</strong></span> <span class='ocrx_word' id='word_1_415' title='bbox 4122 611 4345 678; x_wconf 90' lang='lat' dir='ltr'><strong>Deum</strong></span> 
     </span>
     <span class='ocr_line' id='line_1_62' title="bbox 2389 695 4346 777; baseline 0.002 -17"><span class='ocrx_word' id='word_1_416' title='bbox 2389 695 2800 762; x_wconf 89' lang='lat' dir='ltr'><strong>recordatum</strong></span> <span class='ocrx_word' id='word_1_417' title='bbox 2858 716 3001 761; x_wconf 90' lang='lat' dir='ltr'><strong>esse</strong></span> <span class='ocrx_word' id='word_1_418' title='bbox 3055 696 3369 777; x_wconf 84' lang='lat' dir='ltr'><strong>foederis,</strong></span> <span class='ocrx_word' id='word_1_419' title='bbox 3435 716 3673 762; x_wconf 87' lang='lat' dir='ltr'><strong>causae</strong></span> <span class='ocrx_word' id='word_1_420' title='bbox 3730 695 4009 763; x_wconf 85' lang='lat' dir='ltr'><strong>redditio</strong></span> <span class='ocrx_word' id='word_1_421' title='bbox 4068 708 4169 763; x_wconf 88' lang='lat' dir='ltr'><strong>est</strong></span> <span class='ocrx_word' id='word_1_422' title='bbox 4223 719 4346 764; x_wconf 88' lang='lat' dir='ltr'><strong>cur</strong></span> 
     </span>
     <span class='ocr_line' id='line_1_63' title="bbox 2387 781 4347 867; baseline 0.002 -22"><span class='ocrx_word' id='word_1_423' title='bbox 2387 803 2612 848; x_wconf 89' lang='lat' dir='ltr'><strong>eorum</strong></span> <span class='ocrx_word' id='word_1_424' title='bbox 2668 784 2955 867; x_wconf 89' lang='lat' dir='ltr'><strong>gemitus</strong></span> <span class='ocrx_word' id='word_1_425' title='bbox 3013 781 3314 859; x_wconf 89' lang='lat' dir='ltr'><strong>audierit,</strong></span> <span class='ocrx_word' id='word_1_426' title='bbox 3373 803 3610 864; x_wconf 89' lang='lat' dir='ltr'><strong>nempe</strong></span> <span class='ocrx_word' id='word_1_427' title='bbox 3667 791 3743 848; x_wconf 91' lang='lat' dir='ltr'><strong>ut</strong></span> <span class='ocrx_word' id='word_1_428' title='bbox 3786 784 4143 867; x_wconf 89' lang='lat' dir='ltr'><strong>gratuitam</strong></span> <span class='ocrx_word' id='word_1_429' title='bbox 4197 804 4347 865; x_wconf 86' lang='lat' dir='ltr'><strong>pro·</strong></span> 
     </span>
     <span class='ocr_line' id='line_1_64' title="bbox 2384 867 4341 953; baseline 0.002 -21"><span class='ocrx_word' id='word_1_430' title='bbox 2384 868 2760 932; x_wconf 89' lang='lat' dir='ltr'><strong>missionem</strong></span> <span class='ocrx_word' id='word_1_431' title='bbox 2799 869 3082 933; x_wconf 87' lang='lat' dir='ltr'><strong>sanciret</strong></span> <span class='ocrx_word' id='word_1_432' title='bbox 3116 868 3337 932; x_wconf 89' lang='lat' dir='ltr'><strong>datam</strong></span> <span class='ocrx_word' id='word_1_433' title='bbox 3361 867 3670 933; x_wconf 87' lang='lat' dir='ltr'><strong>Abrahae</strong></span> <span class='ocrx_word' id='word_1_434' title='bbox 3706 876 3774 933; x_wconf 90' lang='lat' dir='ltr'><strong>et</strong></span> <span class='ocrx_word' id='word_1_435' title='bbox 3807 869 4106 953; x_wconf 87' lang='lat' dir='ltr'><strong>posteris.</strong></span> <span class='ocrx_word' id='word_1_436' title='bbox 4178 870 4341 935; x_wconf 78' lang='lat' dir='ltr'><strong>Tres</strong></span> 
     </span>
     <span class='ocr_line' id='line_1_65' title="bbox 2384 952 4343 1038; baseline 0.001 -20"><span class='ocrx_word' id='word_1_437' title='bbox 2384 956 2561 1018; x_wconf 87' lang='lat' dir='ltr'><strong>enim</strong></span> <span class='ocrx_word' id='word_1_438' title='bbox 2604 953 3008 1036; x_wconf 89' lang='lat' dir='ltr'><strong>patriarchas</strong></span> <span class='ocrx_word' id='word_1_439' title='bbox 3044 952 3287 1019; x_wconf 90' lang='lat' dir='ltr'><strong>diserte</strong></span> <span class='ocrx_word' id='word_1_440' title='bbox 3322 963 3638 1031; x_wconf 84' lang='lat' dir='ltr'><strong>recenset,</strong></span> <span class='ocrx_word' id='word_1_441' title='bbox 3686 956 3838 1038; x_wconf 90' lang='lat' dir='ltr'><strong>quia</strong></span> <span class='ocrx_word' id='word_1_442' title='bbox 3879 955 4110 1021; x_wconf 87' lang='lat' dir='ltr'><strong>foedus</strong></span> <span class='ocrx_word' id='word_1_443' title='bbox 4145 977 4343 1022; x_wconf 91' lang='lat' dir='ltr'><strong>suum</strong></span> 
     </span>
     <span class='ocr_line' id='line_1_66' title="bbox 2385 1038 4345 1124; baseline 0.002 -20"><span class='ocrx_word' id='word_1_444' title='bbox 2385 1041 2568 1105; x_wconf 91' lang='lat' dir='ltr'><strong>Deus</strong></span> <span class='ocrx_word' id='word_1_445' title='bbox 2628 1038 2801 1123; x_wconf 92' lang='lat' dir='ltr'><strong>apud</strong></span> <span class='ocrx_word' id='word_1_446' title='bbox 2862 1059 2971 1103; x_wconf 91' lang='lat' dir='ltr'><strong>eos</strong></span> <span class='ocrx_word' id='word_1_447' title='bbox 3028 1040 3363 1123; x_wconf 85' lang='lat' dir='ltr'><strong>deposuit,</strong></span> <span class='ocrx_word' id='word_1_448' title='bbox 3420 1038 3535 1105; x_wconf 91' lang='lat' dir='ltr'><strong>sed</strong></span> <span class='ocrx_word' id='word_1_449' title='bbox 3593 1040 3762 1124; x_wconf 91' lang='lat' dir='ltr'><strong>quod</strong></span> <span class='ocrx_word' id='word_1_450' title='bbox 3824 1062 3942 1123; x_wconf 90' lang='lat' dir='ltr'><strong>per</strong></span> <span class='ocrx_word' id='word_1_451' title='bbox 3996 1042 4345 1107; x_wconf 88' lang='lat' dir='ltr'><strong>continuas</strong></span> 
     </span>
     <span class='ocr_line' id='line_1_67' title="bbox 2383 1126 4348 1208; baseline 0.002 -18"><span class='ocrx_word' id='word_1_452' title='bbox 2383 1135 2629 1191; x_wconf 88' lang='lat' dir='ltr'><strong>aetates</strong></span> <span class='ocrx_word' id='word_1_453' title='bbox 2673 1126 2943 1208; x_wconf 86' lang='lat' dir='ltr'><strong>vigeret.</strong></span> <span class='ocrx_word' id='word_1_454' title='bbox 3033 1126 3127 1191; x_wconf 86' lang='lat' dir='ltr'><strong>Et</strong></span> <span class='ocrx_word' id='word_1_455' title='bbox 3168 1146 3328 1191; x_wconf 89' lang='lat' dir='ltr'><strong>sane</strong></span> <span class='ocrx_word' id='word_1_456' title='bbox 3374 1136 3449 1191; x_wconf 92' lang='lat' dir='ltr'><strong>ut</strong></span> <span class='ocrx_word' id='word_1_457' title='bbox 3492 1126 3676 1191; x_wconf 90' lang='lat' dir='ltr'><strong>Deus</strong></span> <span class='ocrx_word' id='word_1_458' title='bbox 3718 1147 3901 1191; x_wconf 91' lang='lat' dir='ltr'><strong>mera</strong></span> <span class='ocrx_word' id='word_1_459' title='bbox 3937 1148 4061 1192; x_wconf 90' lang='lat' dir='ltr'><strong>sua</strong></span> <span class='ocrx_word' id='word_1_460' title='bbox 4102 1127 4348 1194; x_wconf 90' lang='lat' dir='ltr'><strong>libera-</strong></span> 
     </span>
     <span class='ocr_line' id='line_1_68' title="bbox 2381 1209 4344 1295; baseline 0.003 -21"><span class='ocrx_word' id='word_1_461' title='bbox 2381 1209 2571 1278; x_wconf 85' lang='lat' dir='ltr'><strong>litate</strong></span> <span class='ocrx_word' id='word_1_462' title='bbox 2629 1211 2710 1276; x_wconf 89' lang='lat' dir='ltr'><strong>ad</strong></span> <span class='ocrx_word' id='word_1_463' title='bbox 2769 1232 2887 1276; x_wconf 92' lang='lat' dir='ltr'><strong>nos</strong></span> <span class='ocrx_word' id='word_1_464' title='bbox 2946 1209 3268 1277; x_wconf 83' lang='lat' dir='ltr'><strong>iuvandos</strong></span> <span class='ocrx_word' id='word_1_465' title='bbox 3322 1231 3687 1295; x_wconf 90' lang='lat' dir='ltr'><strong>propensus</strong></span> <span class='ocrx_word' id='word_1_466' title='bbox 3745 1220 3848 1279; x_wconf 92' lang='lat' dir='ltr'><strong>est</strong></span> <span class='ocrx_word' id='word_1_467' title='bbox 3897 1213 3992 1278; x_wconf 90' lang='lat' dir='ltr'><strong>ita</strong></span> <span class='ocrx_word' id='word_1_468' title='bbox 4035 1235 4106 1280; x_wconf 91' lang='lat' dir='ltr'><strong>se</strong></span> <span class='ocrx_word' id='word_1_469' title='bbox 4149 1213 4344 1279; x_wconf 85' lang='lat' dir='ltr'><strong>offert</strong></span> 
     </span>
     <span class='ocr_line' id='line_1_69' title="bbox 2382 1296 4343 1381; baseline 0.002 -19"><span class='ocrx_word' id='word_1_470' title='bbox 2382 1318 2632 1380; x_wconf 86' lang='lat' dir='ltr'><strong>nosque</strong></span> <span class='ocrx_word' id='word_1_471' title='bbox 2675 1297 2852 1363; x_wconf 91' lang='lat' dir='ltr'><strong>ultro</strong></span> <span class='ocrx_word' id='word_1_472' title='bbox 2896 1298 3166 1362; x_wconf 82' lang='lat' dir='ltr'><strong>invitat:</strong></span> <span class='ocrx_word' id='word_1_473' title='bbox 3213 1296 3484 1381; x_wconf 90' lang='lat' dir='ltr'><strong>ideoque</strong></span> <span class='ocrx_word' id='word_1_474' title='bbox 3529 1318 3661 1361; x_wconf 87' lang='lat' dir='ltr'><strong>non</strong></span> <span class='ocrx_word' id='word_1_475' title='bbox 3705 1296 3971 1363; x_wconf 88' lang='lat' dir='ltr'><strong>aliunde</strong></span> <span class='ocrx_word' id='word_1_476' title='bbox 4015 1320 4210 1381; x_wconf 91' lang='lat' dir='ltr'><strong>quam</strong></span> <span class='ocrx_word' id='word_1_477' title='bbox 4258 1300 4343 1365; x_wconf 90' lang='lat' dir='ltr'><strong>ab</strong></span> 
     </span>
     <span class='ocr_line' id='line_1_70' title="bbox 2383 1383 4341 1467; baseline 0.002 -20"><span class='ocrx_word' id='word_1_478' title='bbox 2383 1384 2525 1448; x_wconf 89' lang='lat' dir='ltr'><strong>eius</strong></span> <span class='ocrx_word' id='word_1_479' title='bbox 2593 1383 3136 1467; x_wconf 89' lang='lat' dir='ltr'><strong>promissionibus</strong></span> <span class='ocrx_word' id='word_1_480' title='bbox 3202 1383 3481 1465; x_wconf 90' lang='lat' dir='ltr'><strong>petenda</strong></span> <span class='ocrx_word' id='word_1_481' title='bbox 3541 1392 3644 1448; x_wconf 90' lang='lat' dir='ltr'><strong>est</strong></span> <span class='ocrx_word' id='word_1_482' title='bbox 3697 1383 4011 1449; x_wconf 86' lang='lat' dir='ltr'><strong>exorandi</strong></span> <span class='ocrx_word' id='word_1_483' title='bbox 4078 1385 4341 1451; x_wconf 87' lang='lat' dir='ltr'><strong>fiducia.</strong></span> 
     </span>
     <span class='ocr_line' id='line_1_71' title="bbox 2382 1467 4340 1553; baseline 0.001 -18"><span class='ocrx_word' id='word_1_484' title='bbox 2382 1467 2499 1535; x_wconf 77' lang='lat' dir='ltr'><strong>Sic</strong></span> <span class='ocrx_word' id='word_1_485' title='bbox 2555 1468 2788 1553; x_wconf 91' lang='lat' dir='ltr'><strong>copula</strong></span> <span class='ocrx_word' id='word_1_486' title='bbox 2845 1470 2913 1533; x_wconf 91' lang='lat' dir='ltr'><strong>in</strong></span> <span class='ocrx_word' id='word_1_487' title='bbox 2976 1468 3366 1552; x_wconf 83' lang='lat' dir='ltr'><strong>particulam</strong></span> <span class='ocrx_word' id='word_1_488' title='bbox 3434 1469 3758 1534; x_wconf 86' lang='lat' dir='ltr'><strong>illativam</strong></span> <span class='ocrx_word' id='word_1_489' title='bbox 3818 1470 4060 1535; x_wconf 84' lang='lat' dir='ltr'><strong>resolvi</strong></span> <span class='ocrx_word' id='word_1_490' title='bbox 4127 1469 4340 1552; x_wconf 87' lang='lat' dir='ltr'><strong>debet,</strong></span> 
     </span>
     <span class='ocr_line' id='line_1_72' title="bbox 2383 1555 4342 1639; baseline 0.001 -20"><span class='ocrx_word' id='word_1_491' title='bbox 2383 1555 2554 1638; x_wconf 90' lang='lat' dir='ltr'><strong>quod</strong></span> <span class='ocrx_word' id='word_1_492' title='bbox 2603 1555 2969 1620; x_wconf 85' lang='lat' dir='ltr'><strong>exaudierit</strong></span> <span class='ocrx_word' id='word_1_493' title='bbox 3015 1555 3195 1620; x_wconf 90' lang='lat' dir='ltr'><strong>Deus</strong></span> <span class='ocrx_word' id='word_1_494' title='bbox 3238 1556 3550 1639; x_wconf 87' lang='lat' dir='ltr'><strong>gemitus,</strong></span> <span class='ocrx_word' id='word_1_495' title='bbox 3609 1557 3758 1637; x_wconf 90' lang='lat' dir='ltr'><strong>quia</strong></span> <span class='ocrx_word' id='word_1_496' title='bbox 3817 1555 4194 1622; x_wconf 89' lang='lat' dir='ltr'><strong>reeordatus</strong></span> <span class='ocrx_word' id='word_1_497' title='bbox 4236 1563 4342 1622; x_wconf 92' lang='lat' dir='ltr'><strong>est</strong></span> 
     </span>
     <span class='ocr_line' id='line_1_73' title="bbox 2381 1640 4337 1725; baseline 0.001 -20"><span class='ocrx_word' id='word_1_498' title='bbox 2381 1640 2686 1707; x_wconf 84' lang='lat' dir='ltr'><strong>foederis.</strong></span> <span class='ocrx_word' id='word_1_499' title='bbox 2777 1641 3172 1705; x_wconf 88' lang='lat' dir='ltr'><strong>Recordatio</strong></span> <span class='ocrx_word' id='word_1_500' title='bbox 3226 1650 3553 1725; x_wconf 89' lang='lat' dir='ltr'><strong>quatenus</strong></span> <span class='ocrx_word' id='word_1_501' title='bbox 3613 1650 3939 1723; x_wconf 88' lang='lat' dir='ltr'><strong>competat</strong></span> <span class='ocrx_word' id='word_1_502' title='bbox 3985 1642 4050 1706; x_wconf 92' lang='lat' dir='ltr'><strong>in</strong></span> <span class='ocrx_word' id='word_1_503' title='bbox 4102 1642 4337 1721; x_wconf 92' lang='lat' dir='ltr'><strong>Deum,</strong></span> 
     </span>
     <span class='ocr_line' id='line_1_74' title="bbox 2382 1724 4340 1809; baseline 0 -16"><span class='ocrx_word' id='word_1_504' title='bbox 2382 1749 2421 1793; x_wconf 90' lang='lat' dir='ltr'><strong>a</strong></span> <span class='ocrx_word' id='word_1_505' title='bbox 2466 1727 2794 1792; x_wconf 89' lang='lat' dir='ltr'><strong>contrario</strong></span> <span class='ocrx_word' id='word_1_506' title='bbox 2845 1724 3222 1792; x_wconf 88' lang='lat' dir='ltr'><strong>discendum</strong></span> <span class='ocrx_word' id='word_1_507' title='bbox 3271 1736 3390 1793; x_wconf 89' lang='lat' dir='ltr'><strong>est.</strong></span> <span class='ocrx_word' id='word_1_508' title='bbox 3480 1724 3798 1793; x_wconf 83' lang='lat' dir='ltr'><strong>Oblivisci</strong></span> <span class='ocrx_word' id='word_1_509' title='bbox 3855 1727 4093 1793; x_wconf 90' lang='lat' dir='ltr'><strong>dicitur</strong></span> <span class='ocrx_word' id='word_1_510' title='bbox 4138 1730 4340 1809; x_wconf 88' lang='lat' dir='ltr'><strong>Deus,</strong></span> 
     </span>
     <span class='ocr_line' id='line_1_75' title="bbox 2381 1812 4342 1897; baseline 0.001 -20"><span class='ocrx_word' id='word_1_511' title='bbox 2381 1813 2495 1877; x_wconf 91' lang='lat' dir='ltr'><strong>ubi</strong></span> <span class='ocrx_word' id='word_1_512' title='bbox 2553 1836 2622 1879; x_wconf 89' lang='lat' dir='ltr'><strong>re</strong></span> <span class='ocrx_word' id='word_1_513' title='bbox 2666 1814 2811 1897; x_wconf 90' lang='lat' dir='ltr'><strong>ipsa</strong></span> <span class='ocrx_word' id='word_1_514' title='bbox 2868 1823 2933 1877; x_wconf 90' lang='lat' dir='ltr'><strong>et</strong></span> <span class='ocrx_word' id='word_1_515' title='bbox 2992 1813 3207 1896; x_wconf 89' lang='lat' dir='ltr'><strong>palam</strong></span> <span class='ocrx_word' id='word_1_516' title='bbox 3264 1813 3345 1878; x_wconf 90' lang='lat' dir='ltr'><strong>ad</strong></span> <span class='ocrx_word' id='word_1_517' title='bbox 3391 1812 3844 1878; x_wconf 88' lang='lat' dir='ltr'><strong>auxiliandum</strong></span> <span class='ocrx_word' id='word_1_518' title='bbox 3891 1834 4019 1877; x_wconf 89' lang='lat' dir='ltr'><strong>nou</strong></span> <span class='ocrx_word' id='word_1_519' title='bbox 4067 1823 4342 1897; x_wconf 89' lang='lat' dir='ltr'><strong>apparet</strong></span> 
     </span>
     <span class='ocr_line' id='line_1_76' title="bbox 2384 1898 4341 1983; baseline 0.001 -19"><span class='ocrx_word' id='word_1_520' title='bbox 2384 1920 2503 1965; x_wconf 90' lang='lat' dir='ltr'><strong>nec</strong></span> <span class='ocrx_word' id='word_1_521' title='bbox 2582 1921 2849 1966; x_wconf 90' lang='lat' dir='ltr'><strong>manum</strong></span> <span class='ocrx_word' id='word_1_522' title='bbox 2930 1901 3202 1965; x_wconf 86' lang='lat' dir='ltr'><strong>exserit:</strong></span> <span class='ocrx_word' id='word_1_523' title='bbox 3284 1920 3440 1983; x_wconf 87' lang='lat' dir='ltr'><strong>ergo</strong></span> <span class='ocrx_word' id='word_1_524' title='bbox 3500 1898 3860 1964; x_wconf 87' lang='lat' dir='ltr'><strong>Recordari</strong></span> <span class='ocrx_word' id='word_1_525' title='bbox 3926 1908 4341 1983; x_wconf 86' lang='lat' dir='ltr'><strong>praesentem</strong></span> 
     </span>
     <span class='ocr_line' id='line_1_77' title="bbox 2383 1984 4343 2070; baseline 0.001 -20"><span class='ocrx_word' id='word_1_526' title='bbox 2383 1985 2616 2050; x_wconf 87' lang='lat' dir='ltr'><strong>auxilii</strong></span> <span class='ocrx_word' id='word_1_527' title='bbox 2687 2007 2953 2051; x_wconf 87' lang='lat' dir='ltr'><strong>sensum</strong></span> <span class='ocrx_word' id='word_1_528' title='bbox 3021 1995 3241 2051; x_wconf 88' lang='lat' dir='ltr'><strong>notat:</strong></span> <span class='ocrx_word' id='word_1_529' title='bbox 3322 2006 3397 2052; x_wconf 89' lang='lat' dir='ltr'><strong>ac</strong></span> <span class='ocrx_word' id='word_1_530' title='bbox 3474 1984 3746 2068; x_wconf 89' lang='lat' dir='ltr'><strong>proinde</strong></span> <span class='ocrx_word' id='word_1_531' title='bbox 3826 1996 4181 2070; x_wconf 85' lang='lat' dir='ltr'><strong>utrumque</strong></span> <span class='ocrx_word' id='word_1_532' title='bbox 4256 1986 4343 2051; x_wconf 91' lang='lat' dir='ltr'><strong>ad</strong></span> 
     </span>
     <span class='ocr_line' id='line_1_78' title="bbox 2380 2071 4341 2155; baseline -0.001 -18"><span class='ocrx_word' id='word_1_533' title='bbox 2380 2072 2687 2137; x_wconf 86' lang='lat' dir='ltr'><strong>effectum</strong></span> <span class='ocrx_word' id='word_1_534' title='bbox 2756 2072 3060 2137; x_wconf 79' lang='lat' dir='ltr'><strong>refertur.</strong></span> <span class='ocrx_word' id='word_1_535' title='bbox 3160 2071 3408 2138; x_wconf 86' lang='lat' dir='ltr'><strong>Eodem</strong></span> <span class='ocrx_word' id='word_1_536' title='bbox 3471 2072 3758 2153; x_wconf 89' lang='lat' dir='ltr'><strong>pertinet</strong></span> <span class='ocrx_word' id='word_1_537' title='bbox 3822 2072 4172 2155; x_wconf 87' lang='lat' dir='ltr'><strong>respicere,</strong></span> <span class='ocrx_word' id='word_1_538' title='bbox 4233 2073 4341 2139; x_wconf 90' lang='lat' dir='ltr'><strong>cui</strong></span> 
     </span>
     <span class='ocr_line' id='line_1_79' title="bbox 2381 2157 4335 2242; baseline 0.001 -21"><span class='ocrx_word' id='word_1_539' title='bbox 2381 2159 2731 2242; x_wconf 92' lang='lat' dir='ltr'><strong>opponitur</strong></span> <span class='ocrx_word' id='word_1_540' title='bbox 2797 2159 3085 2241; x_wconf 77' lang='lat' dir='ltr'><strong>Tergum</strong></span> <span class='ocrx_word' id='word_1_541' title='bbox 3152 2158 3528 2222; x_wconf 86' lang='lat' dir='ltr'><strong>obvertere:</strong></span> <span class='ocrx_word' id='word_1_542' title='bbox 3609 2157 3762 2239; x_wconf 90' lang='lat' dir='ltr'><strong>quia</strong></span> <span class='ocrx_word' id='word_1_543' title='bbox 3840 2169 3999 2223; x_wconf 90' lang='lat' dir='ltr'><strong>tunc</strong></span> <span class='ocrx_word' id='word_1_544' title='bbox 4067 2159 4335 2223; x_wconf 91' lang='lat' dir='ltr'><strong>demum</strong></span> 
     </span>
     <span class='ocr_line' id='line_1_80' title="bbox 2379 2242 4332 2326; baseline 0.001 -17"><span class='ocrx_word' id='word_1_545' title='bbox 2379 2245 2703 2309; x_wconf 89' lang='lat' dir='ltr'><strong>sentimus</strong></span> <span class='ocrx_word' id='word_1_546' title='bbox 2748 2265 2867 2309; x_wconf 91' lang='lat' dir='ltr'><strong>nos</strong></span> <span class='ocrx_word' id='word_1_547' title='bbox 2913 2243 3148 2326; x_wconf 86' lang='lat' dir='ltr'><strong>respici</strong></span> <span class='ocrx_word' id='word_1_548' title='bbox 3194 2244 3306 2308; x_wconf 92' lang='lat' dir='ltr'><strong>ubi</strong></span> <span class='ocrx_word' id='word_1_549' title='bbox 3355 2243 3699 2309; x_wconf 82' lang='lat' dir='ltr'><strong>actualiter</strong></span> <span class='ocrx_word' id='word_1_550' title='bbox 3753 2242 3942 2307; x_wconf 89' lang='lat' dir='ltr'><strong>nobis</strong></span> <span class='ocrx_word' id='word_1_551' title='bbox 3989 2246 4332 2310; x_wconf 89' lang='lat' dir='ltr'><strong>succurrit.</strong></span> 
     </span>
    </p>
   </div>
   <div class='ocr_carea' id='block_1_8' title="bbox 3122 2585 3598 2654">
    <p class='ocr_par' dir='ltr' id='par_1_10' title="bbox 3122 2585 3598 2654">
     <span class='ocr_line' id='line_1_81' title="bbox 3122 2585 3598 2654; baseline -0.006 -1"><span class='ocrx_word' id='word_1_552' title='bbox 3122 2586 3426 2654; x_wconf 71' lang='lat' dir='ltr'>CAPUT</span> <span class='ocrx_word' id='word_1_553' title='bbox 3472 2585 3598 2651; x_wconf 91' lang='lat' dir='ltr'><strong>III.</strong></span> 
     </span>
    </p>
   </div>
   <div class='ocr_carea' id='block_1_9' title="bbox 2367 2757 4336 3787">
    <p class='ocr_par' dir='ltr' id='par_1_11' title="bbox 2367 2757 4336 3787">
     <span class='ocr_line' id='line_1_82' title="bbox 2555 2757 4334 2825; baseline 0.001 -3"><span class='ocrx_word' id='word_1_554' title='bbox 2555 2759 2612 2823; x_wconf 92' lang='lat'><strong>1.</strong></span> <span class='ocrx_word' id='word_1_555' title='bbox 2674 2757 2973 2824; x_wconf 74' lang='lat' dir='ltr'><strong>Pascebat</strong></span> <span class='ocrx_word' id='word_1_556' title='bbox 3024 2763 3233 2823; x_wconf 69' lang='lat' dir='ltr'><strong>atatem</strong></span> <span class='ocrx_word' id='word_1_557' title='bbox 3275 2758 3487 2825; x_wconf 81' lang='lat' dir='ltr'><strong>Moses</strong></span> <span class='ocrx_word' id='word_1_558' title='bbox 3542 2777 3683 2825; x_wconf 78' lang='lat' dir='ltr'><strong>oves</strong></span> <span class='ocrx_word' id='word_1_559' title='bbox 3727 2757 3936 2823; x_wconf 69' lang='lat' dir='ltr'><strong>tethro</strong></span> <span class='ocrx_word' id='word_1_560' title='bbox 3986 2759 4184 2824; x_wconf 73' lang='lat' dir='ltr'><strong>soceri</strong></span> <span class='ocrx_word' id='word_1_561' title='bbox 4223 2760 4334 2823; x_wconf 75' lang='lat' dir='ltr'><strong>sui</strong></span> 
     </span>
     <span class='ocr_line' id='line_1_83' title="bbox 2378 2843 4334 2928; baseline 0.001 -18"><span class='ocrx_word' id='word_1_562' title='bbox 2378 2845 2720 2910; x_wconf 71' lang='lat' dir='ltr'><strong>sacerdotis</strong></span> <span class='ocrx_word' id='word_1_563' title='bbox 2763 2843 3041 2911; x_wconf 77' lang='lat' dir='ltr'><strong>Madian</strong></span> <span class='ocrx_word' id='word_1_564' title='bbox 3057 2895 3072 2923; x_wconf 93' lang='lat'><strong>,</strong></span> <span class='ocrx_word' id='word_1_565' title='bbox 3133 2845 3432 2926; x_wconf 72' lang='lat' dir='ltr'><strong>duxitque</strong></span> <span class='ocrx_word' id='word_1_566' title='bbox 3448 2895 3462 2923; x_wconf 91' lang='lat'><strong>,</strong></span> <span class='ocrx_word' id='word_1_567' title='bbox 3519 2864 3660 2910; x_wconf 80' lang='lat' dir='ltr'><strong>oves</strong></span> <span class='ocrx_word' id='word_1_568' title='bbox 3703 2849 3850 2928; x_wconf 78' lang='lat' dir='ltr'><strong>post</strong></span> <span class='ocrx_word' id='word_1_569' title='bbox 3891 2845 4198 2910; x_wconf 81' lang='lat' dir='ltr'><strong>desertum</strong></span> <span class='ocrx_word' id='word_1_570' title='bbox 4212 2895 4228 2925; x_wconf 91' lang='lat'>‚</span> <span class='ocrx_word' id='word_1_571' title='bbox 4272 2851 4334 2911; x_wconf 80' lang='lat' dir='ltr'><strong>et</strong></span> 
     </span>
     <span class='ocr_line' id='line_1_84' title="bbox 2379 2928 4333 3012; baseline 0.001 -17"><span class='ocrx_word' id='word_1_572' title='bbox 2379 2931 2544 2996; x_wconf 72' lang='lat' dir='ltr'><strong>venit</strong></span> <span class='ocrx_word' id='word_1_573' title='bbox 2585 2930 2673 2996; x_wconf 78' lang='lat' dir='ltr'><strong>ad</strong></span> <span class='ocrx_word' id='word_1_574' title='bbox 2713 2934 2980 2995; x_wconf 77' lang='lat' dir='ltr'><strong>montem</strong></span> <span class='ocrx_word' id='word_1_575' title='bbox 3016 2928 3159 3005; x_wconf 77' lang='lat' dir='ltr'><strong>Dei,</strong></span> <span class='ocrx_word' id='word_1_576' title='bbox 3207 2951 3443 3012; x_wconf 90' lang='lat' dir='ltr'><strong>nempe</strong></span> <span class='ocrx_word' id='word_1_577' title='bbox 3480 2929 3707 2995; x_wconf 80' lang='lat' dir='ltr'><strong>Horeb.</strong></span> <span class='ocrx_word' id='word_1_578' title='bbox 3782 2932 3842 2996; x_wconf 82' lang='lat'><strong>2.</strong></span> <span class='ocrx_word' id='word_1_579' title='bbox 3889 2930 3979 2996; x_wconf 76' lang='lat' dir='ltr'><strong>Et</strong></span> <span class='ocrx_word' id='word_1_580' title='bbox 4018 2931 4201 2996; x_wconf 75' lang='lat' dir='ltr'><strong>visus</strong></span> <span class='ocrx_word' id='word_1_581' title='bbox 4241 2935 4333 2996; x_wconf 73' lang='lat' dir='ltr'><strong>est</strong></span> 
     </span>
     <span class='ocr_line' id='line_1_85' title="bbox 2379 3015 4336 3102; baseline 0.001 -20"><span class='ocrx_word' id='word_1_582' title='bbox 2379 3018 2440 3082; x_wconf 75' lang='lat' dir='ltr'><strong>ei</strong></span> <span class='ocrx_word' id='word_1_583' title='bbox 2481 3016 2752 3102; x_wconf 62' lang='lat' dir='ltr'><strong>anyelue</strong></span> <span class='ocrx_word' id='word_1_584' title='bbox 2780 3015 3043 3083; x_wconf 76' lang='lat' dir='ltr'><strong>Iehovae</strong></span> <span class='ocrx_word' id='word_1_585' title='bbox 3085 3017 3156 3081; x_wconf 76' lang='lat' dir='ltr'><strong>in</strong></span> <span class='ocrx_word' id='word_1_586' title='bbox 3202 3017 3464 3096; x_wconf 72' lang='lat' dir='ltr'><strong>flamma</strong></span> <span class='ocrx_word' id='word_1_587' title='bbox 3520 3016 3691 3100; x_wconf 60' lang='lat' dir='ltr'><strong>ionis</strong></span> <span class='ocrx_word' id='word_1_588' title='bbox 3733 3037 3764 3082; x_wconf 89' lang='lat' dir='ltr'><strong>e</strong></span> <span class='ocrx_word' id='word_1_589' title='bbox 3803 3017 4004 3083; x_wconf 72' lang='lat' dir='ltr'><strong>mdia</strong></span> <span class='ocrx_word' id='word_1_590' title='bbox 4058 3017 4234 3083; x_wconf 78' lang='lat' dir='ltr'><strong>rubi.-</strong></span> <span class='ocrx_word' id='word_1_591' title='bbox 4277 3022 4336 3083; x_wconf 76' lang='lat' dir='ltr'><strong>et</strong></span> 
     </span>
     <span class='ocr_line' id='line_1_86' title="bbox 2377 3102 4332 3185; baseline 0.001 -16"><span class='ocrx_word' id='word_1_592' title='bbox 2377 3104 2554 3185; x_wconf 75' lang='lat' dir='ltr'><strong>vidit,</strong></span> <span class='ocrx_word' id='word_1_593' title='bbox 2599 3108 2657 3168; x_wconf 77' lang='lat' dir='ltr'><strong>et</strong></span> <span class='ocrx_word' id='word_1_594' title='bbox 2699 3123 2827 3170; x_wconf 81' lang='lat' dir='ltr'><strong>ecce</strong></span> <span class='ocrx_word' id='word_1_595' title='bbox 2866 3103 3063 3168; x_wconf 79' lang='lat' dir='ltr'><strong>rubus</strong></span> <span class='ocrx_word' id='word_1_596' title='bbox 3106 3102 3362 3169; x_wconf 81' lang='lat' dir='ltr'><strong>ardebat</strong></span> <span class='ocrx_word' id='word_1_597' title='bbox 3394 3104 3462 3167; x_wconf 75' lang='lat' dir='ltr'><strong>in</strong></span> <span class='ocrx_word' id='word_1_598' title='bbox 3505 3103 3664 3185; x_wconf 75' lang='lat' dir='ltr'><strong>iyne,</strong></span> <span class='ocrx_word' id='word_1_599' title='bbox 3708 3109 3766 3168; x_wconf 83' lang='lat' dir='ltr'><strong>et</strong></span> <span class='ocrx_word' id='word_1_600' title='bbox 3800 3102 3998 3167; x_wconf 74' lang='lat' dir='ltr'><strong>rubus</strong></span> <span class='ocrx_word' id='word_1_601' title='bbox 4031 3104 4167 3183; x_wconf 77' lang='lat' dir='ltr'><strong>ipse</strong></span> <span class='ocrx_word' id='word_1_602' title='bbox 4209 3124 4332 3170; x_wconf 76' lang='lat' dir='ltr'><strong>non</strong></span> 
     </span>
     <span class='ocr_line' id='line_1_87' title="bbox 2378 3187 4334 3271; baseline -0.001 -16"><span class='ocrx_word' id='word_1_603' title='bbox 2378 3188 2869 3255; x_wconf 75' lang='lat' dir='ltr'><strong>consumebatur.</strong></span> <span class='ocrx_word' id='word_1_604' title='bbox 2935 3189 2994 3255; x_wconf 89' lang='lat'><strong>3.</strong></span> <span class='ocrx_word' id='word_1_605' title='bbox 3041 3188 3235 3255; x_wconf 76' lang='lat' dir='ltr'><strong>Dixit</strong></span> <span class='ocrx_word' id='word_1_606' title='bbox 3268 3189 3477 3271; x_wconf 72' lang='lat' dir='ltr'><strong>itaque</strong></span> <span class='ocrx_word' id='word_1_607' title='bbox 3511 3187 3757 3254; x_wconf 83' lang='lat' dir='ltr'><strong>Moses.-</strong></span> <span class='ocrx_word' id='word_1_608' title='bbox 3800 3187 4131 3253; x_wconf 76' lang='lat' dir='ltr'><strong>Divertam</strong></span> <span class='ocrx_word' id='word_1_609' title='bbox 4164 3209 4334 3254; x_wconf 78' lang='lat' dir='ltr'><strong>nunc</strong></span> 
     </span>
     <span class='ocr_line' id='line_1_88' title="bbox 2379 3273 4333 3358; baseline -0.001 -18"><span class='ocrx_word' id='word_1_610' title='bbox 2379 3280 2452 3340; x_wconf 81' lang='lat' dir='ltr'><strong>ut</strong></span> <span class='ocrx_word' id='word_1_611' title='bbox 2490 3276 2741 3342; x_wconf 78' lang='lat' dir='ltr'><strong>videam</strong></span> <span class='ocrx_word' id='word_1_612' title='bbox 2783 3276 3088 3341; x_wconf 77' lang='lat' dir='ltr'><strong>visionem</strong></span> <span class='ocrx_word' id='word_1_613' title='bbox 3130 3273 3292 3340; x_wconf 76' lang='lat' dir='ltr'><strong>hanc</strong></span> <span class='ocrx_word' id='word_1_614' title='bbox 3332 3295 3644 3358; x_wconf 73' lang='lat' dir='ltr'><strong>maynam,</strong></span> <span class='ocrx_word' id='word_1_615' title='bbox 3691 3294 3888 3355; x_wconf 77' lang='lat' dir='ltr'><strong>quare</strong></span> <span class='ocrx_word' id='word_1_616' title='bbox 3930 3294 4053 3339; x_wconf 81' lang='lat' dir='ltr'><strong>non</strong></span> <span class='ocrx_word' id='word_1_617' title='bbox 4094 3275 4333 3339; x_wconf 78' lang='lat' dir='ltr'><strong>combu-</strong></span> 
     </span>
     <span class='ocr_line' id='line_1_89' title="bbox 2379 3359 4336 3442; baseline 0 -15"><span class='ocrx_word' id='word_1_618' title='bbox 2379 3368 2567 3428; x_wconf 78' lang='lat' dir='ltr'><strong>ratur</strong></span> <span class='ocrx_word' id='word_1_619' title='bbox 2620 3362 2838 3427; x_wconf 71' lang='lat' dir='ltr'><strong>rubus.</strong></span> <span class='ocrx_word' id='word_1_620' title='bbox 2926 3361 2988 3427; x_wconf 85' lang='lat'><strong>4.</strong></span> <span class='ocrx_word' id='word_1_621' title='bbox 3046 3359 3135 3425; x_wconf 77' lang='lat' dir='ltr'><strong>Et</strong></span> <span class='ocrx_word' id='word_1_622' title='bbox 3176 3360 3338 3426; x_wconf 78' lang='lat' dir='ltr'><strong>vidit</strong></span> <span class='ocrx_word' id='word_1_623' title='bbox 3379 3360 3610 3426; x_wconf 73' lang='lat' dir='ltr'><strong>Iehova</strong></span> <span class='ocrx_word' id='word_1_624' title='bbox 3665 3361 3829 3442; x_wconf 76' lang='lat' dir='ltr'><strong>quod</strong></span> <span class='ocrx_word' id='word_1_625' title='bbox 3879 3361 4204 3426; x_wconf 73' lang='lat' dir='ltr'><strong>diverteret</strong></span> <span class='ocrx_word' id='word_1_626' title='bbox 4246 3361 4336 3427; x_wconf 73' lang='lat' dir='ltr'><strong>aa</strong></span> 
     </span>
     <span class='ocr_line' id='line_1_90' title="bbox 2378 3445 4332 3528; baseline -0.001 -13"><span class='ocrx_word' id='word_1_627' title='bbox 2378 3448 2751 3515; x_wconf 78' lang='lat' dir='ltr'><strong>videndum.-</strong></span> <span class='ocrx_word' id='word_1_628' title='bbox 2791 3449 3159 3528; x_wconf 78' lang='lat' dir='ltr'><strong>vocavitque,</strong></span> <span class='ocrx_word' id='word_1_629' title='bbox 3204 3466 3347 3511; x_wconf 79' lang='lat' dir='ltr'><strong>eum</strong></span> <span class='ocrx_word' id='word_1_630' title='bbox 3368 3446 3551 3512; x_wconf 79' lang='lat' dir='ltr'><strong>Deus</strong></span> <span class='ocrx_word' id='word_1_631' title='bbox 3584 3467 3616 3512; x_wconf 86' lang='lat' dir='ltr'><strong>e</strong></span> <span class='ocrx_word' id='word_1_632' title='bbox 3649 3448 3852 3513; x_wconf 76' lang='lat' dir='ltr'><strong>medio</strong></span> <span class='ocrx_word' id='word_1_633' title='bbox 3892 3445 4059 3518; x_wconf 75' lang='lat' dir='ltr'><strong>rubi,</strong></span> <span class='ocrx_word' id='word_1_634' title='bbox 4102 3446 4332 3527; x_wconf 74' lang='lat' dir='ltr'><strong>dicens,</strong></span> 
     </span>
     <span class='ocr_line' id='line_1_91' title="bbox 2382 3531 4334 3616; baseline 0.001 -18"><span class='ocrx_word' id='word_1_635' title='bbox 2382 3531 2624 3612; x_wconf 79' lang='lat' dir='ltr'><strong>Moses,</strong></span> <span class='ocrx_word' id='word_1_636' title='bbox 2681 3532 2914 3599; x_wconf 78' lang='lat' dir='ltr'><strong>Moses.</strong></span> <span class='ocrx_word' id='word_1_637' title='bbox 3014 3533 3103 3597; x_wconf 80' lang='lat' dir='ltr'><strong>Et</strong></span> <span class='ocrx_word' id='word_1_638' title='bbox 3166 3534 3516 3614; x_wconf 71' lang='lat' dir='ltr'><strong>respondit.-</strong></span> <span class='ocrx_word' id='word_1_639' title='bbox 3577 3531 3740 3597; x_wconf 80' lang='lat' dir='ltr'><strong>Eece</strong></span> <span class='ocrx_word' id='word_1_640' title='bbox 3802 3552 3925 3616; x_wconf 70' lang='lat' dir='ltr'><strong>eqo.</strong></span> <span class='ocrx_word' id='word_1_641' title='bbox 4026 3531 4087 3597; x_wconf 82' lang='lat'><strong>5.</strong></span> <span class='ocrx_word' id='word_1_642' title='bbox 4154 3533 4334 3600; x_wconf 74' lang='lat' dir='ltr'><strong>Tune</strong></span> 
     </span>
     <span class='ocr_line' id='line_1_92' title="bbox 2378 3617 4331 3703; baseline -0.001 -18"><span class='ocrx_word' id='word_1_643' title='bbox 2378 3620 2577 3685; x_wconf 79' lang='lat' dir='ltr'><strong>dixit.-</strong></span> <span class='ocrx_word' id='word_1_644' title='bbox 2647 3619 2748 3685; x_wconf 85' lang='lat' dir='ltr'><strong>Ne</strong></span> <span class='ocrx_word' id='word_1_645' title='bbox 2811 3620 3278 3703; x_wconf 76' lang='lat' dir='ltr'><strong>appropinques</strong></span> <span class='ocrx_word' id='word_1_646' title='bbox 3352 3618 3505 3685; x_wconf 76' lang='lat' dir='ltr'><strong>huc.-</strong></span> <span class='ocrx_word' id='word_1_647' title='bbox 3583 3619 3748 3684; x_wconf 78' lang='lat' dir='ltr'><strong>solve</strong></span> <span class='ocrx_word' id='word_1_648' title='bbox 3823 3617 4231 3685; x_wconf 79' lang='lat' dir='ltr'><strong>calceamenta</strong></span> <span class='ocrx_word' id='word_1_649' title='bbox 4294 3638 4331 3683; x_wconf 88' lang='lat' dir='ltr'><strong>e</strong></span> 
     </span>
     <span class='ocr_line' id='line_1_93' title="bbox 2367 3704 4327 3787; baseline -0.001 -16"><span class='ocrx_word' id='word_1_650' title='bbox 2367 3706 2639 3787; x_wconf 77' lang='lat' dir='ltr'><strong>pedibus</strong></span> <span class='ocrx_word' id='word_1_651' title='bbox 2680 3706 2838 3771; x_wconf 71' lang='lat' dir='ltr'><strong>tuis:</strong></span> <span class='ocrx_word' id='word_1_652' title='bbox 2879 3706 3034 3787; x_wconf 78' lang='lat' dir='ltr'><strong>quia</strong></span> <span class='ocrx_word' id='word_1_653' title='bbox 3076 3704 3242 3770; x_wconf 81' lang='lat' dir='ltr'><strong>locus</strong></span> <span class='ocrx_word' id='word_1_654' title='bbox 3285 3706 3354 3769; x_wconf 79' lang='lat' dir='ltr'><strong>in</strong></span> <span class='ocrx_word' id='word_1_655' title='bbox 3398 3725 3521 3787; x_wconf 77' lang='lat' dir='ltr'><strong>quo</strong></span> <span class='ocrx_word' id='word_1_656' title='bbox 3562 3709 3696 3769; x_wconf 76' lang='lat' dir='ltr'><strong>stas</strong></span> <span class='ocrx_word' id='word_1_657' title='bbox 3740 3708 3910 3769; x_wconf 80' lang='lat' dir='ltr'><strong>terra</strong></span> <span class='ocrx_word' id='word_1_658' title='bbox 3955 3709 4176 3770; x_wconf 75' lang='lat' dir='ltr'><strong>sancta</strong></span> <span class='ocrx_word' id='word_1_659' title='bbox 4217 3708 4327 3769; x_wconf 76' lang='lat' dir='ltr'><strong>est.</strong></span> 
     </span>
    </p>
   </div>
   <div class='ocr_carea' id='block_1_10' title="bbox 2377 3845 4332 4045">
    <p class='ocr_par' dir='ltr' id='par_1_12' title="bbox 2377 3845 4332 4045">
     <span class='ocr_line' id='line_1_94' title="bbox 2554 3845 4332 3957; baseline -0.001 -14"><span class='ocrx_word' id='word_1_660' title='bbox 2554 3879 2610 3943; x_wconf 94' lang='grc'><strong>1.</strong></span> <span class='ocrx_word' id='word_1_661' title='bbox 2655 3876 2952 3943; x_wconf 75' lang='lat' dir='ltr'><strong>Pasaebat</strong></span> <span class='ocrx_word' id='word_1_662' title='bbox 2983 3881 3188 3941; x_wconf 80' lang='lat' dir='ltr'><strong>autem</strong></span> <span class='ocrx_word' id='word_1_663' title='bbox 3211 3874 3438 3941; x_wconf 78' lang='lat' dir='ltr'><strong>Moses.</strong></span> <span class='ocrx_word' id='word_1_664' title='bbox 3509 3873 3643 3939; x_wconf 89' lang='lat' dir='ltr'><strong>Diu</strong></span> <span class='ocrx_word' id='word_1_665' title='bbox 3678 3873 4019 3957; x_wconf 90' lang='lat' dir='ltr'><strong>pastoritio</strong></span> <span class='ocrx_word' id='word_1_666' title='bbox 4055 3845 4332 3941; x_wconf 76' lang='lat' dir='ltr'><strong>munere</strong></span> 
     </span>
     <span class='ocr_line' id='line_1_95' title="bbox 2377 3958 4331 4045; baseline -0.003 -17"><span class='ocrx_word' id='word_1_667' title='bbox 2377 3963 2681 4030; x_wconf 88' lang='lat' dir='ltr'><strong>functum</strong></span> <span class='ocrx_word' id='word_1_668' title='bbox 2729 3984 2871 4029; x_wconf 90' lang='lat' dir='ltr'><strong>esse</strong></span> <span class='ocrx_word' id='word_1_669' title='bbox 2928 3972 3276 4045; x_wconf 88' lang='lat' dir='ltr'><strong>antequam</strong></span> <span class='ocrx_word' id='word_1_670' title='bbox 3334 3960 3553 4025; x_wconf 89' lang='lat' dir='ltr'><strong>oblata</strong></span> <span class='ocrx_word' id='word_1_671' title='bbox 3605 3963 3804 4026; x_wconf 85' lang='lat' dir='ltr'><strong>fuerit</strong></span> <span class='ocrx_word' id='word_1_672' title='bbox 3863 3960 4026 4026; x_wconf 88' lang='lat' dir='ltr'><strong>visio</strong></span> <span class='ocrx_word' id='word_1_673' title='bbox 4066 3958 4331 4045; x_wconf 90' lang='lat' dir='ltr'><strong>(nempe</strong></span> 
     </span>
    </p>
   </div>
   <div class='ocr_carea' id='block_1_11' title="bbox 2358 4046 4329 4136">
    <p class='ocr_par' dir='ltr' id='par_1_13' title="bbox 2358 4046 4329 4136">
     <span class='ocr_line' id='line_1_96' title="bbox 2358 4046 4329 4136; baseline -0.003 -21"><span class='ocrx_word' id='word_1_674' title='bbox 2358 4049 2464 4136; x_wconf 40' lang='lat' dir='ltr'><strong>‘ad</strong></span> <span class='ocrx_word' id='word_1_675' title='bbox 2508 4068 2715 4115; x_wconf 90' lang='lat' dir='ltr'><strong>annos</strong></span> <span class='ocrx_word' id='word_1_676' title='bbox 2761 4048 3020 4114; x_wconf 89' lang='lat' dir='ltr'><strong>circiter</strong></span> <span class='ocrx_word' id='word_1_677' title='bbox 3063 4046 3524 4135; x_wconf 86' lang='lat' dir='ltr'><strong>quadraginta)</strong></span> <span class='ocrx_word' id='word_1_678' title='bbox 3570 4063 3721 4111; x_wconf 86' lang='lat' dir='ltr'><strong>ante</strong></span> <span class='ocrx_word' id='word_1_679' title='bbox 3768 4047 4073 4111; x_wconf 90' lang='lat' dir='ltr'><strong>diximus.</strong></span> <span class='ocrx_word' id='word_1_680' title='bbox 4146 4047 4329 4130; x_wconf 85' lang='lat' dir='ltr'><strong>Ergo</strong></span> 
     </span>
    </p>
   </div>
   <div class='ocr_carea' id='block_1_12' title="bbox 2371 4131 4334 5421">
    <p class='ocr_par' dir='ltr' id='par_1_14' title="bbox 2371 4131 4334 5421">
     <span class='ocr_line' id='line_1_97' title="bbox 2377 4131 4328 4202; baseline -0.002 -1"><span class='ocrx_word' id='word_1_681' title='bbox 2377 4136 2686 4202; x_wconf 89' lang='lat' dir='ltr'><strong>laudatur</strong></span> <span class='ocrx_word' id='word_1_682' title='bbox 2727 4134 2936 4200; x_wconf 90' lang='lat' dir='ltr'><strong>sancti</strong></span> <span class='ocrx_word' id='word_1_683' title='bbox 2980 4135 3105 4199; x_wconf 86' lang='lat' dir='ltr'><strong>viri</strong></span> <span class='ocrx_word' id='word_1_684' title='bbox 3151 4132 3499 4198; x_wconf 88' lang='lat' dir='ltr'><strong>tolerantia</strong></span> <span class='ocrx_word' id='word_1_685' title='bbox 3533 4133 3603 4197; x_wconf 91' lang='lat' dir='ltr'><strong>in</strong></span> <span class='ocrx_word' id='word_1_686' title='bbox 3642 4133 3763 4198; x_wconf 91' lang='lat' dir='ltr'><strong>hoc</strong></span> <span class='ocrx_word' id='word_1_687' title='bbox 3800 4131 4115 4197; x_wconf 90' lang='lat' dir='ltr'><strong>continuo</strong></span> <span class='ocrx_word' id='word_1_688' title='bbox 4152 4142 4328 4198; x_wconf 89' lang='lat' dir='ltr'><strong>actu.</strong></span> 
     </span>
     <span class='ocr_line' id='line_1_98' title="bbox 2377 4218 4328 4304; baseline -0.003 -18"><span class='ocrx_word' id='word_1_689' title='bbox 2377 4221 2532 4286; x_wconf 89' lang='lat' dir='ltr'><strong>Non</strong></span> <span class='ocrx_word' id='word_1_690' title='bbox 2587 4220 2755 4304; x_wconf 93' lang='lat' dir='ltr'><strong>quod</strong></span> <span class='ocrx_word' id='word_1_691' title='bbox 2817 4221 2986 4286; x_wconf 87' lang='lat' dir='ltr'><strong>Mosi</strong></span> <span class='ocrx_word' id='word_1_692' title='bbox 3044 4219 3442 4303; x_wconf 88' lang='lat' dir='ltr'><strong>propositum</strong></span> <span class='ocrx_word' id='word_1_693' title='bbox 3504 4219 3733 4295; x_wconf 85' lang='lat' dir='ltr'><strong>fuerit,</strong></span> <span class='ocrx_word' id='word_1_694' title='bbox 3794 4219 4115 4282; x_wconf 87' lang='lat' dir='ltr'><strong>iactanter</strong></span> <span class='ocrx_word' id='word_1_695' title='bbox 4157 4218 4328 4283; x_wconf 90' lang='lat' dir='ltr'><strong>cele-</strong></span> 
     </span>
     <span class='ocr_line' id='line_1_99' title="bbox 2377 4302 4330 4388; baseline -0.003 -15"><span class='ocrx_word' id='word_1_696' title='bbox 2377 4309 2568 4373; x_wconf 87' lang='lat' dir='ltr'><strong>brare</strong></span> <span class='ocrx_word' id='word_1_697' title='bbox 2612 4328 2765 4374; x_wconf 90' lang='lat' dir='ltr'><strong>suas</strong></span> <span class='ocrx_word' id='word_1_698' title='bbox 2807 4308 3108 4383; x_wconf 85' lang='lat' dir='ltr'><strong>virtutes,</strong></span> <span class='ocrx_word' id='word_1_699' title='bbox 3154 4305 3267 4370; x_wconf 91' lang='lat' dir='ltr'><strong>sed</strong></span> <span class='ocrx_word' id='word_1_700' title='bbox 3312 4303 3482 4388; x_wconf 92' lang='lat' dir='ltr'><strong>quod</strong></span> <span class='ocrx_word' id='word_1_701' title='bbox 3527 4304 3713 4370; x_wconf 90' lang='lat' dir='ltr'><strong>nobis</strong></span> <span class='ocrx_word' id='word_1_702' title='bbox 3750 4304 3909 4369; x_wconf 90' lang='lat' dir='ltr'><strong>utile</strong></span> <span class='ocrx_word' id='word_1_703' title='bbox 3944 4313 4090 4367; x_wconf 81' lang='lat' dir='ltr'><strong>erat</strong></span> <span class='ocrx_word' id='word_1_704' title='bbox 4124 4302 4330 4369; x_wconf 86' lang='lat' dir='ltr'><strong>dieta·</strong></span> 
     </span>
     <span class='ocr_line' id='line_1_100' title="bbox 2376 4390 4329 4476; baseline -0.002 -18"><span class='ocrx_word' id='word_1_705' title='bbox 2376 4393 2477 4458; x_wconf 86' lang='lat' dir='ltr'><strong>vit</strong></span> <span class='ocrx_word' id='word_1_706' title='bbox 2518 4394 2808 4476; x_wconf 90' lang='lat' dir='ltr'><strong>spiritus,</strong></span> <span class='ocrx_word' id='word_1_707' title='bbox 2852 4403 2919 4457; x_wconf 89' lang='lat' dir='ltr'><strong>et</strong></span> <span class='ocrx_word' id='word_1_708' title='bbox 2960 4393 3146 4476; x_wconf 90' lang='lat' dir='ltr'><strong>quasi</strong></span> <span class='ocrx_word' id='word_1_709' title='bbox 3188 4393 3257 4456; x_wconf 90' lang='lat' dir='ltr'><strong>in</strong></span> <span class='ocrx_word' id='word_1_710' title='bbox 3303 4412 3377 4457; x_wconf 91' lang='lat' dir='ltr'><strong>os</strong></span> <span class='ocrx_word' id='word_1_711' title='bbox 3420 4391 3597 4456; x_wconf 89' lang='lat' dir='ltr'><strong>illius</strong></span> <span class='ocrx_word' id='word_1_712' title='bbox 3640 4390 3994 4474; x_wconf 89' lang='lat' dir='ltr'><strong>suggessit,</strong></span> <span class='ocrx_word' id='word_1_713' title='bbox 4040 4398 4116 4454; x_wconf 94' lang='lat' dir='ltr'><strong>ut</strong></span> <span class='ocrx_word' id='word_1_714' title='bbox 4157 4409 4329 4471; x_wconf 90' lang='lat' dir='ltr'><strong>quae</strong></span> 
     </span>
     <span class='ocr_line' id='line_1_101' title="bbox 2374 4477 4327 4565; baseline -0.003 -20"><span class='ocrx_word' id='word_1_715' title='bbox 2374 4479 2581 4565; x_wconf 87' lang='lat' dir='ltr'><strong>gessit</strong></span> <span class='ocrx_word' id='word_1_716' title='bbox 2623 4488 2691 4544; x_wconf 91' lang='lat' dir='ltr'><strong>et</strong></span> <span class='ocrx_word' id='word_1_717' title='bbox 2732 4500 2966 4563; x_wconf 88' lang='lat' dir='ltr'><strong>passus</strong></span> <span class='ocrx_word' id='word_1_718' title='bbox 3008 4487 3126 4556; x_wconf 88' lang='lat' dir='ltr'><strong>est,</strong></span> <span class='ocrx_word' id='word_1_719' title='bbox 3170 4477 3473 4560; x_wconf 90' lang='lat' dir='ltr'><strong>exemplo</strong></span> <span class='ocrx_word' id='word_1_720' title='bbox 3509 4487 3728 4542; x_wconf 85' lang='lat' dir='ltr'><strong>esseut</strong></span> <span class='ocrx_word' id='word_1_721' title='bbox 3762 4477 3834 4539; x_wconf 91' lang='lat' dir='ltr'><strong>in</strong></span> <span class='ocrx_word' id='word_1_722' title='bbox 3871 4496 4100 4540; x_wconf 90' lang='lat' dir='ltr'><strong>omnes</strong></span> <span class='ocrx_word' id='word_1_723' title='bbox 4144 4485 4327 4540; x_wconf 87' lang='lat' dir='ltr'><strong>aeta-</strong></span> 
     </span>
     <span class='ocr_line' id='line_1_102' title="bbox 2374 4562 4325 4647; baseline -0.003 -15"><span class='ocrx_word' id='word_1_724' title='bbox 2374 4577 2494 4632; x_wconf 90' lang='lat' dir='ltr'><strong>tes.</strong></span> <span class='ocrx_word' id='word_1_725' title='bbox 2570 4565 2732 4630; x_wconf 84' lang='lat' dir='ltr'><strong>Fuit</strong></span> <span class='ocrx_word' id='word_1_726' title='bbox 2772 4566 2947 4629; x_wconf 90' lang='lat' dir='ltr'><strong>enim</strong></span> <span class='ocrx_word' id='word_1_727' title='bbox 2991 4585 3137 4630; x_wconf 91' lang='lat' dir='ltr'><strong>cum</strong></span> <span class='ocrx_word' id='word_1_728' title='bbox 3180 4564 3392 4628; x_wconf 89' lang='lat' dir='ltr'><strong>taedio</strong></span> <span class='ocrx_word' id='word_1_729' title='bbox 3436 4562 3618 4647; x_wconf 86' lang='lat' dir='ltr'><strong>longi</strong></span> <span class='ocrx_word' id='word_1_730' title='bbox 3664 4563 3971 4644; x_wconf 89' lang='lat' dir='ltr'><strong>temporis</strong></span> <span class='ocrx_word' id='word_1_731' title='bbox 4018 4581 4325 4644; x_wconf 88' lang='lat' dir='ltr'><strong>asperum</strong></span> 
     </span>
     <span class='ocr_line' id='line_1_103' title="bbox 2376 4646 4324 4736; baseline -0.003 -17"><span class='ocrx_word' id='word_1_732' title='bbox 2376 4661 2728 4730; x_wconf 86' lang='lat' dir='ltr'><strong>certamen,</strong></span> <span class='ocrx_word' id='word_1_733' title='bbox 2753 4672 2953 4736; x_wconf 88' lang='lat' dir='ltr'><strong>quum</strong></span> <span class='ocrx_word' id='word_1_734' title='bbox 2977 4651 3255 4715; x_wconf 87' lang='lat' dir='ltr'><strong>instaret</strong></span> <span class='ocrx_word' id='word_1_735' title='bbox 3290 4659 3610 4728; x_wconf 83' lang='lat' dir='ltr'><strong>senectus,</strong></span> <span class='ocrx_word' id='word_1_736' title='bbox 3634 4670 3799 4732; x_wconf 89' lang='lat' dir='ltr'><strong>quae</strong></span> <span class='ocrx_word' id='word_1_737' title='bbox 3833 4646 4052 4712; x_wconf 90' lang='lat' dir='ltr'><strong>reddit</strong></span> <span class='ocrx_word' id='word_1_738' title='bbox 4085 4668 4324 4730; x_wconf 88' lang='lat' dir='ltr'><strong>eorpus</strong></span> 
     </span>
     <span class='ocr_line' id='line_1_104' title="bbox 2375 4732 4327 4818; baseline -0.003 -15"><span class='ocrx_word' id='word_1_739' title='bbox 2375 4738 2797 4804; x_wconf 91' lang='lat' dir='ltr'><strong>emarcidum.</strong></span> <span class='ocrx_word' id='word_1_740' title='bbox 2877 4736 3085 4803; x_wconf 88' lang='lat' dir='ltr'><strong>Pauci</strong></span> <span class='ocrx_word' id='word_1_741' title='bbox 3129 4734 3299 4800; x_wconf 86' lang='lat' dir='ltr'><strong>enim</strong></span> <span class='ocrx_word' id='word_1_742' title='bbox 3347 4735 3461 4798; x_wconf 93' lang='lat' dir='ltr'><strong>illo</strong></span> <span class='ocrx_word' id='word_1_743' title='bbox 3506 4755 3757 4818; x_wconf 91' lang='lat' dir='ltr'><strong>quoque</strong></span> <span class='ocrx_word' id='word_1_744' title='bbox 3801 4732 4059 4800; x_wconf 89' lang='lat' dir='ltr'><strong>saeculo</strong></span> <span class='ocrx_word' id='word_1_745' title='bbox 4105 4755 4185 4798; x_wconf 84' lang='lat' dir='ltr'><strong>ve</strong></span> <span class='ocrx_word' id='word_1_746' title='bbox 4234 4734 4327 4799; x_wconf 88' lang='lat' dir='ltr'><strong>eti</strong></span> 
     </span>
     <span class='ocr_line' id='line_1_105' title="bbox 2373 4821 4322 4906; baseline -0.004 -16"><span class='ocrx_word' id='word_1_747' title='bbox 2373 4825 2643 4890; x_wconf 88' lang='lat' dir='ltr'><strong>fuerunt</strong></span> <span class='ocrx_word' id='word_1_748' title='bbox 2729 4831 2875 4906; x_wconf 88' lang='lat' dir='ltr'><strong>post</strong></span> <span class='ocrx_word' id='word_1_749' title='bbox 2959 4842 3208 4886; x_wconf 88' lang='lat' dir='ltr'><strong>annum</strong></span> <span class='ocrx_word' id='word_1_750' title='bbox 3295 4823 3473 4886; x_wconf 84' lang='lat' dir='ltr'><strong>vitae</strong></span> <span class='ocrx_word' id='word_1_751' title='bbox 3560 4821 4050 4903; x_wconf 87' lang='lat' dir='ltr'><strong>octogesimum.</strong></span> <span class='ocrx_word' id='word_1_752' title='bbox 4215 4839 4322 4884; x_wconf 91' lang='lat' dir='ltr'><strong>am</strong></span> 
     </span>
     <span class='ocr_line' id='line_1_106' title="bbox 2374 4907 4320 4993; baseline -0.004 -17"><span class='ocrx_word' id='word_1_753' title='bbox 2374 4922 2712 4993; x_wconf 91' lang='lat' dir='ltr'><strong>utcunque</strong></span> <span class='ocrx_word' id='word_1_754' title='bbox 2771 4907 3045 4992; x_wconf 81' lang='lat' dir='ltr'><strong>frugalis</strong></span> <span class='ocrx_word' id='word_1_755' title='bbox 3103 4918 3274 4971; x_wconf 90' lang='lat' dir='ltr'><strong>esset</strong></span> <span class='ocrx_word' id='word_1_756' title='bbox 3332 4908 3571 4986; x_wconf 87' lang='lat' dir='ltr'><strong>victus,</strong></span> <span class='ocrx_word' id='word_1_757' title='bbox 3633 4928 3761 4971; x_wconf 91' lang='lat' dir='ltr'><strong>non</strong></span> <span class='ocrx_word' id='word_1_758' title='bbox 3819 4907 4038 4989; x_wconf 91' lang='lat' dir='ltr'><strong>potuit</strong></span> <span class='ocrx_word' id='word_1_759' title='bbox 4094 4914 4320 4970; x_wconf 90' lang='lat' dir='ltr'><strong>tamen</strong></span> 
     </span>
     <span class='ocr_line' id='line_1_107' title="bbox 2376 4991 4322 5078; baseline -0.004 -16"><span class='ocrx_word' id='word_1_760' title='bbox 2376 4995 2479 5062; x_wconf 82' lang='lat' dir='ltr'><strong>vel</strong></span> <span class='ocrx_word' id='word_1_761' title='bbox 2503 4995 3029 5062; x_wconf 89' lang='lat' dir='ltr'><strong>robustissimum</strong></span> <span class='ocrx_word' id='word_1_762' title='bbox 3066 5014 3304 5078; x_wconf 87' lang='lat' dir='ltr'><strong>eorpus</strong></span> <span class='ocrx_word' id='word_1_763' title='bbox 3340 4994 3687 5078; x_wconf 87' lang='lat' dir='ltr'><strong>temperies</strong></span> <span class='ocrx_word' id='word_1_764' title='bbox 3710 4991 4056 5056; x_wconf 84' lang='lat' dir='ltr'><strong>defendere</strong></span> <span class='ocrx_word' id='word_1_765' title='bbox 4091 5001 4322 5055; x_wconf 88' lang='lat' dir='ltr'><strong>eontra</strong></span> 
     </span>
     <span class='ocr_line' id='line_1_108' title="bbox 2374 5078 4322 5163; baseline -0.005 -14"><span class='ocrx_word' id='word_1_766' title='bbox 2374 5094 2474 5149; x_wconf 89' lang='lat' dir='ltr'><strong>tot</strong></span> <span class='ocrx_word' id='word_1_767' title='bbox 2538 5101 2772 5147; x_wconf 86' lang='lat' dir='ltr'><strong>noxas:</strong></span> <span class='ocrx_word' id='word_1_768' title='bbox 2839 5082 2994 5163; x_wconf 90' lang='lat' dir='ltr'><strong>quia</strong></span> <span class='ocrx_word' id='word_1_769' title='bbox 3047 5088 3114 5145; x_wconf 91' lang='lat' dir='ltr'><strong>et</strong></span> <span class='ocrx_word' id='word_1_770' title='bbox 3171 5081 3293 5145; x_wconf 90' lang='lat' dir='ltr'><strong>sub</strong></span> <span class='ocrx_word' id='word_1_771' title='bbox 3354 5081 3460 5143; x_wconf 92' lang='lat' dir='ltr'><strong>dio</strong></span> <span class='ocrx_word' id='word_1_772' title='bbox 3514 5079 3847 5156; x_wconf 84' lang='lat' dir='ltr'><strong>victitare,</strong></span> <span class='ocrx_word' id='word_1_773' title='bbox 3907 5089 3976 5141; x_wconf 90' lang='lat' dir='ltr'><strong>et</strong></span> <span class='ocrx_word' id='word_1_774' title='bbox 4032 5078 4322 5160; x_wconf 89' lang='lat' dir='ltr'><strong>perferre</strong></span> 
     </span>
     <span class='ocr_line' id='line_1_109' title="bbox 2372 5163 4320 5250; baseline -0.004 -16"><span class='ocrx_word' id='word_1_775' title='bbox 2372 5168 2682 5245; x_wconf 88' lang='lat' dir='ltr'><strong>calorem,</strong></span> <span class='ocrx_word' id='word_1_776' title='bbox 2751 5167 2993 5250; x_wconf 89' lang='lat' dir='ltr'><strong>frigus,</strong></span> <span class='ocrx_word' id='word_1_777' title='bbox 3061 5166 3375 5244; x_wconf 89' lang='lat' dir='ltr'><strong>inediam,</strong></span> <span class='ocrx_word' id='word_1_778' title='bbox 3456 5166 3799 5231; x_wconf 91' lang='lat' dir='ltr'><strong>continuas</strong></span> <span class='ocrx_word' id='word_1_779' title='bbox 3878 5163 4320 5246; x_wconf 84' lang='lat' dir='ltr'><strong>fatigationes,</strong></span> 
     </span>
     <span class='ocr_line' id='line_1_110' title="bbox 2371 5248 4334 5337; baseline -0.005 -15"><span class='ocrx_word' id='word_1_780' title='bbox 2371 5275 2595 5322; x_wconf 89' lang='lat' dir='ltr'><strong>euram</strong></span> <span class='ocrx_word' id='word_1_781' title='bbox 2661 5254 3013 5337; x_wconf 90' lang='lat' dir='ltr'><strong>pecudum,</strong></span> <span class='ocrx_word' id='word_1_782' title='bbox 3081 5261 3147 5318; x_wconf 88' lang='lat' dir='ltr'><strong>et</strong></span> <span class='ocrx_word' id='word_1_783' title='bbox 3210 5250 3339 5316; x_wconf 90' lang='lat' dir='ltr'><strong>alia</strong></span> <span class='ocrx_word' id='word_1_784' title='bbox 3403 5251 3836 5328; x_wconf 90' lang='lat' dir='ltr'><strong>incommoda,</strong></span> <span class='ocrx_word' id='word_1_785' title='bbox 3903 5250 4040 5314; x_wconf 89' lang='lat' dir='ltr'><strong>fere</strong></span> <span class='ocrx_word' id='word_1_786' title='bbox 4121 5248 4334 5312; x_wconf 77' lang='lat' dir='ltr'><strong>nullis</strong></span> 
     </span>
     <span class='ocr_line' id='line_1_111' title="bbox 2372 5333 4324 5421; baseline -0.004 -15"><span class='ocrx_word' id='word_1_787' title='bbox 2372 5340 2600 5407; x_wconf 91' lang='lat' dir='ltr'><strong>datum</strong></span> <span class='ocrx_word' id='word_1_788' title='bbox 2644 5347 2762 5406; x_wconf 90' lang='lat' dir='ltr'><strong>est.</strong></span> <span class='ocrx_word' id='word_1_789' title='bbox 2857 5342 2955 5405; x_wconf 87' lang='lat' dir='ltr'><strong>Ao</strong></span> <span class='ocrx_word' id='word_1_790' title='bbox 3000 5337 3185 5404; x_wconf 91' lang='lat' dir='ltr'><strong>Deus</strong></span> <span class='ocrx_word' id='word_1_791' title='bbox 3234 5336 3496 5421; x_wconf 84' lang='lat' dir='ltr'><strong>quidem</strong></span> <span class='ocrx_word' id='word_1_792' title='bbox 3557 5336 3941 5402; x_wconf 87' lang='lat' dir='ltr'><strong>mirabiliter</strong></span> <span class='ocrx_word' id='word_1_793' title='bbox 4000 5333 4324 5400; x_wconf 86' lang='lat' dir='ltr'><strong>sustinuit</strong></span> 
     </span>
    </p>
   </div>
  </div>
 </body>
</html>
