4867 6150
561 430 693 501 211

557 621 790 688 Iacob.
879 620 1015 689 Sed
1057 623 1362 689 refutatio
1405 623 1613 688 facilis
1656 631 1793 688 est:
1852 623 2004 706 quia
2060 623 2140 687 ad
2185 623 2333 687 illos
2376 642 2512 687 non

575 708 865 775 refertur
908 729 1143 774 nomen
1188 718 1479 792 patrum:
1525 708 1639 774 sed
1680 729 1790 774 eos
1833 709 1943 793 qui
1989 708 2284 774 ducentis
2320 709 2513 774 annis

574 792 1023 878 superioribus
1085 796 1326 859 mortui
1392 804 1582 860 erant
1645 794 1717 858 in
1783 798 2087 880 Aegypto
2164 795 2511 877 intelligit:

572 878 812 964 quibus
862 881 1094 944 merito
1150 879 1436 963 praefert
1494 879 1803 963 populum
1857 880 2307 963 superstitem,
2362 901 2514 946 cum

573 986 703 1049 quo
747 975 1130 1030 renovatum
1177 966 1388 1030 fuerat
1423 968 1760 1049 antiquum
1797 966 2039 1031 foedus.
2107 967 2313 1031 Porro
2350 965 2513 1030 haec

572 1051 892 1134 temporis
926 1050 1412 1117 circumstantia
1447 1073 1575 1116 non
1617 1053 1851 1117 leviter
1877 1073 1993 1120 ‚eos
2032 1051 2112 1116 ad
2144 1051 2511 1135 parendum

572 1137 915 1203 stimulare
957 1147 1024 1200 et
1066 1137 1420 1202 accendere
1466 1137 1721 1202 debuit:
1787 1138 1937 1220 quia
1983 1146 2173 1220 turpe
2217 1146 2283 1200 et
2327 1138 2511 1220 flagi-

574 1223 820 1289 tiosum
863 1223 1128 1302 fuisset,
1187 1243 1317 1287 non
1378 1244 1727 1307 agnoscere
1771 1244 1841 1288 66
1883 1223 2125 1307 insigni
2170 1223 2512 1307 privilegio

573 1318 797 1392 patres
863 1309 1277 1387 antecellere,
1345 1321 1423 1372 ut
1477 1329 1588 1374 606
1649 1310 1720 1373 111
1774 1308 1918 1373 Deo
1982 1309 2250 1375 colendo
2316 1307 2515 1372 studii

572 1392 808 1459 ardore
861 1406 1373 1476 praecurrerent.
1462 1393 1712 1459 Eodem
1769 1403 2161 1478 argumento
2207 1394 2513 1460 Christus

571 1480 745 1563 apud
787 1476 1141 1563 discipulos
1184 1481 1426 1545 utitur:
1471 1481 1664 1546 Beati
1701 1480 1873 1548 oculi
1914 1483 2024 1564 qui
2073 1481 2300 1545 vident
2343 1499 2513 1562 quae

571 1584 691 1632 vos
747 1565 1020 1643 videtis,
1084 1574 1152 1630 et
1208 1586 1400 1631 aures
1454 1587 1618 1649 quae
1674 1566 1953 1631 audiunt
2016 1586 2181 1650 quae
2247 1565 2510 1631 auditis.

571 1650 771 1716 Multi
807 1672 997 1735 reges
1033 1660 1098 1715 et
1132 1652 1490 1735 prophetae
1532 1651 1656 1717 hoc
1699 1660 2031 1736 optarunt,
2072 1664 2190 1718 etc.
2238 1650 2508 1737 (Mattb.

570 1735 674 1813 13,
725 1736 807 1801 16
851 1748 919 1801 et
963 1737 1125 1803 Luc.
1176 1738 1275 1815 10,
1321 1737 1451 1824 23).
1547 1737 1821 1804 Summa
1856 1749 1975 1817 est,
2020 1759 2147 1821 quo
2182 1737 2512 1803 liberalius

569 1823 713 1906 agit
754 1823 1086 1888 nobiscum
1126 1823 1328 1900 Deua,
1375 1846 1450 1888 eo
1494 1826 1764 1907 gravius
1807 1834 1874 1888 et
1918 1824 2135 1889 minus
2181 1822 2513 1891 tolerabile

568 1927 715 1973 esse
758 1907 1252 1991 ingratitudinis
1296 1911 1561 1989 crimen,
1609 1911 1736 1975 nisi
1780 1911 2039 1975 vocanti
2084 1910 2258 1973 ultro
2293 1907 2512 1992 prodi·

567 2012 721 2059 mus
765 1994 1043 2074 obviam,
1088 1995 1353 2078 eiusque
1398 1995 1732 2061 doctrinae
1774 2017 1892 2061 nos
1935 1996 2335 2061 subiicimus.

739 2080 799 2144 4.
861 2077 1041 2148 Facie
1073 2080 1159 2145 ad
1195 2082 1437 2164 faciem.
1499 2081 1755 2147 Iterum
1792 2103 1831 2147 a
1865 2080 2252 2146 certitudine
2297 2080 2507 2165 legem

564 2165 1014 2232 commendat:
1058 2168 1210 2250 quia
1253 2167 1364 2231 ubi
1408 2189 1480 2232 se
1522 2166 1708 2233 Deus
1751 2167 1967 2251 palam
2013 2166 2317 2242 ostendit,
2366 2186 2509 2230 am-

568 2251 703 2336 bigi
747 2272 884 2317 non
928 2262 1147 2334 potest
1180 2273 1220 2315 a
1262 2273 1388 2335 quo
1432 2262 1657 2319 autore
1691 2254 1781 2317 sit
1816 2253 2121 2337 profecta.
2191 2252 2388 2317 Facie
2423 2250 2508 2316 ad

561 2336 798 2404 faciem
842 2338 1040 2421 loqui,
1085 2339 1472 2403 tantundem
1522 2339 1696 2405 valet
1739 2360 1814 2404 ac
1856 2360 2072 2405 coram
2120 2349 2185 2404 et
2226 2337 2508 2402 familia-

559 2422 729 2488 riter
789 2437 1156 2489 eermonem
1219 2425 1533 2490 conferre.
1638 2425 1727 2489 Et
1783 2436 1960 2490 certe
2017 2425 2111 2489 ita
2167 2444 2318 2490 cum
2375 2423 2507 2488 illis

560 2508 872 2591 loquutus
914 2521 1016 2574 est
1059 2508 1263 2587 Deus,
1309 2530 1385 2575 ac
1428 2512 1484 2575 si
1527 2511 1839 2576 mortales
1879 2511 2056 2575 inter
2096 2531 2187 2588 66,
2233 2519 2303 2574 et
2345 2508 2507 2574 socii

559 2593 739 2661 ultro
782 2595 1072 2676 citroque
1107 2595 1588 2661 contraherent.
1634 2596 1841 2661 Porro
1884 2618 1969 2662 ne
2013 2617 2141 2679 qua
2185 2593 2507 2660 dubitatio

559 2689 876 2759 restaret,
941 2679 1127 2745 Deus
1191 2680 1447 2746 illustre
1512 2682 1757 2764 gloriae
1821 2702 1976 2747 suae
2041 2681 2503 2748 documentum

559 2778 716 2831 ante
758 2765 978 2831 oculos
1035 2769 1105 2830 in
1160 2767 1315 2849 igne
1371 2769 1621 2832 statuit.
1709 2767 1938 2850 Neque
1994 2767 2169 2832 enim
2229 2767 2504 2831 alterius

559 2872 757 2935 quam
802 2851 1013 2934 ipsius
1053 2850 1183 2915 Dei
1229 2872 1356 2916 vox
1394 2855 1611 2935 potuit
1653 2874 1733 2918 ex
1782 2855 1939 2938 igne
1980 2852 2262 2937 prodire.
2344 2853 2508 2917 Pro-

558 2937 741 3002 ximo
798 2957 995 3002 versu
1056 2936 1318 3003 additur
1374 2937 1837 3004 moderationis
1893 2941 2172 3022 species,
2231 2937 2386 3002 dum
2432 2958 2506 3003 66

560 3021 992 3106 interpretem
1037 3023 1235 3090 fuisse
1280 3022 1455 3104 dicit,
1501 3025 1611 3108 qui
1657 3033 1922 3108 accepta
1955 3047 1994 3090 a
2021 3026 2159 3090 Deo
2195 3023 2504 3089 mandata

557 3109 692 3176 11116
737 3118 1114 3192 exponeret.
1202 3113 1420 3192 Atque
1463 3112 1554 3176 ita
1610 3111 1914 3177 conciliat
1969 3132 2133 3193 quae
2193 3111 2505 3176 videntur

557 3196 774 3279 primo
822 3197 1061 3260 intuitu
1106 3217 1433 3280 pugnare,
1485 3196 1656 3280 quod
1702 3196 1886 3262 Deus
1929 3217 2144 3261 coram
2191 3196 2504 3278 loquutus

557 3281 681 3360 sit,
743 3288 810 3346 et
867 3292 1082 3346 tamen
1138 3303 1254 3364 per
1311 3283 1830 3348 internuncium:
1888 3284 2042 3366 q'uia
2095 3282 2221 3365 ipsi
2279 3280 2504 3346 audita

558 3366 689 3432 Dei
734 3387 892 3432 voce
937 3387 1091 3449 prae
1128 3377 1306 3432 metu
1350 3367 1681 3450 deprecati
1724 3375 1880 3435 sunt
1923 3389 2005 3433 ne
2047 3368 2272 3432 eodem
2310 3366 2505 3432 modo

560 3452 738 3536 loqui
786 3464 1105 3537 pergeret.
1195 3453 1388 3519 Unde
1431 3454 1757 3536 sequitur,
1804 3453 2105 3520 coelestis
2147 3453 2394 3537 gloriae
2439 3462 2505 3517 ct

556 3539 920 3604 maiestatis
961 3559 1155 3604 sensu
1201 3538 1399 3603 fuisse
1443 3542 1804 3615 convictos,
1868 3552 1945 3604 ut
1988 3539 2068 3603 de
2111 3539 2274 3623 legis
2319 3546 2504 3604 auto·

554 3625 755 3689 ritate
800 3624 1097 3690 dubitare
1136 3625 1238 3689 fas
1283 3646 1412 3688 non
1456 3635 1643 3690 esset.
1735 3624 1868 3692 Sed
1914 3625 2034 3692 1100
2087 3626 2240 3708 quia
2291 3624 2506 3690 fusius

559 3720 906 3776 narratum
956 3710 1104 3788 fuit,
1153 3709 1387 3774 leviter
1427 3719 1688 3775 tantum
1732 3730 1909 3775 nunc
1944 3712 2333 3794 perstringo.

735 3795 934 3862 Deut.
993 3797 1053 3873 4,
1120 3796 1223 3860 20.
1311 3796 1431 3861 Vos
1495 3801 1715 3862 autem.
1819 3798 1924 3862 Ex
1991 3817 2118 3878 quo
2184 3794 2506 3878 redempti

557 3891 717 3947 sunt
761 3882 905 3946 Deo
949 3903 1216 3965 prorsus
1259 3903 1401 3946 esse
1444 3881 1786 3948 obstrictos
1829 3883 2285 3959 ratiocinatur,
2351 3882 2508 3964 quia

558 3989 671 4033 606
729 3967 856 4033 sibi
921 3969 992 4032 in
1057 3967 1386 4050 peculium
1446 3968 1836 4050 acquisierit.
1937 3968 2130 4034 Unde
2187 3969 2507 4050 sequitur,

558 4053 682 4120 sub
739 4055 882 4119 iure
942 4056 1082 4118 eius
1136 4075 1283 4119 6666
1341 4066 1409 4117 et
1473 4054 1776 4137 imperio:
1845 4055 1997 4137 quia
2062 4055 2374 4120 scelestae
2442 4063 2508 4119 et

557 4140 783 4205 feedae
828 4137 1326 4224 ingratitudinis
1370 4147 1572 4217 esset,
1630 4140 1860 4223 iugum
1918 4139 2018 4206 sui
2077 4140 2507 4223 redemptoris

560 4239 888 4292 excutere.
960 4225 1108 4306 Quo
1153 4236 1373 4291 autem
1421 4226 1707 4291 sanctior
1749 4228 1834 4292 sit
1876 4226 2205 4309 obligatiO,
2253 4227 2507 4308 magni-

562 4312 854 4376 tudinem
913 4314 1165 4395 gratiae
1225 4312 1512 4388 extollit,
1573 4312 1727 4395 quia
1783 4312 1948 4377 nihil
2001 4313 2163 4397 ipsis
2207 4312 2509 4376 miserius

558 4419 761 4480 quum
834 4399 1018 4463 Deus
1097 4400 1387 4480 porrexit
1455 4419 1724 4463 manum
1804 4397 1886 4463 ad
1947 4420 2055 4464 eos
2117 4396 2507 4463 liberandos.

560 4483 796 4565 Itaque
840 4486 1125 4548 servitus
1170 4485 1285 4549 illa
1327 4483 1772 4567 metaphorice
1832 4494 2108 4550 vocatur
2163 4483 2400 4548 fornax
2445 4493 2510 4547 et

562 4569 827 4651 quidem
884 4571 1113 4634 ferrea.
1220 4570 1477 4635 Deinde
1547 4570 1884 4635 confertur
1948 4570 2145 4653 longe
2214 4567 2511 4635 diversus

564 4665 806 4732 status,
875 4658 1029 4738 quia
1088 4655 1248 4720 haec
1288 4656 1496 4720 solida
1540 4667 1608 4720 et
1650 4657 1936 4721 maxime
1980 4655 2347 4740 expetenda
2388 4656 2511 4719 fuit

563 4741 861 4820 felicitas,
908 4743 1192 4807 transire
1238 4742 1305 4805 in
1352 4743 1478 4807 Dei
1525 4744 1872 4825 peculium.

666 5030 972 5098 LEVIT.
1020 5030 1217 5097 XIX.
1265 5031 1361 5095 IN
1410 5030 1629 5097 FINE
1672 5032 2039 5101 VERSUS
2084 5032 2419 5098 XXXVI.

735 5167 875 5252 Ε90
922 5168 1155 5234 16110υο
1197 5168 1377 5233 Deus
1434 5172 1656 5246 vester,
1713 5171 1826 5249 qui
1877 5172 2068 5236 eduxi
2120 5191 2230 5238 vos
2261 5191 2295 5235 6
2333 5176 2506 5235 terra

564 5255 858 5339 Aeyypti.
948 5255 1050 5321 37.
1115 5254 1425 5320 Custodite
1479 5254 1677 5335 iyitur
1709 5257 1917 5321 omnia
1959 5262 2196 5323 statuta
2235 5278 2402 5336 mea,
2449 5261 2507 5323 et

561 5343 778 5407 omnia
819 5341 1061 5407 iudicia
1102 5361 1258 5418 mea,
1304 5345 1360 5404 et
1394 5340 1584 5422 facite
1618 5339 1761 5404 illa.-
1803 5361 1909 5425 690
1944 5343 2191 5409 Iehova.

2029 434 2567 502 PRAEFATIO
2611 432 2713 499 IN
2757 431 3106 499 LEGEM.

4415 430 4525 498 212

3036 606 3341 688 LEVI'I'.
3387 622 3547 689 XX.
3593 622 3905 691 VERSU
3947 623 4143 689 VIII.

2790 794 3102 860 Custodite
3159 798 3395 861 statuta
3449 815 3617 875 mea,
3665 800 3721 861 et
3760 795 3949 878 facite
3990 816 4096 861 ea.-
4142 794 4281 880 Ε90
4324 794 4531 864 ,renova

2613 879 3016 961 sanctificans
3057 901 3179 945 vos,

3287 1172 3589 1239 LEVI'P.
3640 1171 3874 1238 XXII.

2790 1308 2892 1374 31.
2958 1306 3282 1374 Observato
3330 1315 3663 1392 praecepta
3706 1329 3876 1386 mea,
3943 1314 3999 1375 et
4046 1309 4233 1392 facite
4288 1330 4394 1375 ea:
4442 1330 4537 1394 690

2620 1394 2867 1461 Iehova.
2958 1394 3061 1459 32.
3115 1392 3206 1458 Et
3254 1414 3330 1459 ne
3370 1395 3676 1476 polluatis
3729 1415 3949 1461 nomen
4002 1400 4285 1462 sanctum
4333 1415 4537 1477 meum,

2618 1481 2727 1546 sed
2781 1481 3123 1562 sanctificer
3176 1480 3245 1545 in
3296 1481 3501 1547 medio
3545 1480 3769 1546 Israel.
3859 1480 4000 1563 Ε90
4043 1480 4275 1547 1611000
4325 1483 4539 1548 sandi-

2614 1566 2819 1648 ficans
2872 1587 2997 1631 vos,
3085 1564 3187 1631 33.
3263 1566 3387 1647 Qui
3444 1567 3636 1633 eduxi
3688 1586 3798 1632 vos
3838 1587 3871 1631 e
3914 1572 4085 1634 terra
4126 1567 4428 1652 Aeyypti,
4476 1572 4541 1633 ut

2618 1672 2810 1718 essem
2850 1652 3020 1718 vobis
3062 1652 3134 1716 in
3175 1652 3384 1718 Deum
3399 1675 3421 1718 .·
3459 1674 3563 1737 690
3609 1651 3854 1719 1611000.

3363 1994 3634 2062 ΒΕΠΤ.
3678 1992 3801 2061 IV.

2788 2166 2846 2232 1.
2906 2165 2997 2230 Et
3048 2185 3217 2233 nunc
3260 2166 3470 2232 Israel
3512 2167 3668 2233 audi
3703 2172 3939 2234 statuta
3982 2172 4039 2233 et
4077 2167 4349 2249 iudicia,
4401 2189 4548 2252 quae

2613 2272 2716 2336 690
2760 2252 2939 2318 doceo
2982 2272 3117 2327 vos,
3161 2258 3232 2317 ut
3269 2253 3561 2333 faciatis.-
3598 2258 3672 2318 ut
3709 2254 3969 2334 vivatis,
4012 2258 4195 2336 atque
4235 2256 4548 2339 inm-edia-

2612 2338 2790 2417 mini,
2833 2342 2891 2403 et
2920 2338 3303 2421 possideatis
3333 2345 3569 2404 terram
3601 2359 3792 2420 quam
3827 2339 4057 2406 16110υο
4085 2339 4266 2406 Deus
4289 2348 4549 2422 patrum

2610 2428 2951 2489 vestrorum
2991 2424 3101 2488 dat
3139 2425 3327 2490 vobi&
3397 2425 3454 2489 2.
3503 2424 3648 2490 Non
3692 2426 3935 2491 addetis
3975 2427 4062 2492 ad
4101 2427 4355 2492 verbum
4398 2427 4549 2510 quod

2613 2528 2718 2594 690
2740 2510 3065 2592 praecipio
3085 2510 3273 2586 vobis,
3308 2530 3502 2591 neque
3533 2511 3831 2577 minuetis
3863 2533 3939 2576 ex
3972 2531 4057 2593 60,
4088 2518 4160 2577 ut
4190 2514 4551 2579 custodiatis

2600 2600 2941 2676 praecepta
2965 2595 3226 2661 Iehovae
3247 2595 3376 2660 Dei
3408 2597 3617 2676 vestri,
3661 2616 3821 2680 quae
3862 2617 3971 2682 690
4000 2600 4332 2680 praecipio
4366 2600 4548 2665 vobis.

3384 2937 3652 3003 DEU'P.
3699 2936 3783 3003 V.

2786 3108 2868 3173 32
2898 3107 2962 3193 ¹).
3035 3106 3344 3174 Custodite
3407 3130 3550 3193 erqo
3602 3115 3675 3175 ut
3731 3110 3989 3194 faciatis
4043 3114 4555 3195 quemadmodum

2601 3198 2923 3278 praecepit
2965 3192 3195 3260 Iehova
3234 3194 3423 3295 Deae
3474 3201 3668 3261 vester
3724 3195 3927 3262 vobis.-
3980 3219 4055 3262 ne
4105 3198 4453 3298 declinetis·
4472 3200 4553 3266 ad

2610 3280 3639 3465 ZZZZfflssf'ae‘Zeussissifflffss‘ssusm
3665 3283 3863 3434 11ῗέ
3902 3281 4555 3449 fg..‚⁰z·:,².{.”‘2.²3.².5.-33

2609 3459 2680 3518 ut
2718 3454 2966 3531 vivatw,
3012 3456 3068 3516 et
3108 3452 3252 3518 bene
3294 3453 3380 3518 sit
3411 3453 3605 3533 vobis,
3650 3459 3706 3521 d
3726 3457 4083 3538 proroqetis
4116 3457 4251 3522 dies
4277 3458 4357 3523 in
4392 3462 4555 3522 terra

2607 3559 2799 3622 quam
2833 3536 3257 3621 possidebitis.

2929 3878 3196 3945 DEU'P.
3242 3871 3443 3946 XIII.
3490 3880 3804 3947 VERSU
3850 3880 4228 3949 UL'PIMO.

2789 4051 2955 4133 Quia
2996 4050 3216 4115 audies
3256 4070 3459 4116 vocem
3502 4051 3764 4118 Iehovae
3798 4052 3929 4118 Dei
3970 4055 4083 4134 tui,
4125 4058 4198 4119 ut
4237 4056 4558 4123 custodias

2609 4139 2822 4206 omnia
2867 4141 3200 4218 praecepta
3256 4138 3420 4217 eius,
3476 4158 3634 4219 quae
3683 4160 3788 4223 690
3824 4139 4149 4220 praecipio
4202 4141 4320 4207 tibi
4358 4141 4552 4220 hodie,

2610 4232 2682 4292 ut
2722 4224 2930 4307 facias
2962 4223 3127 4303 quod
3167 4228 3399 4288 rectum
3439 4230 3530 4289 est
3569 4226 3640 4290 in
3681 4226 3880 4291 oculis
3923 4225 4188 4291 Iehovae
4229 4228 4346 4293 tui.

2785 4394 2999 4460 Levit.
3065 4392 3164 4472 19,
3229 4393 3331 4458 36.
3426 4389 3567 4478 Ε90
3633 4395 3878 4462 Iehova.
3988 4395 4176 4461 Idem
4242 4398 4387 4482 agit
4452 4398 4555 4464 1116

2612 4492 2891 4567 quatuor
2951 4479 3175 4562 primis
3233 4479 3389 4545 locis
3447 4480 3618 4563 quod
3677 4483 3745 4546 in
3803 4481 4201 4564 praefatione
4245 4484 4552 4550 vidimus.

2614 4570 2786 4634 Nam
2853 4565 3094 4650 partim
3160 4565 3241 4630 ab
3299 4566 3648 4631 autoritate
3704 4566 3834 4632 Dei
3892 4567 4360 4650 ratiocinatur,
4428 4570 4555 4654 legi

2612 4652 2988 4720 obedienter
3044 4650 3404 4733 parendum
3471 4673 3644 4730 6666,
3710 4654 3866 4736 quia
3924 4655 4159 4720 merito
4217 4677 4551 4722 summum

2611 4738 2959 4823 imperium
3023 4737 3147 4802 sibi
3215 4736 3512 4803 vendicet
3574 4738 3737 4805 coeli
3800 4750 3865 4804 et
3943 4748 4161 4806 terrae
4237 4742 4554 4820 conditor,

2610 4825 2852 4911 partim
2911 4843 3065 4888 vero
3122 4822 3508 4889 beneficium
3563 4824 4035 4909 redemptionis
4085 4829 4425 4910 proponit,
4481 4836 4555 4892 ut

2610 4913 2892 4979 libenter
2926 4929 2996 4973 se
3030 4907 3378 4974 subiiciunt
3412 4910 3555 4976 eius
3590 4911 3738 4993 legi,
3778 4932 3817 4977 a
3852 4933 3981 4995 quo
4015 4913 4291 4978 salutem
4331 4913 4554 4998 adepti

2610 5010 2788 5065 sunt.
2857 4994 3131 5076 Quoties
3169 4995 3345 5059 6111111
3390 5016 3461 5062 66
3482 4996 3801 5061 Iebovam
3848 4998 4165 5079 nominat,
4207 5019 4551 5066 occurrere

2609 5084 2805 5151 debet
2846 5081 2988 5147 eius
3029 5080 3362 5161 maiestas,
3408 5102 3571 5165 quae
3612 5103 3839 5147 omnes
3882 5085 3952 5148 111
3997 5085 4292 5152 ordinem
4339 5097 4548 5170 cogat.

2605 5166 2999 5250 Redemptio
3064 5177 3283 5231 autem
3351 5168 3493 5252 ipsa
3562 5168 4003 5236 voluntariam
4082 5170 4550 5238 subiectionem

2776 5355 2834 5427 1)
2869 5355 3037 5411 Hebr.
3074 5372 3125 5410 v.
3160 5351 3244 5409 29.
3279 5353 3363 5410 30.
