<?xml version="1.0" encoding="UTF-8"?>
<!DOCTYPE html PUBLIC "-//W3C//DTD XHTML 1.0 Transitional//EN"
    "http://www.w3.org/TR/xhtml1/DTD/xhtml1-transitional.dtd">
<html xmlns="http://www.w3.org/1999/xhtml" xml:lang="en" lang="en">
 <head>
  <title>
</title>
<meta http-equiv="Content-Type" content="text/html;charset=utf-8" />
  <meta name='ocr-system' content='tesseract 3.04.00' />
  <meta name='ocr-capabilities' content='ocr_page ocr_carea ocr_par ocr_line ocrx_word'/>
</head>
<body>
  <div class='ocr_page' id='page_1' title='image "./ioanniscalvinio04unkngoog_0380.png"; bbox 0 0 4867 6150; ppageno 0'>
   <div class='ocr_carea' id='block_1_1' title="bbox 591 373 727 441">
    <p class='ocr_par' dir='ltr' id='par_1_1' title="bbox 591 373 727 441">
     <span class='ocr_line' id='line_1_1' title="bbox 591 373 727 441; baseline 0 -1"><span class='ocrx_word' id='word_1_1' title='bbox 591 373 727 441; x_wconf 73' lang='lat'><strong><em>715</em></strong></span> 
     </span>
    </p>
   </div>
   <div class='ocr_carea' id='block_1_2' title="bbox 1215 558 1940 628">
    <p class='ocr_par' dir='ltr' id='par_1_2' title="bbox 1215 558 1940 628">
     <span class='ocr_line' id='line_1_2' title="bbox 1215 558 1940 628; baseline 0.001 -1"><span class='ocrx_word' id='word_1_2' title='bbox 1215 561 1348 627; x_wconf 87' lang='lat' dir='ltr'><strong><em>EX</em></strong></span> <span class='ocrx_word' id='word_1_3' title='bbox 1389 560 1696 627; x_wconf 80' lang='lat' dir='ltr'><strong><em>LEVI&#39;I&#39;.</em></strong></span> <span class='ocrx_word' id='word_1_4' title='bbox 1740 558 1940 628; x_wconf 84' lang='lat' dir='ltr'><strong><em>XIX.</em></strong></span> 
     </span>
    </p>
   </div>
   <div class='ocr_carea' id='block_1_3' title="bbox 585 732 2562 1074">
    <p class='ocr_par' dir='ltr' id='par_1_3' title="bbox 585 732 2562 1074">
     <span class='ocr_line' id='line_1_3' title="bbox 770 732 2562 817; baseline 0.002 -18"><span class='ocrx_word' id='word_1_5' title='bbox 770 734 872 800; x_wconf 82' lang='lat'><strong><em>16.</em></strong></span> <span class='ocrx_word' id='word_1_6' title='bbox 944 733 1091 799; x_wconf 79' lang='lat' dir='ltr'><strong><em>Non</em></strong></span> <span class='ocrx_word' id='word_1_7' title='bbox 1131 733 1376 800; x_wconf 79' lang='lat' dir='ltr'><strong><em>incedes</em></strong></span> <span class='ocrx_word' id='word_1_8' title='bbox 1418 732 1781 799; x_wconf 74' lang='lat' dir='ltr'><strong><em>obtrectator</em></strong></span> <span class='ocrx_word' id='word_1_9' title='bbox 1821 734 1893 798; x_wconf 79' lang='lat' dir='ltr'><strong><em>in</em></strong></span> <span class='ocrx_word' id='word_1_10' title='bbox 1923 733 2185 817; x_wconf 73' lang='lat' dir='ltr'><strong><em>populis</em></strong></span> <span class='ocrx_word' id='word_1_11' title='bbox 2225 735 2392 810; x_wconf 76' lang='lat' dir='ltr'><strong><em>tuis,</em></strong></span> <span class='ocrx_word' id='word_1_12' title='bbox 2453 755 2562 802; x_wconf 83' lang='lat' dir='ltr'><strong><em>nec</em></strong></span> 
     </span>
     <span class='ocr_line' id='line_1_4' title="bbox 585 819 2555 905; baseline 0 -17"><span class='ocrx_word' id='word_1_13' title='bbox 585 821 792 888; x_wconf 82' lang='lat' dir='ltr'><strong><em>stabis</em></strong></span> <span class='ocrx_word' id='word_1_14' title='bbox 852 823 1062 887; x_wconf 76' lang='lat' dir='ltr'><strong><em>contra</em></strong></span> <span class='ocrx_word' id='word_1_15' title='bbox 1131 819 1502 904; x_wconf 71' lang='lat' dir='ltr'><strong><em>sanquinem</em></strong></span> <span class='ocrx_word' id='word_1_16' title='bbox 1558 820 1850 900; x_wconf 79' lang='lat' dir='ltr'><strong><em>proximi</em></strong></span> <span class='ocrx_word' id='word_1_17' title='bbox 1924 821 2024 885; x_wconf 78' lang='lat' dir='ltr'><strong><em>tui</em></strong></span> <span class='ocrx_word' id='word_1_18' title='bbox 2038 845 2058 884; x_wconf 93' lang='lat'><strong><em>.·</em></strong></span> <span class='ocrx_word' id='word_1_19' title='bbox 2130 839 2237 905; x_wconf 74' lang='lat' dir='ltr'><strong><em>eqo</em></strong></span> <span class='ocrx_word' id='word_1_20' title='bbox 2301 820 2555 888; x_wconf 76' lang='lat' dir='ltr'><strong><em>Iehova.</em></strong></span> 
     </span>
     <span class='ocr_line' id='line_1_5' title="bbox 597 904 2558 989; baseline 0.001 -17"><span class='ocrx_word' id='word_1_21' title='bbox 597 908 699 972; x_wconf 92' lang='grc'><strong><em>17.</em></strong></span> <span class='ocrx_word' id='word_1_22' title='bbox 747 904 1156 987; x_wconf 79' lang='lat' dir='ltr'><strong><em>Corripiendo</em></strong></span> <span class='ocrx_word' id='word_1_23' title='bbox 1187 905 1488 987; x_wconf 71' lang='lat' dir='ltr'><strong><em>corripies</em></strong></span> <span class='ocrx_word' id='word_1_24' title='bbox 1520 904 1891 987; x_wconf 75' lang='lat' dir='ltr'><strong><em>proximum</em></strong></span> <span class='ocrx_word' id='word_1_25' title='bbox 1924 910 2120 983; x_wconf 78' lang='lat' dir='ltr'><strong><em>tuum,</em></strong></span> <span class='ocrx_word' id='word_1_26' title='bbox 2157 926 2353 989; x_wconf 77' lang='lat' dir='ltr'><strong><em>neque</em></strong></span> <span class='ocrx_word' id='word_1_27' title='bbox 2394 908 2558 973; x_wconf 76' lang='lat' dir='ltr'><strong><em>exci-</em></strong></span> 
     </span>
     <span class='ocr_line' id='line_1_6' title="bbox 591 992 1472 1074; baseline -0.005 -14"><span class='ocrx_word' id='word_1_28' title='bbox 591 993 755 1060; x_wconf 77' lang='lat' dir='ltr'><strong><em>tabis</em></strong></span> <span class='ocrx_word' id='word_1_29' title='bbox 794 1012 990 1074; x_wconf 78' lang='lat' dir='ltr'><strong><em>super</em></strong></span> <span class='ocrx_word' id='word_1_30' title='bbox 1033 1011 1178 1056; x_wconf 80' lang='lat' dir='ltr'><strong><em>euni</em></strong></span> <span class='ocrx_word' id='word_1_31' title='bbox 1218 992 1472 1057; x_wconf 82' lang='lat' dir='ltr'><strong><em>crimen.</em></strong></span> 
     </span>
    </p>
   </div>
   <div class='ocr_carea' id='block_1_4' title="bbox 581 1162 2551 4433">
    <p class='ocr_par' dir='ltr' id='par_1_4' title="bbox 581 1162 2551 3727">
     <span class='ocr_line' id='line_1_7' title="bbox 763 1162 2551 1249; baseline -0.001 -18"><span class='ocrx_word' id='word_1_32' title='bbox 763 1162 984 1231; x_wconf 86' lang='lat' dir='ltr'><strong><em>Exodi</em></strong></span> <span class='ocrx_word' id='word_1_33' title='bbox 1025 1163 1132 1241; x_wconf 85' lang='lat'><strong><em>23,</em></strong></span> <span class='ocrx_word' id='word_1_34' title='bbox 1198 1162 1257 1229; x_wconf 91' lang='lat'><strong><em>1.</em></strong></span> <span class='ocrx_word' id='word_1_35' title='bbox 1325 1162 1473 1229; x_wconf 84' lang='lat' dir='ltr'><strong><em>Non</em></strong></span> <span class='ocrx_word' id='word_1_36' title='bbox 1511 1162 1840 1245; x_wconf 70' lang='lat' dir='ltr'><strong><em>suscipies.</em></strong></span> <span class='ocrx_word' id='word_1_37' title='bbox 1927 1162 2122 1230; x_wconf 84' lang='lat' dir='ltr'><strong><em>Verti</em></strong></span> <span class='ocrx_word' id='word_1_38' title='bbox 2165 1164 2366 1230; x_wconf 90' lang='lat' dir='ltr'><strong><em>etiam</em></strong></span> <span class='ocrx_word' id='word_1_39' title='bbox 2410 1187 2551 1249; x_wconf 87' lang='lat' dir='ltr'><strong><em>pos-</em></strong></span> 
     </span>
     <span class='ocr_line' id='line_1_8' title="bbox 589 1247 2550 1334; baseline -0.001 -16"><span class='ocrx_word' id='word_1_40' title='bbox 589 1258 725 1319; x_wconf 87' lang='lat' dir='ltr'><strong><em>set:</em></strong></span> <span class='ocrx_word' id='word_1_41' title='bbox 792 1249 946 1315; x_wconf 89' lang='lat' dir='ltr'><strong><em>Non</em></strong></span> <span class='ocrx_word' id='word_1_42' title='bbox 1001 1248 1292 1330; x_wconf 76' lang='lat' dir='ltr'><strong><em>attolles,</em></strong></span> <span class='ocrx_word' id='word_1_43' title='bbox 1361 1248 1466 1315; x_wconf 86' lang='lat' dir='ltr'><strong><em>vel</em></strong></span> <span class='ocrx_word' id='word_1_44' title='bbox 1524 1247 1903 1314; x_wconf 75' lang='lat' dir='ltr'><strong><em>suscitabis:</em></strong></span> <span class='ocrx_word' id='word_1_45' title='bbox 1969 1249 2142 1333; x_wconf 90' lang='lat' dir='ltr'><strong><em>quod</em></strong></span> <span class='ocrx_word' id='word_1_46' title='bbox 2200 1250 2258 1314; x_wconf 90' lang='lat' dir='ltr'><strong><em>si</em></strong></span> <span class='ocrx_word' id='word_1_47' title='bbox 2314 1251 2550 1334; x_wconf 89' lang='lat' dir='ltr'><strong><em>placet,</em></strong></span> 
     </span>
     <span class='ocr_line' id='line_1_9' title="bbox 591 1333 2551 1421; baseline -0.001 -19"><span class='ocrx_word' id='word_1_48' title='bbox 591 1335 846 1403; x_wconf 81' lang='lat' dir='ltr'><strong><em>vetabit</em></strong></span> <span class='ocrx_word' id='word_1_49' title='bbox 865 1334 1054 1402; x_wconf 88' lang='lat' dir='ltr'><strong><em>Deus</em></strong></span> <span class='ocrx_word' id='word_1_50' title='bbox 1089 1334 1455 1402; x_wconf 90' lang='lat' dir='ltr'><strong><em>calumnias</em></strong></span> <span class='ocrx_word' id='word_1_51' title='bbox 1497 1333 1833 1400; x_wconf 84' lang='lat' dir='ltr'><strong><em>fabricare.</em></strong></span> <span class='ocrx_word' id='word_1_52' title='bbox 1897 1333 2093 1416; x_wconf 91' lang='lat' dir='ltr'><strong><em>Quod</em></strong></span> <span class='ocrx_word' id='word_1_53' title='bbox 2135 1335 2192 1401; x_wconf 93' lang='lat' dir='ltr'><strong><em>si</em></strong></span> <span class='ocrx_word' id='word_1_54' title='bbox 2236 1335 2551 1421; x_wconf 89' lang='lat' dir='ltr'><strong><em>legimus:</em></strong></span> 
     </span>
     <span class='ocr_line' id='line_1_10' title="bbox 590 1420 2550 1507; baseline 0 -18"><span class='ocrx_word' id='word_1_55' title='bbox 590 1423 745 1489; x_wconf 89' lang='lat' dir='ltr'><strong><em>Non</em></strong></span> <span class='ocrx_word' id='word_1_56' title='bbox 779 1422 1112 1506; x_wconf 74' lang='lat' dir='ltr'><strong><em>suscipies,</em></strong></span> <span class='ocrx_word' id='word_1_57' title='bbox 1146 1421 1409 1506; x_wconf 87' lang='lat' dir='ltr'><strong><em>longius</em></strong></span> <span class='ocrx_word' id='word_1_58' title='bbox 1442 1420 1890 1504; x_wconf 82' lang='lat' dir='ltr'><strong><em>progreditur:</em></strong></span> <span class='ocrx_word' id='word_1_59' title='bbox 1935 1442 2020 1487; x_wconf 90' lang='lat' dir='ltr'><strong><em>ne</em></strong></span> <span class='ocrx_word' id='word_1_60' title='bbox 2054 1422 2200 1506; x_wconf 89' lang='lat' dir='ltr'><strong><em>quis</em></strong></span> <span class='ocrx_word' id='word_1_61' title='bbox 2234 1423 2550 1507; x_wconf 85' lang='lat' dir='ltr'><strong><em>suffragio</em></strong></span> 
     </span>
     <span class='ocr_line' id='line_1_11' title="bbox 583 1506 2548 1576; baseline -0.001 0"><span class='ocrx_word' id='word_1_62' title='bbox 583 1529 707 1576; x_wconf 85' lang='lat' dir='ltr'><strong><em>suo</em></strong></span> <span class='ocrx_word' id='word_1_63' title='bbox 742 1508 960 1576; x_wconf 78' lang='lat' dir='ltr'><strong><em>foveat</em></strong></span> <span class='ocrx_word' id='word_1_64' title='bbox 995 1527 1072 1574; x_wconf 92' lang='lat' dir='ltr'><strong><em>ac</em></strong></span> <span class='ocrx_word' id='word_1_65' title='bbox 1106 1507 1449 1573; x_wconf 86' lang='lat' dir='ltr'><strong><em>confirmet</em></strong></span> <span class='ocrx_word' id='word_1_66' title='bbox 1485 1506 1756 1573; x_wconf 88' lang='lat' dir='ltr'><strong><em>alterins</em></strong></span> <span class='ocrx_word' id='word_1_67' title='bbox 1789 1506 2222 1574; x_wconf 74' lang='lat' dir='ltr'><strong><em>mendacium.</em></strong></span> <span class='ocrx_word' id='word_1_68' title='bbox 2279 1509 2548 1575; x_wconf 89' lang='lat' dir='ltr'><strong><em>Dictum</em></strong></span> 
     </span>
     <span class='ocr_line' id='line_1_12' title="bbox 585 1592 2548 1676; baseline -0.002 -14"><span class='ocrx_word' id='word_1_69' title='bbox 585 1596 768 1663; x_wconf 90' lang='lat' dir='ltr'><strong><em>enim</em></strong></span> <span class='ocrx_word' id='word_1_70' title='bbox 811 1594 971 1674; x_wconf 83' lang='lat' dir='ltr'><strong><em>fuit,</em></strong></span> <span class='ocrx_word' id='word_1_71' title='bbox 1019 1592 1271 1659; x_wconf 90' lang='lat' dir='ltr'><strong><em>duobus</em></strong></span> <span class='ocrx_word' id='word_1_72' title='bbox 1317 1592 1528 1660; x_wconf 89' lang='lat' dir='ltr'><strong><em>modis</em></strong></span> <span class='ocrx_word' id='word_1_73' title='bbox 1574 1592 1681 1659; x_wconf 89' lang='lat' dir='ltr'><strong><em>hic</em></strong></span> <span class='ocrx_word' id='word_1_74' title='bbox 1725 1594 2012 1676; x_wconf 66' lang='lat' dir='ltr'><strong><em>peccari,</em></strong></span> <span class='ocrx_word' id='word_1_75' title='bbox 2071 1593 2179 1660; x_wconf 79' lang='lat' dir='ltr'><strong><em>vel</em></strong></span> <span class='ocrx_word' id='word_1_76' title='bbox 2220 1593 2381 1659; x_wconf 89' lang='lat' dir='ltr'><strong><em>dum</em></strong></span> <span class='ocrx_word' id='word_1_77' title='bbox 2422 1597 2548 1659; x_wconf 91' lang='lat' dir='ltr'><strong><em>im-</em></strong></span> 
     </span>
     <span class='ocr_line' id='line_1_13' title="bbox 585 1678 2548 1766; baseline 0 -19"><span class='ocrx_word' id='word_1_78' title='bbox 585 1681 776 1766; x_wconf 89' lang='lat' dir='ltr'><strong><em>probi</em></strong></span> <span class='ocrx_word' id='word_1_79' title='bbox 820 1681 1199 1765; x_wconf 87' lang='lat' dir='ltr'><strong><em>excogitant</em></strong></span> <span class='ocrx_word' id='word_1_80' title='bbox 1250 1678 1420 1747; x_wconf 80' lang='lat' dir='ltr'><strong><em>falsa</em></strong></span> <span class='ocrx_word' id='word_1_81' title='bbox 1457 1679 1769 1759; x_wconf 89' lang='lat' dir='ltr'><strong><em>crimina,</em></strong></span> <span class='ocrx_word' id='word_1_82' title='bbox 1829 1679 1940 1745; x_wconf 85' lang='lat' dir='ltr'><strong><em>vel</em></strong></span> <span class='ocrx_word' id='word_1_83' title='bbox 1986 1678 2146 1745; x_wconf 91' lang='lat' dir='ltr'><strong><em>dum</em></strong></span> <span class='ocrx_word' id='word_1_84' title='bbox 2191 1679 2303 1744; x_wconf 91' lang='lat' dir='ltr'><strong><em>alii</em></strong></span> <span class='ocrx_word' id='word_1_85' title='bbox 2346 1680 2548 1747; x_wconf 90' lang='lat' dir='ltr'><strong><em>nimis</em></strong></span> 
     </span>
     <span class='ocr_line' id='line_1_14' title="bbox 583 1765 2549 1852; baseline -0.002 -16"><span class='ocrx_word' id='word_1_86' title='bbox 583 1766 841 1836; x_wconf 89' lang='lat' dir='ltr'><strong><em>creduli</em></strong></span> <span class='ocrx_word' id='word_1_87' title='bbox 883 1765 1118 1852; x_wconf 89' lang='lat' dir='ltr'><strong><em>cupide</em></strong></span> <span class='ocrx_word' id='word_1_88' title='bbox 1161 1787 1233 1832; x_wconf 90' lang='lat' dir='ltr'><strong><em>se</em></strong></span> <span class='ocrx_word' id='word_1_89' title='bbox 1270 1766 1676 1833; x_wconf 89' lang='lat' dir='ltr'><strong><em>consociant:</em></strong></span> <span class='ocrx_word' id='word_1_90' title='bbox 1737 1771 1933 1849; x_wconf 87' lang='lat' dir='ltr'><strong><em>atque</em></strong></span> <span class='ocrx_word' id='word_1_91' title='bbox 1978 1774 2255 1850; x_wconf 89' lang='lat' dir='ltr'><strong><em>uterque</em></strong></span> <span class='ocrx_word' id='word_1_92' title='bbox 2313 1786 2549 1833; x_wconf 89' lang='lat' dir='ltr'><strong><em>sensus</em></strong></span> 
     </span>
     <span class='ocr_line' id='line_1_15' title="bbox 586 1851 2549 1937; baseline -0.002 -16"><span class='ocrx_word' id='word_1_93' title='bbox 586 1854 833 1937; x_wconf 89' lang='lat' dir='ltr'><strong><em>optime</em></strong></span> <span class='ocrx_word' id='word_1_94' title='bbox 876 1851 1223 1920; x_wconf 88' lang='lat' dir='ltr'><strong><em>conveniet</em></strong></span> <span class='ocrx_word' id='word_1_95' title='bbox 1238 1899 1253 1930; x_wconf 94' lang='lat'><strong><em>,</em></strong></span> <span class='ocrx_word' id='word_1_96' title='bbox 1310 1852 1418 1917; x_wconf 79' lang='lat' dir='ltr'><strong><em>vel</em></strong></span> <span class='ocrx_word' id='word_1_97' title='bbox 1476 1851 1778 1917; x_wconf 90' lang='lat' dir='ltr'><strong><em>damnari</em></strong></span> <span class='ocrx_word' id='word_1_98' title='bbox 1819 1852 2069 1935; x_wconf 89' lang='lat' dir='ltr'><strong><em>primos</em></strong></span> <span class='ocrx_word' id='word_1_99' title='bbox 2126 1860 2389 1917; x_wconf 79' lang='lat' dir='ltr'><strong><em>autores</em></strong></span> <span class='ocrx_word' id='word_1_100' title='bbox 2433 1853 2549 1936; x_wconf 90' lang='lat' dir='ltr'><strong><em>qui</em></strong></span> 
     </span>
     <span class='ocr_line' id='line_1_16' title="bbox 585 1936 2547 2020; baseline -0.002 -15"><span class='ocrx_word' id='word_1_101' title='bbox 585 1940 832 2007; x_wconf 83' lang='lat' dir='ltr'><strong><em>falsum</em></strong></span> <span class='ocrx_word' id='word_1_102' title='bbox 868 1959 1194 2005; x_wconf 92' lang='lat' dir='ltr'><strong><em>rumorem</em></strong></span> <span class='ocrx_word' id='word_1_103' title='bbox 1241 1937 1580 2017; x_wconf 85' lang='lat' dir='ltr'><strong><em>attollunt,</em></strong></span> <span class='ocrx_word' id='word_1_104' title='bbox 1642 1936 1750 2003; x_wconf 82' lang='lat' dir='ltr'><strong><em>vel</em></strong></span> <span class='ocrx_word' id='word_1_105' title='bbox 1806 1937 1921 2020; x_wconf 89' lang='lat' dir='ltr'><strong><em>qui</em></strong></span> <span class='ocrx_word' id='word_1_106' title='bbox 1962 1937 2281 2003; x_wconf 85' lang='lat' dir='ltr'><strong><em>adiuvant</em></strong></span> <span class='ocrx_word' id='word_1_107' title='bbox 2320 1958 2547 2003; x_wconf 89' lang='lat' dir='ltr'><strong><em>eorum</em></strong></span> 
     </span>
     <span class='ocr_line' id='line_1_17' title="bbox 587 2021 2550 2111; baseline -0.002 -20"><span class='ocrx_word' id='word_1_108' title='bbox 587 2025 1094 2111; x_wconf 85' lang='lat' dir='ltr'><strong><em>improbitatem,</em></strong></span> <span class='ocrx_word' id='word_1_109' title='bbox 1133 2030 1198 2089; x_wconf 86' lang='lat' dir='ltr'><strong><em>et</em></strong></span> <span class='ocrx_word' id='word_1_110' title='bbox 1219 2021 1540 2091; x_wconf 88' lang='lat' dir='ltr'><strong><em>accedunt</em></strong></span> <span class='ocrx_word' id='word_1_111' title='bbox 1560 2023 1746 2089; x_wconf 82' lang='lat' dir='ltr'><strong><em>velut</em></strong></span> <span class='ocrx_word' id='word_1_112' title='bbox 1768 2023 2272 2106; x_wconf 74' lang='lat' dir='ltr'><strong><em>subscriptores:</em></strong></span> <span class='ocrx_word' id='word_1_113' title='bbox 2311 2044 2550 2089; x_wconf 79' lang='lat' dir='ltr'><strong><em>verum</em></strong></span> 
     </span>
     <span class='ocr_line' id='line_1_18' title="bbox 587 2108 2549 2198; baseline -0.001 -20"><span class='ocrx_word' id='word_1_114' title='bbox 587 2112 742 2198; x_wconf 90' lang='lat' dir='ltr'><strong><em>quia</em></strong></span> <span class='ocrx_word' id='word_1_115' title='bbox 801 2131 959 2177; x_wconf 91' lang='lat' dir='ltr'><strong><em>mox</em></strong></span> <span class='ocrx_word' id='word_1_116' title='bbox 1000 2112 1323 2194; x_wconf 88' lang='lat' dir='ltr'><strong><em>sequitur:</em></strong></span> <span class='ocrx_word' id='word_1_117' title='bbox 1393 2108 1495 2175; x_wconf 91' lang='lat' dir='ltr'><strong><em>Ne</em></strong></span> <span class='ocrx_word' id='word_1_118' title='bbox 1538 2112 1779 2194; x_wconf 90' lang='lat' dir='ltr'><strong><em>iungas</em></strong></span> <span class='ocrx_word' id='word_1_119' title='bbox 1823 2129 2095 2175; x_wconf 89' lang='lat' dir='ltr'><strong><em>manum</em></strong></span> <span class='ocrx_word' id='word_1_120' title='bbox 2149 2117 2366 2189; x_wconf 90' lang='lat' dir='ltr'><strong><em>tuam,</em></strong></span> <span class='ocrx_word' id='word_1_121' title='bbox 2421 2131 2549 2193; x_wconf 89' lang='lat' dir='ltr'><strong><em>quo</em></strong></span> 
     </span>
     <span class='ocr_line' id='line_1_19' title="bbox 587 2193 2549 2274; baseline -0.001 -10"><span class='ocrx_word' id='word_1_122' title='bbox 587 2198 825 2265; x_wconf 88' lang='lat' dir='ltr'><strong><em>melius</em></strong></span> <span class='ocrx_word' id='word_1_123' title='bbox 884 2198 1060 2262; x_wconf 89' lang='lat' dir='ltr'><strong><em>inter</em></strong></span> <span class='ocrx_word' id='word_1_124' title='bbox 1113 2218 1183 2263; x_wconf 89' lang='lat' dir='ltr'><strong><em>se</em></strong></span> <span class='ocrx_word' id='word_1_125' title='bbox 1238 2196 1637 2263; x_wconf 76' lang='lat' dir='ltr'><strong><em>cohaereant</em></strong></span> <span class='ocrx_word' id='word_1_126' title='bbox 1692 2193 1820 2260; x_wconf 91' lang='lat' dir='ltr'><strong><em>duo</em></strong></span> <span class='ocrx_word' id='word_1_127' title='bbox 1882 2194 2203 2274; x_wconf 89' lang='lat' dir='ltr'><strong><em>membra,</em></strong></span> <span class='ocrx_word' id='word_1_128' title='bbox 2265 2195 2549 2262; x_wconf 87' lang='lat' dir='ltr'><strong><em>libenter</em></strong></span> 
     </span>
     <span class='ocr_line' id='line_1_20' title="bbox 585 2279 2548 2369; baseline -0.001 -19"><span class='ocrx_word' id='word_1_129' title='bbox 585 2284 946 2369; x_wconf 90' lang='lat' dir='ltr'><strong><em>amplector</em></strong></span> <span class='ocrx_word' id='word_1_130' title='bbox 988 2282 1170 2348; x_wconf 90' lang='lat' dir='ltr'><strong><em>illam</em></strong></span> <span class='ocrx_word' id='word_1_131' title='bbox 1214 2283 1612 2349; x_wconf 83' lang='lat' dir='ltr'><strong><em>versionem:</em></strong></span> <span class='ocrx_word' id='word_1_132' title='bbox 1656 2279 1760 2346; x_wconf 90' lang='lat' dir='ltr'><strong><em>Ne</em></strong></span> <span class='ocrx_word' id='word_1_133' title='bbox 1802 2281 2133 2364; x_wconf 87' lang='lat' dir='ltr'><strong><em>suscipias.</em></strong></span> <span class='ocrx_word' id='word_1_134' title='bbox 2211 2281 2302 2345; x_wconf 86' lang='lat' dir='ltr'><strong><em>Et</em></strong></span> <span class='ocrx_word' id='word_1_135' title='bbox 2342 2282 2548 2365; x_wconf 88' lang='lat' dir='ltr'><strong><em>aptis·</em></strong></span> 
     </span>
     <span class='ocr_line' id='line_1_21' title="bbox 588 2366 2549 2451; baseline -0.002 -14"><span class='ocrx_word' id='word_1_136' title='bbox 588 2371 753 2437; x_wconf 89' lang='lat' dir='ltr'><strong><em>sime</em></strong></span> <span class='ocrx_word' id='word_1_137' title='bbox 797 2371 922 2436; x_wconf 89' lang='lat' dir='ltr'><strong><em>hoc</em></strong></span> <span class='ocrx_word' id='word_1_138' title='bbox 965 2368 1169 2434; x_wconf 85' lang='lat' dir='ltr'><strong><em>verbo</em></strong></span> <span class='ocrx_word' id='word_1_139' title='bbox 1213 2368 1424 2434; x_wconf 87' lang='lat' dir='ltr'><strong><em>utitur</em></strong></span> <span class='ocrx_word' id='word_1_140' title='bbox 1462 2368 1716 2446; x_wconf 85' lang='lat' dir='ltr'><strong><em>Moses,</em></strong></span> <span class='ocrx_word' id='word_1_141' title='bbox 1772 2367 1930 2451; x_wconf 90' lang='lat' dir='ltr'><strong><em>quia</em></strong></span> <span class='ocrx_word' id='word_1_142' title='bbox 1978 2366 2392 2433; x_wconf 88' lang='lat' dir='ltr'><strong><em>mendacium</em></strong></span> <span class='ocrx_word' id='word_1_143' title='bbox 2427 2387 2549 2433; x_wconf 89' lang='lat' dir='ltr'><strong><em>sua</em></strong></span> 
     </span>
     <span class='ocr_line' id='line_1_22' title="bbox 587 2452 2549 2538; baseline -0.003 -15"><span class='ocrx_word' id='word_1_144' title='bbox 587 2456 882 2524; x_wconf 82' lang='lat' dir='ltr'><strong><em>vanitate</em></strong></span> <span class='ocrx_word' id='word_1_145' title='bbox 939 2461 1170 2538; x_wconf 91' lang='lat' dir='ltr'><strong><em>sponte</em></strong></span> <span class='ocrx_word' id='word_1_146' title='bbox 1228 2453 1586 2533; x_wconf 88' lang='lat' dir='ltr'><strong><em>difflueret,</em></strong></span> <span class='ocrx_word' id='word_1_147' title='bbox 1645 2452 1748 2519; x_wconf 88' lang='lat' dir='ltr'><strong><em>vel</em></strong></span> <span class='ocrx_word' id='word_1_148' title='bbox 1786 2452 2146 2530; x_wconf 84' lang='lat' dir='ltr'><strong><em>excideret,</em></strong></span> <span class='ocrx_word' id='word_1_149' title='bbox 2211 2453 2340 2519; x_wconf 91' lang='lat' dir='ltr'><strong><em>nisi</em></strong></span> <span class='ocrx_word' id='word_1_150' title='bbox 2398 2474 2549 2538; x_wconf 90' lang='lat' dir='ltr'><strong><em>per-</em></strong></span> 
     </span>
     <span class='ocr_line' id='line_1_23' title="bbox 587 2538 2547 2624; baseline -0.002 -15"><span class='ocrx_word' id='word_1_151' title='bbox 587 2563 782 2609; x_wconf 83' lang='lat' dir='ltr'><strong><em>verso</em></strong></span> <span class='ocrx_word' id='word_1_152' title='bbox 826 2541 1103 2609; x_wconf 91' lang='lat' dir='ltr'><strong><em>aliorum</em></strong></span> <span class='ocrx_word' id='word_1_153' title='bbox 1146 2560 1471 2607; x_wconf 89' lang='lat' dir='ltr'><strong><em>consensu</em></strong></span> <span class='ocrx_word' id='word_1_154' title='bbox 1515 2547 1860 2622; x_wconf 88' lang='lat' dir='ltr'><strong><em>exceptum</em></strong></span> <span class='ocrx_word' id='word_1_155' title='bbox 1902 2538 2262 2606; x_wconf 84' lang='lat' dir='ltr'><strong><em>fulciretur.</em></strong></span> <span class='ocrx_word' id='word_1_156' title='bbox 2362 2539 2547 2624; x_wconf 85' lang='lat' dir='ltr'><strong><em>Ergo</em></strong></span> 
     </span>
     <span class='ocr_line' id='line_1_24' title="bbox 590 2625 2548 2710; baseline -0.002 -16"><span class='ocrx_word' id='word_1_157' title='bbox 590 2630 673 2695; x_wconf 91' lang='lat' dir='ltr'><strong><em>ab</em></strong></span> <span class='ocrx_word' id='word_1_158' title='bbox 721 2629 845 2695; x_wconf 89' lang='lat' dir='ltr'><strong><em>hac</em></strong></span> <span class='ocrx_word' id='word_1_159' title='bbox 900 2626 1384 2710; x_wconf 82' lang='lat' dir='ltr'><strong><em>conspiratione</em></strong></span> <span class='ocrx_word' id='word_1_160' title='bbox 1439 2646 1593 2692; x_wconf 88' lang='lat' dir='ltr'><strong><em>suos</em></strong></span> <span class='ocrx_word' id='word_1_161' title='bbox 1636 2625 1821 2690; x_wconf 88' lang='lat' dir='ltr'><strong><em>Deus</em></strong></span> <span class='ocrx_word' id='word_1_162' title='bbox 1880 2634 2146 2691; x_wconf 85' lang='lat' dir='ltr'><strong><em>revocat</em></strong></span> <span class='ocrx_word' id='word_1_163' title='bbox 2188 2646 2272 2690; x_wconf 92' lang='lat' dir='ltr'><strong><em>ne</em></strong></span> <span class='ocrx_word' id='word_1_164' title='bbox 2312 2645 2548 2710; x_wconf 90' lang='lat' dir='ltr'><strong><em>operas</em></strong></span> 
     </span>
     <span class='ocr_line' id='line_1_25' title="bbox 585 2710 2548 2794; baseline -0.002 -13"><span class='ocrx_word' id='word_1_165' title='bbox 585 2713 895 2781; x_wconf 85' lang='lat' dir='ltr'><strong><em>sociando</em></strong></span> <span class='ocrx_word' id='word_1_166' title='bbox 931 2713 1399 2779; x_wconf 84' lang='lat' dir='ltr'><strong><em>circumferant</em></strong></span> <span class='ocrx_word' id='word_1_167' title='bbox 1441 2713 1593 2777; x_wconf 88' lang='lat' dir='ltr'><strong><em>ficta</em></strong></span> <span class='ocrx_word' id='word_1_168' title='bbox 1637 2710 1947 2777; x_wconf 87' lang='lat' dir='ltr'><strong><em>crimina:</em></strong></span> <span class='ocrx_word' id='word_1_169' title='bbox 1986 2730 2063 2776; x_wconf 90' lang='lat' dir='ltr'><strong><em>ac</em></strong></span> <span class='ocrx_word' id='word_1_170' title='bbox 2096 2731 2208 2776; x_wconf 90' lang='grc'><strong><em>606</em></strong></span> <span class='ocrx_word' id='word_1_171' title='bbox 2250 2711 2365 2794; x_wconf 91' lang='lat' dir='ltr'><strong><em>qui</em></strong></span> <span class='ocrx_word' id='word_1_172' title='bbox 2406 2732 2548 2777; x_wconf 92' lang='lat' dir='ltr'><strong><em>ma·</em></strong></span> 
     </span>
     <span class='ocr_line' id='line_1_26' title="bbox 588 2795 2545 2884; baseline -0.003 -18"><span class='ocrx_word' id='word_1_173' title='bbox 588 2821 753 2866; x_wconf 88' lang='lat' dir='ltr'><strong><em>num</em></strong></span> <span class='ocrx_word' id='word_1_174' title='bbox 830 2800 1145 2883; x_wconf 89' lang='lat' dir='ltr'><strong><em>improbis</em></strong></span> <span class='ocrx_word' id='word_1_175' title='bbox 1219 2797 1645 2884; x_wconf 80' lang='lat' dir='ltr'><strong><em>porrigendO,</em></strong></span> <span class='ocrx_word' id='word_1_176' title='bbox 1734 2798 2067 2881; x_wconf 67' lang='lat' dir='ltr'><strong><em>proximos</em></strong></span> <span class='ocrx_word' id='word_1_177' title='bbox 2168 2795 2545 2875; x_wconf 87' lang='lat' dir='ltr'><strong><em>traducunt,</em></strong></span> 
     </span>
     <span class='ocr_line' id='line_1_27' title="bbox 587 2882 2547 2965; baseline -0.002 -14"><span class='ocrx_word' id='word_1_178' title='bbox 587 2887 788 2953; x_wconf 85' lang='lat' dir='ltr'><strong><em>falsos</em></strong></span> <span class='ocrx_word' id='word_1_179' title='bbox 824 2897 1026 2952; x_wconf 89' lang='lat' dir='ltr'><strong><em>testes</em></strong></span> <span class='ocrx_word' id='word_1_180' title='bbox 1061 2885 1393 2951; x_wconf 88' lang='lat' dir='ltr'><strong><em>nominat:</em></strong></span> <span class='ocrx_word' id='word_1_181' title='bbox 1483 2885 1590 2949; x_wconf 90' lang='lat' dir='ltr'><strong><em>uia</em></strong></span> <span class='ocrx_word' id='word_1_182' title='bbox 1624 2902 1855 2965; x_wconf 90' lang='lat' dir='ltr'><strong><em>parum</em></strong></span> <span class='ocrx_word' id='word_1_183' title='bbox 1899 2883 2179 2949; x_wconf 89' lang='lat' dir='ltr'><strong><em>interest</em></strong></span> <span class='ocrx_word' id='word_1_184' title='bbox 2211 2882 2547 2948; x_wconf 89' lang='lat' dir='ltr'><strong><em>excitesne</em></strong></span> 
     </span>
     <span class='ocr_line' id='line_1_28' title="bbox 584 2967 2547 3049; baseline -0.002 -11"><span class='ocrx_word' id='word_1_185' title='bbox 584 2972 840 3040; x_wconf 87' lang='lat' dir='ltr'><strong><em>crimen</em></strong></span> <span class='ocrx_word' id='word_1_186' title='bbox 883 2994 969 3037; x_wconf 90' lang='lat' dir='ltr'><strong><em>an</em></strong></span> <span class='ocrx_word' id='word_1_187' title='bbox 1013 2971 1362 3038; x_wconf 84' lang='lat' dir='ltr'><strong><em>sustineas.</em></strong></span> <span class='ocrx_word' id='word_1_188' title='bbox 1509 2968 1800 3036; x_wconf 91' lang='lat' dir='ltr'><strong><em>ecundus</em></strong></span> <span class='ocrx_word' id='word_1_189' title='bbox 1845 2989 2108 3049; x_wconf 84' lang='lat' dir='ltr'><strong><em>versus,</em></strong></span> <span class='ocrx_word' id='word_1_190' title='bbox 2166 2969 2223 3036; x_wconf 89' lang='lat' dir='ltr'><strong><em>si</em></strong></span> <span class='ocrx_word' id='word_1_191' title='bbox 2267 2989 2418 3034; x_wconf 91' lang='lat' dir='ltr'><strong><em>eum</em></strong></span> <span class='ocrx_word' id='word_1_192' title='bbox 2462 2967 2547 3034; x_wconf 88' lang='lat' dir='ltr'><strong><em>ad</em></strong></span> 
     </span>
     <span class='ocr_line' id='line_1_29' title="bbox 586 3055 2544 3141; baseline -0.002 -17"><span class='ocrx_word' id='word_1_193' title='bbox 586 3056 834 3126; x_wconf 86' lang='lat' dir='ltr'><strong><em>iudices</em></strong></span> <span class='ocrx_word' id='word_1_194' title='bbox 913 3059 1316 3141; x_wconf 82' lang='lat' dir='ltr'><strong><em>restringere</em></strong></span> <span class='ocrx_word' id='word_1_195' title='bbox 1403 3056 1689 3141; x_wconf 88' lang='lat' dir='ltr'><strong><em>placeat,</em></strong></span> <span class='ocrx_word' id='word_1_196' title='bbox 1769 3055 2102 3139; x_wconf 84' lang='lat' dir='ltr'><strong><em>appendix</em></strong></span> <span class='ocrx_word' id='word_1_197' title='bbox 2167 3064 2342 3122; x_wconf 89' lang='lat' dir='ltr'><strong><em>esset</em></strong></span> <span class='ocrx_word' id='word_1_198' title='bbox 2404 3064 2544 3120; x_wconf 92' lang='lat' dir='ltr'><strong><em>tam</em></strong></span> 
     </span>
     <span class='ocr_line' id='line_1_30' title="bbox 585 3141 2545 3229; baseline -0.002 -18"><span class='ocrx_word' id='word_1_199' title='bbox 585 3145 766 3212; x_wconf 89' lang='lat' dir='ltr'><strong><em>sexti</em></strong></span> <span class='ocrx_word' id='word_1_200' title='bbox 829 3165 1026 3229; x_wconf 90' lang='lat' dir='ltr'><strong><em>quam</em></strong></span> <span class='ocrx_word' id='word_1_201' title='bbox 1085 3146 1299 3210; x_wconf 81' lang='lat' dir='ltr'><strong><em>octavi</em></strong></span> <span class='ocrx_word' id='word_1_202' title='bbox 1355 3142 1722 3227; x_wconf 87' lang='lat' dir='ltr'><strong><em>praecepti,</em></strong></span> <span class='ocrx_word' id='word_1_203' title='bbox 1782 3163 1869 3207; x_wconf 90' lang='lat' dir='ltr'><strong><em>ne</em></strong></span> <span class='ocrx_word' id='word_1_204' title='bbox 1911 3142 2060 3226; x_wconf 84' lang='lat' dir='ltr'><strong><em>quis</em></strong></span> <span class='ocrx_word' id='word_1_205' title='bbox 2103 3141 2354 3209; x_wconf 87' lang='lat' dir='ltr'><strong><em>scilicet</em></strong></span> <span class='ocrx_word' id='word_1_206' title='bbox 2392 3161 2545 3225; x_wconf 90' lang='lat' dir='ltr'><strong><em>per·</em></strong></span> 
     </span>
     <span class='ocr_line' id='line_1_31' title="bbox 587 3226 2546 3306; baseline -0.003 -9"><span class='ocrx_word' id='word_1_207' title='bbox 587 3231 799 3298; x_wconf 84' lang='lat' dir='ltr'><strong><em>versis</em></strong></span> <span class='ocrx_word' id='word_1_208' title='bbox 867 3231 1149 3296; x_wconf 91' lang='lat' dir='ltr'><strong><em>aliorum</em></strong></span> <span class='ocrx_word' id='word_1_209' title='bbox 1231 3230 1577 3296; x_wconf 86' lang='lat' dir='ltr'><strong><em>sententiis</em></strong></span> <span class='ocrx_word' id='word_1_210' title='bbox 1650 3226 1882 3293; x_wconf 81' lang='lat' dir='ltr'><strong><em>volens</em></strong></span> <span class='ocrx_word' id='word_1_211' title='bbox 1966 3227 2185 3306; x_wconf 89' lang='lat' dir='ltr'><strong><em>cedat,</em></strong></span> <span class='ocrx_word' id='word_1_212' title='bbox 2265 3227 2410 3294; x_wconf 83' lang='lat' dir='ltr'><strong><em>sive</em></strong></span> <span class='ocrx_word' id='word_1_213' title='bbox 2471 3228 2546 3292; x_wconf 91' lang='lat' dir='ltr'><strong><em>in</em></strong></span> 
     </span>
     <span class='ocr_line' id='line_1_32' title="bbox 583 3311 2547 3397; baseline -0.002 -14"><span class='ocrx_word' id='word_1_214' title='bbox 583 3317 1041 3396; x_wconf 85' lang='lat' dir='ltr'><strong><em>facultatibus,</em></strong></span> <span class='ocrx_word' id='word_1_215' title='bbox 1084 3317 1224 3382; x_wconf 89' lang='lat' dir='ltr'><strong><em>sive</em></strong></span> <span class='ocrx_word' id='word_1_216' title='bbox 1278 3317 1349 3381; x_wconf 91' lang='lat' dir='ltr'><strong><em>in</em></strong></span> <span class='ocrx_word' id='word_1_217' title='bbox 1405 3317 1545 3382; x_wconf 84' lang='lat' dir='ltr'><strong><em>vita</em></strong></span> <span class='ocrx_word' id='word_1_218' title='bbox 1587 3315 1840 3381; x_wconf 91' lang='lat' dir='ltr'><strong><em>iustum</em></strong></span> <span class='ocrx_word' id='word_1_219' title='bbox 1892 3314 2287 3397; x_wconf 88' lang='lat' dir='ltr'><strong><em>opprimant.</em></strong></span> <span class='ocrx_word' id='word_1_220' title='bbox 2377 3311 2547 3381; x_wconf 83' lang='lat' dir='ltr'><strong><em>an-</em></strong></span> 
     </span>
     <span class='ocr_line' id='line_1_33' title="bbox 583 3398 2545 3487; baseline -0.003 -19"><span class='ocrx_word' id='word_1_221' title='bbox 583 3411 800 3469; x_wconf 89' lang='lat' dir='ltr'><strong><em>terum</em></strong></span> <span class='ocrx_word' id='word_1_222' title='bbox 846 3403 1000 3487; x_wconf 90' lang='lat' dir='ltr'><strong><em>quia</em></strong></span> <span class='ocrx_word' id='word_1_223' title='bbox 1042 3402 1284 3468; x_wconf 85' lang='lat' dir='ltr'><strong><em>vitium</em></strong></span> <span class='ocrx_word' id='word_1_224' title='bbox 1328 3402 1573 3467; x_wconf 89' lang='lat' dir='ltr'><strong><em>nimiae</em></strong></span> <span class='ocrx_word' id='word_1_225' title='bbox 1617 3398 2019 3467; x_wconf 87' lang='lat' dir='ltr'><strong><em>crudelitatis</em></strong></span> <span class='ocrx_word' id='word_1_226' title='bbox 2056 3399 2545 3484; x_wconf 83' lang='lat' dir='ltr'><strong><em>perstringitur,</em></strong></span> 
     </span>
     <span class='ocr_line' id='line_1_34' title="bbox 585 3484 2547 3573; baseline -0.002 -18"><span class='ocrx_word' id='word_1_227' title='bbox 585 3508 716 3573; x_wconf 91' lang='lat' dir='ltr'><strong><em>quo</em></strong></span> <span class='ocrx_word' id='word_1_228' title='bbox 774 3489 850 3554; x_wconf 83' lang='lat' dir='ltr'><strong><em>fit</em></strong></span> <span class='ocrx_word' id='word_1_229' title='bbox 913 3496 988 3555; x_wconf 90' lang='lat' dir='ltr'><strong><em>ut</em></strong></span> <span class='ocrx_word' id='word_1_230' title='bbox 1059 3487 1479 3553; x_wconf 86' lang='lat' dir='ltr'><strong><em>mendacium</em></strong></span> <span class='ocrx_word' id='word_1_231' title='bbox 1539 3484 1949 3572; x_wconf 83' lang='lat' dir='ltr'><strong><em>praevaleat,</em></strong></span> <span class='ocrx_word' id='word_1_232' title='bbox 2017 3485 2175 3552; x_wconf 92' lang='lat' dir='ltr'><strong><em>dum</em></strong></span> <span class='ocrx_word' id='word_1_233' title='bbox 2241 3484 2547 3551; x_wconf 86' lang='lat' dir='ltr'><strong><em>tenebras</em></strong></span> 
     </span>
     <span class='ocr_line' id='line_1_35' title="bbox 581 3569 2547 3656; baseline -0.002 -15"><span class='ocrx_word' id='word_1_234' title='bbox 581 3574 801 3641; x_wconf 90' lang='lat' dir='ltr'><strong><em>clarae</em></strong></span> <span class='ocrx_word' id='word_1_235' title='bbox 842 3573 974 3640; x_wconf 90' lang='lat' dir='ltr'><strong><em>luci</em></strong></span> <span class='ocrx_word' id='word_1_236' title='bbox 1018 3573 1354 3640; x_wconf 91' lang='lat' dir='ltr'><strong><em>obducunt</em></strong></span> <span class='ocrx_word' id='word_1_237' title='bbox 1408 3573 1954 3656; x_wconf 88' lang='lat' dir='ltr'><strong><em>calumniatores,</em></strong></span> <span class='ocrx_word' id='word_1_238' title='bbox 2014 3583 2165 3656; x_wconf 90' lang='lat' dir='ltr'><strong><em>apte</em></strong></span> <span class='ocrx_word' id='word_1_239' title='bbox 2223 3569 2306 3636; x_wconf 91' lang='lat' dir='ltr'><strong><em>ad</em></strong></span> <span class='ocrx_word' id='word_1_240' title='bbox 2365 3570 2547 3637; x_wconf 89' lang='lat' dir='ltr'><strong><em>hunc</em></strong></span> 
     </span>
     <span class='ocr_line' id='line_1_36' title="bbox 584 3658 1394 3727; baseline 0.001 -3"><span class='ocrx_word' id='word_1_241' title='bbox 584 3661 801 3727; x_wconf 91' lang='lat' dir='ltr'><strong><em>locum</em></strong></span> <span class='ocrx_word' id='word_1_242' title='bbox 846 3658 1394 3726; x_wconf 88' lang='lat' dir='ltr'><strong><em>accommodatur.</em></strong></span> 
     </span>
    </p>

    <p class='ocr_par' dir='ltr' id='par_1_5' title="bbox 585 3740 2549 4433">
     <span class='ocr_line' id='line_1_37' title="bbox 761 3740 2546 3829; baseline -0.002 -19"><span class='ocrx_word' id='word_1_243' title='bbox 761 3746 821 3812; x_wconf 94' lang='grc'><strong><em>7.</em></strong></span> <span class='ocrx_word' id='word_1_244' title='bbox 868 3746 934 3813; x_wconf 85' lang='grc' dir='ltr'><strong><em>Α</em></strong></span> <span class='ocrx_word' id='word_1_245' title='bbox 977 3765 1253 3812; x_wconf 77' lang='lat' dir='ltr'><strong><em>sermone</em></strong></span> <span class='ocrx_word' id='word_1_246' title='bbox 1308 3745 1625 3812; x_wconf 78' lang='lat' dir='ltr'><strong><em>mendacii</em></strong></span> <span class='ocrx_word' id='word_1_247' title='bbox 1680 3743 1852 3829; x_wconf 73' lang='lat' dir='ltr'><strong><em>lonye</em></strong></span> <span class='ocrx_word' id='word_1_248' title='bbox 1893 3745 2125 3809; x_wconf 84' lang='lat' dir='ltr'><strong><em>aberis.</em></strong></span> <span class='ocrx_word' id='word_1_249' title='bbox 2213 3740 2546 3823; x_wconf 78' lang='lat' dir='ltr'><strong><em>Quoniam</em></strong></span> 
     </span>
     <span class='ocr_line' id='line_1_38' title="bbox 585 3831 2547 3916; baseline -0.002 -19"><span class='ocrx_word' id='word_1_250' title='bbox 585 3831 667 3898; x_wconf 90' lang='lat' dir='ltr'><strong><em>de</em></strong></span> <span class='ocrx_word' id='word_1_251' title='bbox 723 3832 1033 3916; x_wconf 90' lang='lat' dir='ltr'><strong><em>periuriis</em></strong></span> <span class='ocrx_word' id='word_1_252' title='bbox 1091 3832 1270 3915; x_wconf 90' lang='lat' dir='ltr'><strong><em>loqui</em></strong></span> <span class='ocrx_word' id='word_1_253' title='bbox 1316 3831 1579 3898; x_wconf 82' lang='lat' dir='ltr'><strong><em>videtur</em></strong></span> <span class='ocrx_word' id='word_1_254' title='bbox 1617 3850 1784 3915; x_wconf 90' lang='lat' dir='ltr'><strong><em>quae</em></strong></span> <span class='ocrx_word' id='word_1_255' title='bbox 1834 3831 2207 3898; x_wconf 90' lang='lat' dir='ltr'><strong><em>insontibus</em></strong></span> <span class='ocrx_word' id='word_1_256' title='bbox 2265 3840 2547 3894; x_wconf 91' lang='lat' dir='ltr'><strong><em>mortem</em></strong></span> 
     </span>
     <span class='ocr_line' id='line_1_39' title="bbox 586 3914 2546 4002; baseline -0.002 -19"><span class='ocrx_word' id='word_1_257' title='bbox 586 3927 964 3986; x_wconf 88' lang='lat' dir='ltr'><strong><em>accersunt:</em></strong></span> <span class='ocrx_word' id='word_1_258' title='bbox 1025 3916 1412 4002; x_wconf 90' lang='lat' dir='ltr'><strong><em>quibusdam</em></strong></span> <span class='ocrx_word' id='word_1_259' title='bbox 1470 3918 1641 3983; x_wconf 88' lang='lat' dir='ltr'><strong><em>forte</em></strong></span> <span class='ocrx_word' id='word_1_260' title='bbox 1682 3918 1898 4001; x_wconf 88' lang='lat' dir='ltr'><strong><em>magis</em></strong></span> <span class='ocrx_word' id='word_1_261' title='bbox 1954 3916 2270 4000; x_wconf 85' lang='lat' dir='ltr'><strong><em>placeret,</em></strong></span> <span class='ocrx_word' id='word_1_262' title='bbox 2325 3914 2546 3980; x_wconf 91' lang='lat' dir='ltr'><strong><em>locum</em></strong></span> 
     </span>
     <span class='ocr_line' id='line_1_40' title="bbox 586 4000 2547 4087; baseline -0.003 -17"><span class='ocrx_word' id='word_1_263' title='bbox 586 4003 766 4071; x_wconf 89' lang='lat' dir='ltr'><strong><em>hunc</em></strong></span> <span class='ocrx_word' id='word_1_264' title='bbox 794 4013 982 4071; x_wconf 85' lang='lat' dir='ltr'><strong><em>sexto</em></strong></span> <span class='ocrx_word' id='word_1_265' title='bbox 1005 4016 1349 4087; x_wconf 88' lang='lat' dir='ltr'><strong><em>praecepto</em></strong></span> <span class='ocrx_word' id='word_1_266' title='bbox 1394 4002 1597 4070; x_wconf 87' lang='lat' dir='ltr'><strong><em>fuisse</em></strong></span> <span class='ocrx_word' id='word_1_267' title='bbox 1642 4021 2006 4068; x_wconf 88' lang='lat' dir='ltr'><strong><em>annexum:</em></strong></span> <span class='ocrx_word' id='word_1_268' title='bbox 2047 4002 2162 4067; x_wconf 89' lang='lat' dir='ltr'><strong><em>sed</em></strong></span> <span class='ocrx_word' id='word_1_269' title='bbox 2196 4000 2407 4066; x_wconf 88' lang='lat' dir='ltr'><strong><em>facilis</em></strong></span> <span class='ocrx_word' id='word_1_270' title='bbox 2442 4021 2547 4066; x_wconf 91' lang='lat' dir='ltr'><strong><em>so·</em></strong></span> 
     </span>
     <span class='ocr_line' id='line_1_41' title="bbox 585 4087 2546 4174; baseline -0.003 -18"><span class='ocrx_word' id='word_1_271' title='bbox 585 4090 752 4156; x_wconf 90' lang='lat' dir='ltr'><strong><em>lutio</em></strong></span> <span class='ocrx_word' id='word_1_272' title='bbox 777 4099 896 4169; x_wconf 89' lang='lat' dir='ltr'><strong><em>est,</em></strong></span> <span class='ocrx_word' id='word_1_273' title='bbox 927 4090 1162 4155; x_wconf 85' lang='lat' dir='ltr'><strong><em>Mosen</em></strong></span> <span class='ocrx_word' id='word_1_274' title='bbox 1184 4111 1267 4155; x_wconf 91' lang='lat' dir='ltr'><strong><em>ex</em></strong></span> <span class='ocrx_word' id='word_1_275' title='bbox 1293 4089 1585 4174; x_wconf 87' lang='lat' dir='ltr'><strong><em>professo</em></strong></span> <span class='ocrx_word' id='word_1_276' title='bbox 1614 4089 1931 4155; x_wconf 90' lang='lat' dir='ltr'><strong><em>damnare</em></strong></span> <span class='ocrx_word' id='word_1_277' title='bbox 1960 4087 2128 4153; x_wconf 84' lang='lat' dir='ltr'><strong><em>falsa</em></strong></span> <span class='ocrx_word' id='word_1_278' title='bbox 2148 4087 2546 4167; x_wconf 87' lang='lat' dir='ltr'><strong><em>testimonia,</em></strong></span> 
     </span>
     <span class='ocr_line' id='line_1_42' title="bbox 588 4175 2549 4260; baseline -0.003 -18"><span class='ocrx_word' id='word_1_279' title='bbox 588 4184 655 4242; x_wconf 90' lang='lat' dir='ltr'><strong><em>et</em></strong></span> <span class='ocrx_word' id='word_1_280' title='bbox 713 4175 911 4243; x_wconf 89' lang='lat' dir='ltr'><strong><em>simul</em></strong></span> <span class='ocrx_word' id='word_1_281' title='bbox 967 4177 1252 4260; x_wconf 90' lang='lat' dir='ltr'><strong><em>speciem</em></strong></span> <span class='ocrx_word' id='word_1_282' title='bbox 1310 4196 1511 4242; x_wconf 83' lang='lat' dir='ltr'><strong><em>unam</em></strong></span> <span class='ocrx_word' id='word_1_283' title='bbox 1555 4175 1874 4257; x_wconf 81' lang='lat' dir='ltr'><strong><em>proferre,</em></strong></span> <span class='ocrx_word' id='word_1_284' title='bbox 1924 4196 2010 4240; x_wconf 92' lang='lat' dir='ltr'><strong><em>ex</em></strong></span> <span class='ocrx_word' id='word_1_285' title='bbox 2052 4194 2180 4258; x_wconf 90' lang='lat' dir='ltr'><strong><em>qua</em></strong></span> <span class='ocrx_word' id='word_1_286' title='bbox 2235 4192 2274 4237; x_wconf 92' lang='lat' dir='ltr'><strong><em>a</em></strong></span> <span class='ocrx_word' id='word_1_287' title='bbox 2323 4180 2549 4255; x_wconf 88' lang='lat' dir='ltr'><strong><em>pareat</em></strong></span> 
     </span>
     <span class='ocr_line' id='line_1_43' title="bbox 588 4260 2547 4348; baseline -0.003 -20"><span class='ocrx_word' id='word_1_288' title='bbox 588 4283 787 4348; x_wconf 89' lang='lat' dir='ltr'><strong><em>qnam</em></strong></span> <span class='ocrx_word' id='word_1_289' title='bbox 870 4261 1254 4329; x_wconf 89' lang='lat' dir='ltr'><strong><em>detestabile</em></strong></span> <span class='ocrx_word' id='word_1_290' title='bbox 1334 4262 1583 4328; x_wconf 88' lang='lat' dir='ltr'><strong><em>crimen</em></strong></span> <span class='ocrx_word' id='word_1_291' title='bbox 1664 4261 1786 4342; x_wconf 91' lang='lat' dir='ltr'><strong><em>sit,</em></strong></span> <span class='ocrx_word' id='word_1_292' title='bbox 1868 4260 2201 4327; x_wconf 89' lang='lat' dir='ltr'><strong><em>calumnia</em></strong></span> <span class='ocrx_word' id='word_1_293' title='bbox 2333 4267 2547 4325; x_wconf 90' lang='lat' dir='ltr'><strong><em>atrem</em></strong></span> 
     </span>
     <span class='ocr_line' id='line_1_44' title="bbox 588 4344 2547 4433; baseline -0.003 -18"><span class='ocrx_word' id='word_1_294' title='bbox 588 4349 898 4415; x_wconf 89' lang='lat' dir='ltr'><strong><em>obruere:</em></strong></span> <span class='ocrx_word' id='word_1_295' title='bbox 963 4369 1231 4433; x_wconf 89' lang='lat' dir='ltr'><strong><em>nempe,</em></strong></span> <span class='ocrx_word' id='word_1_296' title='bbox 1289 4348 1444 4433; x_wconf 91' lang='lat' dir='ltr'><strong><em>quia</em></strong></span> <span class='ocrx_word' id='word_1_297' title='bbox 1502 4346 1707 4414; x_wconf 84' lang='lat' dir='ltr'><strong><em>falsus</em></strong></span> <span class='ocrx_word' id='word_1_298' title='bbox 1784 4348 1971 4414; x_wconf 85' lang='lat' dir='ltr'><strong><em>testis</em></strong></span> <span class='ocrx_word' id='word_1_299' title='bbox 2038 4345 2270 4430; x_wconf 87' lang='lat' dir='ltr'><strong><em>lingua</em></strong></span> <span class='ocrx_word' id='word_1_300' title='bbox 2332 4344 2547 4429; x_wconf 89' lang='lat' dir='ltr'><strong><em>magis</em></strong></span> 
     </span>
    </p>
   </div>
   <div class='ocr_carea' id='block_1_5' title="bbox 588 4430 2595 4518">
    <p class='ocr_par' dir='ltr' id='par_1_6' title="bbox 588 4430 2595 4518">
     <span class='ocr_line' id='line_1_45' title="bbox 588 4430 2595 4518; baseline -0.003 -17"><span class='ocrx_word' id='word_1_301' title='bbox 588 4433 826 4501; x_wconf 91' lang='lat' dir='ltr'><strong><em>occidit</em></strong></span> <span class='ocrx_word' id='word_1_302' title='bbox 903 4456 1099 4518; x_wconf 88' lang='lat' dir='ltr'><strong><em>qnam</em></strong></span> <span class='ocrx_word' id='word_1_303' title='bbox 1179 4434 1475 4500; x_wconf 84' lang='lat' dir='ltr'><strong><em>carnifex</em></strong></span> <span class='ocrx_word' id='word_1_304' title='bbox 1538 4432 1774 4517; x_wconf 84' lang='lat' dir='ltr'><strong><em>gladio.</em></strong></span> <span class='ocrx_word' id='word_1_305' title='bbox 1865 4431 2190 4513; x_wconf 76' lang='lat' dir='ltr'><strong><em>Quamvis</em></strong></span> <span class='ocrx_word' id='word_1_306' title='bbox 2253 4451 2410 4512; x_wconf 83' lang='lat' dir='ltr'><strong><em>ergo</em></strong></span> <span class='ocrx_word' id='word_1_307' title='bbox 2472 4430 2546 4495; x_wconf 89' lang='grc'><strong><em>111</em></strong></span> <span class='ocrx_word' id='word_1_308' title='bbox 2571 4499 2595 4518; x_wconf 29' lang='grc' dir='ltr'><strong>Ὗ</strong></span> 
     </span>
    </p>
   </div>
   <div class='ocr_carea' id='block_1_6' title="bbox 588 4517 2544 5035">
    <p class='ocr_par' dir='ltr' id='par_1_7' title="bbox 588 4517 2544 5035">
     <span class='ocr_line' id='line_1_46' title="bbox 588 4517 2544 4605; baseline -0.002 -20"><span class='ocrx_word' id='word_1_309' title='bbox 588 4540 832 4605; x_wconf 79' lang='lat' dir='ltr'><strong><em>genere</em></strong></span> <span class='ocrx_word' id='word_1_310' title='bbox 895 4521 1163 4585; x_wconf 88' lang='lat' dir='ltr'><strong><em>mentiri</em></strong></span> <span class='ocrx_word' id='word_1_311' title='bbox 1232 4518 1548 4587; x_wconf 84' lang='lat' dir='ltr'><strong><em>adversus</em></strong></span> <span class='ocrx_word' id='word_1_312' title='bbox 1612 4519 1887 4586; x_wconf 83' lang='lat' dir='ltr'><strong><em>fratrem</em></strong></span> <span class='ocrx_word' id='word_1_313' title='bbox 1951 4518 2224 4585; x_wconf 88' lang='lat' dir='ltr'><strong><em>scelesta</em></strong></span> <span class='ocrx_word' id='word_1_314' title='bbox 2288 4517 2378 4583; x_wconf 89' lang='lat' dir='ltr'><strong><em>sit</em></strong></span> <span class='ocrx_word' id='word_1_315' title='bbox 2440 4517 2544 4582; x_wconf 91' lang='lat' dir='ltr'><strong><em>in·</em></strong></span> 
     </span>
     <span class='ocr_line' id='line_1_47' title="bbox 589 4602 2544 4692; baseline -0.002 -21"><span class='ocrx_word' id='word_1_316' title='bbox 589 4606 971 4673; x_wconf 89' lang='lat' dir='ltr'><strong><em>humanitas</em></strong></span> <span class='ocrx_word' id='word_1_317' title='bbox 989 4656 1005 4683; x_wconf 92' lang='lat'><strong><em>,</em></strong></span> <span class='ocrx_word' id='word_1_318' title='bbox 1083 4616 1362 4692; x_wconf 86' lang='lat' dir='ltr'><strong><em>augetur</em></strong></span> <span class='ocrx_word' id='word_1_319' title='bbox 1416 4617 1640 4672; x_wconf 88' lang='lat' dir='ltr'><strong><em>tamen</em></strong></span> <span class='ocrx_word' id='word_1_320' title='bbox 1711 4606 2054 4685; x_wconf 87' lang='lat' dir='ltr'><strong><em>atrocitas,</em></strong></span> <span class='ocrx_word' id='word_1_321' title='bbox 2134 4604 2192 4670; x_wconf 88' lang='lat' dir='ltr'><strong><em>si</em></strong></span> <span class='ocrx_word' id='word_1_322' title='bbox 2340 4602 2544 4668; x_wconf 89' lang='lat' dir='ltr'><strong><em>riurio</em></strong></span> 
     </span>
     <span class='ocr_line' id='line_1_48' title="bbox 589 4689 2543 4777; baseline -0.003 -19"><span class='ocrx_word' id='word_1_323' title='bbox 589 4692 926 4777; x_wconf 90' lang='lat' dir='ltr'><strong><em>iuguletur</em></strong></span> <span class='ocrx_word' id='word_1_324' title='bbox 967 4691 1207 4758; x_wconf 86' lang='lat' dir='ltr'><strong><em>frater:</em></strong></span> <span class='ocrx_word' id='word_1_325' title='bbox 1266 4693 1421 4776; x_wconf 89' lang='lat' dir='ltr'><strong><em>quia</em></strong></span> <span class='ocrx_word' id='word_1_326' title='bbox 1468 4690 1551 4756; x_wconf 91' lang='lat' dir='ltr'><strong><em>ad</em></strong></span> <span class='ocrx_word' id='word_1_327' title='bbox 1595 4690 1937 4775; x_wconf 88' lang='lat' dir='ltr'><strong><em>perfidiam</em></strong></span> <span class='ocrx_word' id='word_1_328' title='bbox 1975 4690 2226 4758; x_wconf 88' lang='lat' dir='ltr'><strong><em>accedit</em></strong></span> <span class='ocrx_word' id='word_1_329' title='bbox 2315 4689 2543 4756; x_wconf 89' lang='lat' dir='ltr'><strong><em>omici-</em></strong></span> 
     </span>
     <span class='ocr_line' id='line_1_49' title="bbox 590 4776 2542 4861; baseline -0.001 -18"><span class='ocrx_word' id='word_1_330' title='bbox 590 4778 793 4844; x_wconf 90' lang='lat' dir='ltr'><strong><em>dium.</em></strong></span> <span class='ocrx_word' id='word_1_331' title='bbox 884 4776 1172 4844; x_wconf 84' lang='lat' dir='ltr'><strong><em>Additur</em></strong></span> <span class='ocrx_word' id='word_1_332' title='bbox 1227 4778 1650 4846; x_wconf 89' lang='lat' dir='ltr'><strong><em>comminatio</em></strong></span> <span class='ocrx_word' id='word_1_333' title='bbox 1693 4797 1823 4861; x_wconf 88' lang='lat' dir='ltr'><strong><em>qua</em></strong></span> <span class='ocrx_word' id='word_1_334' title='bbox 1867 4778 2051 4843; x_wconf 88' lang='lat' dir='ltr'><strong><em>Deus</em></strong></span> <span class='ocrx_word' id='word_1_335' title='bbox 2095 4776 2297 4842; x_wconf 85' lang='lat' dir='ltr'><strong><em>falsos</em></strong></span> <span class='ocrx_word' id='word_1_336' title='bbox 2340 4785 2542 4842; x_wconf 88' lang='lat' dir='ltr'><strong><em>testes</em></strong></span> 
     </span>
     <span class='ocr_line' id='line_1_50' title="bbox 589 4859 2542 4947; baseline -0.003 -17"><span class='ocrx_word' id='word_1_337' title='bbox 589 4863 674 4930; x_wconf 89' lang='lat' dir='ltr'><strong><em>ad</em></strong></span> <span class='ocrx_word' id='word_1_338' title='bbox 710 4862 998 4931; x_wconf 85' lang='lat' dir='ltr'><strong><em>tribunal</em></strong></span> <span class='ocrx_word' id='word_1_339' title='bbox 1031 4884 1227 4929; x_wconf 90' lang='lat' dir='ltr'><strong><em>suum</em></strong></span> <span class='ocrx_word' id='word_1_340' title='bbox 1262 4865 1440 4943; x_wconf 89' lang='lat' dir='ltr'><strong><em>citat,</em></strong></span> <span class='ocrx_word' id='word_1_341' title='bbox 1479 4862 1591 4929; x_wconf 90' lang='lat' dir='ltr'><strong><em>ubi</em></strong></span> <span class='ocrx_word' id='word_1_342' title='bbox 1629 4864 1898 4947; x_wconf 90' lang='lat' dir='ltr'><strong><em>impune</em></strong></span> <span class='ocrx_word' id='word_1_343' title='bbox 1933 4884 2066 4929; x_wconf 90' lang='lat' dir='ltr'><strong><em>non</em></strong></span> <span class='ocrx_word' id='word_1_344' title='bbox 2109 4859 2393 4930; x_wconf 78' lang='lat' dir='ltr'><strong><em>evadent</em></strong></span> <span class='ocrx_word' id='word_1_345' title='bbox 2424 4860 2542 4946; x_wconf 91' lang='lat' dir='ltr'><strong><em>qui</em></strong></span> 
     </span>
     <span class='ocr_line' id='line_1_51' title="bbox 588 4948 2268 5035; baseline -0.002 -18"><span class='ocrx_word' id='word_1_346' title='bbox 588 4951 727 5017; x_wconf 88' lang='lat' dir='ltr'><strong><em>suis</em></strong></span> <span class='ocrx_word' id='word_1_347' title='bbox 769 4949 1131 5017; x_wconf 86' lang='lat' dir='ltr'><strong><em>mendaciis</em></strong></span> <span class='ocrx_word' id='word_1_348' title='bbox 1173 4950 1542 5035; x_wconf 89' lang='lat' dir='ltr'><strong><em>periculum</em></strong></span> <span class='ocrx_word' id='word_1_349' title='bbox 1584 4948 1775 5016; x_wconf 88' lang='lat' dir='ltr'><strong><em>bonis</em></strong></span> <span class='ocrx_word' id='word_1_350' title='bbox 1817 4949 2268 5016; x_wconf 85' lang='lat' dir='ltr'><strong><em>conflaverint.</em></strong></span> 
     </span>
    </p>
   </div>
   <div class='ocr_carea' id='block_1_7' title="bbox 2087 372 3128 443">
    <p class='ocr_par' dir='ltr' id='par_1_8' title="bbox 2087 372 3128 443">
     <span class='ocr_line' id='line_1_52' title="bbox 2087 372 3128 443; baseline 0.004 -4"><span class='ocrx_word' id='word_1_351' title='bbox 2087 372 2155 439; x_wconf 84' lang='lat' dir='ltr'>N</span> <span class='ocrx_word' id='word_1_352' title='bbox 2158 372 2430 441; x_wconf 76' lang='lat' dir='ltr'>ONUM</span> <span class='ocrx_word' id='word_1_353' title='bbox 2474 372 3128 443; x_wconf 71' lang='lat' dir='ltr'><strong><em>PRAEOEPTUM.</em></strong></span> 
     </span>
    </p>
   </div>
   <div class='ocr_carea' id='block_1_8' title="bbox 2592 587 2622 5111">
    <p class='ocr_par' dir='ltr' id='par_1_9' title="bbox 2592 587 2622 5111">
     <span class='ocr_line' id='line_1_53' title="bbox 2592 587 2622 5111; baseline 0 0"><span class='ocrx_word' id='word_1_354' title='bbox 2592 587 2622 5111; x_wconf 95' lang='lat' dir='ltr'><strong><em> </em></strong></span> 
     </span>
    </p>
   </div>
   <div class='ocr_carea' id='block_1_9' title="bbox 4474 385 4583 454">
    <p class='ocr_par' dir='ltr' id='par_1_10' title="bbox 4474 385 4583 454">
     <span class='ocr_line' id='line_1_54' title="bbox 4474 385 4583 454; baseline 0.037 -4"><span class='ocrx_word' id='word_1_355' title='bbox 4474 385 4583 454; x_wconf 84' lang='grc'><strong><em>716</em></strong></span> 
     </span>
    </p>
   </div>
   <div class='ocr_carea' id='block_1_10' title="bbox 2644 562 4583 5118">
    <p class='ocr_par' dir='ltr' id='par_1_11' title="bbox 2661 562 4583 906">
     <span class='ocr_line' id='line_1_55' title="bbox 2840 562 4583 645; baseline 0.007 -17"><span class='ocrx_word' id='word_1_356' title='bbox 2840 562 3058 630; x_wconf 84' lang='lat' dir='ltr'><strong><em>Levit.</em></strong></span> <span class='ocrx_word' id='word_1_357' title='bbox 3129 563 3232 645; x_wconf 88' lang='grc'><strong><em>19,</em></strong></span> <span class='ocrx_word' id='word_1_358' title='bbox 3296 566 3398 632; x_wconf 89' lang='grc'><strong><em>16.</em></strong></span> <span class='ocrx_word' id='word_1_359' title='bbox 3467 566 3616 633; x_wconf 86' lang='lat' dir='ltr'><strong><em>Non</em></strong></span> <span class='ocrx_word' id='word_1_360' title='bbox 3654 567 3916 636; x_wconf 80' lang='lat' dir='ltr'><strong><em>incedes.</em></strong></span> <span class='ocrx_word' id='word_1_361' title='bbox 4005 569 4255 637; x_wconf 82' lang='lat' dir='ltr'><strong><em>Eadem</em></strong></span> <span class='ocrx_word' id='word_1_362' title='bbox 4301 571 4456 637; x_wconf 74' lang='lat' dir='ltr'><strong><em>rafio</em></strong></span> <span class='ocrx_word' id='word_1_363' title='bbox 4492 592 4583 640; x_wconf 88' lang='lat' dir='ltr'><strong><em>se-</em></strong></span> 
     </span>
     <span class='ocr_line' id='line_1_56' title="bbox 2664 646 4583 741; baseline 0.007 -28"><span class='ocrx_word' id='word_1_364' title='bbox 2664 646 2867 713; x_wconf 89' lang='lat' dir='ltr'><strong><em>cundi</em></strong></span> <span class='ocrx_word' id='word_1_365' title='bbox 2909 648 3190 715; x_wconf 90' lang='lat' dir='ltr'><strong><em>membri</em></strong></span> <span class='ocrx_word' id='word_1_366' title='bbox 3232 671 3400 735; x_wconf 91' lang='lat' dir='ltr'><strong><em>quae</em></strong></span> <span class='ocrx_word' id='word_1_367' title='bbox 3429 652 3498 718; x_wconf 91' lang='lat' dir='ltr'><strong><em>in</em></strong></span> <span class='ocrx_word' id='word_1_368' title='bbox 3533 653 3835 737; x_wconf 90' lang='lat' dir='ltr'><strong><em>proximo</em></strong></span> <span class='ocrx_word' id='word_1_369' title='bbox 3876 674 4087 736; x_wconf 85' lang='lat' dir='ltr'><strong><em>versu,</em></strong></span> <span class='ocrx_word' id='word_1_370' title='bbox 4131 658 4281 740; x_wconf 89' lang='lat' dir='ltr'><strong><em>quia</em></strong></span> <span class='ocrx_word' id='word_1_371' title='bbox 4322 659 4583 741; x_wconf 85' lang='lat' dir='ltr'><strong><em>generali</em></strong></span> 
     </span>
     <span class='ocr_line' id='line_1_57' title="bbox 2661 736 4580 906; baseline 0.006 -22"><span class='ocrx_word' id='word_1_372' title='bbox 2661 753 2893 885; x_wconf 56' lang='lat'><strong><em>35:1⁰3</em></strong></span> <span class='ocrx_word' id='word_1_373' title='bbox 2893 755 2938 819; x_wconf 70' lang='grc' dir='ltr'>Ρ</span> <span class='ocrx_word' id='word_1_374' title='bbox 2940 736 3213 906; x_wconf 47' lang='lat' dir='ltr'><strong><em>mn</em></strong></span> <span class='ocrx_word' id='word_1_375' title='bbox 3215 738 3392 890; x_wconf 61' lang='lat'><strong><em>:5²:¹3²</em></strong></span> <span class='ocrx_word' id='word_1_376' title='bbox 3413 748 3810 891; x_wconf 56' lang='lat' dir='ltr'><strong><em>23¹⁰·1&#39;1ismss1‘</em></strong></span> <span class='ocrx_word' id='word_1_377' title='bbox 3810 762 3903 892; x_wconf 61' lang='grc' dir='ltr'><strong><em>ἲ,</em></strong></span> <span class='ocrx_word' id='word_1_378' title='bbox 3924 739 4419 894; x_wconf 62' lang='lat' dir='ltr'><strong><em>⁰¹²⁸²⁶⁰¹²3¹³¹i32¹2⁶⁵</em></strong></span> <span class='ocrx_word' id='word_1_379' title='bbox 4432 744 4580 895; x_wconf 62' lang='lat'><strong>{1⁸⁰⁶</strong></span> 
     </span>
    </p>

    <p class='ocr_par' dir='ltr' id='par_1_12' title="bbox 2650 847 4582 2946">
     <span class='ocr_line' id='line_1_58' title="bbox 3557 847 4581 908; baseline 0.007 -18"><span class='ocrx_word' id='word_1_380' title='bbox 3557 847 3580 890; x_wconf 90' lang='grc'><strong><em>1</em></strong></span> <span class='ocrx_word' id='word_1_381' title='bbox 3800 847 3838 893; x_wconf 93' lang='grc'><strong><em>6</em></strong></span> <span class='ocrx_word' id='word_1_382' title='bbox 3906 847 4085 893; x_wconf 90' lang='lat' dir='ltr'><strong><em>rrere</em></strong></span> <span class='ocrx_word' id='word_1_383' title='bbox 4206 848 4243 893; x_wconf 93' lang='lat' dir='ltr'><strong><em>e</em></strong></span> <span class='ocrx_word' id='word_1_384' title='bbox 4361 879 4379 908; x_wconf 95' lang='lat'><strong><em>,</em></strong></span> <span class='ocrx_word' id='word_1_385' title='bbox 4483 851 4581 897; x_wconf 87' lang='lat' dir='ltr'><strong><em>um</em></strong></span> 
     </span>
     <span class='ocr_line' id='line_1_59' title="bbox 2662 906 4581 993; baseline 0.006 -24"><span class='ocrx_word' id='word_1_386' title='bbox 2662 906 3075 990; x_wconf 83' lang='lat' dir='ltr'><strong><em>agnoscimus</em></strong></span> <span class='ocrx_word' id='word_1_387' title='bbox 3132 907 3432 993; x_wconf 85' lang='lat' dir='ltr'><strong><em>lingnam</em></strong></span> <span class='ocrx_word' id='word_1_388' title='bbox 3490 911 3740 976; x_wconf 83' lang='lat' dir='ltr'><strong><em>scilicet</em></strong></span> <span class='ocrx_word' id='word_1_389' title='bbox 3792 911 3919 980; x_wconf 90' lang='lat' dir='ltr'><strong><em>hoc</em></strong></span> <span class='ocrx_word' id='word_1_390' title='bbox 3976 911 4170 979; x_wconf 90' lang='lat' dir='ltr'><strong><em>modo</em></strong></span> <span class='ocrx_word' id='word_1_391' title='bbox 4232 915 4462 980; x_wconf 89' lang='lat' dir='ltr'><strong><em>armari</em></strong></span> <span class='ocrx_word' id='word_1_392' title='bbox 4509 915 4581 981; x_wconf 86' lang='lat' dir='ltr'><strong><em>ad</em></strong></span> 
     </span>
     <span class='ocr_line' id='line_1_60' title="bbox 2658 991 4581 1091; baseline 0.006 -36"><span class='ocrx_word' id='word_1_393' title='bbox 2658 991 3003 1091; x_wconf 80' lang='lat' dir='ltr'><strong><em>innoxium</em></strong></span> <span class='ocrx_word' id='word_1_394' title='bbox 3045 996 3438 1079; x_wconf 90' lang='lat' dir='ltr'><strong><em>sanguinem</em></strong></span> <span class='ocrx_word' id='word_1_395' title='bbox 3479 995 3833 1063; x_wconf 88' lang='lat' dir='ltr'><strong><em>crudeliter</em></strong></span> <span class='ocrx_word' id='word_1_396' title='bbox 3866 997 4289 1065; x_wconf 88' lang='lat' dir='ltr'><strong><em>fundendum.</em></strong></span> <span class='ocrx_word' id='word_1_397' title='bbox 4362 999 4581 1067; x_wconf 82' lang='lat' dir='ltr'><strong><em>Vocem</em></strong></span> 
     </span>
     <span class='ocr_line' id='line_1_61' title="bbox 2700 1078 4582 1167; baseline 0.004 -21"><span class='ocrx_word' id='word_1_398' title='bbox 2700 1089 2805 1146; x_wconf 71' lang='grc' dir='ltr'><strong><em>’ΖΠ</em></strong></span> <span class='ocrx_word' id='word_1_399' title='bbox 2862 1078 3131 1162; x_wconf 75' lang='lat' dir='ltr'><strong><em>quidam</em></strong></span> <span class='ocrx_word' id='word_1_400' title='bbox 3195 1082 3639 1164; x_wconf 84' lang='lat' dir='ltr'><strong><em>metaphorice</em></strong></span> <span class='ocrx_word' id='word_1_401' title='bbox 3687 1091 4020 1167; x_wconf 84' lang='lat' dir='ltr'><strong><em>sumptam</em></strong></span> <span class='ocrx_word' id='word_1_402' title='bbox 4085 1104 4229 1151; x_wconf 89' lang='lat' dir='ltr'><strong><em>esse</em></strong></span> <span class='ocrx_word' id='word_1_403' title='bbox 4284 1084 4501 1152; x_wconf 84' lang='lat' dir='ltr'><strong><em>volunt</em></strong></span> <span class='ocrx_word' id='word_1_404' title='bbox 4547 1108 4582 1154; x_wconf 89' lang='lat' dir='ltr'><strong><em>a</em></strong></span> 
     </span>
     <span class='ocr_line' id='line_1_62' title="bbox 2658 1164 4580 1255; baseline 0.007 -29"><span class='ocrx_word' id='word_1_405' title='bbox 2658 1164 3210 1248; x_wconf 88' lang='lat' dir='ltr'><strong><em>negotiatoribus,</em></strong></span> <span class='ocrx_word' id='word_1_406' title='bbox 3272 1167 3429 1250; x_wconf 90' lang='lat' dir='ltr'><strong><em>quia</em></strong></span> <span class='ocrx_word' id='word_1_407' title='bbox 3485 1187 3619 1233; x_wconf 90' lang='lat' dir='ltr'><strong><em>non</em></strong></span> <span class='ocrx_word' id='word_1_408' title='bbox 3664 1170 3886 1235; x_wconf 90' lang='lat' dir='ltr'><strong><em>minus</em></strong></span> <span class='ocrx_word' id='word_1_409' title='bbox 3920 1171 4165 1255; x_wconf 89' lang='lat' dir='ltr'><strong><em>satagit</em></strong></span> <span class='ocrx_word' id='word_1_410' title='bbox 4207 1170 4445 1236; x_wconf 87' lang='lat' dir='ltr'><strong><em>delator</em></strong></span> <span class='ocrx_word' id='word_1_411' title='bbox 4483 1179 4580 1239; x_wconf 86' lang='lat' dir='ltr'><strong><em>aut</em></strong></span> 
     </span>
     <span class='ocr_line' id='line_1_63' title="bbox 2656 1250 4579 1340; baseline 0.005 -26"><span class='ocrx_word' id='word_1_412' title='bbox 2656 1269 2932 1315; x_wconf 89' lang='lat' dir='ltr'><strong><em>susurro</em></strong></span> <span class='ocrx_word' id='word_1_413' title='bbox 2975 1250 3048 1315; x_wconf 88' lang='lat' dir='ltr'><strong><em>in</em></strong></span> <span class='ocrx_word' id='word_1_414' title='bbox 3092 1250 3497 1336; x_wconf 86' lang='lat' dir='ltr'><strong><em>aucupandis</em></strong></span> <span class='ocrx_word' id='word_1_415' title='bbox 3539 1253 3722 1321; x_wconf 82' lang='lat' dir='ltr'><strong><em>falsis</em></strong></span> <span class='ocrx_word' id='word_1_416' title='bbox 3763 1254 4139 1322; x_wconf 88' lang='lat' dir='ltr'><strong><em>rumoribus</em></strong></span> <span class='ocrx_word' id='word_1_417' title='bbox 4181 1276 4345 1340; x_wconf 87' lang='lat' dir='ltr'><strong><em>quos</em></strong></span> <span class='ocrx_word' id='word_1_418' title='bbox 4382 1266 4579 1340; x_wconf 82' lang='lat' dir='ltr'><strong><em>postea</em></strong></span> 
     </span>
     <span class='ocr_line' id='line_1_64' title="bbox 2656 1333 4579 1420; baseline 0.005 -21"><span class='ocrx_word' id='word_1_419' title='bbox 2656 1333 3074 1411; x_wconf 89' lang='lat' dir='ltr'><strong><em>disseminet,</em></strong></span> <span class='ocrx_word' id='word_1_420' title='bbox 3132 1357 3330 1420; x_wconf 89' lang='lat' dir='ltr'><strong><em>quam</em></strong></span> <span class='ocrx_word' id='word_1_421' title='bbox 3389 1339 3617 1405; x_wconf 87' lang='lat' dir='ltr'><strong><em>sedulo</em></strong></span> <span class='ocrx_word' id='word_1_422' title='bbox 3675 1348 3969 1408; x_wconf 89' lang='lat' dir='ltr'><strong><em>attentus</em></strong></span> <span class='ocrx_word' id='word_1_423' title='bbox 4017 1350 4120 1407; x_wconf 89' lang='lat' dir='ltr'><strong><em>est</em></strong></span> <span class='ocrx_word' id='word_1_424' title='bbox 4168 1350 4476 1409; x_wconf 83' lang='lat' dir='ltr'><strong><em>mercator</em></strong></span> <span class='ocrx_word' id='word_1_425' title='bbox 4509 1342 4579 1409; x_wconf 84' lang='lat' dir='ltr'><strong><em>ad</em></strong></span> 
     </span>
     <span class='ocr_line' id='line_1_65' title="bbox 2653 1420 4578 1512; baseline 0.005 -28"><span class='ocrx_word' id='word_1_426' title='bbox 2653 1420 3080 1487; x_wconf 81' lang='lat' dir='ltr'><strong><em>vendendum</em></strong></span> <span class='ocrx_word' id='word_1_427' title='bbox 3123 1431 3192 1488; x_wconf 91' lang='lat' dir='ltr'><strong><em>et</em></strong></span> <span class='ocrx_word' id='word_1_428' title='bbox 3233 1424 3604 1491; x_wconf 88' lang='lat' dir='ltr'><strong><em>emendum.</em></strong></span> <span class='ocrx_word' id='word_1_429' title='bbox 3694 1426 3830 1492; x_wconf 90' lang='lat' dir='ltr'><strong><em>Alii</em></strong></span> <span class='ocrx_word' id='word_1_430' title='bbox 3872 1428 4423 1512; x_wconf 90' lang='lat' dir='ltr'><strong><em>permutationem</em></strong></span> <span class='ocrx_word' id='word_1_431' title='bbox 4459 1448 4578 1495; x_wconf 87' lang='grc'><strong>6666</strong></span> 
     </span>
     <span class='ocr_line' id='line_1_66' title="bbox 2653 1505 4577 1595; baseline 0.005 -23"><span class='ocrx_word' id='word_1_432' title='bbox 2653 1505 2891 1572; x_wconf 79' lang='lat' dir='ltr'><strong><em>volunt</em></strong></span> <span class='ocrx_word' id='word_1_433' title='bbox 2932 1507 3166 1574; x_wconf 88' lang='lat' dir='ltr'><strong><em>literae</em></strong></span> <span class='ocrx_word' id='word_1_434' title='bbox 3208 1522 3237 1577; x_wconf 74' lang='lat'>2</span> <span class='ocrx_word' id='word_1_435' title='bbox 3285 1531 3437 1576; x_wconf 90' lang='lat' dir='ltr'><strong><em>cum</em></strong></span> <span class='ocrx_word' id='word_1_436' title='bbox 3471 1523 3547 1579; x_wconf 70' lang='lat'><strong><em>2:</em></strong></span> <span class='ocrx_word' id='word_1_437' title='bbox 3590 1519 3786 1595; x_wconf 89' lang='lat' dir='ltr'><strong><em>atque</em></strong></span> <span class='ocrx_word' id='word_1_438' title='bbox 3820 1513 3918 1578; x_wconf 91' lang='lat' dir='ltr'><strong><em>ita</em></strong></span> <span class='ocrx_word' id='word_1_439' title='bbox 3965 1512 4416 1580; x_wconf 90' lang='lat' dir='ltr'><strong><em>deducendum</em></strong></span> <span class='ocrx_word' id='word_1_440' title='bbox 4460 1534 4577 1581; x_wconf 83' lang='lat' dir='ltr'><strong><em>esse</em></strong></span> 
     </span>
     <span class='ocr_line' id='line_1_67' title="bbox 2653 1593 4574 1679; baseline 0.004 -22"><span class='ocrx_word' id='word_1_441' title='bbox 2653 1612 2896 1658; x_wconf 90' lang='lat' dir='ltr'><strong><em>nomen</em></strong></span> <span class='ocrx_word' id='word_1_442' title='bbox 2938 1613 2974 1657; x_wconf 88' lang='lat' dir='ltr'><strong><em>a</em></strong></span> <span class='ocrx_word' id='word_1_443' title='bbox 3020 1593 3325 1677; x_wconf 87' lang='lat' dir='ltr'><strong><em>pedibus:</em></strong></span> <span class='ocrx_word' id='word_1_444' title='bbox 3386 1597 3544 1679; x_wconf 89' lang='lat' dir='ltr'><strong><em>quia</em></strong></span> <span class='ocrx_word' id='word_1_445' title='bbox 3586 1596 3850 1664; x_wconf 88' lang='lat' dir='ltr'><strong><em>assidue</em></strong></span> <span class='ocrx_word' id='word_1_446' title='bbox 3892 1600 4206 1665; x_wconf 87' lang='lat' dir='ltr'><strong><em>oberrant</em></strong></span> <span class='ocrx_word' id='word_1_447' title='bbox 4246 1599 4574 1666; x_wconf 85' lang='lat' dir='ltr'><strong><em>calumnia-</em></strong></span> 
     </span>
     <span class='ocr_line' id='line_1_68' title="bbox 2652 1678 4575 1767; baseline 0.004 -24"><span class='ocrx_word' id='word_1_448' title='bbox 2652 1686 2830 1745; x_wconf 89' lang='lat' dir='ltr'><strong><em>tores</em></strong></span> <span class='ocrx_word' id='word_1_449' title='bbox 2848 1729 2864 1757; x_wconf 89' lang='lat'><strong><em>,</em></strong></span> <span class='ocrx_word' id='word_1_450' title='bbox 2924 1678 3036 1744; x_wconf 81' lang='lat' dir='ltr'><strong><em>vel</em></strong></span> <span class='ocrx_word' id='word_1_451' title='bbox 3088 1679 3498 1747; x_wconf 83' lang='lat' dir='ltr'><strong><em>circumeunt</em></strong></span> <span class='ocrx_word' id='word_1_452' title='bbox 3554 1682 3637 1748; x_wconf 90' lang='lat' dir='ltr'><strong><em>ad</em></strong></span> <span class='ocrx_word' id='word_1_453' title='bbox 3687 1683 4150 1767; x_wconf 89' lang='lat' dir='ltr'><strong><em>aucupandum</em></strong></span> <span class='ocrx_word' id='word_1_454' title='bbox 4216 1684 4575 1752; x_wconf 87' lang='lat' dir='ltr'><strong><em>criminandi</em></strong></span> 
     </span>
     <span class='ocr_line' id='line_1_69' title="bbox 2654 1764 4574 1855; baseline 0.005 -28"><span class='ocrx_word' id='word_1_455' title='bbox 2654 1765 3031 1829; x_wconf 89' lang='lat' dir='ltr'><strong><em>materiam:</em></strong></span> <span class='ocrx_word' id='word_1_456' title='bbox 3099 1764 3373 1850; x_wconf 89' lang='lat' dir='ltr'><strong><em>ideoque</em></strong></span> <span class='ocrx_word' id='word_1_457' title='bbox 3429 1788 3690 1852; x_wconf 89' lang='lat' dir='ltr'><strong><em>semper</em></strong></span> <span class='ocrx_word' id='word_1_458' title='bbox 3740 1770 4165 1855; x_wconf 89' lang='lat' dir='ltr'><strong><em>coniungitur</em></strong></span> <span class='ocrx_word' id='word_1_459' title='bbox 4230 1770 4574 1837; x_wconf 86' lang='lat' dir='ltr'><strong><em>ambulandi</em></strong></span> 
     </span>
     <span class='ocr_line' id='line_1_70' title="bbox 2656 1849 4575 1940; baseline 0.003 -23"><span class='ocrx_word' id='word_1_460' title='bbox 2656 1849 2949 1917; x_wconf 85' lang='lat' dir='ltr'><strong><em>verbum.</em></strong></span> <span class='ocrx_word' id='word_1_461' title='bbox 3039 1851 3186 1935; x_wconf 85' lang='lat' dir='ltr'><strong><em>Ego</em></strong></span> <span class='ocrx_word' id='word_1_462' title='bbox 3221 1873 3381 1919; x_wconf 83' lang='lat' dir='ltr'><strong><em>vero</em></strong></span> <span class='ocrx_word' id='word_1_463' title='bbox 3425 1874 3558 1918; x_wconf 91' lang='lat' dir='ltr'><strong><em>non</em></strong></span> <span class='ocrx_word' id='word_1_464' title='bbox 3601 1854 3831 1921; x_wconf 90' lang='lat' dir='ltr'><strong><em>eodem</em></strong></span> <span class='ocrx_word' id='word_1_465' title='bbox 3873 1855 4116 1940; x_wconf 88' lang='lat' dir='ltr'><strong><em>ubique</em></strong></span> <span class='ocrx_word' id='word_1_466' title='bbox 4161 1877 4360 1923; x_wconf 85' lang='lat' dir='ltr'><strong><em>sensu</em></strong></span> <span class='ocrx_word' id='word_1_467' title='bbox 4400 1857 4575 1940; x_wconf 83' lang='lat' dir='ltr'><strong><em>accipi</em></strong></span> 
     </span>
     <span class='ocr_line' id='line_1_71' title="bbox 2650 1936 4572 2029; baseline 0.004 -28"><span class='ocrx_word' id='word_1_468' title='bbox 2650 1936 2988 2001; x_wconf 89' lang='lat' dir='ltr'><strong><em>existimo:</em></strong></span> <span class='ocrx_word' id='word_1_469' title='bbox 3031 1938 3187 2021; x_wconf 88' lang='lat' dir='ltr'><strong><em>quia</em></strong></span> <span class='ocrx_word' id='word_1_470' title='bbox 3221 1959 3421 2022; x_wconf 90' lang='lat' dir='ltr'><strong><em>quum</em></strong></span> <span class='ocrx_word' id='word_1_471' title='bbox 3449 1938 3711 2006; x_wconf 89' lang='lat' dir='ltr'><strong><em>Iudaeis</em></strong></span> <span class='ocrx_word' id='word_1_472' title='bbox 3746 1941 4106 2026; x_wconf 90' lang='lat' dir='ltr'><strong><em>exprobrat</em></strong></span> <span class='ocrx_word' id='word_1_473' title='bbox 4126 1941 4429 2008; x_wconf 84' lang='lat' dir='ltr'><strong><em>Ezechiel</em></strong></span> <span class='ocrx_word' id='word_1_474' title='bbox 4464 1938 4572 2029; x_wconf 79' lang='lat'><strong><em>(22,</em></strong></span> 
     </span>
     <span class='ocr_line' id='line_1_72' title="bbox 2651 2011 4572 2107; baseline 0.005 -22"><span class='ocrx_word' id='word_1_475' title='bbox 2651 2019 2752 2107; x_wconf 84' lang='lat'><strong><em>9),</em></strong></span> <span class='ocrx_word' id='word_1_476' title='bbox 2791 2021 2966 2106; x_wconf 90' lang='lat' dir='ltr'><strong><em>apud</em></strong></span> <span class='ocrx_word' id='word_1_477' title='bbox 3010 2042 3122 2089; x_wconf 92' lang='grc'><strong><em>606</em></strong></span> <span class='ocrx_word' id='word_1_478' title='bbox 3163 2023 3368 2089; x_wconf 87' lang='lat' dir='ltr'><strong><em>fuisse</em></strong></span> <span class='ocrx_word' id='word_1_479' title='bbox 3411 2026 3588 2092; x_wconf 81' lang='lat' dir='ltr'><strong><em>viros</em></strong></span> <span class='ocrx_word' id='word_1_480' title='bbox 3645 2011 3791 2096; x_wconf 53' lang='lat'><strong><em>‘7225</em></strong></span> <span class='ocrx_word' id='word_1_481' title='bbox 3808 2078 3823 2105; x_wconf 89' lang='lat'><strong><em>,</em></strong></span> <span class='ocrx_word' id='word_1_482' title='bbox 3869 2037 3944 2093; x_wconf 90' lang='lat' dir='ltr'><strong><em>ut</em></strong></span> <span class='ocrx_word' id='word_1_483' title='bbox 3988 2027 4411 2094; x_wconf 85' lang='lat' dir='ltr'><strong><em>effunderent</em></strong></span> <span class='ocrx_word' id='word_1_484' title='bbox 4447 2048 4572 2094; x_wconf 84' lang='lat' dir='ltr'><strong><em>san·</em></strong></span> 
     </span>
     <span class='ocr_line' id='line_1_73' title="bbox 2651 2106 4571 2198; baseline 0.003 -25"><span class='ocrx_word' id='word_1_485' title='bbox 2651 2106 2921 2191; x_wconf 86' lang='lat' dir='ltr'><strong><em>guinem</em></strong></span> <span class='ocrx_word' id='word_1_486' title='bbox 2935 2158 2953 2187; x_wconf 94' lang='lat'><strong><em>,</em></strong></span> <span class='ocrx_word' id='word_1_487' title='bbox 3006 2110 3189 2176; x_wconf 78' lang='lat' dir='ltr'><strong><em>viros</em></strong></span> <span class='ocrx_word' id='word_1_488' title='bbox 3246 2110 3499 2178; x_wconf 81' lang='lat' dir='ltr'><strong><em>fraudis</em></strong></span> <span class='ocrx_word' id='word_1_489' title='bbox 3562 2111 3864 2198; x_wconf 90' lang='lat' dir='ltr'><strong><em>intelligo</em></strong></span> <span class='ocrx_word' id='word_1_490' title='bbox 3880 2162 3898 2191; x_wconf 94' lang='lat'><strong><em>,</em></strong></span> <span class='ocrx_word' id='word_1_491' title='bbox 3973 2113 4078 2179; x_wconf 85' lang='lat' dir='ltr'><strong><em>vel</em></strong></span> <span class='ocrx_word' id='word_1_492' title='bbox 4136 2112 4571 2193; x_wconf 85' lang='lat' dir='ltr'><strong><em>fraudulentos,</em></strong></span> 
     </span>
     <span class='ocr_line' id='line_1_74' title="bbox 2652 2192 4574 2283; baseline 0.004 -25"><span class='ocrx_word' id='word_1_493' title='bbox 2652 2194 2762 2277; x_wconf 91' lang='lat' dir='ltr'><strong><em>qui</em></strong></span> <span class='ocrx_word' id='word_1_494' title='bbox 2822 2192 3012 2259; x_wconf 87' lang='lat' dir='ltr'><strong><em>bonis</em></strong></span> <span class='ocrx_word' id='word_1_495' title='bbox 3067 2195 3364 2262; x_wconf 88' lang='lat' dir='ltr'><strong><em>insidiati</em></strong></span> <span class='ocrx_word' id='word_1_496' title='bbox 3410 2205 3568 2263; x_wconf 85' lang='lat' dir='ltr'><strong><em>sunt</em></strong></span> <span class='ocrx_word' id='word_1_497' title='bbox 3610 2196 3693 2263; x_wconf 90' lang='lat' dir='ltr'><strong><em>ad</em></strong></span> <span class='ocrx_word' id='word_1_498' title='bbox 3737 2197 4251 2266; x_wconf 88' lang='lat' dir='ltr'><strong><em>machinandam</em></strong></span> <span class='ocrx_word' id='word_1_499' title='bbox 4295 2199 4426 2265; x_wconf 88' lang='lat' dir='ltr'><strong><em>illis</em></strong></span> <span class='ocrx_word' id='word_1_500' title='bbox 4455 2220 4574 2283; x_wconf 87' lang='lat' dir='ltr'><strong><em>per·</em></strong></span> 
     </span>
     <span class='ocr_line' id='line_1_75' title="bbox 2653 2278 4574 2368; baseline 0.004 -25"><span class='ocrx_word' id='word_1_501' title='bbox 2653 2280 2909 2345; x_wconf 91' lang='lat' dir='ltr'><strong><em>niciem.</em></strong></span> <span class='ocrx_word' id='word_1_502' title='bbox 2951 2278 3240 2361; x_wconf 78' lang='lat' dir='ltr'><strong><em>Quidam</em></strong></span> <span class='ocrx_word' id='word_1_503' title='bbox 3276 2282 3476 2348; x_wconf 90' lang='lat' dir='ltr'><strong><em>etiam</em></strong></span> <span class='ocrx_word' id='word_1_504' title='bbox 3511 2284 3956 2368; x_wconf 88' lang='lat' dir='ltr'><strong><em>exploratores</em></strong></span> <span class='ocrx_word' id='word_1_505' title='bbox 3988 2290 4285 2351; x_wconf 79' lang='lat' dir='ltr'><strong><em>vertunt.</em></strong></span> <span class='ocrx_word' id='word_1_506' title='bbox 4344 2285 4574 2351; x_wconf 80' lang='lat' dir='ltr'><strong><em>Interea</em></strong></span> 
     </span>
     <span class='ocr_line' id='line_1_76' title="bbox 2653 2366 4572 2451; baseline 0.004 -21"><span class='ocrx_word' id='word_1_507' title='bbox 2653 2384 2788 2430; x_wconf 89' lang='lat' dir='ltr'><strong><em>non</em></strong></span> <span class='ocrx_word' id='word_1_508' title='bbox 2843 2366 3073 2432; x_wconf 89' lang='lat' dir='ltr'><strong><em>dubito</em></strong></span> <span class='ocrx_word' id='word_1_509' title='bbox 3128 2369 3291 2451; x_wconf 90' lang='lat' dir='ltr'><strong><em>quin</em></strong></span> <span class='ocrx_word' id='word_1_510' title='bbox 3353 2368 3573 2435; x_wconf 78' lang='lat' dir='ltr'><strong><em>Moses</em></strong></span> <span class='ocrx_word' id='word_1_511' title='bbox 3622 2370 3745 2436; x_wconf 91' lang='lat' dir='ltr'><strong><em>hoc</em></strong></span> <span class='ocrx_word' id='word_1_512' title='bbox 3787 2369 3932 2436; x_wconf 88' lang='lat' dir='ltr'><strong><em>loco</em></strong></span> <span class='ocrx_word' id='word_1_513' title='bbox 3973 2390 4246 2436; x_wconf 88' lang='lat' dir='ltr'><strong><em>errones</em></strong></span> <span class='ocrx_word' id='word_1_514' title='bbox 4290 2370 4333 2437; x_wconf 93' lang='lat' dir='ltr'><strong><em>d</em></strong></span> <span class='ocrx_word' id='word_1_515' title='bbox 4407 2371 4421 2384; x_wconf 89' lang='grc'><em>“</em></span> <span class='ocrx_word' id='word_1_516' title='bbox 4507 2377 4572 2449; x_wconf 79' lang='lat' dir='ltr'><strong><em>ot,</em></strong></span> 
     </span>
     <span class='ocr_line' id='line_1_77' title="bbox 2652 2451 4574 2542; baseline 0.004 -28"><span class='ocrx_word' id='word_1_517' title='bbox 2652 2451 2762 2534; x_wconf 92' lang='lat' dir='ltr'><strong><em>qui</em></strong></span> <span class='ocrx_word' id='word_1_518' title='bbox 2823 2451 3022 2517; x_wconf 90' lang='lat' dir='ltr'><strong><em>nimis</em></strong></span> <span class='ocrx_word' id='word_1_519' title='bbox 3077 2452 3314 2537; x_wconf 90' lang='lat' dir='ltr'><strong><em>cupide</em></strong></span> <span class='ocrx_word' id='word_1_520' title='bbox 3373 2453 3504 2521; x_wconf 91' lang='lat' dir='ltr'><strong><em>huc</em></strong></span> <span class='ocrx_word' id='word_1_521' title='bbox 3560 2454 3722 2520; x_wconf 90' lang='lat' dir='ltr'><strong><em>illuc</em></strong></span> <span class='ocrx_word' id='word_1_522' title='bbox 3775 2456 4130 2536; x_wconf 87' lang='lat' dir='ltr'><strong><em>cursitant,</em></strong></span> <span class='ocrx_word' id='word_1_523' title='bbox 4199 2465 4268 2523; x_wconf 92' lang='lat' dir='ltr'><strong><em>et</em></strong></span> <span class='ocrx_word' id='word_1_524' title='bbox 4320 2477 4387 2522; x_wconf 92' lang='lat' dir='ltr'><strong><em>m</em></strong></span> <span class='ocrx_word' id='word_1_525' title='bbox 4449 2458 4574 2542; x_wconf 85' lang='lat' dir='ltr'><strong><em>igna</em></strong></span> 
     </span>
     <span class='ocr_line' id='line_1_78' title="bbox 2652 2537 4574 2626; baseline 0.003 -24"><span class='ocrx_word' id='word_1_526' title='bbox 2652 2537 3029 2603; x_wconf 88' lang='lat' dir='ltr'><strong><em>curiositate</em></strong></span> <span class='ocrx_word' id='word_1_527' title='bbox 3072 2546 3425 2623; x_wconf 89' lang='lat' dir='ltr'><strong><em>penetrant</em></strong></span> <span class='ocrx_word' id='word_1_528' title='bbox 3466 2540 3537 2606; x_wconf 92' lang='lat' dir='ltr'><strong><em>in</em></strong></span> <span class='ocrx_word' id='word_1_529' title='bbox 3582 2561 3823 2607; x_wconf 90' lang='lat' dir='ltr'><strong><em>arcana</em></strong></span> <span class='ocrx_word' id='word_1_530' title='bbox 3864 2543 4177 2626; x_wconf 88' lang='lat' dir='ltr'><strong><em>cuiusque</em></strong></span> <span class='ocrx_word' id='word_1_531' title='bbox 4235 2542 4319 2607; x_wconf 88' lang='lat' dir='ltr'><strong><em>ad</em></strong></span> <span class='ocrx_word' id='word_1_532' title='bbox 4361 2562 4574 2608; x_wconf 82' lang='lat' dir='ltr'><strong><em>vexan-</em></strong></span> 
     </span>
     <span class='ocr_line' id='line_1_79' title="bbox 2652 2620 4574 2708; baseline 0.004 -21"><span class='ocrx_word' id='word_1_533' title='bbox 2652 2620 2770 2688; x_wconf 90' lang='lat' dir='ltr'><strong><em>dos</em></strong></span> <span class='ocrx_word' id='word_1_534' title='bbox 2826 2621 3128 2690; x_wconf 90' lang='lat' dir='ltr'><strong><em>homines</em></strong></span> <span class='ocrx_word' id='word_1_535' title='bbox 3185 2626 3458 2708; x_wconf 91' lang='lat' dir='ltr'><strong><em>quietos.</em></strong></span> <span class='ocrx_word' id='word_1_536' title='bbox 3547 2625 3631 2692; x_wconf 92' lang='lat' dir='ltr'><strong><em>In</em></strong></span> <span class='ocrx_word' id='word_1_537' title='bbox 3677 2647 3967 2708; x_wconf 90' lang='lat' dir='ltr'><strong><em>summa,</em></strong></span> <span class='ocrx_word' id='word_1_538' title='bbox 4022 2626 4337 2693; x_wconf 88' lang='lat' dir='ltr'><strong><em>docemur</em></strong></span> <span class='ocrx_word' id='word_1_539' title='bbox 4389 2645 4574 2694; x_wconf 88' lang='lat' dir='ltr'><strong><em>coram</em></strong></span> 
     </span>
     <span class='ocr_line' id='line_1_80' title="bbox 2652 2708 4575 2798; baseline 0.003 -25"><span class='ocrx_word' id='word_1_540' title='bbox 2652 2708 2796 2773; x_wconf 91' lang='lat' dir='ltr'><strong><em>Deo</em></strong></span> <span class='ocrx_word' id='word_1_541' title='bbox 2851 2711 3109 2776; x_wconf 91' lang='lat' dir='ltr'><strong><em>censeri</em></strong></span> <span class='ocrx_word' id='word_1_542' title='bbox 3164 2710 3361 2776; x_wconf 82' lang='lat' dir='ltr'><strong><em>falsos</em></strong></span> <span class='ocrx_word' id='word_1_543' title='bbox 3419 2718 3622 2780; x_wconf 88' lang='lat' dir='ltr'><strong><em>testes</em></strong></span> <span class='ocrx_word' id='word_1_544' title='bbox 3689 2713 4064 2797; x_wconf 89' lang='lat' dir='ltr'><strong><em>quicunque</em></strong></span> <span class='ocrx_word' id='word_1_545' title='bbox 4133 2714 4400 2798; x_wconf 90' lang='lat' dir='ltr'><strong><em>linguae</em></strong></span> <span class='ocrx_word' id='word_1_546' title='bbox 4448 2733 4575 2779; x_wconf 84' lang='lat' dir='ltr'><strong><em>snae</em></strong></span> 
     </span>
     <span class='ocr_line' id='line_1_81' title="bbox 2652 2793 4575 2946; baseline 0.003 -87"><span class='ocrx_word' id='word_1_547' title='bbox 2652 2793 3007 2946; x_wconf 50' lang='lat' dir='ltr'><strong><em>virgilentia</em></strong></span> <span class='ocrx_word' id='word_1_548' title='bbox 3048 2795 3414 2863; x_wconf 86' lang='lat' dir='ltr'><strong><em>molestiam</em></strong></span> <span class='ocrx_word' id='word_1_549' title='bbox 3458 2818 3535 2865; x_wconf 89' lang='lat' dir='ltr'><strong><em>ac</em></strong></span> <span class='ocrx_word' id='word_1_550' title='bbox 3584 2798 3952 2884; x_wconf 89' lang='lat' dir='ltr'><strong><em>periculum</em></strong></span> <span class='ocrx_word' id='word_1_551' title='bbox 4003 2807 4234 2865; x_wconf 87' lang='lat' dir='ltr'><strong><em>creant</em></strong></span> <span class='ocrx_word' id='word_1_552' title='bbox 4289 2799 4424 2866; x_wconf 85' lang='lat' dir='ltr'><strong><em>suis</em></strong></span> <span class='ocrx_word' id='word_1_553' title='bbox 4468 2797 4575 2864; x_wconf 79' lang='lat' dir='ltr'><strong><em>fra-</em></strong></span> 
     </span>
     <span class='ocr_line' id='line_1_82' title="bbox 2654 2889 2881 2946; baseline 0.013 -3"><span class='ocrx_word' id='word_1_554' title='bbox 2654 2889 2740 2944; x_wconf 78' lang='lat' dir='ltr'><strong><em>tri</em></strong></span> <span class='ocrx_word' id='word_1_555' title='bbox 2785 2901 2881 2946; x_wconf 89' lang='lat' dir='ltr'><strong><em>us.</em></strong></span> 
     </span>
    </p>

    <p class='ocr_par' dir='ltr' id='par_1_13' title="bbox 2644 2963 4574 5118">
     <span class='ocr_line' id='line_1_83' title="bbox 2825 2963 4573 3053; baseline 0.003 -23"><span class='ocrx_word' id='word_1_556' title='bbox 2825 2966 2927 3031; x_wconf 93' lang='grc'><strong><em>17.</em></strong></span> <span class='ocrx_word' id='word_1_557' title='bbox 2998 2963 3405 3051; x_wconf 77' lang='lat' dir='ltr'><strong><em>Corripiendo</em></strong></span> <span class='ocrx_word' id='word_1_558' title='bbox 3455 2971 3772 3053; x_wconf 89' lang='lat' dir='ltr'><strong><em>corripies.</em></strong></span> <span class='ocrx_word' id='word_1_559' title='bbox 3861 2968 4038 3051; x_wconf 91' lang='lat' dir='ltr'><strong><em>Quia</em></strong></span> <span class='ocrx_word' id='word_1_560' title='bbox 4103 2970 4301 3036; x_wconf 91' lang='lat' dir='ltr'><strong><em>multi</em></strong></span> <span class='ocrx_word' id='word_1_561' title='bbox 4364 2968 4573 3037; x_wconf 82' lang='lat' dir='ltr'><strong><em>severi·</em></strong></span> 
     </span>
     <span class='ocr_line' id='line_1_84' title="bbox 2649 3052 4571 3137; baseline 0.004 -21"><span class='ocrx_word' id='word_1_562' title='bbox 2649 3052 2808 3118; x_wconf 89' lang='lat' dir='ltr'><strong><em>tatis</em></strong></span> <span class='ocrx_word' id='word_1_563' title='bbox 2847 3063 3201 3137; x_wconf 89' lang='lat' dir='ltr'><strong><em>praetextu</em></strong></span> <span class='ocrx_word' id='word_1_564' title='bbox 3218 3106 3235 3136; x_wconf 93' lang='lat'><strong><em>,</em></strong></span> <span class='ocrx_word' id='word_1_565' title='bbox 3295 3078 3429 3122; x_wconf 91' lang='lat' dir='ltr'><strong><em>non</em></strong></span> <span class='ocrx_word' id='word_1_566' title='bbox 3474 3064 3735 3122; x_wconf 87' lang='lat' dir='ltr'><strong><em>tantum</em></strong></span> <span class='ocrx_word' id='word_1_567' title='bbox 3778 3056 4021 3124; x_wconf 88' lang='lat' dir='ltr'><strong><em>morosi</em></strong></span> <span class='ocrx_word' id='word_1_568' title='bbox 4082 3065 4243 3123; x_wconf 89' lang='grc'><strong>611111</strong></span> <span class='ocrx_word' id='word_1_569' title='bbox 4284 3076 4571 3133; x_wconf 78' lang='lat' dir='ltr'><strong><em>censores,</em></strong></span> 
     </span>
     <span class='ocr_line' id='line_1_85' title="bbox 2651 3138 4572 3228; baseline 0.002 -26"><span class='ocrx_word' id='word_1_570' title='bbox 2651 3138 2765 3203; x_wconf 88' lang='lat' dir='ltr'><strong><em>sed</em></strong></span> <span class='ocrx_word' id='word_1_571' title='bbox 2811 3139 2895 3204; x_wconf 94' lang='lat' dir='ltr'><strong><em>ad</em></strong></span> <span class='ocrx_word' id='word_1_572' title='bbox 2937 3140 3333 3223; x_wconf 81' lang='lat' dir='ltr'><strong><em>proferenda</em></strong></span> <span class='ocrx_word' id='word_1_573' title='bbox 3374 3142 3538 3207; x_wconf 81' lang='lat' dir='ltr'><strong><em>vitia</em></strong></span> <span class='ocrx_word' id='word_1_574' title='bbox 3580 3142 3940 3222; x_wconf 85' lang='lat' dir='ltr'><strong><em>ebulliunt,</em></strong></span> <span class='ocrx_word' id='word_1_575' title='bbox 3985 3152 4409 3228; x_wconf 89' lang='lat' dir='ltr'><strong><em>praepostero</em></strong></span> <span class='ocrx_word' id='word_1_576' title='bbox 4450 3141 4572 3207; x_wconf 82' lang='lat' dir='ltr'><strong><em>huic</em></strong></span> 
     </span>
     <span class='ocr_line' id='line_1_86' title="bbox 2649 3224 4568 3313; baseline 0.003 -25"><span class='ocrx_word' id='word_1_577' title='bbox 2649 3224 2895 3290; x_wconf 82' lang='lat' dir='ltr'><strong><em>fervori</em></strong></span> <span class='ocrx_word' id='word_1_578' title='bbox 2952 3227 3242 3292; x_wconf 88' lang='lat' dir='ltr'><strong><em>occurrit</em></strong></span> <span class='ocrx_word' id='word_1_579' title='bbox 3295 3228 3514 3295; x_wconf 83' lang='lat' dir='ltr'><strong><em>Moses</em></strong></span> <span class='ocrx_word' id='word_1_580' title='bbox 3570 3228 3927 3295; x_wconf 88' lang='lat' dir='ltr'><strong><em>ostendens</em></strong></span> <span class='ocrx_word' id='word_1_581' title='bbox 3974 3250 4107 3313; x_wconf 89' lang='lat' dir='ltr'><strong><em>qua</em></strong></span> <span class='ocrx_word' id='word_1_582' title='bbox 4151 3230 4406 3295; x_wconf 88' lang='lat' dir='ltr'><strong><em>ratione</em></strong></span> <span class='ocrx_word' id='word_1_583' title='bbox 4455 3226 4568 3305; x_wconf 88' lang='lat' dir='ltr'><strong><em>sibi,</em></strong></span> 
     </span>
     <span class='ocr_line' id='line_1_87' title="bbox 2648 3310 4572 3396; baseline 0.001 -22"><span class='ocrx_word' id='word_1_584' title='bbox 2648 3310 2897 3394; x_wconf 88' lang='lat' dir='ltr'><strong><em>optime</em></strong></span> <span class='ocrx_word' id='word_1_585' title='bbox 2977 3320 3384 3396; x_wconf 88' lang='lat' dir='ltr'><strong><em>temperent,</em></strong></span> <span class='ocrx_word' id='word_1_586' title='bbox 3463 3335 3549 3381; x_wconf 90' lang='lat' dir='ltr'><strong><em>ne</em></strong></span> <span class='ocrx_word' id='word_1_587' title='bbox 3626 3313 4044 3382; x_wconf 85' lang='lat' dir='ltr'><strong><em>connivendo</em></strong></span> <span class='ocrx_word' id='word_1_588' title='bbox 4138 3315 4249 3382; x_wconf 82' lang='lat' dir='ltr'><strong><em>vel</em></strong></span> <span class='ocrx_word' id='word_1_589' title='bbox 4336 3311 4572 3381; x_wconf 87' lang='lat' dir='ltr'><strong><em>tacendo</em></strong></span> 
     </span>
     <span class='ocr_line' id='line_1_88' title="bbox 2649 3396 4571 3485; baseline 0.001 -24"><span class='ocrx_word' id='word_1_590' title='bbox 2649 3398 2935 3480; x_wconf 90' lang='lat' dir='ltr'><strong><em>peccatis</em></strong></span> <span class='ocrx_word' id='word_1_591' title='bbox 2978 3396 3165 3464; x_wconf 91' lang='lat' dir='ltr'><strong><em>indul</em></strong></span> <span class='ocrx_word' id='word_1_592' title='bbox 3214 3408 3390 3480; x_wconf 88' lang='lat' dir='ltr'><strong><em>eant,</em></strong></span> <span class='ocrx_word' id='word_1_593' title='bbox 3433 3409 3502 3466; x_wconf 89' lang='lat' dir='ltr'><strong><em>et</em></strong></span> <span class='ocrx_word' id='word_1_594' title='bbox 3535 3409 3758 3467; x_wconf 90' lang='lat' dir='ltr'><strong><em>tamen</em></strong></span> <span class='ocrx_word' id='word_1_595' title='bbox 3798 3400 4029 3485; x_wconf 90' lang='lat' dir='ltr'><strong><em>procul</em></strong></span> <span class='ocrx_word' id='word_1_596' title='bbox 4066 3398 4292 3468; x_wconf 91' lang='lat' dir='ltr'><strong><em>absint</em></strong></span> <span class='ocrx_word' id='word_1_597' title='bbox 4335 3422 4375 3467; x_wconf 94' lang='lat' dir='ltr'><strong><em>a</em></strong></span> <span class='ocrx_word' id='word_1_598' title='bbox 4404 3397 4571 3466; x_wconf 87' lang='lat' dir='ltr'><strong><em>male·</em></strong></span> 
     </span>
     <span class='ocr_line' id='line_1_89' title="bbox 2651 3479 4571 3572; baseline 0.001 -25"><span class='ocrx_word' id='word_1_599' title='bbox 2651 3481 2952 3549; x_wconf 90' lang='lat' dir='ltr'><strong><em>dicentia.</em></strong></span> <span class='ocrx_word' id='word_1_600' title='bbox 3083 3482 3173 3551; x_wconf 87' lang='lat' dir='ltr'><strong><em>So</em></strong></span> <span class='ocrx_word' id='word_1_601' title='bbox 3202 3494 3317 3551; x_wconf 91' lang='grc'><strong>6111</strong></span> <span class='ocrx_word' id='word_1_602' title='bbox 3401 3485 3583 3551; x_wconf 87' lang='grc'><strong>6111111</strong></span> <span class='ocrx_word' id='word_1_603' title='bbox 3670 3487 3974 3572; x_wconf 90' lang='lat' dir='ltr'><strong><em>excipere</em></strong></span> <span class='ocrx_word' id='word_1_604' title='bbox 4068 3488 4185 3571; x_wconf 87' lang='lat' dir='ltr'><strong><em>qui</em></strong></span> <span class='ocrx_word' id='word_1_605' title='bbox 4296 3479 4571 3570; x_wconf 86' lang='lat' dir='ltr'><strong><em>carpendi</em></strong></span> 
     </span>
     <span class='ocr_line' id='line_1_90' title="bbox 2652 3566 4571 3653; baseline 0.001 -20"><span class='ocrx_word' id='word_1_606' title='bbox 2652 3577 2720 3633; x_wconf 93' lang='lat' dir='ltr'><strong><em>et</em></strong></span> <span class='ocrx_word' id='word_1_607' title='bbox 2800 3568 3223 3653; x_wconf 82' lang='lat' dir='ltr'><strong><em>vituperandi</em></strong></span> <span class='ocrx_word' id='word_1_608' title='bbox 3287 3572 3515 3638; x_wconf 89' lang='lat' dir='ltr'><strong><em>morbo</em></strong></span> <span class='ocrx_word' id='word_1_609' title='bbox 3585 3570 3919 3651; x_wconf 88' lang='lat' dir='ltr'><strong><em>laborant,</em></strong></span> <span class='ocrx_word' id='word_1_610' title='bbox 3999 3572 4446 3640; x_wconf 89' lang='lat' dir='ltr'><strong><em>taciturnitate</em></strong></span> <span class='ocrx_word' id='word_1_611' title='bbox 4499 3566 4571 3633; x_wconf 84' lang='lat' dir='ltr'><strong><em>ali</em></strong></span> 
     </span>
     <span class='ocr_line' id='line_1_91' title="bbox 2650 3653 4571 3743; baseline 0.001 -24"><span class='ocrx_word' id='word_1_612' title='bbox 2650 3665 2948 3738; x_wconf 88' lang='lat' dir='ltr'><strong><em>peccata,</em></strong></span> <span class='ocrx_word' id='word_1_613' title='bbox 3014 3655 3142 3721; x_wconf 89' lang='lat' dir='ltr'><strong><em>nisi</em></strong></span> <span class='ocrx_word' id='word_1_614' title='bbox 3205 3677 3286 3723; x_wconf 90' lang='lat' dir='ltr'><strong><em>ea</em></strong></span> <span class='ocrx_word' id='word_1_615' title='bbox 3346 3657 3654 3724; x_wconf 89' lang='lat' dir='ltr'><strong><em>certatim</em></strong></span> <span class='ocrx_word' id='word_1_616' title='bbox 3731 3679 3961 3725; x_wconf 88' lang='lat' dir='ltr'><strong><em>omnes</em></strong></span> <span class='ocrx_word' id='word_1_617' title='bbox 4025 3659 4386 3743; x_wconf 88' lang='lat' dir='ltr'><strong><em>exagitent.</em></strong></span> <span class='ocrx_word' id='word_1_618' title='bbox 4463 3653 4571 3721; x_wconf 76' lang='lat' dir='ltr'><strong><em>Hic</em></strong></span> 
     </span>
     <span class='ocr_line' id='line_1_92' title="bbox 2653 3740 4571 3829; baseline 0.001 -25"><span class='ocrx_word' id='word_1_619' title='bbox 2653 3740 2786 3806; x_wconf 91' lang='lat' dir='ltr'><strong><em>illis</em></strong></span> <span class='ocrx_word' id='word_1_620' title='bbox 2848 3740 3179 3807; x_wconf 89' lang='lat' dir='ltr'><strong><em>clamandi</em></strong></span> <span class='ocrx_word' id='word_1_621' title='bbox 3244 3749 3312 3808; x_wconf 92' lang='lat' dir='ltr'><strong><em>et</em></strong></span> <span class='ocrx_word' id='word_1_622' title='bbox 3376 3742 3744 3809; x_wconf 88' lang='lat' dir='ltr'><strong><em>insultandi</em></strong></span> <span class='ocrx_word' id='word_1_623' title='bbox 3809 3745 4002 3810; x_wconf 90' lang='lat' dir='ltr'><strong><em>calor.</em></strong></span> <span class='ocrx_word' id='word_1_624' title='bbox 4092 3745 4303 3829; x_wconf 84' lang='lat' dir='ltr'><strong><em>Atqui</em></strong></span> <span class='ocrx_word' id='word_1_625' title='bbox 4376 3740 4571 3809; x_wconf 81' lang='lat' dir='ltr'><strong><em>utilius</em></strong></span> 
     </span>
     <span class='ocr_line' id='line_1_93' title="bbox 2654 3826 4573 3916; baseline -0.001 -25"><span class='ocrx_word' id='word_1_626' title='bbox 2654 3826 3021 3891; x_wconf 89' lang='lat' dir='ltr'><strong><em>remedium</em></strong></span> <span class='ocrx_word' id='word_1_627' title='bbox 3051 3827 3337 3893; x_wconf 88' lang='lat' dir='ltr'><strong><em>ostendit</em></strong></span> <span class='ocrx_word' id='word_1_628' title='bbox 3368 3828 3611 3909; x_wconf 85' lang='lat' dir='ltr'><strong><em>Moses,</em></strong></span> <span class='ocrx_word' id='word_1_629' title='bbox 3648 3838 3724 3895; x_wconf 89' lang='lat' dir='ltr'><strong><em>ut</em></strong></span> <span class='ocrx_word' id='word_1_630' title='bbox 3758 3829 4037 3914; x_wconf 83' lang='lat' dir='ltr'><strong><em>privatis</em></strong></span> <span class='ocrx_word' id='word_1_631' title='bbox 4066 3826 4573 3916; x_wconf 84' lang='lat' dir='ltr'><strong><em>castigationibus</em></strong></span> 
     </span>
     <span class='ocr_line' id='line_1_94' title="bbox 2652 3912 4573 3999; baseline 0.003 -21"><span class='ocrx_word' id='word_1_632' title='bbox 2652 3921 2954 3978; x_wconf 90' lang='lat' dir='ltr'><strong><em>errantes</em></strong></span> <span class='ocrx_word' id='word_1_633' title='bbox 3006 3912 3078 3977; x_wconf 91' lang='lat' dir='ltr'><strong><em>in</em></strong></span> <span class='ocrx_word' id='word_1_634' title='bbox 3134 3913 3314 3979; x_wconf 84' lang='lat' dir='ltr'><strong><em>viam</em></strong></span> <span class='ocrx_word' id='word_1_635' title='bbox 3378 3915 3694 3981; x_wconf 89' lang='lat' dir='ltr'><strong><em>reducant</em></strong></span> <span class='ocrx_word' id='word_1_636' title='bbox 3709 3965 3726 3995; x_wconf 94' lang='lat'><strong><em>,</em></strong></span> <span class='ocrx_word' id='word_1_637' title='bbox 3794 3936 3925 3982; x_wconf 90' lang='grc'><strong>11011</strong></span> <span class='ocrx_word' id='word_1_638' title='bbox 3991 3924 4217 3982; x_wconf 90' lang='lat' dir='ltr'><strong><em>autem</em></strong></span> <span class='ocrx_word' id='word_1_639' title='bbox 4259 3914 4573 3999; x_wconf 73' lang='lat' dir='ltr'><strong><em>divulgent</em></strong></span> 
     </span>
     <span class='ocr_line' id='line_1_95' title="bbox 2652 3996 4572 4085; baseline -0.001 -22"><span class='ocrx_word' id='word_1_640' title='bbox 2652 4019 2881 4064; x_wconf 89' lang='lat' dir='ltr'><strong><em>eorum</em></strong></span> <span class='ocrx_word' id='word_1_641' title='bbox 2938 3996 3197 4082; x_wconf 91' lang='lat' dir='ltr'><strong><em>probra.</em></strong></span> <span class='ocrx_word' id='word_1_642' title='bbox 3286 3998 3603 4085; x_wconf 78' lang='lat' dir='ltr'><strong><em>Quisquis</em></strong></span> <span class='ocrx_word' id='word_1_643' title='bbox 3661 4002 3840 4067; x_wconf 91' lang='lat' dir='ltr'><strong><em>enim</em></strong></span> <span class='ocrx_word' id='word_1_644' title='bbox 3904 4001 3987 4068; x_wconf 93' lang='lat' dir='ltr'><strong><em>de</em></strong></span> <span class='ocrx_word' id='word_1_645' title='bbox 4043 4001 4272 4067; x_wconf 82' lang='lat' dir='ltr'><strong><em>fratris</em></strong></span> <span class='ocrx_word' id='word_1_646' title='bbox 4330 3997 4572 4066; x_wconf 83' lang='lat' dir='ltr'><strong><em>infamia</em></strong></span> 
     </span>
     <span class='ocr_line' id='line_1_96' title="bbox 2648 4084 4574 4179; baseline -0.001 -30"><span class='ocrx_word' id='word_1_647' title='bbox 2648 4084 3028 4168; x_wconf 84' lang='lat' dir='ltr'><strong><em>triumphos</em></strong></span> <span class='ocrx_word' id='word_1_648' title='bbox 3106 4084 3262 4170; x_wconf 87' lang='lat' dir='ltr'><strong><em>agit,</em></strong></span> <span class='ocrx_word' id='word_1_649' title='bbox 3341 4094 3662 4171; x_wconf 89' lang='lat' dir='ltr'><strong><em>quantum</em></strong></span> <span class='ocrx_word' id='word_1_650' title='bbox 3737 4087 3814 4152; x_wconf 91' lang='lat' dir='ltr'><strong><em>in</em></strong></span> <span class='ocrx_word' id='word_1_651' title='bbox 3876 4108 3948 4154; x_wconf 93' lang='grc'><strong><em>66</em></strong></span> <span class='ocrx_word' id='word_1_652' title='bbox 4011 4095 4114 4153; x_wconf 89' lang='grc'><strong><em>661</em></strong></span> <span class='ocrx_word' id='word_1_653' title='bbox 4128 4137 4146 4166; x_wconf 89' lang='grc'><em>,</em></span> <span class='ocrx_word' id='word_1_654' title='bbox 4225 4084 4574 4179; x_wconf 72' lang='lat' dir='ltr'><strong><em>praecipitat</em></strong></span> 
     </span>
     <span class='ocr_line' id='line_1_97' title="bbox 2650 4169 4572 4257; baseline -0.001 -21"><span class='ocrx_word' id='word_1_655' title='bbox 2650 4171 2724 4236; x_wconf 89' lang='lat' dir='ltr'><strong><em>in</em></strong></span> <span class='ocrx_word' id='word_1_656' title='bbox 2781 4172 3082 4238; x_wconf 87' lang='lat' dir='ltr'><strong><em>exitium.</em></strong></span> <span class='ocrx_word' id='word_1_657' title='bbox 3170 4173 3377 4255; x_wconf 85' lang='lat' dir='ltr'><strong><em>Atqui</em></strong></span> <span class='ocrx_word' id='word_1_658' title='bbox 3443 4172 3622 4239; x_wconf 84' lang='lat' dir='ltr'><strong><em>zelus</em></strong></span> <span class='ocrx_word' id='word_1_659' title='bbox 3682 4172 3850 4239; x_wconf 88' lang='lat' dir='ltr'><strong><em>bene</em></strong></span> <span class='ocrx_word' id='word_1_660' title='bbox 3906 4171 4308 4257; x_wconf 85' lang='lat' dir='ltr'><strong><em>compositus</em></strong></span> <span class='ocrx_word' id='word_1_661' title='bbox 4325 4220 4340 4251; x_wconf 92' lang='lat'><strong><em>,</em></strong></span> <span class='ocrx_word' id='word_1_662' title='bbox 4401 4169 4572 4238; x_wconf 74' lang='lat' dir='ltr'><strong><em>saluti</em></strong></span> 
     </span>
     <span class='ocr_line' id='line_1_98' title="bbox 2652 4257 4574 4357; baseline -0.001 -35"><span class='ocrx_word' id='word_1_663' title='bbox 2652 4258 2794 4323; x_wconf 89' lang='grc'><strong>61116</strong></span> <span class='ocrx_word' id='word_1_664' title='bbox 2861 4257 2974 4341; x_wconf 86' lang='lat' dir='ltr'><strong><em>qui</em></strong></span> <span class='ocrx_word' id='word_1_665' title='bbox 3039 4277 3110 4323; x_wconf 90' lang='grc'><strong><em>66</em></strong></span> <span class='ocrx_word' id='word_1_666' title='bbox 3152 4257 3471 4357; x_wconf 83' lang='lat' dir='ltr'><strong><em>perdebat</em></strong></span> <span class='ocrx_word' id='word_1_667' title='bbox 3487 4309 3506 4340; x_wconf 92' lang='lat'><strong><em>,</em></strong></span> <span class='ocrx_word' id='word_1_668' title='bbox 3560 4258 3864 4326; x_wconf 89' lang='lat' dir='ltr'><strong><em>consulit.</em></strong></span> <span class='ocrx_word' id='word_1_669' title='bbox 3952 4258 4246 4325; x_wconf 88' lang='lat' dir='ltr'><strong><em>Proinde</em></strong></span> <span class='ocrx_word' id='word_1_670' title='bbox 4302 4258 4574 4352; x_wconf 72' lang='lat' dir='ltr'><strong><em>iubemur</em></strong></span> 
     </span>
     <span class='ocr_line' id='line_1_99' title="bbox 2651 4342 4573 4430; baseline -0.001 -21"><span class='ocrx_word' id='word_1_671' title='bbox 2651 4352 2952 4410; x_wconf 88' lang='lat' dir='ltr'><strong><em>errantes</em></strong></span> <span class='ocrx_word' id='word_1_672' title='bbox 3008 4363 3334 4428; x_wconf 77' lang='lat' dir='ltr'><strong><em>corripere</em></strong></span> <span class='ocrx_word' id='word_1_673' title='bbox 3349 4395 3368 4425; x_wconf 95' lang='lat'><strong><em>,</em></strong></span> <span class='ocrx_word' id='word_1_674' title='bbox 3427 4351 3496 4411; x_wconf 89' lang='lat' dir='ltr'><strong><em>et</em></strong></span> <span class='ocrx_word' id='word_1_675' title='bbox 3552 4346 3793 4412; x_wconf 88' lang='lat' dir='ltr'><strong><em>fratres</em></strong></span> <span class='ocrx_word' id='word_1_676' title='bbox 3848 4366 3987 4411; x_wconf 91' lang='lat' dir='ltr'><strong><em>non</em></strong></span> <span class='ocrx_word' id='word_1_677' title='bbox 4030 4343 4273 4411; x_wconf 88' lang='lat' dir='ltr'><strong><em>habere</em></strong></span> <span class='ocrx_word' id='word_1_678' title='bbox 4315 4363 4430 4430; x_wconf 89' lang='lat' dir='ltr'><strong><em>pro</em></strong></span> <span class='ocrx_word' id='word_1_679' title='bbox 4468 4342 4573 4407; x_wconf 87' lang='lat' dir='ltr'><strong><em>im·</em></strong></span> 
     </span>
     <span class='ocr_line' id='line_1_100' title="bbox 2651 4423 4570 4517; baseline -0.002 -22"><span class='ocrx_word' id='word_1_680' title='bbox 2651 4430 2860 4496; x_wconf 90' lang='lat' dir='ltr'><strong><em>micis.</em></strong></span> <span class='ocrx_word' id='word_1_681' title='bbox 2919 4425 3180 4495; x_wconf 81' lang='lat' dir='ltr'><strong><em>Similis</em></strong></span> <span class='ocrx_word' id='word_1_682' title='bbox 3221 4430 3390 4497; x_wconf 87' lang='lat' dir='ltr'><strong><em>ratio</em></strong></span> <span class='ocrx_word' id='word_1_683' title='bbox 3427 4452 3469 4498; x_wconf 92' lang='lat' dir='ltr'><strong><em>a</em></strong></span> <span class='ocrx_word' id='word_1_684' title='bbox 3512 4430 3780 4499; x_wconf 80' lang='lat' dir='ltr'><strong><em>Christo</em></strong></span> <span class='ocrx_word' id='word_1_685' title='bbox 3839 4430 4311 4515; x_wconf 88' lang='lat' dir='ltr'><strong><em>praescribitur</em></strong></span> <span class='ocrx_word' id='word_1_686' title='bbox 4362 4423 4570 4517; x_wconf 82' lang='lat' dir='ltr'><strong><em>(Math.</em></strong></span> 
     </span>
     <span class='ocr_line' id='line_1_101' title="bbox 2653 4512 4572 4609; baseline -0.001 -27"><span class='ocrx_word' id='word_1_687' title='bbox 2653 4516 2755 4597; x_wconf 90' lang='lat'><strong><em>18,</em></strong></span> <span class='ocrx_word' id='word_1_688' title='bbox 2794 4512 2924 4603; x_wconf 88' lang='lat'><strong><em>15).</em></strong></span> <span class='ocrx_word' id='word_1_689' title='bbox 3014 4512 3090 4583; x_wconf 85' lang='lat' dir='ltr'><strong><em>Si</em></strong></span> <span class='ocrx_word' id='word_1_690' title='bbox 3154 4518 3525 4598; x_wconf 84' lang='lat' dir='ltr'><strong><em>peccaverit</em></strong></span> <span class='ocrx_word' id='word_1_691' title='bbox 3585 4518 3660 4583; x_wconf 91' lang='lat' dir='ltr'><strong><em>in</em></strong></span> <span class='ocrx_word' id='word_1_692' title='bbox 3712 4524 3778 4583; x_wconf 92' lang='lat' dir='ltr'><strong><em>te</em></strong></span> <span class='ocrx_word' id='word_1_693' title='bbox 3840 4518 4075 4598; x_wconf 81' lang='lat' dir='ltr'><strong><em>frater,</em></strong></span> <span class='ocrx_word' id='word_1_694' title='bbox 4141 4517 4394 4602; x_wconf 90' lang='lat' dir='ltr'><strong><em>corrige</em></strong></span> <span class='ocrx_word' id='word_1_695' title='bbox 4445 4529 4572 4609; x_wconf 73' lang='grc'><strong>611111</strong></span> 
     </span>
     <span class='ocr_line' id='line_1_102' title="bbox 2648 4594 4570 4687; baseline -0.001 -20"><span class='ocrx_word' id='word_1_696' title='bbox 2648 4602 2829 4667; x_wconf 86' lang='grc'><strong>111161·</strong></span> <span class='ocrx_word' id='word_1_697' title='bbox 2871 4615 2939 4667; x_wconf 82' lang='grc'><strong><em>16</em></strong></span> <span class='ocrx_word' id='word_1_698' title='bbox 2979 4609 3050 4667; x_wconf 88' lang='grc'><strong><em>61</em></strong></span> <span class='ocrx_word' id='word_1_699' title='bbox 3106 4601 3343 4685; x_wconf 88' lang='lat' dir='ltr'><strong><em>ipsum.</em></strong></span> <span class='ocrx_word' id='word_1_700' title='bbox 3431 4604 3736 4687; x_wconf 89' lang='lat' dir='ltr'><strong><em>Denique</em></strong></span> <span class='ocrx_word' id='word_1_701' title='bbox 3792 4602 4142 4671; x_wconf 89' lang='lat' dir='ltr'><strong><em>immodica</em></strong></span> <span class='ocrx_word' id='word_1_702' title='bbox 4207 4594 4570 4669; x_wconf 75' lang='lat' dir='ltr'><strong><em>criminandl</em></strong></span> 
     </span>
     <span class='ocr_line' id='line_1_103' title="bbox 2648 4681 4571 4774; baseline -0.001 -20"><span class='ocrx_word' id='word_1_703' title='bbox 2648 4688 2981 4755; x_wconf 86' lang='lat' dir='ltr'><strong><em>affectatio</em></strong></span> <span class='ocrx_word' id='word_1_704' title='bbox 3043 4706 3307 4770; x_wconf 90' lang='lat' dir='ltr'><strong><em>semper</em></strong></span> <span class='ocrx_word' id='word_1_705' title='bbox 3371 4710 3444 4756; x_wconf 89' lang='lat' dir='ltr'><strong><em>re</em></strong></span> <span class='ocrx_word' id='word_1_706' title='bbox 3491 4690 3737 4755; x_wconf 83' lang='lat' dir='ltr'><strong><em>orietur</em></strong></span> <span class='ocrx_word' id='word_1_707' title='bbox 3814 4688 4100 4774; x_wconf 89' lang='lat' dir='ltr'><strong><em>superba</em></strong></span> <span class='ocrx_word' id='word_1_708' title='bbox 4166 4697 4238 4756; x_wconf 89' lang='lat' dir='ltr'><strong><em>et</em></strong></span> <span class='ocrx_word' id='word_1_709' title='bbox 4299 4681 4571 4757; x_wconf 75' lang='lat' dir='ltr'><strong><em>crudelis·</em></strong></span> 
     </span>
     <span class='ocr_line' id='line_1_104' title="bbox 2648 4774 4569 4864; baseline -0.001 -24"><span class='ocrx_word' id='word_1_710' title='bbox 2648 4774 2780 4842; x_wconf 85' lang='lat' dir='ltr'><strong><em>Hic</em></strong></span> <span class='ocrx_word' id='word_1_711' title='bbox 2823 4782 3045 4840; x_wconf 89' lang='lat' dir='ltr'><strong><em>autem</em></strong></span> <span class='ocrx_word' id='word_1_712' title='bbox 3103 4785 3240 4842; x_wconf 59' lang='grc' dir='ltr'><strong><em>δεῖν)</em></strong></span> <span class='ocrx_word' id='word_1_713' title='bbox 3298 4775 3430 4841; x_wconf 90' lang='lat' dir='ltr'><strong><em>hau</em></strong></span> <span class='ocrx_word' id='word_1_714' title='bbox 3521 4774 3716 4842; x_wconf 90' lang='lat' dir='ltr'><strong><em>dubie</em></strong></span> <span class='ocrx_word' id='word_1_715' title='bbox 3758 4775 4152 4842; x_wconf 88' lang='lat' dir='ltr'><strong><em>tantundem</em></strong></span> <span class='ocrx_word' id='word_1_716' title='bbox 4196 4775 4372 4841; x_wconf 84' lang='lat' dir='ltr'><strong><em>valet</em></strong></span> <span class='ocrx_word' id='word_1_717' title='bbox 4407 4791 4477 4838; x_wconf 87' lang='lat' dir='ltr'><strong><em>ac</em></strong></span> <span class='ocrx_word' id='word_1_718' title='bbox 4508 4786 4569 4864; x_wconf 66' lang='grc'><strong><em>111</em></strong></span> 
     </span>
     <span class='ocr_line' id='line_1_105' title="bbox 2646 4858 4570 4946; baseline 0 -20"><span class='ocrx_word' id='word_1_719' title='bbox 2646 4858 2938 4926; x_wconf 89' lang='lat' dir='ltr'><strong><em>medium</em></strong></span> <span class='ocrx_word' id='word_1_720' title='bbox 2984 4859 3342 4945; x_wconf 89' lang='lat' dir='ltr'><strong><em>producere</em></strong></span> <span class='ocrx_word' id='word_1_721' title='bbox 3388 4861 3564 4945; x_wconf 90' lang='lat' dir='ltr'><strong><em>quod</em></strong></span> <span class='ocrx_word' id='word_1_722' title='bbox 3620 4860 3904 4941; x_wconf 89' lang='lat' dir='ltr'><strong><em>latebat,</em></strong></span> <span class='ocrx_word' id='word_1_723' title='bbox 3956 4870 4157 4946; x_wconf 92' lang='lat' dir='ltr'><strong><em>atque</em></strong></span> <span class='ocrx_word' id='word_1_724' title='bbox 4198 4860 4296 4927; x_wconf 89' lang='lat' dir='ltr'><strong><em>ita</em></strong></span> <span class='ocrx_word' id='word_1_725' title='bbox 4336 4878 4440 4925; x_wconf 91' lang='grc'><strong><em>606</em></strong></span> <span class='ocrx_word' id='word_1_726' title='bbox 4476 4872 4570 4938; x_wconf 77' lang='lat' dir='ltr'><strong><em>qul</em></strong></span> 
     </span>
     <span class='ocr_line' id='line_1_106' title="bbox 2647 4944 4571 5032; baseline 0 -20"><span class='ocrx_word' id='word_1_727' title='bbox 2647 4947 2888 5032; x_wconf 89' lang='lat' dir='ltr'><strong><em>alioqui</em></strong></span> <span class='ocrx_word' id='word_1_728' title='bbox 2951 4957 3174 5014; x_wconf 86' lang='lat' dir='ltr'><strong><em>essent</em></strong></span> <span class='ocrx_word' id='word_1_729' title='bbox 3235 4945 3565 5014; x_wconf 87' lang='lat' dir='ltr'><strong><em>sanabiles</em></strong></span> <span class='ocrx_word' id='word_1_730' title='bbox 3579 4997 3598 5028; x_wconf 93' lang='lat'><strong><em>,</em></strong></span> <span class='ocrx_word' id='word_1_731' title='bbox 3670 4945 4075 5016; x_wconf 88' lang='lat' dir='ltr'><strong><em>traducendo</em></strong></span> <span class='ocrx_word' id='word_1_732' title='bbox 4143 4946 4230 5013; x_wconf 88' lang='lat' dir='ltr'><strong><em>ad</em></strong></span> <span class='ocrx_word' id='word_1_733' title='bbox 4298 4944 4571 5029; x_wconf 74' lang='lat' dir='ltr'><strong><em>despera·</em></strong></span> 
     </span>
     <span class='ocr_line' id='line_1_107' title="bbox 2644 5031 3231 5118; baseline 0.003 -19"><span class='ocrx_word' id='word_1_734' title='bbox 2644 5033 2898 5101; x_wconf 85' lang='lat' dir='ltr'><strong><em>tionem</em></strong></span> <span class='ocrx_word' id='word_1_735' title='bbox 2942 5031 3231 5118; x_wconf 86' lang='lat' dir='ltr'><strong><em>adigere.</em></strong></span> 
     </span>
    </p>
   </div>
   <div class='ocr_carea' id='block_1_11' title="bbox 2169 5324 2994 5341">
    <p class='ocr_par' dir='ltr' id='par_1_14' title="bbox 2169 5324 2994 5341">
     <span class='ocr_line' id='line_1_108' title="bbox 2169 5324 2994 5341; baseline 0 0"><span class='ocrx_word' id='word_1_736' title='bbox 2169 5324 2994 5341; x_wconf 95' lang='lat' dir='ltr'><strong><em> </em></strong></span> 
     </span>
    </p>
   </div>
   <div class='ocr_carea' id='block_1_12' title="bbox 4804 1682 4812 2397">
    <p class='ocr_par' dir='ltr' id='par_1_15' title="bbox 4804 1682 4812 2397">
     <span class='ocr_line' id='line_1_109' title="bbox 4804 1682 4812 2397; baseline 0 0"><span class='ocrx_word' id='word_1_737' title='bbox 4804 1682 4812 2397; x_wconf 95' lang='lat' dir='ltr'><strong><em> </em></strong></span> 
     </span>
    </p>
   </div>
  </div>
 </body>
</html>
