4867 6150
552 434 643 501 '79
1733 429 2477 499 COMMENTARIUS
2523 432 2624 498 IN
2668 431 2967 499 EXODI
3012 429 3212 499 GAP.
3255 431 3373 499 VI.
4474 439 4553 505 80

558 634 661 687 ter
702 621 1141 688 sustinuerint
1185 622 1473 705 hospites
1524 642 1667 687 esse
1721 629 1789 685 et
1832 620 2163 704 peregrini
2208 621 2273 685 in
2322 633 2500 686 terra

554 708 899 786 Obanaan,
944 728 1113 791 qnae
1159 719 1376 774 tamen
1419 730 1502 773 ex
1547 706 1807 771 foedere
1856 707 1977 771 Dei
2023 706 2320 790 legitima
2361 718 2503 772 erat

558 796 851 878 ipsorum
900 793 1289 860 haereditas.
1389 794 1548 858 Fuit
1605 793 1780 857 enim
1844 812 2030 857 rarae
2075 794 2342 857 virtutis
2390 815 2504 857 va-

556 880 704 966 gari
769 889 908 944 tota
972 880 1137 960 vita,
1218 902 1336 945 nec
1393 878 1710 964 angulum
1794 877 2036 943 habere
2103 878 2211 943 ubi
2269 876 2502 962 pedem

559 968 866 1050 figerent,
936 966 1063 1031 nisi
1130 966 1300 1049 quod
1356 965 1651 1048 precario
1712 965 1872 1048 ipsis
1931 983 2314 1030 concessum
2378 964 2506 1029 fuit

559 1050 983 1117 tabernacula
1046 1053 1330 1135 erigere,
1401 1052 1629 1117 vicinis
1695 1062 1912 1116 tamen
1982 1052 2118 1117 suis
2183 1072 2325 1116 esse
2390 1052 2503 1115 ob-

560 1138 821 1205 noxios:
880 1146 957 1201 ut
1008 1137 1220 1203 solent
1277 1136 1627 1221 indigenae
1685 1157 1844 1219 prae
1902 1158 1971 1201 se
2016 1136 2346 1219 despicere
2391 1158 2504 1201 ex-

562 1236 755 1289 teros.
845 1225 1061 1306 Atque
1117 1223 1239 1289 hac
1295 1223 1777 1305 comparatione
1835 1224 2103 1306 gravius
2153 1223 2507 1288 damnatur

559 1312 630 1375 in
677 1307 959 1393 posteris
999 1308 1295 1375 socordia
1338 1320 1404 1373 et
1445 1308 1886 1392 ingratitud0‚
1932 1309 1989 1373 si
2035 1310 2507 1391 possessionem

559 1396 740 1460 adire
784 1397 923 1460 eius
964 1406 1176 1460 terrae
1215 1394 1580 1460 detrectent
1623 1415 1787 1476 quae
1834 1405 2176 1477 tantopere
2220 1397 2509 1477 expetita

558 1482 689 1546 fuit
729 1501 769 1547 a
809 1480 1055 1547 sanctis
1097 1482 1409 1562 patribus,
1456 1488 1526 1545 et
1565 1483 1750 1546 cuius
1792 1480 1931 1545 solo
1976 1492 2241 1563 aspectu
2290 1482 2509 1545 beatos

560 1589 632 1633 se
677 1576 1015 1651 putarunt,
1059 1567 1359 1650 quamvis
1403 1567 1474 1631 in
1509 1588 1587 1631 ea
1624 1574 1882 1631 tantum
1918 1567 2051 1631 sint
2086 1567 2506 1651 peregrinati.

730 1652 789 1718 5.
882 1652 1146 1734 Ideoque
1221 1673 1326 1737 syo
1401 1653 1622 1718 audivi
1707 1653 2019 1735 yemitum.
2156 1653 2508 1717 Rationem

560 1739 858 1823 assignat
926 1758 1044 1803 cur
1112 1739 1361 1803 tamdiu
1406 1737 1741 1803 distulerit
1796 1737 1992 1803 fidem
2041 1737 2258 1803 datam
2318 1760 2507 1822 prae-

559 1837 768 1892 stare:
829 1825 981 1907 quia
1029 1823 1276 1890 scilicet
1334 1822 1591 1889 volebat
1635 1845 1792 1899 suos
1838 1824 2076 1890 misere
2132 1824 2372 1909 affligi,
2435 1834 2510 1889 ut

560 1911 854 1993 apertius
919 1919 1329 1977 succurreret
1393 1909 1871 1976 laborantibus:
1949 1910 2183 1975 deinde
2249 1911 2511 1975 volebat

560 1998 810 2062 iniuste
853 1997 1061 2078 premi
1107 1997 1187 2062 ab
1237 1998 1596 2080 Aegyptiis,
1634 2016 1760 2078 quo
1803 1997 2038 2062 iustius
2084 2018 2121 2061 a
2156 1996 2511 2080 tyrannide

561 2083 743 2166 ipsos
788 2083 1085 2165 eriperet.
1193 2081 1404 2148 Sicuti
1452 2082 1757 2147 Abrahae
1802 2080 2089 2147 dixerat:
2151 2083 2508 2166 Postquam

561 2168 733 2234 male
778 2167 1040 2232 tractati
1087 2168 1346 2245 fuerint,
1393 2189 1516 2253 ego
1562 2166 1800 2233 vindex
1848 2188 1978 2235 ere.
2047 2166 2509 2251 Opportunum

560 2276 719 2339 ergo
786 2253 1033 2319 ferendi
1095 2254 1322 2320 auxilii
1385 2264 1642 2336 tempus
1698 2255 1957 2320 venisse
2023 2253 2330 2320 admonet
2387 2255 2512 2319 hac

558 2340 1088 2407 circumstantia:
1158 2340 1313 2423 quia
1377 2341 1432 2405 si
1494 2341 1868 2405 humaniter
1933 2339 2210 2405 fuissent
2252 2362 2512 2424 semper

561 2427 848 2511 excepti,
916 2441 982 2491 et
1046 2429 1192 2491 iura
1250 2426 1515 2509 hospitii
1570 2446 1729 2510 erga
1780 2447 1890 2491 eos
1950 2439 2214 2492 servata
2272 2436 2511 2507 essent,

561 2513 746 2578 nulla
799 2512 1031 2577 fuisset
1072 2512 1501 2578 excutiendae
1556 2510 2017 2577 dominationis
2076 2513 2273 2578 ratio:
2335 2534 2512 2579 nuno

563 2619 719 2664 vero
756 2608 1096 2681 postquam
1132 2598 1444 2682 Aegyptii
1481 2598 1827 2681 aequitatis
1861 2599 2276 2663 immemores
2311 2599 2510 2664 fidem

568 2684 930 2762 violarunt,
992 2704 1270 2768 aequum
1332 2685 1463 2748 fuit
1521 2683 1731 2748 audiri
1806 2705 1846 2748 a
1899 2685 2040 2761 Deo
2099 2687 2386 2768 gemitus
2442 2694 2511 2749 et

563 2770 885 2837 clamores
951 2770 1173 2853 populi
1240 2770 1343 2835 sui
1409 2769 1679 2854 indigne
1735 2770 1978 2836 afflicti.
2085 2771 2226 2836 Hoc
2285 2782 2507 2836 tamen

563 2877 827 2938 semper.
866 2855 1108 2921 diserte
1152 2856 1439 2921 affirmat
1482 2878 1564 2919 ex
1608 2855 1867 2921 foedere
1908 2855 2211 2938 pendere,
2258 2866 2396 2921 tum
2435 2869 2508 2922 ut

564 2951 928 3027 agnoscant
971 2941 1200 3007 Iudaei
1259 2963 1389 3007 non
1451 2941 1579 3006 alio
1622 2962 1819 3024 quam
1862 2944 2185 3025 gratuitae
2229 2943 2507 3025 promis-

564 3029 767 3095 sionis
809 3036 1111 3111 respectu
1157 3027 1281 3094 sibi
1339 3027 1728 3094 obstrictum
1775 3048 1946 3107 esse,
2008 3041 2150 3094 tum
2209 3030 2508 3113 persuasi

562 3135 864 3181 veracem
907 3135 1051 3181 esse
1095 3116 1163 3180 in
1201 3117 1338 3182 suis
1377 3115 1734 3198 promissis,
1780 3116 2022 3181 certius
2057 3114 2510 3182 liberationem

565 3207 964 3285 exspectent.
1052 3199 1598 3267 Recordationem
1644 3200 1923 3266 foederis
1968 3201 2122 3267 alibi
2171 3201 2307 3268 dixi
2364 3222 2509 3267 esse

566 3286 1188 3353 demonstrationem
1248 3287 1533 3352 effectus.
1624 3286 1817 3368 Quod
1867 3288 2164 3371 sequitur
2210 3288 2510 3372 proximo

567 3394 793 3438 versu:
853 3372 978 3437 Dic
1018 3372 1176 3438 filiis
1221 3371 1461 3438 Israel:
1522 3373 1672 3455 Ego
1714 3372 1979 3448 Iehova,
2026 3374 2108 3439 ad
2154 3373 2509 3440 tollendam

567 3457 1041 3524 dubitationem
1083 3466 1350 3542 spectat.
1404 3460 1539 3524 Res
1583 3458 1760 3522 enim
1806 3469 1947 3524 erat
1991 3459 2281 3525 humano
2315 3482 2511 3526 sensu

566 3543 1017 3626 impossibilis,
1098 3544 1427 3610 imbellem
1507 3544 1765 3609 turbam
1829 3555 2220 3628 extorquere
2298 3546 2513 3612 saevis

568 3631 894 3713 tyrannis,
954 3652 1083 3695 non
1139 3650 1326 3697 secus
1370 3639 1562 3714 atque
1618 3649 1775 3697 oves
1817 3652 2046 3697 eruere
2090 3653 2174 3697 ex
2216 3631 2515 3698 faucibus

568 3716 872 3799 luporum
893 3766 907 3792 ,
953 3725 1019 3780 et
1059 3715 1420 3782 incolumes
1467 3737 1758 3791 servare,
1820 3725 2161 3802 postquam
2208 3717 2515 3785 dentibus

568 3803 831 3868 attritae
875 3810 944 3867 et
985 3801 1309 3867 laceratae
1361 3801 1627 3868 fuerint.
1730 3804 2077 3870 Praefatur
2134 3826 2290 3890 ergo
2333 3806 2514 3870 Deus

568 3887 651 3953 de
701 3908 821 3954 sua
875 3887 1369 3972 incomparabili
1426 3888 1700 3968 virtute,
1757 3900 1831 3954 nt
1884 3890 2112 3957 doceat
2168 3890 2333 3956 nihil
2391 3890 2515 3956 sibi

570 3975 708 4040 fore
754 3974 997 4058 negotii
1043 3975 1108 4038 in
1155 3995 1227 4040 re
1261 3975 1681 4057 quantumvis
1718 3975 2078 4042 incredibili
2123 3974 2512 4061 peragenda.

567 4060 727 4126 Ideo
772 4059 1071 4144 adiungit
1112 4082 1182 4125 se
1226 4060 1705 4143 redemptorem
1760 4062 1898 4126 fore
1951 4063 2023 4127 in
2069 4063 2338 4130 brachio
2396 4084 2516 4127 ex·

568 4155 750 4212 tento
789 4156 855 4212 et
910 4145 1172 4213 iudiciis
1224 4148 1513 4230 magnis:
1575 4148 1760 4229 quasi
1808 4147 2079 4214 diceret:
2138 4150 2283 4233 Ego
2327 4149 2517 4214 docu-

567 4243 794 4298 menta
827 4232 1016 4298 edam
1053 4232 1331 4298 mirifica
1365 4230 1660 4298 excelsae
1696 4235 2047 4316 potentiae,
2083 4255 2250 4317 quae
2284 4255 2517 4300 sensus

568 4336 798 4384 omnes
863 4318 1191 4383 humanos
1255 4333 1582 4402 superent.
1694 4320 1827 4383 Per
1902 4319 2144 4385 iudicia
2204 4320 2515 4405 intelligit

570 4404 809 4487 agendi
867 4404 1189 4483 rationes,
1256 4425 1419 4487 quae
1485 4415 1703 4468 tamen
1770 4405 1970 4470 simul
2032 4406 2261 4472 futura
2324 4415 2517 4471 erant

570 4490 946 4556 testimonia
989 4511 1144 4556 suae
1189 4491 1492 4555 iustitiae.
1561 4490 1731 4556 Nam
1758 4489 2080 4557 Hebraeis
2116 4514 2353 4559 nomen
2394 4493 2517 4558 hoo

569 4576 925 4659 quamlibet
972 4576 1492 4659 dispositionem,
1552 4575 1852 4656 modum,
1911 4578 2205 4643 ordinem
2251 4587 2319 4644 et
2361 4600 2514 4644 con-

569 4661 1023 4739 suetudinem,
1080 4662 1408 4728 interdum
1457 4682 1835 4727 mensuram
1880 4664 2236 4748 significat,
2282 4664 2516 4748 gallice

570 4746 844 4815 dicimus
882 4749 1105 4831 fapons
1144 4747 1416 4815 notobles
1456 4769 1537 4814 ou
1581 4752 1912 4832 estranyes.

746 4835 804 4900 7.
851 4833 942 4899 Et
982 4854 1304 4900 assumam
1346 4855 1454 4900 vos
1495 4834 1673 4900 mihi.
1740 4835 1871 4902 Hic
1915 4835 2068 4902 finis
2111 4834 2515 4900 liberationis

570 4919 964 4986 describitur
1002 4921 1071 4984 in
1107 4920 1418 4986 continuo
1455 4922 1705 5003 gratiae
1741 4932 1986 4987 tenore.
2056 4923 2300 4987 Parum
2339 4921 2514 4985 enim

570 5005 835 5083 fuisset,
902 5005 1215 5088 populum
1281 5005 1483 5070 semel
1550 5027 1633 5071 ex
1689 5008 1997 5091 Aegypto
2063 5007 2324 5084 redimi,
2387 5006 2515 5071 nisi

571 5089 952 5174 redemptus
1015 5091 1136 5156 sub
1198 5090 1403 5155 tutela
1458 5099 1539 5167 ,et
1616 5093 1943 5174 praesidio
2016 5095 2142 5160 Dei
2221 5093 2512 5159 vixisset.

574 5174 764 5243 Sicut
806 5195 964 5261 ergo
1006 5176 1260 5261 pridem
1316 5177 1805 5244 circumcisione
1862 5191 2163 5246 sanctum
2208 5178 2516 5244 Abrahae

572 5283 796 5329 semen
855 5273 1319 5348 segregaverat
1375 5282 1413 5326 a
1467 5264 1733 5345 reliquis
1787 5265 2125 5348 gentibus,
2192 5268 2283 5330 ita
2340 5285 2514 5330 nunc

572 5347 787 5430 ipsum
831 5370 1063 5415 rursus
1106 5348 1496 5415 sanctificat:
1556 5370 1759 5433 seque
1817 5350 1947 5416 illis
1991 5351 2060 5417 in
2106 5352 2326 5418 Deum
2370 5352 2512 5416 fore

2604 621 2946 705 promittit.
3050 622 3179 687 His
3233 641 3391 705 ergo
3441 622 3659 688 verbis
3718 634 3851 689 tam
3912 624 4260 706 peculiaris
4317 626 4545 695 electio

2603 728 2799 791 quam
2844 709 2987 773 eius
3046 709 3448 793 perpetuitas
3505 710 3848 774 asseritur:
3918 712 4071 794 quia
4126 713 4379 777 censeri
4423 712 4542 780 Dei

2603 793 2949 876 populum,
2997 793 3386 859 tantundem
3450 794 3631 858 valet
3688 815 3763 860 ac
3819 796 4146 878 singulari
4208 798 4544 882 privilegio

2604 880 2806 961 recipi
2872 879 2943 945 in
3009 887 3329 960 favorem,
3408 887 3476 945 et
3539 880 3881 962 adoptione
3948 884 4162 949 vocari
4229 884 4300 948 in
4367 905 4540 966 spem

2606 976 2909 1030 aeternae
2966 967 3217 1032 salutis.
3310 966 3635 1031 Futurum
3698 986 3854 1032 vero
3899 978 4163 1052 tempus
4206 991 4340 1033 non
4387 982 4546 1035 tem·

2606 1050 2830 1135 porale
2870 1052 3006 1116 fore
3053 1053 3436 1119 beneficium
3484 1052 3703 1130 docet,
3770 1074 3976 1136 quum
4021 1056 4204 1120 Deus
4248 1065 4545 1137 porrecta

2606 1158 2808 1202 manu
2851 1135 3080 1203 educet
3125 1138 3438 1222 populum
3476 1158 3557 1202 ox
3586 1140 3920 1224 Aegypto:
3967 1139 4082 1205 sed
4122 1141 4242 1207 hoc
4288 1141 4542 1207 initium

2608 1223 2932 1287 duntaxat
2994 1225 3132 1290 fore
3197 1234 3504 1289 aeternae
3569 1226 4005 1306 protectionis.
4112 1227 4320 1291 Porro
4376 1227 4545 1292 inter

2608 1330 2728 1373 nos
2764 1320 2828 1374 et
2852 1309 3189 1376 Israelitas
3228 1308 3512 1375 tenenda
3546 1319 3646 1374 est
3679 1330 3992 1396 anagoge,
4031 1310 4133 1375 vel
4158 1311 4541 1378 similitudo:

2607 1395 2761 1478 quia
2804 1396 3006 1459 semel
3052 1395 3236 1461 Deus
3292 1416 3409 1478 per
3464 1395 3784 1476 unigeniti
3834 1398 3950 1461 filii
3996 1417 4266 1462 manum
4310 1399 4544 1482 eripuit

2608 1503 2648 1544 a
2692 1482 2980 1546 Satanae
3025 1482 3394 1567 tyrannide,
3439 1482 3503 1544 in
3553 1481 3730 1548 huno
3774 1484 3971 1547 finem
4020 1497 4091 1547 ut
4135 1505 4251 1549 nos
4295 1504 4547 1566 semper

2611 1580 2884 1649 paterno
2950 1588 3170 1633 amore
3250 1578 3698 1650 prosequatur.
3810 1569 4045 1634 Postea
4110 1569 4378 1634 arrham
4444 1570 4544 1634 vel

2611 1653 2853 1736 pignus
2891 1653 3193 1738 adiungit
3236 1656 3710 1736 possessionem
3757 1666 3970 1719 terrae
4014 1652 4368 1732 Chanaan,
4426 1677 4549 1737 qua

2611 1739 2834 1803 donati
2902 1739 3174 1804 fuerunt
3239 1738 3603 1813 Israelitas,
3672 1746 3749 1803 ut
3813 1738 3997 1805 Deus
4060 1761 4320 1823 semper
4385 1742 4549 1806 inter

2608 1825 2784 1908 ipsos
2821 1823 3151 1905 resideret,
3190 1833 3560 1909 protegeret
3591 1826 3767 1907 ipsos
3802 1847 3922 1891 suo
3967 1826 4232 1903 auxilio,
4279 1828 4552 1891 virtute·

2611 1932 2739 1993 que
2787 1921 3099 1976 tueretur.
3190 1911 3350 1976 Dixi
3389 1911 3560 1977 hanc
3601 1911 3801 1976 fuisse
3845 1910 4107 1976 arrham
4154 1911 4548 1995 adoptionis:

2611 1996 2764 2079 quia
2821 2007 3081 2078 patrum
3139 1997 3302 2062 fides
3358 1996 3559 2061 affixa
3612 2017 3754 2061 esse
3808 2019 3937 2061 non
3997 1997 4220 2063 debuit
4278 1998 4552 2063 terrenis

2614 2081 2959 2161 beneficiis,
3003 2081 3115 2148 sed
3163 2082 3431 2148 tendere
3476 2083 3557 2147 ad
3594 2083 3893 2148 altiorem
3932 2103 4220 2166 scopum.
4290 2084 4552 2151 Interea

2611 2178 2885 2233 externo
2930 2167 3043 2233 illo
3087 2169 3380 2253 symbolo
3425 2168 3606 2234 Deus
3649 2168 3932 2234 ostendit
3988 2170 4391 2253 peculiarem
4435 2171 4554 2236 sibi

2612 2275 2755 2320 esse
2800 2255 3142 2338 populum,
3208 2256 3395 2321 cuius
3441 2254 3828 2320 habitationi
3886 2264 4128 2320 terram
4192 2254 4438 2340 dele'git
4488 2258 4551 2321 in

2612 2360 2739 2423 qua
2781 2340 3125 2407 coleretur.
3213 2340 3407 2421 Quod
3468 2339 3624 2404 dicit
3679 2363 3748 2406 se
3804 2341 4060 2407 levasse
4122 2362 4426 2418 manum,
4475 2339 4555 2407 ad

2612 2427 3172 2491 confirmationem
3214 2427 3425 2491 valet:
3482 2428 3636 2508 quia
3692 2425 4114 2492 iureiurando
4171 2428 4553 2511 interposito

2614 2512 2867 2577 sancita
2910 2512 3256 2595 promissio
3300 2513 3440 2578 fuit.
3509 2512 3787 2577 Certum
3830 2512 4093 2595 quidem
4138 2523 4242 2577 est
4285 2514 4359 2577 in
4403 2514 4554 2580 sitn-

2616 2598 2764 2680 plici
2811 2596 2939 2662 Dei
3000 2598 3196 2663 verbo
3240 2599 3399 2664 satis
3454 2619 3776 2680 superque
3832 2619 3974 2663 esse
4025 2599 4386 2664 firmitatis:
4446 2596 4553 2664 sed

2617 2683 2738 2749 hoc
2772 2685 3091 2750 concessit
3125 2684 3461 2749 hominum
3483 2684 3930 2762 imbecillitati,
3966 2692 4039 2749 ut
4068 2705 4330 2750 sacrum
4368 2704 4553 2751 suum

2615 2791 2885 2847 nomen,
2945 2771 3130 2852 quasi
3177 2770 3542 2854 sponsionis
3585 2770 3756 2848 loco,
3814 2770 3885 2834 in
3943 2769 4156 2835 medio
4200 2779 4550 2836 statueret:

2614 2876 2741 2939 quo
2786 2857 3057 2920 certiore
3093 2856 3330 2921 fiducia
3363 2857 3659 2939 persuasi
3695 2866 3915 2921 essent
3950 2855 4118 2921 nihil
4151 2856 4277 2922 sibi
4317 2856 4557 2922 frustra

2614 2943 2927 3024 promitti.
3017 2942 3277 3008 Levare
3322 2962 3589 3007 manum
3636 2942 3853 3007 iurare
3910 2943 4265 3025 significat,
4331 2942 4555 3009 simili·

2614 3026 2840 3094 tudine
2874 3028 2955 3094 ab
2990 3027 3364 3094 hominibus
3398 3035 3677 3111 sumpta,
3715 3029 3824 3112 qui
3863 3029 3984 3095 hoc
4019 3037 4207 3113 gestu
4232 3033 4556 3096 testantur

2614 3135 2685 3182 se
2743 3135 2963 3180 coram
3019 3116 3163 3179 Deo
3219 3114 3421 3197 loqui,
3480 3137 3556 3180 ac
3613 3114 3669 3180 si
3728 3125 3959 3180 testem
4015 3136 4052 3179 e
4112 3115 4291 3180 coelo
4346 3116 4554 3199 ipsum

2615 3210 3042 3268 accerserent.
3130 3201 3277 3267 Hoc
3322 3202 3391 3265 in
3437 3201 3658 3265 Deum
3702 3221 3838 3265 non
3882 3202 4228 3284 competit,
4288 3203 4403 3285 qui
4448 3221 4555 3283 per

2615 3307 2686 3352 se
2729 3287 2944 3369 ipsum
2989 3288 3181 3366 iurat,
3224 3286 3377 3370 quia
3423 3286 3641 3352 nullus
3676 3287 3868 3352 altior
3903 3294 4004 3352 est
4037 3286 4120 3352 ad
4156 3308 4354 3370 quem
4379 3286 4558 3353 tollat

2615 3392 2915 3438 manum:
2995 3371 3192 3459 (Heb.
3260 3373 3321 3453 5,
3387 3372 3455 3460 3)
3488 3371 3537 3459 ¹)
3599 3373 3714 3439 sed
3777 3373 4132 3456 improprie
4198 3373 4279 3438 ad
4349 3374 4370 3440 i
4419 3393 4557 3440 sum

2613 3459 3008 3525 transfertur
3049 3459 3219 3542 quod
3262 3460 3577 3525 usitatum
3614 3468 3715 3526 est
3769 3460 3943 3525 inter
3977 3460 4300 3527 homines.
4436 3457 4558 3525 uod

2613 3544 2945 3623 inseritur,
2993 3546 3271 3611 scituros
3305 3545 3639 3611 Israelitas
3681 3546 3897 3628 ipsum
3943 3567 4087 3612 esse
4124 3544 4347 3611 Deum
4390 3553 4558 3630 post-

2615 3653 2809 3714 quam
2832 3629 3048 3697 educti
3085 3632 3348 3709 fuerint,
3387 3631 3717 3715 obliquam
3752 3631 4324 3715 exprobrationem
4360 3631 4558 3698 conti·

2615 3728 2756 3782 net:
2837 3718 2992 3800 quia
3067 3716 3317 3784 scilicet
3377 3719 3574 3783 nimis
3638 3717 3818 3782 lenta
3882 3729 3982 3784 est
4045 3717 4336 3802 cognitio
4398 3736 4555 3801 quae

2616 3803 2918 3868 effectum
2998 3804 3430 3886 subsequitur.
3542 3801 3758 3869 Simul
3822 3811 4041 3869 tamen
4109 3805 4553 3887 experimento

2615 3888 2832 3972 palam
2899 3911 2971 3956 se
3032 3890 3358 3955 facturum
3425 3889 3752 3972 promittit
3814 3909 4009 3973 quam
4077 3909 4280 3956 verax
4350 3890 4435 3956 sit
4488 3888 4552 3953 in

2615 3975 2918 4041 omnibus
2941 3975 3077 4041 suis
3113 3975 3321 4053 dictis,
3360 3975 3874 4041 ut-constantius
3896 3975 4235 4041 Israelitas
4261 3975 4554 4058 redemp-

2618 4061 2860 4126 tionem
2939 4082 3126 4127 suam
3206 4070 3606 4144 exspectent.
3713 4061 3794 4127 In
3889 4061 4182 4128 clausula
4257 4072 4553 4146 repetens

2617 4168 2689 4212 se
2741 4168 2882 4212 esse
2947 4147 3261 4214 Iehovam
3280 4198 3296 4227 ,
3352 4148 3661 4213 invictam
3719 4168 3908 4213 suam
3974 4148 4291 4213 virtutem
4312 4199 4328 4226 ,
4395 4166 4553 4230 quae

2617 4232 2804 4299 facile
2840 4244 3106 4316 superat
3138 4234 3357 4299 omnia
3393 4232 3859 4316 impedimenta
3895 4233 4117 4319 (sicuti
4161 4234 4356 4317 paulo
4384 4229 4555 4317 ante)

2615 4320 3049 4385 commendat.
3162 4318 3554 4401 Quanquam
3620 4319 3815 4385 simul
3894 4321 4195 4386 veritatis
4274 4320 4554 4405 elogium

2616 4406 2907 4471 continet
2950 4405 3111 4471 haec
3154 4405 3476 4488 loquutio:
3535 4406 3718 4489 quasi
3763 4405 4010 4472 diceret
4051 4427 4123 4472 se
4164 4426 4376 4471 unum
4419 4423 4554 4471 esse

2615 4490 2721 4557 cui
2788 4503 2929 4556 tuto
2988 4490 3305 4570 creditur,
3364 4492 3519 4575 quia
3571 4503 3640 4557 et
3697 4491 3907 4557 fidelis
3950 4503 4048 4558 est
4103 4493 4174 4556 in
4220 4490 4558 4575 promissis

2616 4577 2775 4654 suis,
2819 4591 2886 4642 et
2927 4578 3248 4643 immensa
3291 4579 3581 4661 potentia
3621 4578 3977 4662 praeditus.

2791 4747 2852 4814 9.
2899 4747 2991 4814 Et
3029 4750 3123 4814 ita
3165 4749 3453 4830 loquutus
3494 4748 3824 4816 estMoses
3866 4750 3952 4815 ad
3988 4749 4157 4831 filios
4180 4748 4420 4815 Israel.-
4448 4746 4555 4813 sed

2617 4854 2742 4899 non
2783 4835 3121 4901 audierunt
3166 4834 3384 4901 Mosen
3415 4857 3582 4919 prae
3624 4836 3921 4919 angustio
3961 4836 4263 4916 spiritus,
4310 4840 4367 4902 et
4393 4850 4552 4916 prae

2617 4921 2785 4986 dura
2840 4921 3146 4987 servitute.
3237 4921 3338 4987 10.
3395 4922 3720 5012 Loqyutus
3787 4926 3995 4986 andem
4046 4926 4135 4987 est
4190 4921 4418 4987 Iehova
4471 4916 4552 4984 od

2621 5005 2861 5086 Mosen,
2906 5007 3143 5072 dicens.-
3233 5008 3331 5072 11.
3378 5007 3713 5091 Inyredere
3754 5012 3811 5072 et
3865 5006 4109 5088 loquere
4146 5008 4233 5072 ad
4280 5006 4551 5071 Pharao·

2617 5112 2759 5243 m
2812 5112 3014 5244 '‘3⁹5“
3029 5092 3255 5245 ὥρῃ
3268 5092 4016 5262 ιῷαἴιαὲᾞᾝῗέῗ
4038 5093 4269 5250 οἷῖᾜ
4305 5097 4551 5254 {m

2757 5365 2815 5435 1)
2852 5363 2974 5423 Ino
3005 5365 3056 5432 6,
3093 5364 3175 5420 13.
