4867 6150
374 443 501 509 469

374 631 510 697 Gur
552 632 994 697 sanctuarium
1042 654 1255 698 unum
1299 633 1566 717 elegerit
1611 632 1815 713 Deus,
1871 634 2023 699 alibi
2069 632 2316 700 dictum

374 718 523 784 fuit:
588 739 767 784 nunc
811 720 1236 802 pronunciat,
1290 719 1417 785 nisi
1481 719 1639 787 illue
1697 719 2018 785 adductae
2070 718 2320 785 fuerint

372 805 696 882 victimae,
742 805 1260 887 profanationem
1305 805 1491 871 illam
1530 807 1668 871 fore
1712 807 1920 872 instar
1962 806 2197 885 caedis,
2243 825 2320 871 ac

372 888 430 954 si
473 890 671 955 homo
712 904 886 957 esset
925 891 1192 957 occisus.
1283 892 1475 958 Iubet
1516 914 1673 976 ergo
1716 892 1858 958 sisti
1914 911 2143 957 omnes
2186 891 2322 958 vic-

370 976 569 1042 timas
626 997 844 1042 coram
889 976 1102 1058 altari,
1160 979 1418 1043 etiamsi
1482 977 1711 1061 procul
1764 978 1983 1044 absint
2039 977 2152 1060 qui
2207 998 2319 1042 eas

369 1072 630 1129 vovent.
732 1063 903 1130 Nam
962 1066 1337 1147 superficies
1396 1065 1536 1148 agri
1596 1065 1885 1130 locorum
1940 1063 2317 1129 distantiam

369 1148 719 1234 significat,
778 1171 862 1215 ne
905 1150 1051 1232 quis
1095 1159 1369 1216 excuset
1412 1151 1758 1217 molestum
1814 1150 1939 1216 sibi
1986 1171 2128 1216 esse
2173 1151 2315 1215 iter.

368 1233 708 1303 Sacrificia
763 1237 1270 1320 prosperitatum
1330 1236 1573 1303 diserte
1617 1237 1960 1321 exprimit:
2006 1236 2160 1319 quia
2201 1235 2320 1300 illa

365 1329 512 1386 erat
568 1321 817 1405 species
873 1342 1001 1405 qua
1064 1343 1254 1388 suam
1321 1324 1633 1406 pietatem
1702 1323 1947 1407 privati
2014 1322 2316 1387 homines

365 1407 664 1474 solebant
709 1409 958 1473 testari.
1049 1408 1163 1476 Sic
1207 1429 1364 1493 ergo
1408 1419 1670 1493 gratum
1715 1410 1837 1475 sibi
1882 1410 2024 1473 fore
2068 1409 2316 1474 cultum

361 1494 758 1577 pronunciat
801 1492 1014 1571 Deus,
1085 1495 1140 1558 si
1185 1495 1585 1561 interveniat
1628 1495 1932 1562 sacerdos
1974 1495 2084 1578 qui
2130 1515 2318 1560 sacra

410 1599 488 1644 ro
536 1579 682 1644 iure
738 1579 1018 1646 iniuncti
1075 1579 1200 1646 sibi
1259 1582 1554 1648 muueris
1612 1589 1906 1666 peragat.
2020 1579 2313 1645 Tandem

390 1687 474 1730 ex
520 1665 592 1730 in
637 1686 868 1733 omnes
912 1673 1162 1732 aetates
1205 1668 1518 1746 sancitur,
1565 1690 1650 1733 ne
1685 1688 1816 1750 qua
1853 1675 2144 1733 tentetur
2177 1667 2318 1731 eius

363 1752 722 1836 abrogatio.
805 1752 1135 1818 Inseritur
1178 1762 1399 1818 tamen
1439 1755 1637 1833 ratio,
1683 1774 1851 1836 quae
1888 1753 2043 1820 alibi
2077 1752 2319 1818 elarius

360 1837 491 1903 fuit
555 1838 886 1923 exposita,
957 1839 1172 1905 locum
1240 1850 1445 1904 unum
1513 1840 1597 1905 ad
1662 1861 1862 1923 quem
1922 1840 2319 1905 conveniant

359 1924 672 2008 praefigi:
711 1924 944 1989 deinde
979 1924 1381 1991 sacerdotem
1417 1926 1680 2009 praefici
1718 1926 1828 2008 qui
1866 1926 2035 1990 ritus
2069 1926 2137 1990 in
2173 1925 2319 2008 lege

359 2009 642 2075 traditos
682 2011 1019 2091 observet,
1076 2020 1152 2075 ut
1195 2012 1412 2077 Deum
1459 2033 1668 2078 unum
1716 2033 1880 2096 pure
1921 2011 2156 2089 colant,
2204 2031 2317 2075 ne·

359 2117 496 2179 que
553 2094 933 2163 adventitiis
993 2097 1565 2181 superstitionibus
1621 2099 1921 2182 polluant
1975 2107 2092 2163 aut
2137 2095 2319 2162 adul-

357 2190 583 2248 terent
602 2184 744 2249 eius
766 2203 972 2249 saera.
1036 2182 1346 2249 Diximus
1371 2186 1547 2249 enim
1584 2185 1955 2250 sanctuario
1978 2184 2317 2269 alligatum

357 2269 565 2334 fuisse
609 2268 926 2353 populum
971 2279 1299 2335 veterem:
1360 2292 1445 2335 ne
1499 2292 1617 2354 pro
1663 2270 2001 2336 hominum
2049 2267 2318 2334 libidine

353 2355 676 2421 flexibilis
732 2370 905 2421 esset
961 2355 1211 2440 religio,
1266 2364 1335 2421 et
1393 2377 1474 2421 ne
1517 2376 1648 2439 qua
1688 2357 2011 2440 figmenta
2055 2356 2320 2439 obrepe-

355 2451 531 2523 rent,
591 2463 630 2507 a
686 2442 922 2525 quibus
976 2441 1191 2509 facilis
1249 2451 1352 2507 est
1395 2441 1479 2508 ad
1534 2441 1973 2508 idololatriam
2018 2441 2314 2509 defectio.

356 2528 755 2597 Mandatum
801 2548 958 2612 ergo
1001 2529 1175 2612 quod
1222 2527 1444 2608 edidit,
1485 2538 1557 2593 ut
1600 2529 1782 2595 solus
1824 2528 2127 2595 sacerdos
2174 2529 2316 2594 bes-

355 2615 492 2681 tias
550 2615 813 2694 offerat,
879 2634 919 2678 a
973 2635 1231 2680 summa
1287 2614 1576 2680 utilitate
1633 2615 2076 2701 commendat:
2138 2614 2314 2697 quod

351 2700 611 2767 scilicet
675 2699 799 2766 hoe
856 2699 1048 2766 modo
1109 2701 1405 2765 fraenum
1460 2701 1714 2766 iniiciat
1768 2701 2039 2785 populo,
2107 2720 2190 2766 ne
2243 2722 2313 2767 se

352 2786 716 2871 prostituat
766 2784 1213 2852 daemonibus.
1301 2786 1495 2853 Unde
1552 2787 1882 2872 colligitur
1929 2788 2115 2853 utilis
2160 2787 2312 2853 doc-

351 2875 559 2953 trina,
605 2893 736 2937 non
783 2871 977 2937 aliter
1019 2872 1311 2939 cohiberi
1355 2894 1546 2956 posse
1581 2874 1882 2940 homines
1917 2895 2002 2939 ne
2046 2873 2130 2938 ad
2174 2872 2311 2939 ido·

350 2959 688 3027 lolatriam
726 2959 1098 3039 deflectant,
1133 2980 1328 3043 quam
1367 2959 1425 3025 si
1461 2980 1550 3026 ex
1582 2981 1694 3026 ore
1718 2961 1845 3026 Dei
1882 2969 2143 3044 petatur
2178 2981 2313 3024 una

350 3054 420 3112 et
466 3045 752 3131 simplex
798 3044 1063 3129 pietatis
1108 3046 1352 3131 regula.

533 3133 594 3199 8.
639 3131 837 3198 Dices
869 3137 1204 3216 praeterea
1256 3133 1408 3199 iuis.
1508 3133 1701 3199 Nunc
1758 3131 2138 3198 extenditur
2203 3131 2312 3200 lex

352 3220 437 3285 ad
487 3219 894 3303 peregrinos,
951 3240 1080 3284 non
1142 3220 1256 3303 qui
1316 3219 1576 3302 profani
1618 3227 1856 3296 essent,
1910 3218 2023 3285 sed
2069 3219 2181 3303 qui
2223 3218 2308 3283 ab

350 3305 508 3372 aliis
551 3303 859 3389 gentibus
911 3304 1174 3371 oriu'ndi
1230 3327 1474 3372 nomen
1519 3327 1720 3388 purae
1763 3304 2068 3391 religioni
2115 3302 2308 3370 dede-

350 3398 530 3458 rant.
619 3390 792 3455 Nam
851 3391 911 3458 si
968 3392 1117 3476 plus
1176 3391 1307 3457 illis
1369 3391 1596 3457 fuisset
1656 3391 2055 3475 permissum
2113 3411 2310 3474 quam

352 3477 664 3563 genuinis
709 3476 1016 3543 Abrahae
1061 3477 1231 3556 filiis,
1279 3499 1359 3542 ex
1405 3498 1629 3542 eorum
1676 3498 1857 3542 more
1901 3478 2124 3543 statim
2169 3478 2307 3542 lon-

349 3564 510 3650 gius
566 3582 794 3646 sparsa
836 3563 1068 3629 fuisset
1124 3563 1513 3646 corruptela.
1602 3563 1830 3629 Noluit
1874 3564 2080 3648 igitur
2126 3564 2308 3629 Deus

349 3649 807 3716 sanctuarium
865 3671 1057 3716 suum
1117 3650 1198 3715 ab
1254 3649 1499 3716 exteris
1545 3650 1781 3729 vitiari,
1830 3670 1915 3715 ne
1959 3670 2184 3715 eorum
2232 3650 2310 3714 li-

345 3735 576 3803 centia
630 3734 714 3800 ad
771 3743 982 3801 totum
1042 3736 1358 3819 populum
1414 3747 1724 3818 serperet.
1785 3736 2179 3802 ·anterum
2226 3757 2309 3801 ex

349 3822 484 3889 hoc
539 3820 827 3888 seeundo
887 3823 1182 3887 membro
1240 3821 1574 3906 colligitur
1632 3820 1967 3888 mactandi
2034 3823 2312 3889 verbum

345 3907 526 3992 quod
573 3906 729 3972 alibi
772 3907 971 3973 latius
1014 3907 1414 3986 extenditur,
1470 3906 1554 3972 ad
1600 3909 1924 3974 sacrificia
1967 3909 2309 3992 restringi:

347 3991 877 4078 quandoquidem
933 3993 1088 4059 alibi
1142 3993 1454 4061 vescendi
1507 3993 1776 4059 libertas
1835 3994 2032 4060 datur
2074 3995 2314 4078 populo

349 4081 426 4146 in
463 4078 773 4145 omnibus
815 4077 1088 4145 urbibus
1123 4092 1192 4145 et
1234 4080 1438 4163 pagis,
1486 4077 1682 4145 modo
1723 4101 1766 4145 a
1806 4082 2132 4165 sanguine
2174 4081 2315 4146 abs-

350 4166 636 4234 tineant.
728 4165 1116 4232 Tenendum
1172 4166 1384 4249 igitur
1438 4174 1540 4231 est
1579 4188 1706 4231 non
1751 4165 1860 4233 hic
1895 4167 2004 4251 agi
2044 4167 2125 4232 de
2163 4187 2316 4251 pro-

348 4253 610 4319 miscuo
650 4251 848 4330 victu,
897 4251 1011 4318 sed
1056 4260 1313 4317 tantum
1360 4250 1441 4316 de
1483 4252 1778 4318 victimis
1816 4273 2094 4337 quarum
2139 4253 2316 4320 ebla-

349 4340 450 4406 tio
497 4339 786 4423 separari
834 4359 963 4403 non
1011 4338 1237 4404 debuit
1281 4360 1321 4403 a
1364 4336 1808 4405 tabernaculo.

980 4680 1112 4748 EX
1160 4680 1430 4749 DEUT.
1475 4681 1707 4747 XVII.

531 4853 591 4919 8.
643 4850 719 4917 Si
752 4852 910 4935 quid
946 4852 1206 4918 labuerit
1238 4858 1292 4917 te
1316 4854 1387 4917 in
1408 4853 1643 4918 iudicio
1667 4854 1828 4918 inter
1859 4855 2231 4938 sanquinem
2265 4859 2320 4921 et

350 4940 748 5024 sanguinea,
786 4939 951 5005 inber
987 4958 1245 5004 causam
1278 4945 1336 5005 et
1367 4959 1648 5020 causam,
1685 4944 1740 5005 et
1773 4940 1933 5006 inter
1960 4940 2226 5024 plaqam
2262 4945 2319 5005 et

339 5026 631 5110 phyma,
660 5027 726 5089 in
745 5024 929 5090 rebus
949 5026 1263 5104 rixarum,
1284 5028 1458 5090 intra
1474 5032 1701 5106 portas
1722 5030 1887 5105 tuas,
1911 5032 2058 5093 tunc
2078 5046 2312 5111 samec,

354 5117 416 5178 et
457 5111 750 5177 ascendes
786 5112 872 5176 ad
914 5110 1114 5175 Ζοοωηι
1147 5131 1329 5193 quem
1371 5112 1618 5196 eleyerit
1659 5111 1890 5178 Iehova
1927 5113 2108 5179 Deus
2150 5118 2313 5177 tuus,

353 5198 420 5264 9.
471 5197 558 5263 R
594 5198 802 5263 venies
848 5196 934 5262 ad
967 5197 1315 5263 sacerdotes
1351 5198 1639 5283 Levites,
1684 5203 1740 5264 et
1772 5199 1860 5265 ad
1895 5200 2168 5265 iudicem
2203 5199 2318 5281 qui

348 5285 557 5369 fuerit
611 5285 684 5349 in
735 5283 951 5350 diebus
1001 5282 1155 5360 iuis,
1217 5289 1271 5348 et
1328 5303 1618 5365 quaere-9,
1674 5289 1733 5350 et
1785 5285 2147 5351 indicabunt
2203 5284 2317 5349 tibi

350 5371 612 5438 verbum
651 5369 897 5437 iudicii.
991 5369 1092 5436 lo.
1137 5367 1224 5434 Et
1262 5369 1459 5451 facies
1496 5372 1684 5436 iuxta
1723 5372 1977 5438 verbum
2017 5372 2182 5456 quod
2207 5373 2318 5436 ‚in-

1772 442 2289 513 SECUNDUM
2331 446 2990 514 PRAEOEPTUM.

4242 451 4376 516 470

2420 632 4115 720 dicaveremtibieloooilloqumeleymtlehova,
4175 637 4376 704 etob-

2418 721 2698 787 servabis
2757 720 2964 803 facere
3026 721 3364 787 secundm
3427 724 3643 787 omnia
3706 743 3868 805 quae
3920 723 4242 789 docuerint
4294 730 4373 792 te.

2425 807 2526 872 11.
2577 805 2928 872 Secundum
2987 807 3177 890 leyem
3234 828 3427 889 quam
3467 810 3786 875 docuerint
3825 813 3895 884 te,
3943 815 3999 875 et
4037 810 4377 876 secmadum

2418 893 2731 959 iudicium
2772 893 2937 975 quod
2979 895 3260 959 dixerint
3299 894 3429 973 tibi,
3484 894 3716 976 facies:
3768 916 3891 962 non
3946 895 4283 962 declinabis
4331 918 4374 963 a

2418 979 2601 1045 verbo
2663 979 2825 1061 quod
2888 978 3303 1045 indicaverint
3364 980 3478 1045 tibi
3494 1030 3510 1061 ,
3576 981 3661 1045 ad
3725 982 4013 1047 dextram
4030 1033 4044 1058 ,
4113 988 4227 1049 aut
4288 983 4375 1048 ad

2422 1066 2771 1131 sinistram.

2597 1236 2656 1302 8.
2696 1234 2773 1301 Si
2813 1237 2969 1319 quid
3011 1236 3281 1303 latuerit.
3348 1236 3480 1302 Hie
3525 1238 3647 1305 sub
3691 1260 3827 1304 uua
3866 1240 4080 1322 specie
4125 1241 4376 1324 praeei-

2421 1342 2629 1404 puum
2676 1323 3086 1389 sacerdotum
3134 1343 3375 1388 munus
3420 1322 3844 1391 describitur:
3888 1348 4142 1408 nempe,
4190 1338 4265 1390 ut
4303 1325 4379 1391 in

2420 1408 2619 1473 rebus
2663 1409 2992 1492 ambiguis
3035 1417 3102 1473 et
3135 1407 3425 1475 obscuris
3470 1410 3906 1493 respondeant
3947 1433 4033 1477 ex
4077 1412 4220 1495 lege
4244 1412 4377 1478 Dei

2420 1493 2580 1577 quid
2636 1508 2887 1560 rectum
2946 1496 3050 1560 sit.
3139 1495 3292 1560 Etsi
3347 1496 3522 1560 enim
3581 1495 3841 1563 videtur
3887 1498 4069 1563 Deus
4112 1506 4376 1564 tautum

2422 1580 2723 1664 politicas
2768 1582 3250 1648 controversias
3286 1582 3628 1665 attingere,
3675 1604 3809 1647 non
3846 1583 4117 1649 dubium
4152 1592 4377 1651 tamen

2422 1675 2526 1732 est
2580 1668 2736 1749 quin
2795 1687 2915 1750 per
2973 1668 3426 1752 synecdochen
3488 1688 3599 1733 eos
3641 1671 3997 1735 constituat
4039 1670 4377 1737 doctrinae

2422 1751 2654 1835 legalis
2696 1753 3107 1837 interpretes.
3196 1754 3450 1819 Verum
3495 1774 3622 1837 quo
3666 1757 3954 1822 sanctior
3998 1778 4114 1838 per
4156 1757 4381 1823 omnia

2423 1850 2599 1905 esset
2644 1860 2868 1904 eorum
2914 1841 3251 1919 autoritas,
3299 1840 3477 1906 iubet
3523 1840 3832 1922 populum
3878 1842 3948 1906 in
3985 1842 4184 1908 rebus
4263 1864 4379 1908 ue·

2423 1945 2550 2007 que
2599 1927 2807 2010 magis
2850 1924 3092 1991 odiosis
3137 1947 3363 1991 eorum
3405 1926 3644 1992 iudicio
3688 1930 4116 2011 acquiescere.
4269 1948 4379 1993 am

2422 2012 2478 2076 si
2535 2032 2762 2076 eorum
2819 2032 3135 2095 responso
3189 2011 3502 2079 standum
3555 2025 3654 2077 est
3698 2013 3812 2078 ubi
3856 2013 3937 2078 de
3981 2014 4120 2079 vita
4163 2014 4377 2080 homi-

2422 2097 2528 2161 nis
2573 2097 2825 2181 agitur,
2872 2098 2988 2163 'vel
3028 2098 3365 2180 quaelibet
3408 2098 3556 2163 lites
3610 2109 3767 2165 sunt
3812 2099 4251 2178 dirimendae,
4306 2099 4380 2166 in

2422 2183 2549 2248 Dei
2584 2182 2766 2248 cultu
2804 2196 2871 2248 et
2903 2183 3232 2268 spirituali
3270 2183 3567 2250 doctrina
3612 2185 3823 2250 multo
3868 2186 4081 2270 magis
4124 2187 4380 2251 tollitur

2419 2270 2637 2333 omnis
2695 2269 3010 2352 exceptio,
3102 2269 3498 2353 Quanquam
3537 2270 3715 2336 enim
3759 2292 3894 2336 non
3940 2272 4113 2337 solos
4156 2293 4372 2339 saeer-

2422 2355 2606 2421 dotes
2654 2355 2911 2422 iudiciis
2963 2356 3072 2422 hic
3126 2357 3393 2440 praefici
3436 2355 3683 2433 fateor,
3743 2357 3858 2422 sed
3902 2358 4183 2442 collegas
4241 2357 4375 2423 illis

2420 2441 2692 2526 adiungi
2732 2464 2815 2508 ex
2850 2443 3101 2525 reliquo
3136 2443 3405 2526 populo:
3452 2443 3740 2509 maxime
3775 2453 3997 2509 tamen
4037 2444 4376 2510 extollitur

2419 2527 2769 2594 sacerdotii
2805 2527 3107 2613 dignitas.
3193 2528 3385 2611 Quod
3433 2529 3727 2595 nonnulli
3775 2550 3891 2613 per
3937 2551 4175 2595 nomen
4211 2529 4377 2595 iudi-

2418 2615 2513 2679 cis
2557 2636 2891 2681 summum
2936 2616 3317 2699 pontificem
3361 2615 3763 2700 intelligunt,
3809 2616 3999 2681 facile
4035 2615 4373 2697 refellitur,

2415 2701 2572 2783 quia
2631 2702 2937 2768 distincte
2993 2711 3338 2767 enumerat
3382 2702 3600 2767 Moses
3644 2701 4032 2782 sacerdotes,
4081 2703 4375 2782 Levites,

2416 2796 2485 2851 et
2541 2786 2845 2853 iudicem.
2943 2787 3293 2853 Probabile
3362 2795 3582 2852 tamen
3649 2796 3748 2853 est
3814 2787 4157 2873 enallagen
4226 2808 4373 2854 esse

2418 2874 2677 2938 numeri
2723 2874 2793 2937 in
2838 2873 3104 2939 nomine
3156 2871 3428 2939 iudicis:
3487 2874 3640 2956 quia
3683 2873 3904 2956 plures
3948 2874 4150 2938 fuisse
4192 2894 4375 2938 crea-

2415 2969 2519 3025 tos
2565 2968 2841 3044 apparet
2882 2981 2965 3024 ex
3009 2980 3196 3026 sacra
3237 2959 3549 3025 historia:
3594 2959 3707 3023 ubi
3731 2967 4040 3024 narratur
4059 2958 4377 3043 Iosaphat

2417 3044 2498 3111 de
2543 3045 2803 3113 Levitis
2837 3055 2905 3111 et
2939 3045 3405 3126 sacerdotibus,
3448 3054 3515 3111 et·
3537 3044 3942 3130 principibus
3978 3044 4372 3111 familiarum

2415 3131 2627 3197 Israel
2687 3132 2923 3216 legisse
2990 3133 3100 3216 qui
3164 3130 3607 3216 lerosolymae
3672 3142 4051 3215 praeessent
4111 3131 4375 3198 iudiciis

2415 3216 2485 3304 (2
2521 3218 2673 3284 Par.
2724 3219 2823 3298 19,
2862 3217 2988 3305 10).
3062 3218 3294 3283 Noluit
3326 3225 3501 3284 certe
3538 3218 3687 3301 pius
3722 3239 3843 3282 rex
3881 3217 3985 3283 vel
4021 3218 4373 3283 minimum

2415 3304 2765 3371 deflectere
2808 3325 2847 3370 a
2890 3304 3055 3389 legis
3099 3323 3362 3369 norma:
3421 3313 3488 3370 et
3531 3302 3821 3369 studium
3873 3305 4012 3369 eius
4062 3303 4372 3369 laudatur

2413 3390 2688 3474 spiritus
2747 3390 2957 3457 saneti
3001 3389 3229 3476 elogio,
3340 3388 3456 3457 Sic
3522 3398 3745 3456 autem
3815 3388 4170 3455 distributa
4246 3390 4374 3455 fnit

2414 3478 2602 3555 rati0,
2649 3475 3200 3560 quemadmodum
3258 3474 3394 3542 illie
3439 3475 3635 3561 paulo
3678 3484 3829 3560 post
3874 3477 4240 3553 subiicitur,
4299 3484 4372 3541 ut

2415 3583 2714 3629 summus
2750 3562 3053 3629 sacerdos
3077 3563 3436 3646 primatum
3475 3573 3730 3628 teneret
3760 3559 3833 3626 'in
3873 3561 4071 3626 rebus
4108 3561 4370 3641 divinis,

2416 3649 2783 3733 praefectus
2840 3657 3061 3713 autem
3126 3651 3348 3733 regius
3413 3648 3640 3714 civiles
3697 3668 3927 3713 causas
3983 3658 4049 3712 et
4108 3648 4375 3732 negotia

2415 3743 2682 3800 terrena
2724 3742 3003 3800 curaret.
3085 3733 3237 3816 Quo
3277 3735 3521 3800 iterum
3556 3736 3985 3799 confirmatur
4031 3733 4203 3816 quod
4249 3756 4372 3799 nu-

2417 3842 2538 3904 per
2575 3821 2780 3904 attigi,
2828 3819 3274 3887 sacerdotibus
3318 3820 3565 3886 scilicet
3608 3821 3863 3904 iniungi
3910 3819 4188 3886 docendi
4232 3841 4375 3885 mu-

2417 3927 2581 3984 nus,
2647 3915 2722 3971 ut
2787 3905 2867 3971 de
2923 3906 3410 3989 quaestionibus
3474 3906 3685 3972 dubiis
3749 3925 4065 3989 responsa
4123 3905 4374 3971 darent.

2419 3991 2896 4076 Sum-agantur
2937 3999 3006 4057 et
3052 3991 3249 4058 verba
3292 3992 3624 4075 Iosaphat,
3682 3992 3794 4056 ubi
3837 3992 4024 4057 dicit:
4086 3990 4373 4058 Omnem

2421 4099 2685 4146 eausam
2746 4099 2913 4161 quae
2971 4078 3232 4144 venerit
3298 4077 3381 4142 ad
3447 4100 3562 4142 vos
3619 4080 3795 4142 inter
3856 4078 4245 4162 sanguinem
4310 4088 4380 4142 et

2421 4165 2849 4249 sanguinem,
2909 4165 3082 4229 inter
3141 4164 3354 4248 legem
3414 4173 3480 4229 et
3523 4172 3962 4248 praeceptum,
4020 4173 4273 4229 statuta
4312 4173 4381 4229 et

2421 4250 2686 4331 iudicia,
2747 4250 3181 4316 admonebitis
3240 4251 3474 4315 fratres
3534 4258 3810 4328 vestros,
3868 4258 3944 4314 ut
3989 4270 4119 4313 non
4167 4250 4379 4315 delin-

2424 4348 2635 4422 quant
2678 4344 2907 4401 eontra
2948 4336 3286 4402 Iehovam.
3375 4335 3571 4402 Certe
3633 4335 3805 4401 sicut
3865 4356 4083 4399 rerum
4131 4337 4377 4421 capita-

2325 4469 2336 4475 ·
2421 4424 2589 4488 lium
2643 4421 2933 4506 cognitio
2985 4423 3248 4506 proprie
3308 4420 3390 4486 ad
3445 4419 3691 4486 iudices
3751 4421 4027 4485 aliarum
4087 4421 4378 4487 tribuum

2422 4509 2779 4593 spectabat,
2826 4511 2919 4575 sic
2964 4508 3268 4573 diseretio
3310 4509 3382 4572 in
3427 4507 3791 4591 praeceptis
3837 4518 3902 4571 et
3959 4508 4251 4586 statutis,
4310 4516 4380 4574 et

2424 4599 2625 4660 totius
2668 4595 2836 4677 legis
2870 4596 3329 4678 interpretatio
3364 4593 3713 4676 peculiaris
3750 4593 3875 4657 fuit
3908 4592 4375 4660 sacerdotibus.

2423 4682 2562 4748 Nec
2607 4681 2879 4746 dubium
2927 4689 3026 4746 est
3067 4682 3225 4764 quin
3262 4702 3346 4746 ex
3381 4680 3506 4745 hoc
3540 4679 3680 4744 loco
3714 4687 4052 4761 sumptum
4089 4680 4177 4744 sit
4210 4679 4376 4745 illud

2424 4766 2788 4833 Malachiae
2832 4765 2918 4852 (2,
2967 4766 3053 4854 7),
3099 4765 3309 4832 Labia
3352 4764 3708 4831 sacerdotis
3751 4764 4127 4830 custodient
4168 4767 4375 4830 seien-

2423 4855 2617 4932 tiam,
2669 4863 2736 4918 et
2777 4853 2991 4937 legem
3037 4852 3325 4935 requires
3387 4873 3469 4916 ex
3517 4872 3629 4915 ore
3675 4851 3851 4915 eius:
3896 4852 4050 4934 quia
4093 4853 4376 4918 nuncius

2425 4940 2550 5004 Dei
2597 4939 3006 5005 exercituum
3051 4950 3170 5004 est.
3258 4938 3471 5013 Nune,
3527 4948 3601 5002 ut
3645 4958 3966 5003 summam
4015 4946 4373 5016 teneamus,

2423 5023 2644 5090 sedem
2705 5025 2966 5090 summi.
2993 5024 3219 5090 iudicii
3264 5023 3451 5088 Deus
3493 5023 3678 5098 locat,
3743 5023 3854 5089 ubi
3899 5022 4026 5086 erit
4069 5032 4375 5086 sanctua-

2423 5113 2617 5176 rium.
2708 5111 2851 5174 Etsi
2912 5121 3131 5175 autem
3186 5112 3397 5193 primo
3457 5131 3655 5176 versu
3703 5108 3964 5173 videtur
4006 5109 4374 5190 promiscue

2424 5208 2558 5262 tam
2605 5195 2973 5262 sacerdotes
3018 5219 3211 5280 quam
3259 5196 3509 5262 iudices
3556 5198 3910 5280 praeficere
3954 5202 4213 5257 tantum
4262 5192 4374 5258 de-

2421 5282 2729 5349 finiendis
2772 5283 3054 5348 terrenis
3098 5282 3338 5358 litibus,
3384 5294 3615 5365 quarto
3653 5292 3873 5346 tamen
3911 5287 4136 5363 postea
4169 5300 4375 5345 versu

2419 5370 2580 5436 satis
2627 5368 3048 5448 demonstrat,
3108 5368 3551 5435 sacerdotibus
3609 5389 3678 5433 se
3723 5367 3884 5431 alias
3927 5375 4148 5447 partes
4189 5387 4383 5431 man-

3858 5467 3960 5521 30*
