4867 6150
329 459 460 529 657

331 648 624 716 Israelis.
668 649 803 717 Ubi
844 650 1135 717 ostendit
1154 650 1357 728 Deus,
1402 669 1475 716 se
1519 650 1891 736 virginibus
1933 660 2292 735 patronum

332 754 496 816 esse,
561 757 690 819 quo
753 735 994 804 melius
1052 737 1434 804 animentur
1495 737 1752 820 puellae
1797 737 1880 803 ad
1945 737 2287 804 colendam

209 896 220 907 ,
331 823 733 907 pudicitiam.
826 821 903 890 Si
945 824 1092 907 quis
1134 823 1412 902 obiiciat,
1457 822 1630 890 male
1672 824 1876 890 fuisse
1919 823 2290 891 consultum

332 909 614 975 miserae
656 907 942 975 feminae
958 960 974 990 ,
1029 909 1190 974 dum
1233 909 1585 993 tyrannico
1623 908 1901 992 imperio
1944 910 2019 974 in
2061 929 2291 994 perpe-

331 1005 525 1061 tuum
562 993 826 1062 addicta
867 996 1026 1060 fuit:
1070 994 1471 1079 respondeo,
1529 995 1599 1060 id
1642 1017 1788 1062 esse
1828 997 2093 1077 factum,
2137 994 2295 1079 quia

331 1080 523 1147 nulla
581 1081 721 1147 eius
778 1080 1155 1147 liberandae
1193 1092 1373 1147 esset
1413 1080 1600 1147 ratio.
1687 1082 1863 1148 Nam
1907 1083 2031 1148 etsi
2074 1081 2292 1148 divor-

332 1166 503 1233 tium
541 1165 652 1254 (ut
684 1168 879 1250 paulo
912 1176 1059 1251 pest
1096 1165 1491 1253 videbimus)
1535 1188 1687 1234 cum
1731 1168 2045 1234 uxoribus
2079 1168 2295 1234 facere

332 1253 730 1338 permissum
797 1254 957 1319 viris
1021 1253 1174 1331 fuit,
1237 1253 1344 1318 ius
1405 1262 1629 1319 tamen
1695 1264 1762 1318 et
1825 1255 1924 1319 fas
1978 1273 2113 1320 non
2167 1253 2295 1318 fuit

331 1348 633 1407 evertere
712 1339 992 1423 primam
1059 1339 1189 1405 Dei
1252 1338 1751 1406 institutionem.
1865 1339 2055 1406 Adde
2118 1338 2292 1423 quod

329 1425 550 1492 fraudi
613 1425 836 1490 mariti
900 1445 1244 1491 occurrere
1310 1442 1574 1491 necesse
1640 1426 1782 1503 fuit,
1851 1426 1962 1508 qui
2017 1424 2291 1510 repudio

331 1512 504 1578 facto
550 1511 868 1594 gloriatus
911 1511 1150 1577 fixisset
1193 1520 1510 1594 tanquam
1554 1512 1693 1576 voti
1736 1532 2016 1594 compos.

507 1598 610 1663 20.
675 1598 853 1680 Quod
897 1598 960 1663 si
1000 1618 1153 1663 vera
1207 1597 1405 1681 fuerit
1458 1597 1769 1663 accusatio
1823 1598 1970 1662 ista.
2061 1595 2138 1664 Si
2182 1596 2291 1664 cui

330 1685 594 1751 saevior
636 1683 898 1748 videtur
921 1681 1423 1759 animadversio,
1461 1682 1826 1766 perpendat
1857 1682 2113 1748 nullum
2148 1704 2293 1749 esse

330 1791 541 1855 genus
586 1767 838 1835 fraudis
882 1769 1104 1835 minus
1146 1768 1508 1835 tolerabile.
1570 1769 1774 1836 Falsa
1817 1768 2111 1835 venditio
2147 1769 2291 1854 agri

330 1864 446 1922 aut
490 1855 719 1921 domus
758 1857 1009 1920 crimen
1054 1854 1458 1934 censebitur,
1521 1855 1836 1921 ‘similiter
1889 1855 2094 1921 falsae
2151 1876 2289 1920 mo·

328 1953 525 2008 netae
571 1942 967 2025 suppositio:
1025 1963 1183 2026 ergo
1241 1962 1408 2026 quae
1451 1961 1639 2007 sacro
1675 1941 1969 2026 coniugii
2026 1943 2293 2007 nomine

329 2027 628 2105 abutitur
684 2028 766 2092 ad
823 2028 1294 2107 fraudandum,
1357 2034 1428 2092 et
1484 2048 1724 2112 corpus
1781 2029 2112 2110 impurum
2172 2047 2293 2111 pro

330 2124 512 2182 casto
555 2113 787 2195 tradit,
843 2113 1054 2179 multo
1113 2113 1332 2179 minus
1395 2114 1630 2180 veniae
1673 2122 1981 2179 meretur.
2073 2112 2296 2194 Quan-

329 2223 527 2285 quam
564 2199 762 2265 latius
796 2209 979 2285 patet
1014 2220 1179 2283 quae
1215 2199 1614 2283 exprimitur
1671 2200 2046 2266 severitatis
2082 2219 2295 2278 causa,

330 2286 502 2371 quod
550 2285 796 2352 scilicet
840 2286 1315 2369 perpetraverit
1360 2287 1716 2369 nequitiam
1772 2285 1879 2350 vel
1917 2283 2294 2350 foeditatem

329 2372 402 2437 in
427 2372 653 2438 Israel.
693 2370 891 2453 Quod
926 2371 1039 2436 alii
1080 2381 1349 2437 vertunt
1383 2371 1771 2451 stultitiam,
1807 2370 2123 2455 frigidum
2162 2381 2293 2436 est:

329 2460 455 2525 etsi
522 2459 697 2524 enim
766 2457 1111 2524 deducitur
1176 2478 1417 2524 nomen
1483 2478 1524 2522 8
1627 2468 1716 2525 3),
1769 2456 2016 2540 aliquid
2073 2467 2294 2522 tamen

329 2545 616 2610 atrocius
660 2542 965 2627 designat
1008 2564 1206 2626 quam
1250 2543 1629 2608 stultitiam:
1679 2544 1872 2610 sicuti
1909 2541 2182 2608 Simeon
2229 2550 2295 2606 et

326 2631 524 2710 Levi,
571 2630 727 2696 dum
771 2628 1038 2694 caedem
1081 2627 1598 2695 sichemitarum
1643 2626 1842 2715 (Gen.
1895 2628 2001 2708 34,
2049 2627 2135 2714 7),
2176 2650 2292 2693 ex-

328 2728 594 2796 cusant,
652 2727 953 2798 stuprum
1013 2715 1256 2780 sororis
1300 2735 1456 2781 8888
1501 2729 1741 2782 vocant
1782 2699 1957 2783 aba),
2015 2715 2140 2781 hoc
2194 2721 2296 2780 est

326 2801 709 2868 foeditatem
731 2803 801 2865 in
825 2800 1089 2867 Israele.
1128 2800 1322 2867 Unde
1344 2822 1574 2868 rursus
1598 2809 1874 2886 apparet
1894 2808 2296 2886 quantopere

327 2889 474 2955 Deo
519 2888 773 2972 placeat
815 2888 1101 2953 castitas.

928 3227 1058 3292 Ex
1106 3226 1375 3293 DEUT.
1423 3224 1687 3292 XXIV.

509 3398 567 3464 1.
622 3398 698 3463 Si
754 3399 1053 3481 acceperit
1110 3399 1256 3482 quis
1312 3418 1603 3479 uxoren,
1663 3405 1719 3465 et
1759 3400 1974 3466 coierit
2016 3422 2154 3467 eum
2197 3423 2291 3479 ea,

327 3506 453 3552 non
495 3490 705 3551 autem
746 3485 1054 3551 invenerit
1085 3484 1364 3568 qratiam
1407 3485 1479 3550 in
1522 3484 1721 3551 oculis
1763 3487 1899 3552 eius
1915 3538 1931 3566 ,
2000 3508 2067 3553 eo
2132 3488 2294 3570 quod

326 3571 635 3638 invenerit
676 3571 747 3636 in
790 3592 867 3636 ea
907 3571 1223 3637 maculam
1266 3569 1581 3651 aliquam,
1639 3575 1695 3636 et
1736 3573 2064 3654 scripoerit
2120 3575 2179 3640 ei
2220 3573 2298 3639 li-

325 3657 552 3724 bellum
595 3657 871 3740 repudii,
917 3677 993 3722 ac
1034 3656 1371 3722 tradiderit
1414 3656 1485 3720 in
1526 3675 1788 3722 manum
1831 3660 1984 3739 eius,
2045 3664 2102 3724 et
2144 3659 2294 3724 emi·

327 3745 483 3810 serit
522 3763 555 3807 e
598 3742 774 3808 domo
816 3763 955 3818 sua,
1046 3742 1106 3807 2.
1170 3740 1308 3807 Illa
1365 3762 1508 3808 vero
1551 3763 1800 3825 eqressa
1842 3765 1874 3809 e
1915 3745 2093 3811 domo
2137 3748 2292 3826 eius,

327 3830 555 3896 abierit
617 3832 671 3893 et
736 3829 1025 3909 nupserit
1084 3827 1269 3893 alteri
1331 3827 1486 3907 vir0,
1604 3827 1664 3893 3.
1744 3829 1859 3895 Vir
1916 3830 2137 3897 deinde
2190 3830 2292 3896 hic

316 3915 631 3999 posterior
686 3913 882 3980 oderit
938 3933 1111 3999 eam,
1178 3918 1234 3978 et
1288 3913 1613 3995 scripserit
1676 3914 1948 3980 libellum
2011 3917 2290 3995 divortii,

327 3999 780 4083 tradideritque
823 4001 894 4066 in
934 4020 1196 4064 manum
1238 3999 1395 4079 eius,
1453 4004 1510 4065 et
1551 4000 1828 4066 emiserit
1869 4021 1902 4065 e
1935 4002 2112 4069 domo
2147 4023 2289 4083 sua,

332 4093 447 4154 aut
487 4088 549 4152 si
591 4088 694 4150 vir
735 4088 851 4152 iste
882 4086 1199 4167 posterior
1239 4089 1528 4150 mortuus
1567 4087 1765 4168 fuerit
1806 4088 1919 4169 qui
1953 4090 2291 4170 sumpserit

329 4194 469 4239 eam
512 4172 639 4237 sibi
676 4192 963 4238 uxorem:
1047 4170 1107 4235 4.
1158 4170 1304 4236 Non
1334 4172 1568 4252 poterit
1609 4173 1882 4238 maritus
1919 4174 2057 4239 eius
2078 4176 2288 4256 prior,

330 4260 487 4343 quia
540 4278 679 4324 eam
736 4280 777 4322 a
842 4279 908 4323 se
950 4255 1223 4335 dimisit,
1286 4257 1539 4337 reverti,
1604 4264 1661 4323 et
1714 4259 1936 4325 ducere
1986 4280 2126 4325 eam
2166 4260 2290 4326 sibi

330 4364 619 4421 uxorem,
663 4349 1077 4426 posteaquam
1106 4342 1359 4423 polluta
1408 4347 1525 4407 est.-
1581 4344 1739 4425 quia
1782 4344 2158 4412 abominatio
2201 4351 2291 4412 est

328 4451 539 4497 coram
578 4429 743 4506 facie
765 4429 1059 4495 Iehovae:
1106 4434 1163 4494 et
1204 4449 1328 4493 non
1371 4429 1735 4510 inquinabis
1759 4435 2011 4512 peccato
2051 4437 2288 4497 terram

330 4536 524 4601 quam
569 4514 798 4581 Iehova
843 4515 1021 4582 Deus
1077 4519 1227 4580 tuus
1277 4514 1479 4579 tradet
1534 4515 1650 4580 tibi
1703 4517 1776 4581 in
1827 4515 2286 4584 haereditatem.

505 4684 698 4768 Quod
744 4684 828 4752 ad
873 4686 1226 4752 divortium
1263 4692 1533 4769 spectat,
1579 4687 1883 4769 quamvis
1919 4708 2035 4770 per
2069 4687 2287 4753 indul-

379 4774 627 4838 entiam
663 4793 1038 4839 concessum
1084 4773 1282 4837 fuerit
1314 4771 1597 4850 Iudaeis,
1642 4774 2034 4856 pronunciat
2070 4786 2288 4840 tamen

394 4859 642 4924 hristus
709 4879 1044 4942 nunquam
1101 4859 1303 4923 fuisse
1358 4856 1757 4942 legitimum,
1827 4859 1979 4942 quia
2035 4859 2287 4942 primae

330 4945 462 5012 Dei
527 4944 955 5024 institutioni,
1034 4966 1115 5010 ex
1184 4965 1311 5027 qua
1374 4953 1695 5029 perpetua
1757 4951 1825 5009 et
1887 4944 2288 5012 inviolabilis

326 5029 614 5117 petenda
655 5039 757 5096 est
799 5030 1047 5116 regula,
1093 5031 1309 5112 palam
1354 5040 1697 5115 repugnat.
1763 5029 1987 5114 Vulgo
2024 5029 2283 5107 dicitur,

328 5119 478 5183 iura
519 5125 797 5183 naturae
839 5115 1219 5181 insolubilia
1277 5137 1448 5182 esse:
1516 5119 1700 5200 atqui
1744 5117 1943 5182 semel
1992 5138 2285 5198 pronun·-

329 5203 528 5269 ciavit
594 5201 811 5280 Deus,
888 5201 1132 5267 arctius
1197 5221 1339 5265 esse
1403 5202 1880 5268 coniunctionis
1943 5203 2283 5269 vinculum

331 5289 462 5356 viri
517 5309 667 5354 cum
726 5308 934 5354 uxore
991 5306 1185 5372 quam
1242 5287 1362 5351 filii
1418 5309 1567 5354 cum
1631 5297 1838 5372 patre.
1943 5287 2167 5369 Quare
2226 5291 2284 5355 si

330 5375 510 5441 filius
553 5375 788 5459 iugum
831 5374 1039 5457 patris
1081 5379 1392 5439 excutere
1439 5395 1568 5439 non
1616 5385 1848 5458 potest,
1909 5395 2104 5458 quam
2164 5375 2283 5441 ha-

540 5476 764 5533 08181·κί
788 5491 977 5547 opera.
1050 5476 1171 5534 Vol.
1219 5473 1451 5531 XXIV.

1726 460 2214 530 SEPTIMUM
2280 458 2931 531 PRAEOEPTUM.

4230 463 4362 531 658

2397 648 2513 714 bet
2553 671 2703 716 cum
2748 671 2954 716 uxore
2996 651 3377 718 societatem
3430 652 3690 719 solvere
3747 652 3933 718 nulla
3976 653 4144 719 ratio
4188 652 4365 736 pati-

2399 743 2529 800 tur.
2616 735 2800 802 Hinc
2857 745 3133 821 apparet
3181 749 3429 820 quanta
3483 739 3684 804 fuerit
3726 739 3947 824 gentis
3989 738 4168 804 illius
4210 760 4369 823 per-

2401 821 2664 901 vicacia,
2709 843 2874 906 quae
2916 822 3205 889 cohiberi
3252 846 3381 889 non
3406 825 3623 908 potuit
3664 827 3823 908 quin
3867 833 4369 892 sacrosanctum

2398 916 2468 971 et
2513 907 2864 973 insolubile
2922 908 3262 975 vinculum
3318 910 3679 994 dissiparet.
3769 911 4035 977 Interea
4091 933 4176 977 ex
4234 912 4361 977 im-

2398 994 2696 1077 punitate
2738 1014 3083 1078 perperam
3106 994 3336 1061 Iudaei
3359 997 3616 1063 licitum
3651 1016 3794 1064 esse
3828 996 4164 1063 duxerunt
4228 997 4363 1064 uod

2397 1086 2669 1163 propter
2712 1079 3021 1146 duritiem
3063 1081 3278 1149 cordis
3330 1102 3561 1148 eorum
3606 1084 3791 1148 Deus
3834 1104 3963 1149 non
4009 1083 4207 1167 punie
4294 1093 4365 1149 t:

2399 1166 2556 1248 quia
2612 1175 2916 1249 reputare
2971 1168 3193 1250 potius
3251 1167 3576 1234 debebant
3640 1189 4026 1252 responsum
4086 1168 4364 1250 Christi,

2398 1273 2534 1317 non
2577 1273 2722 1318 esse
2779 1254 2849 1317 in
2907 1252 3181 1318 arbitrio
3238 1253 3524 1320 hominis
3579 1276 3740 1339 quos
3787 1256 3969 1321 Deus
4012 1255 4363 1321 coniunxit

2397 1357 2705 1421 separare
2725 1335 2948 1426 (Matt.
2989 1339 3089 1417 19,
3121 1338 3208 1425 6).
3254 1340 3520 1406 Interea
3554 1342 3922 1424 prospicere
3948 1341 4153 1408 voluit
4174 1341 4359 1408 Deus

2398 1423 2788 1490 mulieribus
2830 1424 3051 1508 inique
3088 1426 3438 1509 oppressis,
3477 1428 3713 1510 quibus
3748 1427 3954 1493 satius
3988 1428 4116 1492 fuit
4149 1427 4357 1493 semel

2399 1508 2643 1575 dimitti
2676 1510 2936 1592 liberas,
2970 1531 3167 1594 quam
3205 1520 3345 1577 tota
3380 1513 3521 1578 vita
3555 1513 3678 1579 sub
3714 1513 3963 1579 crudeli
3999 1523 4029 1578 t
4079 1514 4356 1582 rannide

2399 1617 2680 1679 gemere.
2726 1595 2964 1681 Itaque
3007 1597 3182 1680 apud
3227 1597 3630 1665 Malachiam
3664 1596 3751 1686 (2,
3790 1599 3900 1687 14)
3945 1622 4026 1683 po
4052 1602 4356 1685 ygamiae

2398 1682 2744 1765 repudium
2776 1682 3163 1765 praefertur,
3201 1685 3355 1768 quia
3389 1685 3611 1751 minus
3646 1686 4003 1752 tolerabilis
4039 1696 4183 1751 erat
4202 1706 4355 1751 con-

2399 1766 2560 1832 ditio
2595 1767 2895 1852 pellicem
2918 1778 2987 1834 et
3022 1771 3353 1835 aemulum
3387 1769 3564 1837 ferre
3598 1792 3795 1855 quam
3830 1772 4030 1838 reiici.
4067 1772 4158 1838 Et
4180 1784 4361 1839 certe

2397 1852 2641 1920 scheda
2698 1854 2808 1920 vel
2861 1854 3124 1921 libellus
3179 1855 3443 1922 divortii
3486 1857 3682 1923 sicuti
3728 1858 4070 1923 mulierem
4116 1879 4357 1942 purga-

2399 1939 2514 2004 bat
2571 1941 2752 2005 omni
2803 1939 3105 2019 infamia,
3174 1943 3269 2007 sic
3312 1944 3549 2009 marito
3604 1943 3906 2009 nonnihil
3968 1947 4359 2028 aspergebat

2400 2024 2765 2092 dedecoris:
2833 2026 2947 2110 qui
3011 2027 3187 2092 enim
3254 2028 3496 2093 fatetur
3559 2051 3631 2095 se
3688 2050 3966 2095 uxorem
4026 2031 4358 2096 dimittere

2399 2111 2558 2195 quia
2599 2132 2735 2177 non
2772 2112 3044 2196 placeat,
3087 2113 3352 2196 culpam
3394 2114 3466 2179 in
3512 2134 3582 2180 88
3623 2116 3858 2199 recipit
3904 2125 4041 2181 tam
4085 2117 4358 2182 morosi-

2400 2199 2578 2277 tatis,
2624 2219 2818 2281 quam
2865 2199 3365 2265 inconstantiae.
3434 2199 3642 2267 Cuius
3685 2203 3861 2266 enim
3904 2201 4196 2268 levitatis
4240 2209 4357 2284 est,

2399 2292 2468 2349 et
2509 2305 2703 2366 quam
2751 2284 3011 2368 indigni
3052 2285 3323 2364 fastidii,
3369 2286 3462 2352 sic
3505 2286 3748 2352 offendi
3787 2290 4099 2353 maritum
4137 2289 4358 2372 aliqua

2398 2370 2625 2435 uxoris
2669 2370 2928 2436 macula
2973 2370 3076 2435 vel
3124 2369 3376 2451 morbo,
3435 2381 3508 2437 ut
3554 2372 3891 2438 dimidiam
3936 2375 4040 2440 sui
4098 2383 4352 2456 partem

2400 2476 2441 2521 a
2495 2477 2566 2522 88
2622 2455 2909 2521 avellat?
2996 2454 3321 2523 Videmus
3376 2457 3596 2541 itaque
3657 2461 3924 2524 maritos
3980 2460 4199 2526 libello
4260 2481 4358 2524 re-

2396 2541 2583 2625 pudii
2638 2541 2844 2608 fuisse
2901 2542 3161 2627 oblique
3218 2542 3578 2624 damnatos,
3635 2544 3809 2628 quod
3851 2544 4074 2629 probis
4118 2544 4358 2628 alioqui

2400 2635 2471 2692 et
2512 2628 2711 2694 castis
2755 2628 3078 2694 uxoribus
3120 2629 3431 2695 iniuriam
3491 2631 3798 2697 facerent.
3889 2630 4040 2712 Qua
4104 2633 4355 2696 ratione

2401 2713 2590 2779 Deus
2634 2713 2810 2797 apud
2848 2714 3086 2781 Isaiam
3133 2713 3264 2801 (50,
3312 2713 3410 2802 1),
3471 2726 3549 2781 ut
3590 2716 3856 2781 Iudaeis
3889 2737 4149 2781 omnem
4197 2737 4355 2800 que-

2401 2800 2754 2866 rimoniam
2798 2801 3067 2884 eripiat,
3133 2799 3426 2885 proferre
3483 2801 3666 2867 iubet
3722 2800 4016 2867 libellum
4076 2803 4357 2886 repudii,

2401 2887 2458 2950 si
2503 2908 2695 2969 quem
2741 2885 2996 2951 dederit
3040 2888 3233 2951 matri
3277 2887 3596 2969 ipsorum:
3651 2888 3837 2971 quasi
3896 2888 4172 2967 diceret,
4232 2888 4360 2954 sibi

2398 2972 2641 3037 iustam
2702 2973 2905 3038 fuisse
2961 2972 3334 3038 reiectionis
3391 2993 3653 3038 causam
3673 3024 3688 3051 ,
3757 2974 3911 3057 quia
3970 2973 4215 3057 perfide
4273 2973 4355 3040 ad

2399 3058 2804 3143 impietatem
2850 3056 3242 3125 defecerant.
3331 3058 3681 3126 Caeterum
3729 3060 3997 3145 quidam
4033 3061 4357 3144 interpre-

2400 3153 2503 3211 tes
2546 3167 2681 3211 non
2724 3145 2958 3229 legunt
3010 3143 3130 3211 hos
3190 3152 3323 3210 tres
3366 3167 3600 3211 versus
3645 3168 3776 3211 uno
3833 3156 4177 3224 contextu,
4239 3146 4358 3214 sed

2398 3232 2664 3314 plenam
2687 3232 3080 3296 sententiam
3106 3252 3249 3296 8888
3288 3232 3533 3310 volunt,
3570 3240 3646 3296 ut
3678 3232 3959 3298 maritus
3984 3241 4263 3298 testetur
4285 3254 4373 3300 se.
4425 3243 4432 3250 '

2400 3317 2753 3382 divortium
2804 3317 3017 3383 facere
3066 3338 3216 3382 cum
3266 3339 3491 3397 uxore,
3558 3338 3690 3382 non
3756 3319 3838 3383 ob
3896 3321 4179 3397 crimen,
4239 3317 4355 3384 sed

2443 3404 2557 3468 uia
2612 3404 2860 3469 formae
2916 3411 3227 3468 venustas
3284 3403 3430 3468 eius
3489 3402 3744 3469 libidini
3788 3424 3918 3469 888
3977 3405 4352 3469 satisfaciat.

2455 3490 2476 3553 i
2513 3490 2659 3572 quis
2694 3501 2916 3553 tamen
2952 3489 3221 3572 propius
3260 3488 3585 3569 attendat,
3639 3490 3825 3556 facile
3862 3489 4111 3555 videbit
4148 3511 4353 3555 unum

2397 3597 2541 3641 esse
2585 3573 2910 3640 duntaxat
2951 3575 3115 3660 legis
3158 3585 3370 3658 caput,
3417 3596 3670 3660 nempe,
3731 3574 3841 3640 ubi
3887 3576 4033 3659 quis
4077 3596 4353 3642 uxorem

2396 3661 2863 3745 repudiaverit,
2901 3662 2998 3726 fas
3035 3681 3167 3725 non
3199 3681 3340 3726 esse
3377 3661 3619 3726 iterum
3642 3682 3785 3727 eam
3827 3662 4064 3727 ducere
4087 3666 4141 3727 si
4165 3661 4355 3726 alteri

2396 3748 2712 3831 nupserit.
2778 3746 2985 3814 Ouius
3014 3747 3179 3830 legis
3221 3748 3387 3811 ratio
3432 3757 3552 3825 est,
3598 3748 3752 3830 quia
3793 3768 4071 3813 uxorem
4116 3749 4353 3829 prosti-

2397 3832 2644 3899 tuendo
2688 3834 2830 3899 eius
2857 3834 3008 3899 leno
3048 3831 3176 3897 fuit
3201 3841 3520 3915 quantum
3551 3833 3622 3897 in
3646 3855 3716 3898 se
3754 3844 3913 3898 erat.
3974 3834 4121 3899 Hoc
4157 3854 4354 3898 sensu

2396 3919 2641 3987 dicitur
2682 3919 2890 3985 fuisse
2933 3918 3201 4002 polluta,
3249 3918 3401 4001 quia
3445 3939 3678 4001 corpus
3722 3918 3900 3984 illius
3946 3919 4353 3984 contamina-

2393 4006 2526 4071 vit:
2575 4004 2843 4071 libertas
2889 4006 3067 4070 enim
3113 4024 3308 4087 quam
3356 4004 3569 4083 dabat,
3614 4004 3897 4088 primam
3928 4003 4053 4070 Dei
4089 4006 4353 4069 institu-

2392 4092 2640 4157 tionem
2696 4114 2830 4157 non
2889 4099 3143 4175 poterat
3201 4090 3461 4156 abolere
3519 4089 3739 4177 (sicuti
3799 4091 3985 4156 docet
4043 4089 4353 4155 Christus

2393 4179 2590 4244 Matt.
2637 4177 2698 4255 5,
2745 4179 2824 4244 31
2874 4187 2941 4243 et
2987 4177 3087 4255 19,
3133 4174 3201 4263 9)
3247 4177 3406 4261 quin
3454 4176 3641 4242 daret
3683 4196 3948 4242 causam
3992 4175 4347 4242 adulterio:

2391 4263 2503 4330 Ita
2567 4264 2887 4329 admoniti
2953 4264 3223 4328 fuerunt
3286 4262 3649 4343 Israelitae,
3716 4262 4017 4346 quamvis
4082 4263 4352 4345 impune

2392 4371 2632 4416 uxores
2698 4350 3075 4424 reiicerent,
3143 4348 3474 4414 licentiam
3543 4360 3763 4414 tamen
3829 4347 4002 4414 hanc
4078 4347 4353 4413 minime

2392 4457 2613 4502 coram
2660 4437 2802 4501 Deo
2841 4434 3159 4502 excusari.
3750 4456 3755 4464 ·

2977 4775 3109 4841 Ex
3148 4775 3456 4842 LEVIT.
3494 4773 3762 4840 XVIII.

2567 4949 2668 5015 19.
2714 4948 2829 5014 Ad
2895 4947 3222 5013 mulierem
3290 4947 3362 5011 in
3423 4948 3844 5031 seyreyatione
3907 4945 4353 5011 immunditiae

2386 5055 2542 5102 suae
2584 5056 2707 5102 nou
2750 5035 3013 5116 accedes,
3057 5033 3386 5099 revelando
3425 5035 3885 5113 turpitudinem
3930 5034 4087 5097 eius.

3886 5474 3956 5529 42
