4867 6150
588 447 720 515 535

587 635 797 703 frixas
840 636 907 703 in
954 637 1128 713 oleo,
1184 636 1425 721 lagana
1481 636 1625 702 oleo
1668 634 1951 714 condita,
1994 642 2060 699 et
2103 632 2546 717 similaginem

587 722 834 788 frixam
880 723 1134 802 offerri,
1191 743 1425 806 panem
1484 744 1641 787 vero
1685 722 2186 787 fermentatum:
2245 721 2388 804 ipso
2434 718 2544 784 de-

590 807 749 873 inde
806 807 1154 874 oblationis
1220 807 1324 873 die
1387 806 1567 873 iubet
1631 827 1895 873 carnem
1964 806 2217 872 hostiae
2275 803 2543 884 comedi,

592 915 681 959 ne
756 893 914 977 quid
990 894 1315 978 reliquum
1394 895 1527 960 fiat.
1638 894 1723 959 In
1795 893 1965 959 votis
2033 904 2099 957 et
2163 891 2543 974 spontaneis

592 979 931 1046 sacrificiis
1007 981 1216 1045 maior
1296 979 1674 1046 conceditur
1752 979 2024 1046 libertas
2048 1029 2065 1058 ,
2143 988 2221 1042 ut
2299 976 2546 1044 scilicet

592 1065 907 1149 postridie
949 1066 1241 1148 reliquiis
1286 1080 1654 1142 vescantur,
1699 1065 1891 1132 modo
1938 1080 2021 1130 ne
2065 1063 2217 1148 quid
2278 1072 2545 1129 servent

594 1172 801 1234 usque
844 1149 923 1217 ad
971 1153 1238 1216 tertium
1284 1149 1477 1217 diem.
1565 1151 1647 1216 In
1702 1150 1844 1216 loco
1901 1172 2094 1236 quem
2154 1149 2400 1215 inserui
2460 1171 2543 1215 ex

591 1236 682 1302 22
723 1256 871 1321 cap.
917 1237 1031 1303 ubi
1077 1238 1272 1304 verti:
1332 1237 1418 1302 In
1461 1238 1973 1320 acceptationem
2029 1236 2264 1314 vestri,
2322 1242 2543 1318 posset

595 1325 791 1388 etiam
851 1322 1062 1388 reddi:
1129 1322 1211 1388 In
1267 1323 1782 1405 beneplacitum:
1845 1336 1973 1422 1737
2035 1323 2210 1387 enim
2270 1329 2542 1386 vocatur

594 1409 923 1493 gratuitus
968 1408 1096 1473 Dei
1139 1409 1342 1476 favor.
1431 1410 1665 1492 Itaque
1711 1430 1945 1474 sensus
1990 1418 2106 1488 est,
2151 1409 2205 1471 si
2244 1405 2389 1472 Deo
2433 1428 2540 1472 ac-

595 1506 859 1577 ceptum
907 1516 1048 1561 esse
1094 1494 1297 1560 vultis
1343 1495 1751 1574 sacrificium,
1799 1495 2014 1560 videte
2060 1515 2142 1558 ne
2185 1493 2342 1577 quid
2388 1493 2539 1557 reli-

595 1601 798 1663 quum
844 1590 1109 1646 maneat
1150 1602 1232 1645 ex
1270 1599 1462 1645 carne
1490 1581 1560 1645 in
1601 1590 1930 1663 posterum
1971 1579 2182 1645 diem:
2214 1578 2346 1644 Alii
2381 1599 2539 1645 vero

596 1666 677 1732 de
719 1665 1057 1732 hominum
1117 1666 1522 1750 beneplacito
1577 1666 1985 1749 intelligunt,
2048 1687 2123 1731 ac
2174 1665 2230 1730 si
2292 1663 2538 1731 dictum

595 1758 787 1832 esset,
831 1762 1060 1834 sponte
1106 1761 1341 1828 vestra,
1409 1753 1511 1818 vel
1557 1760 1753 1838 prout
1795 1751 2079 1817 libuerit.
2182 1750 2273 1815 Et
2331 1750 2541 1816 fateor

596 1858 820 1903 vocem
846 1850 973 1933 ῙῚΒἾ
1021 1859 1095 1902 eo
1117 1858 1313 1904 sensu
1351 1838 1684 1903 interdum
1728 1837 1934 1904 sumi:
1971 1835 2086 1903 sed
2122 1836 2275 1921 quia
2310 1835 2536 1902 eodem

595 1922 809 2007 capite
853 1943 984 1988 non
1030 1924 1221 1988 aliter
1265 1934 1476 2006 potest
1520 1924 1725 2006 accipi
1783 1944 1981 2006 quam
2025 1942 2144 2008 pro
2186 1922 2311 1987 Dei
2356 1922 2536 1988 favo·

594 2030 687 2087 re,
734 2009 836 2074 vel
882 2011 1342 2092 acceptatione,
1381 2010 1768 2076 varietatem
1805 2011 2030 2094 sugere
2065 2007 2278 2074 volui:
2325 2029 2538 2091 neque

594 2102 811 2159 tamen
857 2116 1186 2178 repugn0,
1232 2096 1288 2161 si
1330 2095 1437 2161 cui
1482 2094 1745 2161 diversa
1788 2096 1980 2161 lectio
2017 2094 2227 2178 magis
2262 2094 2536 2177 placeat.

596 2179 870 2260 [Verum
898 2179 944 2267 ¹)
966 2182 1020 2245 si
1044 2180 1402 2246 antithesin
1426 2180 1802 2265 expendant
1825 2181 2116 2261 lectores,
2150 2200 2354 2263 quum
2380 2200 2569 2263 mox,

593 2264 884 2331 additur:
967 2266 1043 2332 Si
1087 2286 1237 2333 caro
1283 2266 1455 2331 ultra
1498 2268 1743 2333 iustum
1790 2276 2051 2349 tempus
2094 2266 2356 2332 residua
2399 2286 2537 2330 ma·

592 2360 767 2432 neat,
813 2372 944 2417 non
989 2351 1377 2434 placiturum
1403 2351 1546 2417 Deo
1590 2353 2003 2428 sacrificium,
2050 2353 2213 2417 mihi
2260 2351 2539 2418 subscri-

593 2437 798 2516 bentJ.
878 2440 1178 2522 Apparet
1220 2438 1479 2521 quidem
1524 2439 1593 2503 in
1639 2460 1718 2504 ea
1752 2439 2229 2522 repugnantiae
2272 2439 2539 2521 species,

591 2524 748 2605 quia
782 2523 908 2588 hoc
943 2523 1134 2588 modo
1164 2525 1386 2589 Moses
1430 2524 1822 2589 sacrificium
1868 2524 2310 2589 voluntarium
2356 2523 2535 2590 iube·

592 2617 695 2672 ret
741 2607 966 2674 eodem
1007 2608 1112 2673 die
1148 2608 1415 2675 comedi.
1500 2608 1717 2691 [Quod
1753 2617 1973 2675 tamen
2027 2629 2159 2674 non
2209 2610 2421 2688 facitJ,
2483 2610 2539 2675 si

596 2693 676 2759 de
720 2693 972 2760 liberali
1018 2694 1358 2760 hominum
1404 2695 1644 2762 affectu
1688 2697 1979 2779 accipere
2038 2695 2264 2775 libeat,
2324 2696 2542 2761 horta-

594 2780 773 2845 bitur
813 2780 1128 2863 populum
1178 2790 1250 2845 ut
1286 2779 1587 2847 hilariter
1631 2781 1935 2847 victimas
1970 2802 2121 2846 suas
2156 2782 2386 2847 offerat
2419 2801 2539 2865 pro

591 2866 954 2950 gratiarum
1032 2866 1305 2932 actione.
1418 2866 1595 2948 Quid
1675 2875 1893 2933 tamen
1973 2866 2139 2932 mibi
2206 2867 2536 2951 probetur,

588 2952 878 3018 ostendi:
959 2972 1034 3018 ac
1114 2960 1274 3016 tunc
1350 2973 1604 3036 quoque
1679 2953 1892 3018 facilis
1956 2953 2085 3018 erit
2149 2953 2535 3019 conciliatio.

592 3036 844 3123 [Neque
880 3039 1058 3103 enim
1096 3036 1225 3105 Dei
1271 3037 1746 3123 beneplacitum
1796 3038 2251 3123 aequalitatem
2294 3040 2534 3126 exigit:

587 3145 799 3208 neque
844 3134 919 3190 ut
961 3125 1129 3210 grati
1173 3125 1325 3205 sint,
1371 3124 1651 3191 eundem
1700 3125 1966 3191 modum
2004 3134 2226 3191 tencre
2271 3147 2538 3192 necesse

585 3220 704 3276 est.
793 3209 1046 3275 Verum
1093 3211 1162 3276 in
1206 3211 1716 3293 acceptationem
1763 3212 1866 3277 sui
1924 3211 2161 3276 offerre
2206 3211 2535 3291 dicuntur,

587 3297 700 3361 ubi
737 3296 897 3361 nihil
934 3297 1080 3361 vitii
1118 3295 1509 3362 admiscent:
1555 3296 1670 3362 sed
1716 3318 1879 3380 pure
1923 3306 1990 3362 et
2032 3298 2157 3363 rite
2202 3298 2535 3377 offerunt].

583 3380 733 3448 Iam
769 3383 826 3446 si
862 3401 1062 3448 causa
1096 3382 1493 3449 discriminis
1537 3383 1895 3466 quaeritur,
1941 3382 2108 3448 mibi
2150 3403 2287 3447 non
2325 3386 2537 3469 magis

585 3466 821 3551 liquet,
889 3488 1085 3551 quam
1131 3469 1467 3534 varietatis
1525 3469 1701 3533 inter
1744 3488 1984 3553 panem
2029 3479 2095 3534 et
2152 3467 2389 3554 lagana
2432 3469 2538 3536 vel

583 3553 944 3637 placentas.
1036 3552 1304 3619 Certum
1352 3552 1611 3637 quidem
1660 3563 1776 3635 est,
1842 3555 1985 3620 Deo
2029 3555 2230 3620 fuisse
2274 3575 2535 3621 causam

586 3661 708 3706 cur
750 3640 1085 3706 remissius
1130 3640 1233 3706 vel
1279 3640 1572 3706 strictius
1627 3650 1880 3725 ageret:
1936 3661 2170 3706 verum
2215 3642 2537 3709 curiosius

585 3724 781 3790 hodie
823 3726 1156 3808 inquirere
1198 3725 1277 3790 de
1321 3725 1518 3793 rebus
1561 3726 1929 3811 incognitis,
1975 3735 2040 3791 et
2075 3747 2240 3810 quae
2278 3727 2359 3792 ad
2395 3727 2537 3811 pie·

587 3818 791 3876 tatem
851 3811 1020 3876 nihil
1077 3811 1486 3891 conducunt,
1549 3833 1765 3895 neque
1822 3821 2077 3879 rectum
2130 3821 2262 3891 est,
2323 3835 2537 3897 neque

583 3896 867 3982 expedit.

765 3983 866 4049 16.
920 3982 1098 4065 Quod
1138 3984 1200 4048 si
1241 3988 1465 4049 votum.
1524 3982 1733 4048 Paulo
1770 3991 1921 4047 ante
1958 3982 2267 4049 admonui
2304 3993 2535 4050 votum

585 4070 693 4137 hic
737 4069 1017 4155 intelligi
1063 4088 1199 4133 non
1242 4068 1707 4147 conditionale,
1764 4068 1877 4134 sed
1924 4068 2237 4151 simplex:
2280 4071 2434 4154 quia
2479 4073 2533 4136 si

585 4157 732 4239 quis
774 4156 915 4222 voti
960 4155 1315 4219 damnatus
1357 4162 1559 4231 esset,
1626 4156 1985 4237 gratiarum
2032 4155 2355 4221 actionem
2402 4157 2532 4222 sol-

584 4240 798 4308 vebat.
885 4241 996 4306 Ita
1037 4240 1351 4306 eiusmodi
1414 4240 1804 4306 sacrificium
1864 4241 1985 4307 sub
2042 4242 2255 4320 prima
2314 4243 2532 4327 specie

582 4327 1125 4410 comprehensum
1170 4337 1361 4392 esset.
1471 4325 1548 4389 Id
1604 4346 1765 4390 vero
1810 4326 2209 4393 absurditate
2254 4350 2381 4394 non
2429 4348 2533 4394 ca-

584 4422 788 4493 reret,
846 4434 951 4478 res
997 4413 1249 4478 similes
1292 4413 1463 4477 inter
1507 4431 1577 4476 se
1623 4411 1938 4496 distingui
1984 4413 2171 4496 quasi
2216 4414 2528 4481 diversas.

580 4498 832 4562 Verum
893 4499 1046 4581 quia
1112 4498 1304 4564 multi
1370 4499 1658 4582 gratuito
1728 4495 2073 4577 vovebant,
2144 4499 2264 4566 hoc
2321 4522 2532 4585 genus

580 4583 880 4650 sacrificii
947 4593 1306 4667 spontaneo
1371 4584 1707 4668 coniungit
1771 4584 2024 4662 Moses,
2112 4596 2190 4650 ut
2260 4587 2396 4651 sint
2459 4587 2531 4652 in

579 4669 806 4736 eodem
850 4669 1096 4736 ordine.
1198 4669 1466 4735 Dictum
1525 4672 1718 4735 etiam
1786 4670 1910 4735 fuit
1952 4690 2185 4736 carnes
2242 4682 2531 4740 sacratas

583 4755 831 4822 diutius
855 4775 988 4820 non
1011 4756 1209 4822 fuisse
1232 4769 1548 4837 servatas,
1594 4778 1677 4821 ne
1717 4757 1773 4821 si
1817 4756 2126 4821 rancidae
2166 4769 2388 4823 essent
2423 4759 2529 4824 vel

582 4842 1007 4926 putrefactae,
1052 4842 1401 4908 vilesceret
1444 4842 1690 4927 religio.
1752 4841 1957 4908 Forte
2000 4843 2199 4907 etiam
2237 4857 2531 4911 correcta

579 4928 709 4993 fuit
752 4928 1052 4994 ambitio:
1099 4928 1253 5012 quia
1295 4929 1350 4991 si
1397 4929 1785 5011 permissum
1835 4928 2065 4993 fuisset
2109 4947 2338 4996 carnes
2396 4932 2530 4996 sale

578 5029 944 5080 maceratas
1010 5012 1370 5092 comedere,
1426 5013 1614 5079 multi
1674 5035 1744 5077 se
1789 5023 2235 5080 ostentassent
2285 5017 2532 5099 absque

581 5100 942 5185 dispendio.
1032 5101 1371 5164 Fraenum
1415 5119 1572 5182 ergo
1616 5100 1841 5165 iniecit
1889 5098 2090 5178 Deus,
2136 5112 2212 5166 ut
2268 5104 2530 5185 parcius

575 5195 642 5251 et
713 5186 1123 5253 reverentius
1169 5184 1487 5251 sacrificia
1540 5205 1660 5251 sua
1717 5187 2049 5252 offerrent.
2134 5188 2361 5254 Poena
2416 5189 2531 5254 ad-

645 5310 757 5317 ..Q--n
767 5311 818 5318 -.-
827 5311 990 5317 -—.—..-——

755 5374 815 5444 1)
856 5373 1008 5443 Quae
1040 5375 1200 5431 uncis
1234 5370 1566 5430 includimus
1601 5373 1671 5428 ab
1705 5372 1787 5428 ed.
1820 5372 2074 5443 principe
2108 5376 2324 5430 absunt.

2001 442 2514 512 SECUNDUM
2557 441 3204 511 PRAEOEPTUM.

4438 442 4541 508 536

2651 631 2859 712 ditur,
2918 640 3183 718 gratum
3231 654 3363 700 non
3399 633 3540 700 fore
3575 633 3965 700 sacrificium
4005 631 4145 697 Deo
4162 681 4178 711 ,
4223 630 4331 697 sed
4364 633 4545 714 potius

2649 718 3115 785 abominabile:
3175 719 3330 786 inde
3388 741 3533 786 reos
3577 721 3712 785 fore
3762 720 4130 802 quicunque
4171 717 4545 786 comederint.

2647 805 2858 871 Porro
2924 826 3130 888 quum
3197 806 3353 873 dicit
3417 805 3639 871 Moses
3662 858 3678 886 ,
3755 827 3889 870 non
3964 804 4275 886 imputari
4334 804 4550 888 polluta

2647 892 2997 970 sacrificia,
3055 891 3208 957 inde
3265 891 3705 974 colligendum
3753 899 3871 970 est,
3975 910 4094 955 uae
4136 890 4262 955 rite
4302 889 4547 955 offerun-

2647 986 2757 1042 tur
2815 977 3045 1043 venire
3108 980 3177 1042 in
3245 980 3564 1043 rationem
3631 997 3850 1043 coram
3978 998 4085 1057 ec,
4151 984 4225 1040 ut
4280 982 4551 1058 tanquam

2646 1064 2820 1128 inter
2863 1085 2968 1129 res
3012 1064 3134 1130 sibi
3179 1084 3502 1147 expensas
3546 1065 3805 1129 referat.
3897 1063 4121 1145 Neque
4184 1073 4389 1126 tamen
4439 1083 4553 1127 me-

2646 1150 2777 1215 rita
2856 1151 3207 1234 imaginari
3273 1151 3583 1216 convenit
3647 1170 3810 1232 quae
3876 1148 4090 1232 ipsum
4158 1148 4554 1231 obstringant,

2644 1235 2759 1301 sed
2818 1237 2974 1318 quia
3030 1248 3162 1300 tam
3224 1235 3581 1302 liberaliter
3640 1233 3978 1301 nobiscum
4024 1254 4219 1318 agere
4263 1233 4555 1317 dignatur,

2647 1332 2719 1385 ut
2785 1322 3037 1387 nullum
3082 1322 3255 1405 quod
3301 1324 3360 1389 ei
3404 1329 3814 1407 praestamus
3869 1321 4153 1387 officium
4208 1320 4296 1385 sit
4335 1320 4555 1386 inutile.

3278 1613 3412 1680 Ex
3453 1612 3759 1679 LEVI'P.
3804 1611 3953 1678 VII.

2816 1784 2917 1851 19.
2977 1782 3066 1850 Et
3117 1804 3263 1850 caro
3319 1805 3479 1867 quae
3532 1786 3854 1869 contiqerit
3916 1783 4118 1848 ullum
4180 1781 4564 1859 immundum,

2642 1892 2766 1937 non
2806 1871 3182 1951 comedetur,
3236 1871 3346 1936 sed
3402 1872 3540 1954 iqui
3595 1870 4014 1937 comburetur.-
4077 1874 4145 1934 at
4184 1886 4401 1933 carnes
4437 1866 4564 1931 illas

2645 1958 2851 2023 omnis
2893 1958 3169 2023 mundus
3210 1956 3490 2023 comedet.
3579 1956 3683 2023 20.
3735 1957 3909 2023 Nam
3952 1956 4172 2020 anima
4212 1973 4374 2036 quae
4402 1972 4565 2019 come·

2642 2043 2806 2108 derit
2856 2063 3076 2109 carnes
3130 2042 3206 2107 de
3268 2043 3581 2124 sacrificio
3609 2043 4106 2125 prosperitatum
4148 2039 4316 2122 quod
4356 2043 4441 2104 est
4478 2037 4564 2103 Ie-

2640 2128 2860 2207 hovae,
2922 2134 2981 2194 et
3035 2129 3447 2194 immunditia
3501 2129 3637 2193 eius
3676 2129 3872 2211 fuerit
3925 2147 4117 2210 super
4157 2126 4395 2207 ipsum,
4443 2129 4569 2191 tunc

2642 2214 2956 2280 excidetur
2998 2217 3221 2280 anima
3262 2215 3379 2281 illa
3419 2234 3451 2279 c
3482 2215 3745 2297 populis
3786 2215 3942 2279 suis.
4016 2213 4119 2277 21.
4167 2212 4411 2278 Anima
4440 2211 4568 2275 item

2642 2320 2832 2383 quum
2886 2302 2991 2366 teti
3030 2302 3151 2366 erit
3206 2301 3552 2382 quidquam
3610 2299 4020 2377 immundum,
4078 2318 4300 2380 neaenpe
4340 2296 4413 2362 de
4464 2297 4568 2361 im-

2639 2386 2956 2452 munditia
2987 2322 3281 2466 {ominis
3326 2392 3434 2452 aut
3477 2387 3725 2452 animal
3762 2385 4161 2453 immundum
4175 2433 4191 2462 ,
4261 2388 4373 2449 atet
4413 2402 4570 2481 omne

2640 2473 2859 2555 reptile
2901 2473 3315 2548 immundum,
3358 2473 3799 2554 comederitque
3839 2472 3915 2538 de
3953 2471 4254 2537 carnibus
4292 2468 4571 2550 sacrificii

2629 2560 3145 2641 prosperitatum,
3188 2559 3351 2641 quod
3392 2563 3483 2625 est
3501 2557 3784 2634 lehovae,
3830 2564 3974 2624 tunc
4015 2557 4337 2624 excidetur
4377 2557 4570 2620 anima

2642 2644 2762 2711 illa
2802 2664 2835 2709 e
2867 2645 3126 2727 populis
3168 2647 3324 2710 suis.
3412 2644 3514 2709 22.
3564 2644 3890 2726 Loquutus
3945 2650 4036 2710 est
4092 2647 4303 2733 autem
4359 2641 4570 2706 Iekova

2642 2731 2729 2795 ad
2774 2729 3026 2811 Mosen,
3083 2731 3372 2797 dicendo:
3467 2729 3570 2795 23.
3629 2730 3961 2812 Alloquere
4007 2729 4176 2811 filios
4232 2726 4441 2793 Israel
4485 2727 4570 2791 di-

2642 2816 2860 2882 cendo:
2909 2816 3163 2882 Omnem
3205 2817 3457 2897 adipem
3499 2817 3686 2895 bovis,
3745 2823 3804 2881 et
3847 2818 4013 2899 aqui,
4070 2822 4127 2881 et
4167 2834 4418 2896 caprae,
4464 2832 4571 2876 non

2640 2903 2980 2969 comedetis.
3097 2902 3200 2968 24.
3267 2903 3488 2985 Adeps
3549 2903 3797 2984 quidem
3857 2903 4211 2978 cadaveris,
4293 2905 4350 2965 et
4402 2899 4572 2979 adeps

2640 2989 2813 3070 rapti
2841 2988 3181 3071 parabitur
3222 2989 3292 3054 in
3336 3008 3511 3053 omne
3552 3009 3725 3070 opw,
3784 2989 3894 3054 sed
3933 2987 4299 3055 comedendo
4339 3006 4459 3051 non
4495 3004 4568 3049 co-

2640 3075 2897 3140 medetis
2937 3074 3138 3142 illum.
3228 3075 3332 3142 25.
3371 3075 3546 3141 Nam
3580 3076 3932 3157 quicunque
3970 3076 4303 3142 comederit
4345 3074 4571 3156 adipem

2643 3160 2945 3226 animalis
3003 3181 3081 3227 ex
3138 3183 3260 3244 quo
3315 3164 3527 3244 offeret
3584 3161 3946 3228 oblationem
3987 3163 4256 3246 iynitam
4300 3158 4573 3225 Iehovae:

2639 3252 2783 3313 wne
2823 3249 3041 3313 anima
3082 3269 3241 3331 quae
3278 3248 3602 3315 comederit
3636 3248 3952 3314 excidetur
3988 3270 4021 3314 e
4051 3247 4318 3331 populis
4350 3246 4499 3311 suis.

3159 3535 3286 3601 EX
3332 3533 3666 3601 EODEM
3709 3534 4067 3602 OAPI'PE.

2813 3672 2917 3738 28.
2964 3672 3293 3755 Loquutus
3351 3679 3441 3739 est
3481 3675 3740 3755 insuper
3782 3673 4017 3740 Iehova
4058 3674 4145 3740 ad
4191 3674 4415 3741 Mosen
4429 3725 4444 3754 ,
4492 3674 4575 3740 di·

2641 3759 2860 3825 condo.-
2945 3758 3047 3825 29.
3101 3759 3381 3842 Loquere
3420 3760 3507 3826 ad
3544 3760 3714 3840 fiilios
3756 3760 3992 3841 Israel,
4048 3761 4342 3828 dicendo.-
4434 3760 4576 3843 Offe-

2639 3864 2785 3910 rens
2825 3847 3207 3927 sacrifi-cium
3236 3847 3731 3929 prosperitatum
3785 3866 4051 3913 suarum
4097 3846 4392 3926 Iekovae,
4446 3847 4577 3929 affe-

2637 3937 2731 3994 ret
2773 3929 3141 3997 oblationem
3197 3953 3383 3998 suam
3426 3931 3692 3998 Iehovae
3732 3932 3807 3997 de
3848 3933 4054 3998 hostia
4097 3936 4576 4016 prosperitatum

2638 4036 2919 4081 suarum.
3010 4018 3112 4083 30.
3162 4018 3406 4084 Manus
3457 4019 3596 4085 eius
3653 4019 3910 4100 afferent
3965 4018 4303 4086 obhtiones
4360 4021 4578 4104 iquitas

2640 4101 2904 4169 Iehovae
2921 4153 2935 4178 ‚
3000 4105 3252 4186 adipem
3307 4123 3448 4169 cum
3489 4105 3843 4187 pectusculo
3882 4106 4111 4186 afferet,
4157 4105 4577 4186 pectusculum

2636 4189 2885 4269 quidem
2925 4188 3012 4255 ad
3054 4190 3420 4274 aqitandum
3473 4191 3637 4257 illud
3693 4192 4031 4274 aqitatione
4083 4211 4299 4257 coram
4342 4192 4573 4258 lebona.

2636 4273 2739 4340 31.
2785 4274 3076 4342 Adolebit
3114 4296 3255 4342 vero
3294 4277 3586 4342 sacerdos
3629 4277 3878 4358 adipem
3916 4297 4110 4359 super
4151 4277 4375 4344 altare.

3153 4566 3287 4633 Ex
3329 4565 3664 4633 EODEM
3707 4566 4065 4633 OAPITE.

2806 4704 2910 4770 37.
2959 4704 3135 4771 Haec
3173 4709 3264 4770 est
3305 4704 3406 4769 leo:
3445 4704 3808 4784 holocausti,
3852 4702 4125 4783 minhae,
4187 4710 4246 4770 et
4286 4701 4573 4785 sacrificii

2623 4813 2748 4875 pro
2778 4795 3044 4891 peccato,
3086 4796 3142 4856 et
3183 4791 3488 4889 sacrificii
3517 4810 3645 4915 pro
3687 4790 3918 4942 (ἐεὸῑίσιο,
3961 4794 4015 4854 et
4048 4792 4574 4937 cmtsecrationugj

2634 4878 3358 5030 emsaacfflgzmprffiae
3405 4896 3611 5038 sinz}
3655 4964 3761 5029 aie
3787 4927 3915 5044 ‘quo
3937 4897 4259 5045 praoeeessst
4290 4896 4369 5043 fit*
4368 4963 4453 5026 ias
4484 4957 4571 5024 Is-

2633 5050 2896 5201 ἒῖεπῑαὲιι
2949 5049 3236 5131 offerrent
3288 5048 3626 5114 oblationes
3680 5069 3838 5115 suas
3896 5048 4159 5115 Iehovae
4220 5049 4292 5113 in
4356 5048 4576 5113 deserto

2813 5272 2914 5338 19.
2961 5269 3051 5335 Et
3090 5290 3238 5336 caro
3279 5291 3439 5353 quae
3478 5272 3812 5356 conti9erit.
3857 5270 4061 5337 Nulla
4092 5270 4353 5353 quidem
4390 5286 4569 5365 carne

2638 5358 2893 5442 polluta
2937 5356 3173 5423 licebat
3210 5358 3400 5436 vesci,
3444 5356 3561 5423 sed
3605 5358 3673 5422 in
3714 5357 4051 5425 sacrifieiis
4085 5356 4386 5442 specialis
4420 5363 4571 5419 ratio
