<?xml version="1.0" encoding="UTF-8"?>
<!DOCTYPE html PUBLIC "-//W3C//DTD XHTML 1.0 Transitional//EN"
    "http://www.w3.org/TR/xhtml1/DTD/xhtml1-transitional.dtd">
<html xmlns="http://www.w3.org/1999/xhtml" xml:lang="en" lang="en">
 <head>
  <title>
</title>
<meta http-equiv="Content-Type" content="text/html;charset=utf-8" />
  <meta name='ocr-system' content='tesseract 3.04.00' />
  <meta name='ocr-capabilities' content='ocr_page ocr_carea ocr_par ocr_line ocrx_word'/>
</head>
<body>
  <div class='ocr_page' id='page_1' title='image "./ioanniscalvinio04unkngoog_0150.png"; bbox 0 0 4867 6150; ppageno 0'>
   <div class='ocr_carea' id='block_1_1' title="bbox 492 449 623 517">
    <p class='ocr_par' dir='ltr' id='par_1_1' title="bbox 492 449 623 517">
     <span class='ocr_line' id='line_1_1' title="bbox 492 449 623 517; baseline 0.008 -1"><span class='ocrx_word' id='word_1_1' title='bbox 492 449 623 517; x_wconf 81' lang='lat'>275</span> 
     </span>
    </p>
   </div>
   <div class='ocr_carea' id='block_1_2' title="bbox 492 636 2456 5452">
    <p class='ocr_par' dir='ltr' id='par_1_2' title="bbox 492 636 2451 1839">
     <span class='ocr_line' id='line_1_2' title="bbox 492 636 2451 705; baseline -0.002 0"><span class='ocrx_word' id='word_1_2' title='bbox 492 638 694 705; x_wconf 79' lang='lat' dir='ltr'>fidem</span> <span class='ocrx_word' id='word_1_3' title='bbox 736 659 869 703; x_wconf 92' lang='lat' dir='ltr'>non</span> <span class='ocrx_word' id='word_1_4' title='bbox 913 647 1169 704; x_wconf 91' lang='lat' dir='ltr'>tantum</span> <span class='ocrx_word' id='word_1_5' title='bbox 1228 638 1416 705; x_wconf 85' lang='lat' dir='ltr'>verbi</span> <span class='ocrx_word' id='word_1_6' title='bbox 1473 637 1780 704; x_wconf 90' lang='lat' dir='ltr'>claustris</span> <span class='ocrx_word' id='word_1_7' title='bbox 1840 644 2032 701; x_wconf 91' lang='lat' dir='ltr'>extra</span> <span class='ocrx_word' id='word_1_8' title='bbox 2089 636 2339 700; x_wconf 86' lang='lat' dir='ltr'>muniri</span> <span class='ocrx_word' id='word_1_9' title='bbox 2383 642 2451 701; x_wconf 89' lang='lat' dir='ltr'>et</span> 
     </span>
     <span class='ocr_line' id='line_1_3' title="bbox 496 721 2448 808; baseline -0.002 -17"><span class='ocrx_word' id='word_1_10' title='bbox 496 723 894 791; x_wconf 86' lang='lat' dir='ltr'>circumdari</span> <span class='ocrx_word' id='word_1_11' title='bbox 937 731 1227 808; x_wconf 82' lang='lat' dir='ltr'><strong>oportet,</strong></span> <span class='ocrx_word' id='word_1_12' title='bbox 1296 746 1380 790; x_wconf 92' lang='lat' dir='ltr'>ne</span> <span class='ocrx_word' id='word_1_13' title='bbox 1423 744 1551 808; x_wconf 89' lang='lat' dir='ltr'>qua</span> <span class='ocrx_word' id='word_1_14' title='bbox 1594 721 1863 788; x_wconf 78' lang='lat' dir='ltr'><strong>aliunde</strong></span> <span class='ocrx_word' id='word_1_15' title='bbox 1919 721 2293 805; x_wconf 75' lang='lat' dir='ltr'><strong>corruptela</strong></span> <span class='ocrx_word' id='word_1_16' title='bbox 2335 722 2448 787; x_wconf 90' lang='lat' dir='ltr'>ob-</span> 
     </span>
     <span class='ocr_line' id='line_1_4' title="bbox 496 807 2450 894; baseline -0.003 -18"><span class='ocrx_word' id='word_1_17' title='bbox 496 819 714 894; x_wconf 86' lang='lat' dir='ltr'>repat:</span> <span class='ocrx_word' id='word_1_18' title='bbox 781 809 898 875; x_wconf 85' lang='lat' dir='ltr'>sed</span> <span class='ocrx_word' id='word_1_19' title='bbox 956 811 1136 877; x_wconf 86' lang='lat' dir='ltr'>intus</span> <span class='ocrx_word' id='word_1_20' title='bbox 1201 830 1460 894; x_wconf 90' lang='lat' dir='ltr'>quoque</span> <span class='ocrx_word' id='word_1_21' title='bbox 1519 808 1809 876; x_wconf 88' lang='lat' dir='ltr'>eiusdem</span> <span class='ocrx_word' id='word_1_22' title='bbox 1872 808 2052 874; x_wconf 85' lang='lat' dir='ltr'>verbi</span> <span class='ocrx_word' id='word_1_23' title='bbox 2118 807 2450 891; x_wconf 87' lang='lat' dir='ltr'>praesidio</span> 
     </span>
     <span class='ocr_line' id='line_1_5' title="bbox 495 895 2448 974; baseline -0.003 -12"><span class='ocrx_word' id='word_1_24' title='bbox 495 895 784 974; x_wconf 85' lang='lat' dir='ltr'>firmari,</span> <span class='ocrx_word' id='word_1_25' title='bbox 850 916 935 961; x_wconf 91' lang='lat' dir='ltr'>ne</span> <span class='ocrx_word' id='word_1_26' title='bbox 1000 916 1070 961; x_wconf 89' lang='lat' dir='ltr'>se</span> <span class='ocrx_word' id='word_1_27' title='bbox 1126 896 1356 962; x_wconf 82' lang='lat' dir='ltr'>furtim</span> <span class='ocrx_word' id='word_1_28' title='bbox 1421 897 1760 961; x_wconf 79' lang='lat' dir='ltr'>insinuent</span> <span class='ocrx_word' id='word_1_29' title='bbox 1823 914 1997 960; x_wconf 87' lang='lat' dir='ltr'>nova</span> <span class='ocrx_word' id='word_1_30' title='bbox 2062 904 2448 970; x_wconf 89' lang='lat' dir='ltr'>commenta,</span> 
     </span>
     <span class='ocr_line' id='line_1_6' title="bbox 498 980 2451 1066; baseline -0.001 -19"><span class='ocrx_word' id='word_1_31' title='bbox 498 981 739 1066; x_wconf 89' lang='lat' dir='ltr'>quibus</span> <span class='ocrx_word' id='word_1_32' title='bbox 803 981 1081 1048; x_wconf 86' lang='lat' dir='ltr'>vitietur</span> <span class='ocrx_word' id='word_1_33' title='bbox 1145 983 1475 1048; x_wconf 88' lang='lat' dir='ltr'>doctrinae</span> <span class='ocrx_word' id='word_1_34' title='bbox 1542 981 1817 1066; x_wconf 85' lang='lat' dir='ltr'>puritas.</span> <span class='ocrx_word' id='word_1_35' title='bbox 1921 981 2128 1046; x_wconf 89' lang='lat' dir='ltr'>Porro</span> <span class='ocrx_word' id='word_1_36' title='bbox 2187 1001 2269 1044; x_wconf 90' lang='lat' dir='ltr'>ex</span> <span class='ocrx_word' id='word_1_37' title='bbox 2325 980 2451 1046; x_wconf 88' lang='lat' dir='ltr'>hac</span> 
     </span>
     <span class='ocr_line' id='line_1_7' title="bbox 499 1065 2449 1153; baseline -0.002 -20"><span class='ocrx_word' id='word_1_38' title='bbox 499 1068 940 1153; x_wconf 82' lang='lat' dir='ltr'>prohibitione</span> <span class='ocrx_word' id='word_1_39' title='bbox 994 1067 1397 1152; x_wconf 73' lang='lat' dir='ltr'>colligimus,</span> <span class='ocrx_word' id='word_1_40' title='bbox 1458 1089 1603 1133; x_wconf 91' lang='lat' dir='ltr'>eam</span> <span class='ocrx_word' id='word_1_41' title='bbox 1662 1088 1806 1133; x_wconf 89' lang='lat' dir='ltr'>esse</span> <span class='ocrx_word' id='word_1_42' title='bbox 1864 1065 2321 1132; x_wconf 79' lang='lat' dir='ltr'>certitudinem</span> <span class='ocrx_word' id='word_1_43' title='bbox 2376 1066 2449 1129; x_wconf 91' lang='lat' dir='ltr'>in</span> 
     </span>
     <span class='ocr_line' id='line_1_8' title="bbox 500 1150 2449 1238; baseline -0.003 -17"><span class='ocrx_word' id='word_1_44' title='bbox 500 1154 765 1221; x_wconf 87' lang='lat' dir='ltr'>coelesti</span> <span class='ocrx_word' id='word_1_45' title='bbox 809 1153 1105 1221; x_wconf 86' lang='lat' dir='ltr'>doctrina</span> <span class='ocrx_word' id='word_1_46' title='bbox 1146 1175 1312 1238; x_wconf 91' lang='lat' dir='ltr'>quae</span> <span class='ocrx_word' id='word_1_47' title='bbox 1356 1153 1554 1221; x_wconf 84' lang='lat' dir='ltr'>fidem</span> <span class='ocrx_word' id='word_1_48' title='bbox 1601 1163 1893 1219; x_wconf 88' lang='lat' dir='ltr'>nostram</span> <span class='ocrx_word' id='word_1_49' title='bbox 1930 1152 2306 1217; x_wconf 85' lang='lat' dir='ltr'>labefactari</span> <span class='ocrx_word' id='word_1_50' title='bbox 2344 1150 2449 1217; x_wconf 89' lang='lat' dir='ltr'>vel</span> 
     </span>
     <span class='ocr_line' id='line_1_9' title="bbox 502 1237 2449 1322; baseline -0.003 -15"><span class='ocrx_word' id='word_1_51' title='bbox 502 1240 758 1307; x_wconf 85' lang='lat' dir='ltr'>concuti</span> <span class='ocrx_word' id='word_1_52' title='bbox 805 1261 937 1305; x_wconf 89' lang='lat' dir='ltr'>non</span> <span class='ocrx_word' id='word_1_53' title='bbox 981 1240 1192 1318; x_wconf 90' lang='lat' dir='ltr'>sinat,</span> <span class='ocrx_word' id='word_1_54' title='bbox 1237 1239 1430 1305; x_wconf 91' lang='lat' dir='ltr'>modo</span> <span class='ocrx_word' id='word_1_55' title='bbox 1474 1239 1547 1304; x_wconf 93' lang='lat' dir='ltr'>in</span> <span class='ocrx_word' id='word_1_56' title='bbox 1591 1260 1670 1304; x_wconf 91' lang='lat' dir='ltr'>ea</span> <span class='ocrx_word' id='word_1_57' title='bbox 1714 1241 1899 1305; x_wconf 88' lang='lat' dir='ltr'>vivas</span> <span class='ocrx_word' id='word_1_58' title='bbox 1944 1239 2154 1322; x_wconf 87' lang='lat' dir='ltr'>egerit</span> <span class='ocrx_word' id='word_1_59' title='bbox 2196 1237 2449 1303; x_wconf 79' lang='lat' dir='ltr'>radices</span> 
     </span>
     <span class='ocr_line' id='line_1_10' title="bbox 503 1322 2449 1409; baseline -0.003 -16"><span class='ocrx_word' id='word_1_60' title='bbox 503 1347 581 1393; x_wconf 91' lang='lat' dir='ltr'>ac</span> <span class='ocrx_word' id='word_1_61' title='bbox 638 1324 838 1409; x_wconf 92' lang='lat' dir='ltr'>probe</span> <span class='ocrx_word' id='word_1_62' title='bbox 895 1323 1168 1390; x_wconf 84' lang='lat' dir='ltr'>fundata</span> <span class='ocrx_word' id='word_1_63' title='bbox 1220 1327 1324 1391; x_wconf 90' lang='lat' dir='ltr'>sit.</span> <span class='ocrx_word' id='word_1_64' title='bbox 1424 1325 1598 1390; x_wconf 85' lang='lat' dir='ltr'>Nam</span> <span class='ocrx_word' id='word_1_65' title='bbox 1652 1325 1896 1390; x_wconf 83' lang='lat' dir='ltr'>frustra</span> <span class='ocrx_word' id='word_1_66' title='bbox 1952 1334 2204 1390; x_wconf 84' lang='lat' dir='ltr'>vetaret</span> <span class='ocrx_word' id='word_1_67' title='bbox 2264 1322 2449 1388; x_wconf 91' lang='lat' dir='ltr'>Deus</span> 
     </span>
     <span class='ocr_line' id='line_1_11' title="bbox 503 1408 2448 1490; baseline -0.003 -11"><span class='ocrx_word' id='word_1_68' title='bbox 503 1412 699 1479; x_wconf 76' lang='lat' dir='ltr'>falsos</span> <span class='ocrx_word' id='word_1_69' title='bbox 721 1415 1016 1477; x_wconf 89' lang='lat' dir='ltr'>doctores</span> <span class='ocrx_word' id='word_1_70' title='bbox 1039 1410 1400 1490; x_wconf 79' lang='lat' dir='ltr'>admittere,</span> <span class='ocrx_word' id='word_1_71' title='bbox 1439 1412 1565 1477; x_wconf 87' lang='lat' dir='ltr'>nisi</span> <span class='ocrx_word' id='word_1_72' title='bbox 1601 1409 1876 1477; x_wconf 86' lang='lat' dir='ltr'>cavendi</span> <span class='ocrx_word' id='word_1_73' title='bbox 1899 1411 2219 1476; x_wconf 90' lang='lat' dir='ltr'>rationem</span> <span class='ocrx_word' id='word_1_74' title='bbox 2249 1408 2448 1475; x_wconf 90' lang='lat' dir='ltr'>simul</span> 
     </span>
     <span class='ocr_line' id='line_1_12' title="bbox 502 1497 2449 1565; baseline -0.003 0"><span class='ocrx_word' id='word_1_75' title='bbox 502 1497 895 1565; x_wconf 85' lang='lat' dir='ltr'>ostenderet.</span> <span class='ocrx_word' id='word_1_76' title='bbox 1003 1497 1096 1562; x_wconf 86' lang='lat' dir='ltr'>Et</span> <span class='ocrx_word' id='word_1_77' title='bbox 1157 1506 1334 1564; x_wconf 91' lang='lat' dir='ltr'>certe</span> <span class='ocrx_word' id='word_1_78' title='bbox 1406 1497 1572 1562; x_wconf 91' lang='lat' dir='ltr'>nihil</span> <span class='ocrx_word' id='word_1_79' title='bbox 1638 1499 1855 1562; x_wconf 88' lang='lat' dir='ltr'>minus</span> <span class='ocrx_word' id='word_1_80' title='bbox 1933 1504 2449 1562; x_wconf 89' lang='lat' dir='ltr'>consentaneum</span> 
     </span>
     <span class='ocr_line' id='line_1_13' title="bbox 503 1580 2449 1667; baseline -0.002 -18"><span class='ocrx_word' id='word_1_81' title='bbox 503 1604 701 1667; x_wconf 91' lang='lat' dir='ltr'>quam</span> <span class='ocrx_word' id='word_1_82' title='bbox 747 1595 823 1649; x_wconf 89' lang='lat' dir='ltr'>ut</span> <span class='ocrx_word' id='word_1_83' title='bbox 879 1584 1189 1667; x_wconf 90' lang='lat' dir='ltr'>ambigua</span> <span class='ocrx_word' id='word_1_84' title='bbox 1245 1584 1334 1649; x_wconf 90' lang='lat' dir='ltr'>sit</span> <span class='ocrx_word' id='word_1_85' title='bbox 1391 1583 1649 1667; x_wconf 90' lang='lat' dir='ltr'>religio,</span> <span class='ocrx_word' id='word_1_86' title='bbox 1716 1583 1904 1649; x_wconf 90' lang='lat' dir='ltr'>cuius</span> <span class='ocrx_word' id='word_1_87' title='bbox 1962 1580 2196 1666; x_wconf 90' lang='lat' dir='ltr'>regula</span> <span class='ocrx_word' id='word_1_88' title='bbox 2248 1602 2449 1664; x_wconf 91' lang='lat' dir='ltr'>quum</span> 
     </span>
     <span class='ocr_line' id='line_1_14' title="bbox 501 1666 2449 1754; baseline -0.003 -17"><span class='ocrx_word' id='word_1_89' title='bbox 501 1668 784 1737; x_wconf 86' lang='lat' dir='ltr'>fideliter</span> <span class='ocrx_word' id='word_1_90' title='bbox 826 1669 1232 1752; x_wconf 89' lang='lat' dir='ltr'>praescripta</span> <span class='ocrx_word' id='word_1_91' title='bbox 1272 1671 1358 1735; x_wconf 90' lang='lat' dir='ltr'>sit</span> <span class='ocrx_word' id='word_1_92' title='bbox 1397 1671 1466 1735; x_wconf 92' lang='lat' dir='ltr'>in</span> <span class='ocrx_word' id='word_1_93' title='bbox 1510 1670 1654 1754; x_wconf 89' lang='lat' dir='ltr'>lege</span> <span class='ocrx_word' id='word_1_94' title='bbox 1689 1678 1756 1734; x_wconf 92' lang='lat' dir='ltr'>et</span> <span class='ocrx_word' id='word_1_95' title='bbox 1793 1668 2091 1752; x_wconf 90' lang='lat' dir='ltr'>exposita</span> <span class='ocrx_word' id='word_1_96' title='bbox 2135 1666 2449 1745; x_wconf 86' lang='lat' dir='ltr'>definitio,</span> 
     </span>
     <span class='ocr_line' id='line_1_15' title="bbox 504 1754 2451 1839; baseline -0.003 -17"><span class='ocrx_word' id='word_1_97' title='bbox 504 1756 744 1822; x_wconf 88' lang='lat' dir='ltr'>merito</span> <span class='ocrx_word' id='word_1_98' title='bbox 779 1756 988 1839; x_wconf 82' lang='lat' dir='ltr'>exigit</span> <span class='ocrx_word' id='word_1_99' title='bbox 1022 1776 1063 1820; x_wconf 91' lang='lat' dir='ltr'>a</span> <span class='ocrx_word' id='word_1_100' title='bbox 1083 1756 1221 1821; x_wconf 91' lang='lat' dir='ltr'>suis</span> <span class='ocrx_word' id='word_1_101' title='bbox 1244 1755 1427 1821; x_wconf 89' lang='lat' dir='ltr'>Deus</span> <span class='ocrx_word' id='word_1_102' title='bbox 1449 1776 1535 1821; x_wconf 91' lang='lat' dir='ltr'>ne</span> <span class='ocrx_word' id='word_1_103' title='bbox 1559 1754 1892 1835; x_wconf 88' lang='lat' dir='ltr'>vacillent,</span> <span class='ocrx_word' id='word_1_104' title='bbox 1922 1754 2035 1819; x_wconf 90' lang='lat' dir='ltr'>sed</span> <span class='ocrx_word' id='word_1_105' title='bbox 2073 1763 2451 1818; x_wconf 81' lang='lat' dir='ltr'>constanter</span> 
     </span>
    </p>

    <p class='ocr_par' dir='ltr' id='par_1_3' title="bbox 495 1837 2456 3027">
     <span class='ocr_line' id='line_1_16' title="bbox 588 1837 2451 1908; baseline -0.003 0"><span class='ocrx_word' id='word_1_106' title='bbox 588 1841 865 1908; x_wconf 89' lang='lat' dir='ltr'>rsistant</span> <span class='ocrx_word' id='word_1_107' title='bbox 918 1843 985 1906; x_wconf 90' lang='lat' dir='ltr'>iu</span> <span class='ocrx_word' id='word_1_108' title='bbox 1046 1842 1327 1907; x_wconf 89' lang='lat' dir='ltr'>veritate</span> <span class='ocrx_word' id='word_1_109' title='bbox 1391 1839 1518 1907; x_wconf 89' lang='lat' dir='ltr'>sibi</span> <span class='ocrx_word' id='word_1_110' title='bbox 1577 1841 1838 1907; x_wconf 89' lang='lat' dir='ltr'>tradita.</span> <span class='ocrx_word' id='word_1_111' title='bbox 1929 1839 2105 1904; x_wconf 89' lang='lat' dir='ltr'>Vere</span> <span class='ocrx_word' id='word_1_112' title='bbox 2148 1840 2320 1904; x_wconf 90' lang='lat' dir='ltr'>enim</span> <span class='ocrx_word' id='word_1_113' title='bbox 2369 1837 2451 1903; x_wconf 92' lang='lat' dir='ltr'>de</span> 
     </span>
     <span class='ocr_line' id='line_1_17' title="bbox 530 1925 2449 2013; baseline -0.003 -19"><span class='ocrx_word' id='word_1_114' title='bbox 530 1948 653 2013; x_wconf 91' lang='lat' dir='ltr'>ege</span> <span class='ocrx_word' id='word_1_115' title='bbox 691 1927 1025 2010; x_wconf 78' lang='lat' dir='ltr'>praedicat</span> <span class='ocrx_word' id='word_1_116' title='bbox 1059 1927 1267 1993; x_wconf 82' lang='lat' dir='ltr'>Isaiae</span> <span class='ocrx_word' id='word_1_117' title='bbox 1307 1927 1416 2010; x_wconf 86' lang='lat'>45,</span> <span class='ocrx_word' id='word_1_118' title='bbox 1460 1928 1542 1993; x_wconf 90' lang='grc'>19</span> <span class='ocrx_word' id='word_1_119' title='bbox 1578 1949 1706 1992; x_wconf 91' lang='lat' dir='ltr'>non</span> <span class='ocrx_word' id='word_1_120' title='bbox 1744 1926 1991 1993; x_wconf 87' lang='lat' dir='ltr'>frustra</span> <span class='ocrx_word' id='word_1_121' title='bbox 2025 1926 2161 1990; x_wconf 88' lang='lat' dir='ltr'>illic</span> <span class='ocrx_word' id='word_1_122' title='bbox 2197 1925 2449 1990; x_wconf 89' lang='lat' dir='ltr'>dictum</span> 
     </span>
     <span class='ocr_line' id='line_1_18' title="bbox 501 2011 2448 2096; baseline -0.003 -16"><span class='ocrx_word' id='word_1_123' title='bbox 501 2034 646 2080; x_wconf 88' lang='lat' dir='ltr'>esse</span> <span class='ocrx_word' id='word_1_124' title='bbox 703 2014 938 2079; x_wconf 87' lang='lat' dir='ltr'>semini</span> <span class='ocrx_word' id='word_1_125' title='bbox 989 2011 1188 2077; x_wconf 89' lang='lat' dir='ltr'>Iacob</span> <span class='ocrx_word' id='word_1_126' title='bbox 1242 2025 1314 2078; x_wconf 85' lang='lat' dir='ltr'>ut</span> <span class='ocrx_word' id='word_1_127' title='bbox 1369 2014 1589 2078; x_wconf 90' lang='lat' dir='ltr'>Deum</span> <span class='ocrx_word' id='word_1_128' title='bbox 1648 2022 2013 2096; x_wconf 89' lang='lat' dir='ltr'>quaereret.</span> <span class='ocrx_word' id='word_1_129' title='bbox 2117 2011 2319 2093; x_wconf 88' lang='lat' dir='ltr'>Atqui</span> <span class='ocrx_word' id='word_1_130' title='bbox 2375 2012 2448 2074; x_wconf 90' lang='lat' dir='ltr'>in</span> 
     </span>
     <span class='ocr_line' id='line_1_19' title="bbox 500 2097 2448 2182; baseline -0.003 -16"><span class='ocrx_word' id='word_1_131' title='bbox 500 2099 646 2166; x_wconf 91' lang='lat' dir='ltr'>Deo</span> <span class='ocrx_word' id='word_1_132' title='bbox 699 2098 1072 2182; x_wconf 90' lang='lat' dir='ltr'>quaerendo</span> <span class='ocrx_word' id='word_1_133' title='bbox 1132 2120 1266 2163; x_wconf 92' lang='lat' dir='ltr'>non</span> <span class='ocrx_word' id='word_1_134' title='bbox 1324 2100 1658 2165; x_wconf 89' lang='lat' dir='ltr'>sufficeret</span> <span class='ocrx_word' id='word_1_135' title='bbox 1713 2099 1942 2164; x_wconf 90' lang='lat' dir='ltr'>docere</span> <span class='ocrx_word' id='word_1_136' title='bbox 1996 2097 2150 2180; x_wconf 88' lang='lat' dir='ltr'>quid</span> <span class='ocrx_word' id='word_1_137' title='bbox 2194 2107 2448 2163; x_wconf 89' lang='lat' dir='ltr'>rectum</span> 
     </span>
     <span class='ocr_line' id='line_1_20' title="bbox 497 2183 2452 2267; baseline -0.003 -16"><span class='ocrx_word' id='word_1_138' title='bbox 497 2185 616 2266; x_wconf 90' lang='lat' dir='ltr'>sit,</span> <span class='ocrx_word' id='word_1_139' title='bbox 674 2186 802 2250; x_wconf 91' lang='lat' dir='ltr'>nisi</span> <span class='ocrx_word' id='word_1_140' title='bbox 846 2185 914 2248; x_wconf 92' lang='lat' dir='ltr'>in</span> <span class='ocrx_word' id='word_1_141' title='bbox 962 2206 1038 2250; x_wconf 89' lang='lat' dir='ltr'>eo</span> <span class='ocrx_word' id='word_1_142' title='bbox 1095 2184 1514 2250; x_wconf 80' lang='lat' dir='ltr'>stabiliantur</span> <span class='ocrx_word' id='word_1_143' title='bbox 1570 2187 1792 2250; x_wconf 91' lang='lat' dir='ltr'>animi.</span> <span class='ocrx_word' id='word_1_144' title='bbox 1884 2183 2083 2250; x_wconf 87' lang='lat' dir='ltr'>Oerta</span> <span class='ocrx_word' id='word_1_145' title='bbox 2136 2183 2339 2267; x_wconf 91' lang='lat' dir='ltr'>igitur</span> <span class='ocrx_word' id='word_1_146' title='bbox 2384 2193 2452 2247; x_wconf 90' lang='lat' dir='ltr'>et</span> 
     </span>
     <span class='ocr_line' id='line_1_21' title="bbox 497 2269 2451 2354; baseline -0.002 -17"><span class='ocrx_word' id='word_1_147' title='bbox 497 2273 689 2337; x_wconf 89' lang='lat' dir='ltr'>firma</span> <span class='ocrx_word' id='word_1_148' title='bbox 734 2271 821 2337; x_wconf 89' lang='lat' dir='ltr'>sit</span> <span class='ocrx_word' id='word_1_149' title='bbox 863 2269 1095 2354; x_wconf 89' lang='lat' dir='ltr'>religio</span> <span class='ocrx_word' id='word_1_150' title='bbox 1140 2292 1404 2337; x_wconf 90' lang='lat' dir='ltr'>necesse</span> <span class='ocrx_word' id='word_1_151' title='bbox 1448 2280 1568 2348; x_wconf 90' lang='lat' dir='ltr'>est,</span> <span class='ocrx_word' id='word_1_152' title='bbox 1614 2282 1729 2336; x_wconf 92' lang='lat' dir='ltr'>aut</span> <span class='ocrx_word' id='word_1_153' title='bbox 1771 2292 1905 2336; x_wconf 92' lang='lat' dir='ltr'>non</span> <span class='ocrx_word' id='word_1_154' title='bbox 1950 2271 2078 2335; x_wconf 90' lang='lat' dir='ltr'>erit</span> <span class='ocrx_word' id='word_1_155' title='bbox 2121 2269 2245 2333; x_wconf 90' lang='lat' dir='ltr'>rite</span> <span class='ocrx_word' id='word_1_156' title='bbox 2280 2289 2451 2333; x_wconf 92' lang='lat' dir='ltr'>com-</span> 
     </span>
     <span class='ocr_line' id='line_1_22' title="bbox 497 2354 2451 2441; baseline -0.002 -18"><span class='ocrx_word' id='word_1_157' title='bbox 497 2356 732 2441; x_wconf 91' lang='lat' dir='ltr'>posita.</span> <span class='ocrx_word' id='word_1_158' title='bbox 821 2356 961 2421; x_wconf 89' lang='lat' dir='ltr'>Nec</span> <span class='ocrx_word' id='word_1_159' title='bbox 1020 2377 1175 2421; x_wconf 90' lang='lat' dir='ltr'>vero</span> <span class='ocrx_word' id='word_1_160' title='bbox 1228 2355 1499 2425; x_wconf 90' lang='lat' dir='ltr'>dubium</span> <span class='ocrx_word' id='word_1_161' title='bbox 1558 2368 1690 2436; x_wconf 89' lang='lat' dir='ltr'>est,</span> <span class='ocrx_word' id='word_1_162' title='bbox 1751 2356 1923 2440; x_wconf 92' lang='lat' dir='ltr'>quod</span> <span class='ocrx_word' id='word_1_163' title='bbox 1984 2355 2063 2420; x_wconf 89' lang='lat' dir='ltr'>de</span> <span class='ocrx_word' id='word_1_164' title='bbox 2108 2354 2451 2438; x_wconf 89' lang='lat' dir='ltr'>evangelio</span> 
     </span>
     <span class='ocr_line' id='line_1_23' title="bbox 498 2439 2452 2529; baseline -0.003 -19"><span class='ocrx_word' id='word_1_165' title='bbox 498 2451 781 2510; x_wconf 87' lang='lat' dir='ltr'>testatur</span> <span class='ocrx_word' id='word_1_166' title='bbox 824 2442 1071 2507; x_wconf 90' lang='lat' dir='ltr'>Paulus</span> <span class='ocrx_word' id='word_1_167' title='bbox 1130 2439 1402 2528; x_wconf 87' lang='lat' dir='ltr'>(Ephes.</span> <span class='ocrx_word' id='word_1_168' title='bbox 1446 2443 1510 2521; x_wconf 89' lang='lat'>4,</span> <span class='ocrx_word' id='word_1_169' title='bbox 1554 2440 1691 2529; x_wconf 91' lang='lat'>14),</span> <span class='ocrx_word' id='word_1_170' title='bbox 1751 2443 1882 2527; x_wconf 90' lang='lat' dir='ltr'>legi</span> <span class='ocrx_word' id='word_1_171' title='bbox 1937 2461 2192 2526; x_wconf 92' lang='lat' dir='ltr'>quoque</span> <span class='ocrx_word' id='word_1_172' title='bbox 2249 2441 2452 2506; x_wconf 86' lang='lat' dir='ltr'>fuisse</span> 
     </span>
     <span class='ocr_line' id='line_1_24' title="bbox 497 2528 2452 2612; baseline -0.003 -16"><span class='ocrx_word' id='word_1_173' title='bbox 497 2550 884 2604; x_wconf 89' lang='lat' dir='ltr'>commune,</span> <span class='ocrx_word' id='word_1_174' title='bbox 964 2536 1037 2592; x_wconf 92' lang='lat' dir='ltr'>ut</span> <span class='ocrx_word' id='word_1_175' title='bbox 1118 2528 1474 2612; x_wconf 89' lang='lat' dir='ltr'>discipulos</span> <span class='ocrx_word' id='word_1_176' title='bbox 1552 2550 1705 2594; x_wconf 90' lang='lat' dir='ltr'>suos</span> <span class='ocrx_word' id='word_1_177' title='bbox 1783 2530 2143 2593; x_wconf 88' lang='lat' dir='ltr'>instrueret</span> <span class='ocrx_word' id='word_1_178' title='bbox 2220 2538 2452 2592; x_wconf 84' lang='lat' dir='ltr'>contra</span> 
     </span>
     <span class='ocr_line' id='line_1_25' title="bbox 498 2612 2450 2696; baseline -0.003 -15"><span class='ocrx_word' id='word_1_179' title='bbox 498 2617 793 2681; x_wconf 91' lang='lat' dir='ltr'>omnium</span> <span class='ocrx_word' id='word_1_180' title='bbox 852 2613 1287 2679; x_wconf 85' lang='lat' dir='ltr'>tentationum</span> <span class='ocrx_word' id='word_1_181' title='bbox 1361 2614 1751 2693; x_wconf 88' lang='lat' dir='ltr'>certamina,</span> <span class='ocrx_word' id='word_1_182' title='bbox 1825 2636 1908 2680; x_wconf 92' lang='lat' dir='ltr'>ne</span> <span class='ocrx_word' id='word_1_183' title='bbox 1984 2624 2204 2679; x_wconf 87' lang='lat' dir='ltr'>essent</span> <span class='ocrx_word' id='word_1_184' title='bbox 2261 2612 2450 2696; x_wconf 89' lang='lat' dir='ltr'>pueri</span> 
     </span>
     <span class='ocr_line' id='line_1_26' title="bbox 499 2698 2452 2784; baseline -0.002 -17"><span class='ocrx_word' id='word_1_185' title='bbox 499 2704 893 2767; x_wconf 90' lang='lat' dir='ltr'>fluctuantes</span> <span class='ocrx_word' id='word_1_186' title='bbox 952 2712 1019 2765; x_wconf 92' lang='lat' dir='ltr'>et</span> <span class='ocrx_word' id='word_1_187' title='bbox 1075 2700 1188 2783; x_wconf 91' lang='lat' dir='ltr'>qui</span> <span class='ocrx_word' id='word_1_188' title='bbox 1242 2703 1847 2784; x_wconf 89' lang='lat' dir='ltr'>circumagerentur</span> <span class='ocrx_word' id='word_1_189' title='bbox 1901 2698 2194 2784; x_wconf 92' lang='lat' dir='ltr'>quolibet</span> <span class='ocrx_word' id='word_1_190' title='bbox 2249 2709 2452 2765; x_wconf 87' lang='lat' dir='ltr'>vento</span> 
     </span>
     <span class='ocr_line' id='line_1_27' title="bbox 499 2776 2456 2868; baseline -0.002 -14"><span class='ocrx_word' id='word_1_191' title='bbox 499 2786 838 2854; x_wconf 87' lang='lat' dir='ltr'>doctrinae</span> <span class='ocrx_word' id='word_1_192' title='bbox 881 2806 999 2868; x_wconf 90' lang='lat' dir='ltr'>per</span> <span class='ocrx_word' id='word_1_193' title='bbox 1041 2786 1404 2852; x_wconf 87' lang='lat' dir='ltr'>versutiam</span> <span class='ocrx_word' id='word_1_194' title='bbox 1452 2776 1814 2866; x_wconf 72' lang='lat' dir='ltr'>hominum,</span> <span class='ocrx_word' id='word_1_195' title='bbox 1860 2795 1979 2852; x_wconf 90' lang='lat' dir='ltr'>etc.</span> <span class='ocrx_word' id='word_1_196' title='bbox 2070 2783 2205 2850; x_wconf 86' lang='lat' dir='ltr'>Sed</span> <span class='ocrx_word' id='word_1_197' title='bbox 2248 2785 2456 2850; x_wconf 90' lang='lat' dir='ltr'>verba</span> 
     </span>
     <span class='ocr_line' id='line_1_28' title="bbox 499 2869 2452 3023; baseline -0.002 -85"><span class='ocrx_word' id='word_1_198' title='bbox 499 2876 772 3023; x_wconf 59' lang='lat' dir='ltr'>propigs</span> <span class='ocrx_word' id='word_1_199' title='bbox 851 2879 921 2937; x_wconf 93' lang='lat' dir='ltr'>et</span> <span class='ocrx_word' id='word_1_200' title='bbox 997 2869 1228 2937; x_wconf 85' lang='lat' dir='ltr'>ordine</span> <span class='ocrx_word' id='word_1_201' title='bbox 1306 2893 1599 2956; x_wconf 87' lang='lat' dir='ltr'>expensa</span> <span class='ocrx_word' id='word_1_202' title='bbox 1661 2893 1984 2939; x_wconf 91' lang='lat' dir='ltr'>summam</span> <span class='ocrx_word' id='word_1_203' title='bbox 2052 2871 2151 2935; x_wconf 91' lang='lat' dir='ltr'>rei</span> <span class='ocrx_word' id='word_1_204' title='bbox 2208 2870 2452 2937; x_wconf 91' lang='lat' dir='ltr'>clarius</span> 
     </span>
     <span class='ocr_line' id='line_1_29' title="bbox 495 2968 863 3027; baseline -0.011 0"><span class='ocrx_word' id='word_1_205' title='bbox 495 2969 684 3027; x_wconf 88' lang='lat' dir='ltr'>osten</span> <span class='ocrx_word' id='word_1_206' title='bbox 734 2968 863 3023; x_wconf 88' lang='lat' dir='ltr'>ent.</span> 
     </span>
    </p>

    <p class='ocr_par' dir='ltr' id='par_1_4' title="bbox 498 3043 2450 3561">
     <span class='ocr_line' id='line_1_30' title="bbox 673 3043 2448 3126; baseline -0.002 -14"><span class='ocrx_word' id='word_1_207' title='bbox 673 3046 870 3112; x_wconf 89' lang='lat' dir='ltr'>Deut.</span> <span class='ocrx_word' id='word_1_208' title='bbox 914 3043 1014 3125; x_wconf 85' lang='lat'>13,</span> <span class='ocrx_word' id='word_1_209' title='bbox 1063 3044 1120 3109; x_wconf 94' lang='lat'>1.</span> <span class='ocrx_word' id='word_1_210' title='bbox 1177 3044 1382 3126; x_wconf 79' lang='lat' dir='ltr'>Quum</span> <span class='ocrx_word' id='word_1_211' title='bbox 1418 3045 1765 3110; x_wconf 77' lang='lat' dir='ltr'>surrexerit</span> <span class='ocrx_word' id='word_1_212' title='bbox 1797 3044 1869 3109; x_wconf 79' lang='lat' dir='ltr'>in</span> <span class='ocrx_word' id='word_1_213' title='bbox 1901 3044 2103 3110; x_wconf 78' lang='lat' dir='ltr'>medio</span> <span class='ocrx_word' id='word_1_214' title='bbox 2136 3045 2248 3111; x_wconf 76' lang='lat' dir='ltr'>tui.</span> <span class='ocrx_word' id='word_1_215' title='bbox 2303 3043 2448 3109; x_wconf 90' lang='lat' dir='ltr'>Iam</span> 
     </span>
     <span class='ocr_line' id='line_1_31' title="bbox 499 3129 2447 3215; baseline -0.002 -16"><span class='ocrx_word' id='word_1_216' title='bbox 499 3131 801 3199; x_wconf 89' lang='lat' dir='ltr'>videmus</span> <span class='ocrx_word' id='word_1_217' title='bbox 845 3153 978 3197; x_wconf 92' lang='lat' dir='ltr'>non</span> <span class='ocrx_word' id='word_1_218' title='bbox 1024 3130 1105 3198; x_wconf 88' lang='lat' dir='ltr'>de</span> <span class='ocrx_word' id='word_1_219' title='bbox 1148 3151 1447 3196; x_wconf 90' lang='lat' dir='ltr'>errorum</span> <span class='ocrx_word' id='word_1_220' title='bbox 1504 3130 1777 3196; x_wconf 85' lang='lat' dir='ltr'>fallaciis</span> <span class='ocrx_word' id='word_1_221' title='bbox 1834 3132 1973 3215; x_wconf 85' lang='lat' dir='ltr'>agi,</span> <span class='ocrx_word' id='word_1_222' title='bbox 2031 3151 2194 3214; x_wconf 90' lang='lat' dir='ltr'>quas</span> <span class='ocrx_word' id='word_1_223' title='bbox 2240 3129 2447 3197; x_wconf 88' lang='lat' dir='ltr'>Satan</span> 
     </span>
     <span class='ocr_line' id='line_1_32' title="bbox 498 3216 2450 3302; baseline -0.001 -19"><span class='ocrx_word' id='word_1_224' title='bbox 498 3239 622 3302; x_wconf 91' lang='lat' dir='ltr'>per</span> <span class='ocrx_word' id='word_1_225' title='bbox 677 3229 885 3284; x_wconf 91' lang='lat' dir='ltr'>totum</span> <span class='ocrx_word' id='word_1_226' title='bbox 954 3217 1180 3282; x_wconf 90' lang='lat' dir='ltr'>orbem</span> <span class='ocrx_word' id='word_1_227' title='bbox 1236 3224 1596 3299; x_wconf 85' lang='lat' dir='ltr'>sparserat,</span> <span class='ocrx_word' id='word_1_228' title='bbox 1662 3216 1781 3282; x_wconf 92' lang='lat' dir='ltr'>sed</span> <span class='ocrx_word' id='word_1_229' title='bbox 1844 3237 2009 3299; x_wconf 89' lang='lat' dir='ltr'>quae</span> <span class='ocrx_word' id='word_1_230' title='bbox 2075 3217 2450 3300; x_wconf 87' lang='lat' dir='ltr'>proditurae</span> 
     </span>
     <span class='ocr_line' id='line_1_33' title="bbox 500 3302 2448 3387; baseline -0.002 -17"><span class='ocrx_word' id='word_1_231' title='bbox 500 3315 692 3371; x_wconf 89' lang='lat' dir='ltr'>erant</span> <span class='ocrx_word' id='word_1_232' title='bbox 734 3326 820 3369; x_wconf 89' lang='lat' dir='ltr'>ex</span> <span class='ocrx_word' id='word_1_233' title='bbox 864 3306 1005 3387; x_wconf 91' lang='lat' dir='ltr'>ipso</span> <span class='ocrx_word' id='word_1_234' title='bbox 1049 3302 1358 3368; x_wconf 88' lang='lat' dir='ltr'>eeclesiae</span> <span class='ocrx_word' id='word_1_235' title='bbox 1402 3303 1569 3367; x_wconf 92' lang='lat' dir='ltr'>sinu.</span> <span class='ocrx_word' id='word_1_236' title='bbox 1661 3305 1760 3368; x_wconf 87' lang='lat' dir='ltr'>Ac</span> <span class='ocrx_word' id='word_1_237' title='bbox 1804 3303 1863 3367; x_wconf 91' lang='lat' dir='ltr'>si</span> <span class='ocrx_word' id='word_1_238' title='bbox 1906 3302 2180 3381; x_wconf 89' lang='lat' dir='ltr'>diceret,</span> <span class='ocrx_word' id='word_1_239' title='bbox 2235 3302 2448 3387; x_wconf 88' lang='lat' dir='ltr'>legem</span> 
     </span>
     <span class='ocr_line' id='line_1_34' title="bbox 500 3387 2448 3473; baseline -0.001 -18"><span class='ocrx_word' id='word_1_240' title='bbox 500 3410 635 3455; x_wconf 90' lang='lat' dir='ltr'>non</span> <span class='ocrx_word' id='word_1_241' title='bbox 656 3389 803 3454; x_wconf 88' lang='lat' dir='ltr'>ideo</span> <span class='ocrx_word' id='word_1_242' title='bbox 838 3390 1046 3456; x_wconf 90' lang='lat' dir='ltr'>solum</span> <span class='ocrx_word' id='word_1_243' title='bbox 1086 3388 1307 3453; x_wconf 91' lang='lat' dir='ltr'>datam</span> <span class='ocrx_word' id='word_1_244' title='bbox 1342 3409 1484 3453; x_wconf 90' lang='lat' dir='ltr'>esse</span> <span class='ocrx_word' id='word_1_245' title='bbox 1521 3409 1689 3472; x_wconf 91' lang='lat' dir='ltr'>quae</span> <span class='ocrx_word' id='word_1_246' title='bbox 1711 3388 2047 3454; x_wconf 90' lang='lat' dir='ltr'>Israelitas</span> <span class='ocrx_word' id='word_1_247' title='bbox 2082 3410 2121 3453; x_wconf 88' lang='lat' dir='ltr'>a</span> <span class='ocrx_word' id='word_1_248' title='bbox 2155 3387 2448 3473; x_wconf 87' lang='lat' dir='ltr'>profanis</span> 
     </span>
     <span class='ocr_line' id='line_1_35' title="bbox 501 3473 2447 3561; baseline -0.002 -19"><span class='ocrx_word' id='word_1_249' title='bbox 501 3477 810 3561; x_wconf 89' lang='lat' dir='ltr'>gentibus</span> <span class='ocrx_word' id='word_1_250' title='bbox 873 3485 1164 3559; x_wconf 87' lang='lat' dir='ltr'>separet,</span> <span class='ocrx_word' id='word_1_251' title='bbox 1232 3473 1347 3540; x_wconf 90' lang='lat' dir='ltr'>sed</span> <span class='ocrx_word' id='word_1_252' title='bbox 1415 3494 1580 3556; x_wconf 91' lang='lat' dir='ltr'>quae</span> <span class='ocrx_word' id='word_1_253' title='bbox 1644 3475 1938 3558; x_wconf 90' lang='lat' dir='ltr'>integros</span> <span class='ocrx_word' id='word_1_254' title='bbox 1973 3475 2319 3544; x_wconf 79' lang='lat' dir='ltr'>,custodiat</span> <span class='ocrx_word' id='word_1_255' title='bbox 2379 3476 2447 3539; x_wconf 93' lang='lat' dir='ltr'>in</span> 
     </span>
    </p>

    <p class='ocr_par' dir='ltr' id='par_1_5' title="bbox 548 3559 2444 3627">
     <span class='ocr_line' id='line_1_36' title="bbox 548 3559 2444 3627; baseline -0.002 0"><span class='ocrx_word' id='word_1_256' title='bbox 548 3582 669 3627; x_wconf 91' lang='lat' dir='ltr'>ura</span> <span class='ocrx_word' id='word_1_257' title='bbox 749 3562 901 3627; x_wconf 87' lang='lat' dir='ltr'>fidei</span> <span class='ocrx_word' id='word_1_258' title='bbox 978 3562 1300 3627; x_wconf 89' lang='lat' dir='ltr'>castitate.</span> <span class='ocrx_word' id='word_1_259' title='bbox 1425 3560 1598 3625; x_wconf 89' lang='lat' dir='ltr'>Nam</span> <span class='ocrx_word' id='word_1_260' title='bbox 1680 3571 1752 3625; x_wconf 91' lang='lat' dir='ltr'>ut</span> <span class='ocrx_word' id='word_1_261' title='bbox 1829 3560 2024 3625; x_wconf 90' lang='lat' dir='ltr'>hodie</span> <span class='ocrx_word' id='word_1_262' title='bbox 2106 3559 2444 3626; x_wconf 87' lang='lat' dir='ltr'>ecclesiam</span> 
     </span>
    </p>

    <p class='ocr_par' dir='ltr' id='par_1_6' title="bbox 492 3646 2449 5452">
     <span class='ocr_line' id='line_1_37' title="bbox 561 3646 2449 3730; baseline -0.002 -17"><span class='ocrx_word' id='word_1_263' title='bbox 561 3649 814 3714; x_wconf 89' lang='lat' dir='ltr'>hristus</span> <span class='ocrx_word' id='word_1_264' title='bbox 855 3648 979 3714; x_wconf 90' lang='lat' dir='ltr'>sibi</span> <span class='ocrx_word' id='word_1_265' title='bbox 1023 3647 1379 3730; x_wconf 86' lang='lat' dir='ltr'>desponsat</span> <span class='ocrx_word' id='word_1_266' title='bbox 1421 3667 1543 3730; x_wconf 90' lang='lat' dir='ltr'>per</span> <span class='ocrx_word' id='word_1_267' title='bbox 1583 3646 1909 3730; x_wconf 89' lang='lat' dir='ltr'>evangelii</span> <span class='ocrx_word' id='word_1_268' title='bbox 1956 3666 2325 3729; x_wconf 89' lang='lat' dir='ltr'>praecones,</span> <span class='ocrx_word' id='word_1_269' title='bbox 2372 3656 2449 3711; x_wconf 93' lang='lat' dir='ltr'>ut</span> 
     </span>
     <span class='ocr_line' id='line_1_38' title="bbox 498 3730 2445 3818; baseline 0 -20"><span class='ocrx_word' id='word_1_270' title='bbox 498 3734 712 3799; x_wconf 89' lang='lat' dir='ltr'>instar</span> <span class='ocrx_word' id='word_1_271' title='bbox 755 3734 1031 3818; x_wconf 90' lang='lat' dir='ltr'>pudicae</span> <span class='ocrx_word' id='word_1_272' title='bbox 1087 3732 1362 3817; x_wconf 87' lang='lat' dir='ltr'>virginis</span> <span class='ocrx_word' id='word_1_273' title='bbox 1418 3754 1489 3798; x_wconf 87' lang='lat' dir='ltr'>se</span> <span class='ocrx_word' id='word_1_274' title='bbox 1534 3733 1723 3797; x_wconf 88' lang='lat' dir='ltr'>sistat</span> <span class='ocrx_word' id='word_1_275' title='bbox 1764 3734 1837 3797; x_wconf 91' lang='lat' dir='ltr'>in</span> <span class='ocrx_word' id='word_1_276' title='bbox 1879 3731 2021 3798; x_wconf 89' lang='lat' dir='ltr'>eius</span> <span class='ocrx_word' id='word_1_277' title='bbox 2064 3730 2445 3816; x_wconf 88' lang='lat' dir='ltr'>obsequium</span> 
     </span>
     <span class='ocr_line' id='line_1_39' title="bbox 500 3817 2449 3907; baseline -0.002 -21"><span class='ocrx_word' id='word_1_278' title='bbox 500 3819 589 3907; x_wconf 93' lang='grc'>(2.</span> <span class='ocrx_word' id='word_1_279' title='bbox 635 3819 785 3886; x_wconf 86' lang='lat' dir='ltr'>Cor.</span> <span class='ocrx_word' id='word_1_280' title='bbox 836 3820 937 3897; x_wconf 90' lang='grc'>11,</span> <span class='ocrx_word' id='word_1_281' title='bbox 983 3819 1081 3907; x_wconf 90' lang='grc'>2),</span> <span class='ocrx_word' id='word_1_282' title='bbox 1125 3840 1247 3884; x_wconf 91' lang='lat' dir='ltr'>nec</span> <span class='ocrx_word' id='word_1_283' title='bbox 1290 3818 1444 3883; x_wconf 89' lang='lat' dir='ltr'>ullis</span> <span class='ocrx_word' id='word_1_284' title='bbox 1489 3817 1833 3884; x_wconf 88' lang='lat' dir='ltr'>lenociniis</span> <span class='ocrx_word' id='word_1_285' title='bbox 1877 3839 1948 3883; x_wconf 89' lang='lat' dir='ltr'>se</span> <span class='ocrx_word' id='word_1_286' title='bbox 1992 3817 2226 3884; x_wconf 91' lang='lat' dir='ltr'>abduci</span> <span class='ocrx_word' id='word_1_287' title='bbox 2272 3820 2449 3883; x_wconf 90' lang='lat' dir='ltr'>sinat</span> 
     </span>
     <span class='ocr_line' id='line_1_40' title="bbox 500 3905 2447 3988; baseline -0.002 -16"><span class='ocrx_word' id='word_1_288' title='bbox 500 3926 543 3971; x_wconf 87' lang='lat' dir='ltr'>a</span> <span class='ocrx_word' id='word_1_289' title='bbox 600 3906 756 3972; x_wconf 88' lang='lat' dir='ltr'>fidei</span> <span class='ocrx_word' id='word_1_290' title='bbox 830 3906 1282 3988; x_wconf 86' lang='lat' dir='ltr'>simplicitate:</span> <span class='ocrx_word' id='word_1_291' title='bbox 1366 3906 1458 3968; x_wconf 90' lang='lat' dir='ltr'>ita</span> <span class='ocrx_word' id='word_1_292' title='bbox 1527 3905 1682 3969; x_wconf 92' lang='lat' dir='ltr'>olim</span> <span class='ocrx_word' id='word_1_293' title='bbox 1755 3912 2046 3969; x_wconf 88' lang='lat' dir='ltr'>veterem</span> <span class='ocrx_word' id='word_1_294' title='bbox 2128 3905 2447 3988; x_wconf 88' lang='lat' dir='ltr'>populum</span> 
     </span>
     <span class='ocr_line' id='line_1_41' title="bbox 501 3989 2448 4076; baseline -0.001 -18"><span class='ocrx_word' id='word_1_295' title='bbox 501 3992 903 4076; x_wconf 88' lang='lat' dir='ltr'>desponsans</span> <span class='ocrx_word' id='word_1_296' title='bbox 946 3991 1069 4056; x_wconf 90' lang='lat' dir='ltr'>sibi</span> <span class='ocrx_word' id='word_1_297' title='bbox 1106 3989 1327 4068; x_wconf 89' lang='lat' dir='ltr'>Deus,</span> <span class='ocrx_word' id='word_1_298' title='bbox 1386 3990 1579 4055; x_wconf 90' lang='lat' dir='ltr'>iussit</span> <span class='ocrx_word' id='word_1_299' title='bbox 1621 4010 1814 4054; x_wconf 90' lang='lat' dir='ltr'>aures</span> <span class='ocrx_word' id='word_1_300' title='bbox 1856 3989 2159 4056; x_wconf 87' lang='lat' dir='ltr'>claudere</span> <span class='ocrx_word' id='word_1_301' title='bbox 2202 3992 2448 4074; x_wconf 90' lang='lat' dir='ltr'>impos·</span> 
     </span>
     <span class='ocr_line' id='line_1_42' title="bbox 499 4074 2448 4161; baseline -0.001 -16"><span class='ocrx_word' id='word_1_302' title='bbox 499 4080 779 4145; x_wconf 89' lang='lat' dir='ltr'>toribus:</span> <span class='ocrx_word' id='word_1_303' title='bbox 848 4079 963 4161; x_wconf 89' lang='lat' dir='ltr'>qui</span> <span class='ocrx_word' id='word_1_304' title='bbox 1021 4086 1181 4143; x_wconf 89' lang='lat' dir='ltr'>sunt</span> <span class='ocrx_word' id='word_1_305' title='bbox 1236 4076 1443 4142; x_wconf 88' lang='lat' dir='ltr'>veluti</span> <span class='ocrx_word' id='word_1_306' title='bbox 1499 4074 1787 4140; x_wconf 86' lang='lat' dir='ltr'>Satanae</span> <span class='ocrx_word' id='word_1_307' title='bbox 1842 4076 2111 4142; x_wconf 91' lang='lat' dir='ltr'>lenones</span> <span class='ocrx_word' id='word_1_308' title='bbox 2167 4076 2248 4141; x_wconf 90' lang='lat' dir='ltr'>ad</span> <span class='ocrx_word' id='word_1_309' title='bbox 2304 4078 2448 4143; x_wconf 85' lang='lat' dir='ltr'>vio-</span> 
     </span>
     <span class='ocr_line' id='line_1_43' title="bbox 496 4161 2446 4247; baseline -0.001 -18"><span class='ocrx_word' id='word_1_310' title='bbox 496 4164 767 4230; x_wconf 87' lang='lat' dir='ltr'>landum</span> <span class='ocrx_word' id='word_1_311' title='bbox 813 4184 1072 4230; x_wconf 88' lang='lat' dir='ltr'>sacrum</span> <span class='ocrx_word' id='word_1_312' title='bbox 1116 4162 1282 4227; x_wconf 92' lang='lat' dir='ltr'>illud</span> <span class='ocrx_word' id='word_1_313' title='bbox 1323 4170 1393 4225; x_wconf 90' lang='lat' dir='ltr'>et</span> <span class='ocrx_word' id='word_1_314' title='bbox 1435 4161 1716 4245; x_wconf 89' lang='lat' dir='ltr'>speciale</span> <span class='ocrx_word' id='word_1_315' title='bbox 1759 4162 2044 4247; x_wconf 89' lang='lat' dir='ltr'>coniugii</span> <span class='ocrx_word' id='word_1_316' title='bbox 2089 4163 2446 4241; x_wconf 90' lang='lat' dir='ltr'>vinculum,</span> 
     </span>
     <span class='ocr_line' id='line_1_44' title="bbox 499 4248 2449 4335; baseline -0.001 -19"><span class='ocrx_word' id='word_1_317' title='bbox 499 4271 629 4335; x_wconf 92' lang='lat' dir='ltr'>quo</span> <span class='ocrx_word' id='word_1_318' title='bbox 691 4250 878 4315; x_wconf 87' lang='lat' dir='ltr'>Deus</span> <span class='ocrx_word' id='word_1_319' title='bbox 937 4249 1081 4314; x_wconf 88' lang='lat' dir='ltr'>vult</span> <span class='ocrx_word' id='word_1_320' title='bbox 1134 4249 1275 4313; x_wconf 88' lang='lat' dir='ltr'>suis</span> <span class='ocrx_word' id='word_1_321' title='bbox 1332 4249 1720 4313; x_wconf 86' lang='lat' dir='ltr'>coniunctus</span> <span class='ocrx_word' id='word_1_322' title='bbox 1777 4269 1937 4314; x_wconf 89' lang='lat' dir='ltr'>esse.</span> <span class='ocrx_word' id='word_1_323' title='bbox 2038 4248 2219 4314; x_wconf 90' lang='lat' dir='ltr'>Huic</span> <span class='ocrx_word' id='word_1_324' title='bbox 2274 4250 2449 4315; x_wconf 90' lang='lat' dir='ltr'>malo</span> 
     </span>
     <span class='ocr_line' id='line_1_45' title="bbox 498 4333 2449 4420; baseline -0.002 -17"><span class='ocrx_word' id='word_1_325' title='bbox 498 4358 619 4403; x_wconf 91' lang='lat' dir='ltr'>cur</span> <span class='ocrx_word' id='word_1_326' title='bbox 655 4337 820 4403; x_wconf 87' lang='lat' dir='ltr'>velit</span> <span class='ocrx_word' id='word_1_327' title='bbox 841 4336 1029 4401; x_wconf 87' lang='lat' dir='ltr'>Deus</span> <span class='ocrx_word' id='word_1_328' title='bbox 1072 4333 1425 4400; x_wconf 86' lang='lat' dir='ltr'>obnoxiam</span> <span class='ocrx_word' id='word_1_329' title='bbox 1468 4353 1608 4399; x_wconf 90' lang='lat' dir='ltr'>esse</span> <span class='ocrx_word' id='word_1_330' title='bbox 1653 4334 2012 4412; x_wconf 91' lang='lat' dir='ltr'>ecclesiam,</span> <span class='ocrx_word' id='word_1_331' title='bbox 2057 4335 2255 4418; x_wconf 89' lang='lat' dir='ltr'>paulo</span> <span class='ocrx_word' id='word_1_332' title='bbox 2300 4345 2449 4420; x_wconf 89' lang='lat' dir='ltr'>post</span> 
     </span>
     <span class='ocr_line' id='line_1_46' title="bbox 498 4419 2447 4503; baseline -0.001 -14"><span class='ocrx_word' id='word_1_333' title='bbox 498 4423 889 4489; x_wconf 88' lang='lat' dir='ltr'>videbimus.</span> <span class='ocrx_word' id='word_1_334' title='bbox 964 4420 1232 4486; x_wconf 87' lang='lat' dir='ltr'>Interea</span> <span class='ocrx_word' id='word_1_335' title='bbox 1276 4419 1436 4484; x_wconf 82' lang='lat' dir='ltr'>u‘tile</span> <span class='ocrx_word' id='word_1_336' title='bbox 1481 4428 1581 4485; x_wconf 93' lang='lat' dir='ltr'>est</span> <span class='ocrx_word' id='word_1_337' title='bbox 1625 4419 1706 4486; x_wconf 92' lang='lat' dir='ltr'>de</span> <span class='ocrx_word' id='word_1_338' title='bbox 1747 4420 2033 4503; x_wconf 90' lang='lat' dir='ltr'>periculo</span> <span class='ocrx_word' id='word_1_339' title='bbox 2076 4423 2447 4487; x_wconf 88' lang='lat' dir='ltr'>admonitos</span> 
     </span>
     <span class='ocr_line' id='line_1_47' title="bbox 500 4505 2447 4586; baseline -0.001 -10"><span class='ocrx_word' id='word_1_340' title='bbox 500 4531 643 4576; x_wconf 91' lang='lat' dir='ltr'>esse</span> <span class='ocrx_word' id='word_1_341' title='bbox 678 4508 923 4586; x_wconf 90' lang='lat' dir='ltr'>fideles,</span> <span class='ocrx_word' id='word_1_342' title='bbox 970 4518 1043 4572; x_wconf 92' lang='lat' dir='ltr'>ut</span> <span class='ocrx_word' id='word_1_343' title='bbox 1081 4507 1215 4571; x_wconf 90' lang='lat' dir='ltr'>sint</span> <span class='ocrx_word' id='word_1_344' title='bbox 1252 4507 1320 4569; x_wconf 94' lang='lat' dir='ltr'>in</span> <span class='ocrx_word' id='word_1_345' title='bbox 1357 4505 1640 4572; x_wconf 88' lang='lat' dir='ltr'>assiduis</span> <span class='ocrx_word' id='word_1_346' title='bbox 1674 4506 1966 4573; x_wconf 84' lang='lat' dir='ltr'>excubiis</span> <span class='ocrx_word' id='word_1_347' title='bbox 1999 4507 2083 4571; x_wconf 93' lang='lat' dir='ltr'>ad</span> <span class='ocrx_word' id='word_1_348' title='bbox 2118 4508 2447 4574; x_wconf 87' lang='lat' dir='ltr'>cavendas</span> 
     </span>
     <span class='ocr_line' id='line_1_48' title="bbox 502 4592 2448 4674; baseline -0.002 -12"><span class='ocrx_word' id='word_1_349' title='bbox 502 4595 792 4662; x_wconf 89' lang='lat' dir='ltr'>Satanae</span> <span class='ocrx_word' id='word_1_350' title='bbox 833 4592 1123 4658; x_wconf 88' lang='lat' dir='ltr'>insidias.</span> <span class='ocrx_word' id='word_1_351' title='bbox 1213 4592 1443 4674; x_wconf 90' lang='lat' dir='ltr'>Neque</span> <span class='ocrx_word' id='word_1_352' title='bbox 1485 4594 1661 4658; x_wconf 89' lang='lat' dir='ltr'>enim</span> <span class='ocrx_word' id='word_1_353' title='bbox 1709 4613 1841 4657; x_wconf 92' lang='lat' dir='ltr'>uno</span> <span class='ocrx_word' id='word_1_354' title='bbox 1886 4603 2142 4658; x_wconf 91' lang='lat' dir='ltr'>tantum</span> <span class='ocrx_word' id='word_1_355' title='bbox 2187 4595 2448 4660; x_wconf 87' lang='lat' dir='ltr'>saeculo</span> 
     </span>
     <span class='ocr_line' id='line_1_49' title="bbox 500 4677 2447 4765; baseline -0.001 -18"><span class='ocrx_word' id='word_1_356' title='bbox 500 4680 812 4765; x_wconf 88' lang='lat' dir='ltr'>regnavit</span> <span class='ocrx_word' id='word_1_357' title='bbox 832 4679 995 4743; x_wconf 89' lang='lat' dir='ltr'>haec</span> <span class='ocrx_word' id='word_1_358' title='bbox 1030 4678 1253 4761; x_wconf 86' lang='lat' dir='ltr'>pestis,</span> <span class='ocrx_word' id='word_1_359' title='bbox 1290 4677 1406 4743; x_wconf 90' lang='lat' dir='ltr'>sed</span> <span class='ocrx_word' id='word_1_360' title='bbox 1443 4677 1855 4763; x_wconf 82' lang='lat' dir='ltr'>grassabitur</span> <span class='ocrx_word' id='word_1_361' title='bbox 1887 4699 2094 4762; x_wconf 92' lang='lat' dir='ltr'>usque</span> <span class='ocrx_word' id='word_1_362' title='bbox 2128 4678 2211 4744; x_wconf 89' lang='lat' dir='ltr'>ad</span> <span class='ocrx_word' id='word_1_363' title='bbox 2248 4681 2447 4745; x_wconf 88' lang='lat' dir='ltr'>finem</span> 
     </span>
     <span class='ocr_line' id='line_1_50' title="bbox 500 4763 2446 4833; baseline -0.001 0"><span class='ocrx_word' id='word_1_364' title='bbox 500 4764 766 4833; x_wconf 90' lang='lat' dir='ltr'>mundi:</span> <span class='ocrx_word' id='word_1_365' title='bbox 835 4785 912 4829; x_wconf 90' lang='lat' dir='ltr'>ac</span> <span class='ocrx_word' id='word_1_366' title='bbox 979 4763 1335 4829; x_wconf 91' lang='lat' dir='ltr'>tenendum</span> <span class='ocrx_word' id='word_1_367' title='bbox 1394 4773 1495 4830; x_wconf 91' lang='lat' dir='ltr'>est</span> <span class='ocrx_word' id='word_1_368' title='bbox 1546 4764 1711 4830; x_wconf 91' lang='lat' dir='ltr'>illud</span> <span class='ocrx_word' id='word_1_369' title='bbox 1770 4765 1983 4830; x_wconf 89' lang='lat' dir='ltr'>Petri:</span> <span class='ocrx_word' id='word_1_370' title='bbox 2047 4764 2234 4832; x_wconf 88' lang='lat' dir='ltr'>Sicut</span> <span class='ocrx_word' id='word_1_371' title='bbox 2289 4767 2446 4832; x_wconf 91' lang='lat' dir='ltr'>olim</span> 
     </span>
     <span class='ocr_line' id='line_1_51' title="bbox 500 4849 2447 4935; baseline -0.001 -17"><span class='ocrx_word' id='word_1_372' title='bbox 500 4852 776 4918; x_wconf 89' lang='lat' dir='ltr'>fuerunt</span> <span class='ocrx_word' id='word_1_373' title='bbox 852 4849 1458 4935; x_wconf 88' lang='lat' dir='ltr'>pseudoprophetae</span> <span class='ocrx_word' id='word_1_374' title='bbox 1535 4850 1711 4934; x_wconf 92' lang='lat' dir='ltr'>apud</span> <span class='ocrx_word' id='word_1_375' title='bbox 1777 4851 2086 4932; x_wconf 91' lang='lat' dir='ltr'>Iudaeos,</span> <span class='ocrx_word' id='word_1_376' title='bbox 2164 4854 2258 4916; x_wconf 91' lang='lat' dir='ltr'>ita</span> <span class='ocrx_word' id='word_1_377' title='bbox 2322 4854 2447 4918; x_wconf 90' lang='lat' dir='ltr'>sub</span> 
     </span>
     <span class='ocr_line' id='line_1_52' title="bbox 499 4936 2449 5023; baseline -0.002 -17"><span class='ocrx_word' id='word_1_378' title='bbox 499 4957 704 5023; x_wconf 88' lang='lat' dir='ltr'>regno</span> <span class='ocrx_word' id='word_1_379' title='bbox 769 4936 1024 5002; x_wconf 81' lang='lat' dir='ltr'>Christi</span> <span class='ocrx_word' id='word_1_380' title='bbox 1088 4938 1227 5003; x_wconf 88' lang='lat' dir='ltr'>fore</span> <span class='ocrx_word' id='word_1_381' title='bbox 1291 4936 1493 5001; x_wconf 86' lang='lat' dir='ltr'>falsos</span> <span class='ocrx_word' id='word_1_382' title='bbox 1555 4936 1884 5014; x_wconf 88' lang='lat' dir='ltr'>doctores,</span> <span class='ocrx_word' id='word_1_383' title='bbox 1950 4939 2063 5021; x_wconf 91' lang='lat' dir='ltr'>qui</span> <span class='ocrx_word' id='word_1_384' title='bbox 2128 4938 2449 5004; x_wconf 83' lang='lat' dir='ltr'>inducant</span> 
     </span>
     <span class='ocr_line' id='line_1_53' title="bbox 500 5020 2443 5110; baseline -0.001 -19"><span class='ocrx_word' id='word_1_385' title='bbox 500 5023 802 5091; x_wconf 83' lang='lat' dir='ltr'>exitiales</span> <span class='ocrx_word' id='word_1_386' title='bbox 879 5033 1092 5089; x_wconf 89' lang='lat' dir='ltr'>sectas</span> <span class='ocrx_word' id='word_1_387' title='bbox 1156 5021 1243 5110; x_wconf 89' lang='grc'>(2.</span> <span class='ocrx_word' id='word_1_388' title='bbox 1311 5022 1489 5088; x_wconf 89' lang='lat' dir='ltr'>Petr.</span> <span class='ocrx_word' id='word_1_389' title='bbox 1558 5023 1618 5098; x_wconf 83' lang='lat'>2,</span> <span class='ocrx_word' id='word_1_390' title='bbox 1689 5020 1772 5109; x_wconf 91' lang='lat'>1).</span> <span class='ocrx_word' id='word_1_391' title='bbox 1875 5023 2233 5089; x_wconf 82' lang='lat' dir='ltr'>Caeterum</span> <span class='ocrx_word' id='word_1_392' title='bbox 2311 5045 2443 5090; x_wconf 91' lang='lat' dir='ltr'>non</span> 
     </span>
     <span class='ocr_line' id='line_1_54' title="bbox 501 5108 2446 5194; baseline -0.001 -17"><span class='ocrx_word' id='word_1_393' title='bbox 501 5112 889 5177; x_wconf 88' lang='lat' dir='ltr'>domesticos</span> <span class='ocrx_word' id='word_1_394' title='bbox 932 5120 1192 5174; x_wconf 92' lang='lat' dir='ltr'>tantum</span> <span class='ocrx_word' id='word_1_395' title='bbox 1236 5108 1459 5173; x_wconf 88' lang='lat' dir='ltr'>hostes</span> <span class='ocrx_word' id='word_1_396' title='bbox 1500 5109 1724 5174; x_wconf 85' lang='lat' dir='ltr'>Moses</span> <span class='ocrx_word' id='word_1_397' title='bbox 1767 5108 2105 5193; x_wconf 89' lang='lat' dir='ltr'>designat,</span> <span class='ocrx_word' id='word_1_398' title='bbox 2165 5108 2280 5176; x_wconf 91' lang='lat' dir='ltr'>sed</span> <span class='ocrx_word' id='word_1_399' title='bbox 2334 5112 2446 5194; x_wconf 92' lang='lat' dir='ltr'>qui</span> 
     </span>
     <span class='ocr_line' id='line_1_55' title="bbox 500 5195 2449 5282; baseline -0.001 -20"><span class='ocrx_word' id='word_1_400' title='bbox 500 5197 884 5282; x_wconf 90' lang='lat' dir='ltr'>prophetico</span> <span class='ocrx_word' id='word_1_401' title='bbox 930 5196 1121 5261; x_wconf 92' lang='lat' dir='ltr'>titulo</span> <span class='ocrx_word' id='word_1_402' title='bbox 1165 5216 1236 5261; x_wconf 88' lang='lat' dir='ltr'>se</span> <span class='ocrx_word' id='word_1_403' title='bbox 1279 5195 1675 5279; x_wconf 79' lang='lat' dir='ltr'>insigniant,</span> <span class='ocrx_word' id='word_1_404' title='bbox 1716 5216 1844 5277; x_wconf 92' lang='lat' dir='ltr'>quo</span> <span class='ocrx_word' id='word_1_405' title='bbox 1887 5197 2137 5261; x_wconf 91' lang='lat' dir='ltr'>maiore</span> <span class='ocrx_word' id='word_1_406' title='bbox 2183 5197 2449 5262; x_wconf 87' lang='lat' dir='ltr'>licentia</span> 
     </span>
     <span class='ocr_line' id='line_1_56' title="bbox 497 5279 2447 5367; baseline -0.001 -17"><span class='ocrx_word' id='word_1_407' title='bbox 497 5283 837 5367; x_wconf 80' lang='lat' dir='ltr'>magisque</span> <span class='ocrx_word' id='word_1_408' title='bbox 879 5282 1153 5365; x_wconf 90' lang='lat' dir='ltr'>impune</span> <span class='ocrx_word' id='word_1_409' title='bbox 1197 5279 1549 5365; x_wconf 87' lang='lat' dir='ltr'>decipiant.</span> <span class='ocrx_word' id='word_1_410' title='bbox 1637 5281 1833 5347; x_wconf 90' lang='lat' dir='ltr'>Unde</span> <span class='ocrx_word' id='word_1_411' title='bbox 1875 5282 2264 5367; x_wconf 84' lang='lat' dir='ltr'>colligimus,</span> <span class='ocrx_word' id='word_1_412' title='bbox 2310 5304 2447 5349; x_wconf 89' lang='lat' dir='ltr'>non</span> 
     </span>
     <span class='ocr_line' id='line_1_57' title="bbox 492 5365 2443 5452; baseline -0.001 -16"><span class='ocrx_word' id='word_1_413' title='bbox 492 5371 795 5436; x_wconf 86' lang='lat' dir='ltr'>sufficere</span> <span class='ocrx_word' id='word_1_414' title='bbox 817 5369 1096 5452; x_wconf 88' lang='lat' dir='ltr'>gradum</span> <span class='ocrx_word' id='word_1_415' title='bbox 1122 5367 1406 5447; x_wconf 88' lang='lat' dir='ltr'>honoris,</span> <span class='ocrx_word' id='word_1_416' title='bbox 1445 5367 1548 5432; x_wconf 86' lang='lat' dir='ltr'>vel</span> <span class='ocrx_word' id='word_1_417' title='bbox 1584 5365 1929 5450; x_wconf 91' lang='lat' dir='ltr'>plausibile</span> <span class='ocrx_word' id='word_1_418' title='bbox 1964 5367 2142 5433; x_wconf 92' lang='lat' dir='ltr'>aliud</span> <span class='ocrx_word' id='word_1_419' title='bbox 2180 5389 2443 5448; x_wconf 91' lang='lat' dir='ltr'>nomen,</span> 
     </span>
    </p>
   </div>
   <div class='ocr_carea' id='block_1_3' title="bbox 1962 446 3031 515">
    <p class='ocr_par' dir='ltr' id='par_1_7' title="bbox 1962 446 3031 515">
     <span class='ocr_line' id='line_1_58' title="bbox 1962 446 3031 515; baseline 0 -2"><span class='ocrx_word' id='word_1_420' title='bbox 1962 446 2340 515; x_wconf 75' lang='lat' dir='ltr'>PRIMUM</span> <span class='ocrx_word' id='word_1_421' title='bbox 2382 447 3031 514; x_wconf 71' lang='lat' dir='ltr'>PRAEGEPTUM.</span> 
     </span>
    </p>
   </div>
   <div class='ocr_carea' id='block_1_4' title="bbox 2491 656 2514 5440">
    <p class='ocr_par' dir='ltr' id='par_1_8' title="bbox 2491 656 2514 5440">
     <span class='ocr_line' id='line_1_59' title="bbox 2491 656 2514 5440; baseline 0 0"><span class='ocrx_word' id='word_1_422' title='bbox 2491 656 2514 5440; x_wconf 95' lang='lat' dir='ltr'> </span> 
     </span>
    </p>
   </div>
   <div class='ocr_carea' id='block_1_5' title="bbox 4368 445 4497 513">
    <p class='ocr_par' dir='ltr' id='par_1_9' title="bbox 4368 445 4497 513">
     <span class='ocr_line' id='line_1_60' title="bbox 4368 445 4497 513; baseline 0.008 -1"><span class='ocrx_word' id='word_1_423' title='bbox 4368 445 4497 513; x_wconf 69' lang='lat'>276</span> 
     </span>
    </p>
   </div>
   <div class='ocr_carea' id='block_1_6' title="bbox 2550 633 4521 5280">
    <p class='ocr_par' dir='ltr' id='par_1_10' title="bbox 2550 633 4521 5280">
     <span class='ocr_line' id='line_1_61' title="bbox 2554 633 4493 721; baseline -0.001 -18"><span class='ocrx_word' id='word_1_424' title='bbox 2554 637 2696 703; x_wconf 90' lang='lat' dir='ltr'>sive</span> <span class='ocrx_word' id='word_1_425' title='bbox 2739 638 3020 719; x_wconf 84' lang='lat' dir='ltr'>pastoris</span> <span class='ocrx_word' id='word_1_426' title='bbox 3036 688 3052 717; x_wconf 89' lang='lat'>,</span> <span class='ocrx_word' id='word_1_427' title='bbox 3117 639 3256 704; x_wconf 91' lang='lat' dir='ltr'>sive</span> <span class='ocrx_word' id='word_1_428' title='bbox 3299 635 3693 721; x_wconf 88' lang='lat' dir='ltr'>prophetae,</span> <span class='ocrx_word' id='word_1_429' title='bbox 3735 634 3879 700; x_wconf 89' lang='lat' dir='ltr'>sive</span> <span class='ocrx_word' id='word_1_430' title='bbox 3922 633 4308 714; x_wconf 86' lang='lat' dir='ltr'>sacerdotis,</span> <span class='ocrx_word' id='word_1_431' title='bbox 4365 635 4493 701; x_wconf 85' lang='lat' dir='ltr'>nisi</span> 
     </span>
     <span class='ocr_line' id='line_1_62' title="bbox 2552 720 4495 806; baseline 0 -18"><span class='ocrx_word' id='word_1_432' title='bbox 2552 722 2905 789; x_wconf 88' lang='lat' dir='ltr'>coniuncta</span> <span class='ocrx_word' id='word_1_433' title='bbox 2948 724 3035 789; x_wconf 89' lang='lat' dir='ltr'>sit</span> <span class='ocrx_word' id='word_1_434' title='bbox 3086 723 3429 791; x_wconf 88' lang='lat' dir='ltr'>sinceritas</span> <span class='ocrx_word' id='word_1_435' title='bbox 3485 740 3653 806; x_wconf 89' lang='lat' dir='ltr'>quae</span> <span class='ocrx_word' id='word_1_436' title='bbox 3708 721 4029 786; x_wconf 91' lang='lat' dir='ltr'>vocationi</span> <span class='ocrx_word' id='word_1_437' title='bbox 4089 720 4495 805; x_wconf 83' lang='lat' dir='ltr'>respondeat.</span> 
     </span>
     <span class='ocr_line' id='line_1_63' title="bbox 2555 805 4491 889; baseline 0.001 -17"><span class='ocrx_word' id='word_1_438' title='bbox 2555 807 2739 889; x_wconf 81' lang='lat' dir='ltr'>Quos</span> <span class='ocrx_word' id='word_1_439' title='bbox 2805 810 2983 874; x_wconf 91' lang='lat' dir='ltr'>enim</span> <span class='ocrx_word' id='word_1_440' title='bbox 3050 810 3158 876; x_wconf 90' lang='lat' dir='ltr'>hic</span> <span class='ocrx_word' id='word_1_441' title='bbox 3216 810 3400 874; x_wconf 89' lang='lat' dir='ltr'>Deus</span> <span class='ocrx_word' id='word_1_442' title='bbox 3456 808 3526 873; x_wconf 81' lang='lat' dir='ltr'>fu</span> <span class='ocrx_word' id='word_1_443' title='bbox 3575 827 3687 874; x_wconf 86' lang='lat' dir='ltr'>ere</span> <span class='ocrx_word' id='word_1_444' title='bbox 3739 814 3809 871; x_wconf 85' lang='lat' dir='ltr'>et</span> <span class='ocrx_word' id='word_1_445' title='bbox 3862 806 4228 872; x_wconf 83' lang='lat' dir='ltr'>abominari</span> <span class='ocrx_word' id='word_1_446' title='bbox 4268 805 4491 873; x_wconf 77' lang='lat' dir='ltr'>iubet?</span> 
     </span>
     <span class='ocr_line' id='line_1_64' title="bbox 2552 892 4496 979; baseline -0.001 -20"><span class='ocrx_word' id='word_1_447' title='bbox 2552 915 2791 977; x_wconf 87' lang='lat' dir='ltr'>nempe</span> <span class='ocrx_word' id='word_1_448' title='bbox 2835 895 2949 978; x_wconf 91' lang='lat' dir='ltr'>qui</span> <span class='ocrx_word' id='word_1_449' title='bbox 2993 896 3348 979; x_wconf 90' lang='lat' dir='ltr'>prophetas</span> <span class='ocrx_word' id='word_1_450' title='bbox 3403 915 3475 960; x_wconf 92' lang='lat' dir='ltr'>se</span> <span class='ocrx_word' id='word_1_451' title='bbox 3532 894 3897 959; x_wconf 77' lang='lat' dir='ltr'>lactabant:</span> <span class='ocrx_word' id='word_1_452' title='bbox 3956 892 4072 958; x_wconf 92' lang='lat' dir='ltr'>sed</span> <span class='ocrx_word' id='word_1_453' title='bbox 4130 892 4241 957; x_wconf 93' lang='lat' dir='ltr'>ubi</span> <span class='ocrx_word' id='word_1_454' title='bbox 4300 892 4496 976; x_wconf 85' lang='lat' dir='ltr'>probe</span> 
     </span>
     <span class='ocr_line' id='line_1_65' title="bbox 2552 975 4495 1063; baseline 0 -18"><span class='ocrx_word' id='word_1_455' title='bbox 2552 981 2914 1045; x_wconf 88' lang='lat' dir='ltr'>examinati</span> <span class='ocrx_word' id='word_1_456' title='bbox 2957 981 3221 1059; x_wconf 87' lang='lat' dir='ltr'>fuerint,</span> <span class='ocrx_word' id='word_1_457' title='bbox 3258 981 3552 1047; x_wconf 87' lang='lat' dir='ltr'>detracta</span> <span class='ocrx_word' id='word_1_458' title='bbox 3586 979 3773 1045; x_wconf 81' lang='lat' dir='ltr'>larva</span> <span class='ocrx_word' id='word_1_459' title='bbox 3808 979 4160 1061; x_wconf 88' lang='lat' dir='ltr'>pudefient.</span> <span class='ocrx_word' id='word_1_460' title='bbox 4227 975 4495 1063; x_wconf 83' lang='lat' dir='ltr'>Species</span> 
     </span>
     <span class='ocr_line' id='line_1_66' title="bbox 2553 1064 4497 1151; baseline -0.001 -20"><span class='ocrx_word' id='word_1_461' title='bbox 2553 1067 2782 1150; x_wconf 83' lang='lat' dir='ltr'>generi</span> <span class='ocrx_word' id='word_1_462' title='bbox 2848 1067 3218 1133; x_wconf 89' lang='lat' dir='ltr'>subiicitur:</span> <span class='ocrx_word' id='word_1_463' title='bbox 3301 1088 3500 1151; x_wconf 89' lang='lat' dir='ltr'>quum</span> <span class='ocrx_word' id='word_1_464' title='bbox 3572 1065 3748 1130; x_wconf 90' lang='lat' dir='ltr'>idem</span> <span class='ocrx_word' id='word_1_465' title='bbox 3811 1064 3925 1129; x_wconf 91' lang='lat' dir='ltr'>ille</span> <span class='ocrx_word' id='word_1_466' title='bbox 3989 1074 4263 1131; x_wconf 85' lang='lat' dir='ltr'>vocatur</span> <span class='ocrx_word' id='word_1_467' title='bbox 4327 1086 4497 1130; x_wconf 89' lang='lat' dir='ltr'>som·</span> 
     </span>
     <span class='ocr_line' id='line_1_67' title="bbox 2553 1151 4498 1235; baseline 0.001 -19"><span class='ocrx_word' id='word_1_468' title='bbox 2553 1153 2785 1233; x_wconf 88' lang='lat' dir='ltr'>niator,</span> <span class='ocrx_word' id='word_1_469' title='bbox 2832 1154 2985 1235; x_wconf 88' lang='lat' dir='ltr'>quia</span> <span class='ocrx_word' id='word_1_470' title='bbox 3024 1174 3095 1219; x_wconf 92' lang='lat' dir='ltr'>se</span> <span class='ocrx_word' id='word_1_471' title='bbox 3132 1155 3313 1220; x_wconf 88' lang='lat' dir='ltr'>Deus</span> <span class='ocrx_word' id='word_1_472' title='bbox 3350 1151 3508 1217; x_wconf 90' lang='lat' dir='ltr'>olim</span> <span class='ocrx_word' id='word_1_473' title='bbox 3544 1152 3882 1235; x_wconf 88' lang='lat' dir='ltr'>prophetis</span> <span class='ocrx_word' id='word_1_474' title='bbox 3916 1172 4093 1217; x_wconf 91' lang='lat' dir='ltr'>nunc</span> <span class='ocrx_word' id='word_1_475' title='bbox 4135 1171 4256 1234; x_wconf 91' lang='lat' dir='ltr'>per</span> <span class='ocrx_word' id='word_1_476' title='bbox 4299 1152 4498 1218; x_wconf 85' lang='lat' dir='ltr'>visio·</span> 
     </span>
     <span class='ocr_line' id='line_1_68' title="bbox 2555 1236 4497 1322; baseline 0.001 -20"><span class='ocrx_word' id='word_1_477' title='bbox 2555 1259 2692 1317; x_wconf 92' lang='lat' dir='ltr'>nes,</span> <span class='ocrx_word' id='word_1_478' title='bbox 2738 1260 2914 1305; x_wconf 92' lang='lat' dir='ltr'>nunc</span> <span class='ocrx_word' id='word_1_479' title='bbox 2948 1261 3066 1321; x_wconf 91' lang='lat' dir='ltr'>per</span> <span class='ocrx_word' id='word_1_480' title='bbox 3099 1241 3354 1305; x_wconf 91' lang='lat' dir='ltr'>somnia</span> <span class='ocrx_word' id='word_1_481' title='bbox 3387 1238 3711 1321; x_wconf 78' lang='lat' dir='ltr'>patefecit.</span> <span class='ocrx_word' id='word_1_482' title='bbox 3778 1236 4070 1319; x_wconf 86' lang='lat' dir='ltr'>Uterque</span> <span class='ocrx_word' id='word_1_483' title='bbox 4102 1256 4261 1322; x_wconf 92' lang='lat' dir='ltr'>ergo</span> <span class='ocrx_word' id='word_1_484' title='bbox 4295 1236 4497 1304; x_wconf 90' lang='lat' dir='ltr'>hono-</span> 
     </span>
     <span class='ocr_line' id='line_1_69' title="bbox 2553 1322 4503 1408; baseline -0.003 -20"><span class='ocrx_word' id='word_1_485' title='bbox 2553 1325 2776 1391; x_wconf 88' lang='lat' dir='ltr'>rificus</span> <span class='ocrx_word' id='word_1_486' title='bbox 2854 1334 3235 1408; x_wconf 90' lang='lat' dir='ltr'>praetextus</span> <span class='ocrx_word' id='word_1_487' title='bbox 3299 1323 3426 1389; x_wconf 85' lang='lat' dir='ltr'>fuit</span> <span class='ocrx_word' id='word_1_488' title='bbox 3491 1322 3576 1388; x_wconf 91' lang='lat' dir='ltr'>ad</span> <span class='ocrx_word' id='word_1_489' title='bbox 3639 1322 4118 1390; x_wconf 90' lang='lat' dir='ltr'>conciliandum</span> <span class='ocrx_word' id='word_1_490' title='bbox 4181 1324 4503 1390; x_wconf 86' lang='lat' dir='ltr'>favorem..</span> 
     </span>
     <span class='ocr_line' id='line_1_70' title="bbox 2554 1408 4503 1495; baseline 0.001 -20"><span class='ocrx_word' id='word_1_491' title='bbox 2554 1410 2844 1476; x_wconf 84' lang='lat' dir='ltr'>Gravior</span> <span class='ocrx_word' id='word_1_492' title='bbox 2868 1422 3086 1478; x_wconf 90' lang='lat' dir='ltr'>tamen</span> <span class='ocrx_word' id='word_1_493' title='bbox 3109 1431 3276 1495; x_wconf 92' lang='lat' dir='ltr'>quae</span> <span class='ocrx_word' id='word_1_494' title='bbox 3298 1410 3596 1493; x_wconf 88' lang='lat' dir='ltr'>sequitur</span> <span class='ocrx_word' id='word_1_495' title='bbox 3629 1409 3930 1488; x_wconf 90' lang='lat' dir='ltr'>tentatio,</span> <span class='ocrx_word' id='word_1_496' title='bbox 3968 1409 4025 1475; x_wconf 88' lang='lat' dir='ltr'>si</span> <span class='ocrx_word' id='word_1_497' title='bbox 4060 1408 4503 1493; x_wconf 89' lang='lat' dir='ltr'>praedictione</span> 
     </span>
     <span class='ocr_line' id='line_1_71' title="bbox 2554 1494 4498 1579; baseline -0.001 -17"><span class='ocrx_word' id='word_1_498' title='bbox 2554 1496 2771 1579; x_wconf 90' lang='lat' dir='ltr'>aliqua</span> <span class='ocrx_word' id='word_1_499' title='bbox 2829 1518 2901 1563; x_wconf 92' lang='lat' dir='ltr'>se</span> <span class='ocrx_word' id='word_1_500' title='bbox 2957 1497 3531 1562; x_wconf 85' lang='lat' dir='ltr'>commendaverit.</span> <span class='ocrx_word' id='word_1_501' title='bbox 3632 1494 3804 1577; x_wconf 75' lang='lat' dir='ltr'>Quis</span> <span class='ocrx_word' id='word_1_502' title='bbox 3869 1495 4046 1561; x_wconf 89' lang='lat' dir='ltr'>enim</span> <span class='ocrx_word' id='word_1_503' title='bbox 4118 1495 4498 1561; x_wconf 83' lang='lat' dir='ltr'>vaticinium</span> 
     </span>
     <span class='ocr_line' id='line_1_72' title="bbox 2553 1580 4503 1666; baseline -0.001 -18"><span class='ocrx_word' id='word_1_504' title='bbox 2553 1592 2799 1648; x_wconf 91' lang='lat' dir='ltr'>eventu</span> <span class='ocrx_word' id='word_1_505' title='bbox 2864 1582 3210 1666; x_wconf 89' lang='lat' dir='ltr'>probatum</span> <span class='ocrx_word' id='word_1_506' title='bbox 3276 1580 3771 1649; x_wconf 83' lang='lat' dir='ltr'>contemneret?</span> <span class='ocrx_word' id='word_1_507' title='bbox 3851 1582 4236 1664; x_wconf 89' lang='lat' dir='ltr'>praesertim</span> <span class='ocrx_word' id='word_1_508' title='bbox 4301 1602 4503 1666; x_wconf 90' lang='lat' dir='ltr'>quum</span> 
     </span>
     <span class='ocr_line' id='line_1_73' title="bbox 2553 1666 4503 1752; baseline 0 -19"><span class='ocrx_word' id='word_1_509' title='bbox 2553 1670 2944 1752; x_wconf 88' lang='lat' dir='ltr'>pronunciet</span> <span class='ocrx_word' id='word_1_510' title='bbox 2977 1669 3185 1735; x_wconf 91' lang='lat' dir='ltr'>Isaias</span> <span class='ocrx_word' id='word_1_511' title='bbox 3219 1668 3325 1739; x_wconf 81' lang='lat'>41.</span> <span class='ocrx_word' id='word_1_512' title='bbox 3362 1668 3444 1732; x_wconf 90' lang='grc'>21</span> <span class='ocrx_word' id='word_1_513' title='bbox 3485 1668 3598 1733; x_wconf 90' lang='lat' dir='ltr'>uni</span> <span class='ocrx_word' id='word_1_514' title='bbox 3634 1666 3756 1732; x_wconf 92' lang='lat' dir='ltr'>hoc</span> <span class='ocrx_word' id='word_1_515' title='bbox 3788 1667 3932 1731; x_wconf 93' lang='lat' dir='ltr'>Deo</span> <span class='ocrx_word' id='word_1_516' title='bbox 3966 1687 4109 1732; x_wconf 90' lang='lat' dir='ltr'>esse</span> <span class='ocrx_word' id='word_1_517' title='bbox 4143 1669 4503 1751; x_wconf 90' lang='lat' dir='ltr'>proprium.</span> 
     </span>
     <span class='ocr_line' id='line_1_74' title="bbox 2555 1751 4506 1839; baseline 0.001 -21"><span class='ocrx_word' id='word_1_518' title='bbox 2555 1757 2857 1839; x_wconf 81' lang='lat' dir='ltr'>Augetur</span> <span class='ocrx_word' id='word_1_519' title='bbox 2911 1756 3107 1819; x_wconf 90' lang='lat' dir='ltr'>etiam</span> <span class='ocrx_word' id='word_1_520' title='bbox 3154 1756 3365 1839; x_wconf 88' lang='lat' dir='ltr'>magis</span> <span class='ocrx_word' id='word_1_521' title='bbox 3414 1753 3764 1838; x_wconf 90' lang='lat' dir='ltr'>pubitatio,</span> <span class='ocrx_word' id='word_1_522' title='bbox 3822 1752 3992 1836; x_wconf 91' lang='lat' dir='ltr'>quod</span> <span class='ocrx_word' id='word_1_523' title='bbox 4035 1751 4222 1819; x_wconf 90' lang='lat' dir='ltr'>Deus</span> <span class='ocrx_word' id='word_1_524' title='bbox 4278 1765 4506 1837; x_wconf 83' lang='lat' dir='ltr'>postea</span> 
     </span>
     <span class='ocr_line' id='line_1_75' title="bbox 2557 1839 4505 1925; baseline 0.001 -21"><span class='ocrx_word' id='word_1_525' title='bbox 2557 1841 2657 1907; x_wconf 89' lang='grc'>18.</span> <span class='ocrx_word' id='word_1_526' title='bbox 2715 1841 2926 1922; x_wconf 87' lang='lat' dir='ltr'>capite</span> <span class='ocrx_word' id='word_1_527' title='bbox 2990 1841 3114 1908; x_wconf 92' lang='lat' dir='ltr'>hoc</span> <span class='ocrx_word' id='word_1_528' title='bbox 3177 1840 3476 1925; x_wconf 83' lang='lat' dir='ltr'>symbolo</span> <span class='ocrx_word' id='word_1_529' title='bbox 3543 1839 3915 1905; x_wconf 88' lang='lat' dir='ltr'>discernere</span> <span class='ocrx_word' id='word_1_530' title='bbox 3982 1839 4246 1904; x_wconf 85' lang='lat' dir='ltr'>videtur</span> <span class='ocrx_word' id='word_1_531' title='bbox 4314 1859 4505 1906; x_wconf 88' lang='lat' dir='ltr'>veros</span> 
     </span>
     <span class='ocr_line' id='line_1_76' title="bbox 2552 1923 4505 2010; baseline 0.001 -20"><span class='ocrx_word' id='word_1_532' title='bbox 2552 1926 2906 2010; x_wconf 87' lang='lat' dir='ltr'>prophetas</span> <span class='ocrx_word' id='word_1_533' title='bbox 2957 1947 2997 1991; x_wconf 91' lang='lat' dir='ltr'>a</span> <span class='ocrx_word' id='word_1_534' title='bbox 3059 1927 3261 1992; x_wconf 86' lang='lat' dir='ltr'>falsis.</span> <span class='ocrx_word' id='word_1_535' title='bbox 3372 1926 3800 2008; x_wconf 88' lang='lat' dir='ltr'>Respondeo,</span> <span class='ocrx_word' id='word_1_536' title='bbox 3864 1923 4058 2006; x_wconf 75' lang='lat' dir='ltr'>Quod</span> <span class='ocrx_word' id='word_1_537' title='bbox 4123 1925 4247 1991; x_wconf 89' lang='lat' dir='ltr'>sibi</span> <span class='ocrx_word' id='word_1_538' title='bbox 4318 1924 4505 1992; x_wconf 89' lang='lat' dir='ltr'>Deus</span> 
     </span>
     <span class='ocr_line' id='line_1_77' title="bbox 2553 2009 4505 2098; baseline 0 -21"><span class='ocrx_word' id='word_1_539' title='bbox 2553 2011 2862 2077; x_wconf 84' lang='lat' dir='ltr'>vendicat</span> <span class='ocrx_word' id='word_1_540' title='bbox 2905 2012 3370 2095; x_wconf 86' lang='lat' dir='ltr'>praedictionis</span> <span class='ocrx_word' id='word_1_541' title='bbox 3420 2012 3731 2098; x_wconf 85' lang='lat' dir='ltr'>gloriam,</span> <span class='ocrx_word' id='word_1_542' title='bbox 3790 2009 3855 2076; x_wconf 91' lang='lat' dir='ltr'>id</span> <span class='ocrx_word' id='word_1_543' title='bbox 3912 2012 4183 2076; x_wconf 90' lang='lat' dir='ltr'>minime</span> <span class='ocrx_word' id='word_1_544' title='bbox 4238 2011 4505 2077; x_wconf 89' lang='lat' dir='ltr'>obstare</span> 
     </span>
     <span class='ocr_line' id='line_1_78' title="bbox 2553 2097 4506 2182; baseline 0 -20"><span class='ocrx_word' id='word_1_545' title='bbox 2553 2100 2711 2182; x_wconf 90' lang='lat' dir='ltr'>quin</span> <span class='ocrx_word' id='word_1_546' title='bbox 2752 2098 3083 2163; x_wconf 92' lang='lat' dir='ltr'>interdum</span> <span class='ocrx_word' id='word_1_547' title='bbox 3109 2097 3397 2166; x_wconf 87' lang='lat' dir='ltr'>Satanae</span> <span class='ocrx_word' id='word_1_548' title='bbox 3440 2118 3694 2182; x_wconf 90' lang='lat' dir='ltr'>quoque</span> <span class='ocrx_word' id='word_1_549' title='bbox 3736 2098 4056 2162; x_wconf 89' lang='lat' dir='ltr'>ministris</span> <span class='ocrx_word' id='word_1_550' title='bbox 4101 2097 4506 2164; x_wconf 87' lang='lat' dir='ltr'>vaticinandi</span> 
     </span>
     <span class='ocr_line' id='line_1_79' title="bbox 2553 2183 4507 2267; baseline 0.002 -19"><span class='ocrx_word' id='word_1_551' title='bbox 2553 2205 2795 2250; x_wconf 89' lang='lat' dir='ltr'>munus</span> <span class='ocrx_word' id='word_1_552' title='bbox 2857 2185 2929 2249; x_wconf 92' lang='lat' dir='ltr'>in</span> <span class='ocrx_word' id='word_1_553' title='bbox 3004 2206 3075 2251; x_wconf 91' lang='lat' dir='ltr'>re</span> <span class='ocrx_word' id='word_1_554' title='bbox 3152 2184 3369 2267; x_wconf 88' lang='lat' dir='ltr'>aliqua</span> <span class='ocrx_word' id='word_1_555' title='bbox 3447 2183 3779 2249; x_wconf 87' lang='lat' dir='ltr'>concedat.</span> <span class='ocrx_word' id='word_1_556' title='bbox 3891 2184 4194 2248; x_wconf 89' lang='lat' dir='ltr'>Deterior</span> <span class='ocrx_word' id='word_1_557' title='bbox 4270 2185 4507 2267; x_wconf 83' lang='lat' dir='ltr'>quovis</span> 
     </span>
     <span class='ocr_line' id='line_1_80' title="bbox 2550 2268 4513 2354; baseline 0 -19"><span class='ocrx_word' id='word_1_558' title='bbox 2550 2272 2953 2336; x_wconf 87' lang='lat' dir='ltr'>mercenario</span> <span class='ocrx_word' id='word_1_559' title='bbox 2996 2290 3318 2354; x_wconf 88' lang='lat' dir='ltr'>praecone</span> <span class='ocrx_word' id='word_1_560' title='bbox 3361 2269 3488 2335; x_wconf 83' lang='lat' dir='ltr'>fuit</span> <span class='ocrx_word' id='word_1_561' title='bbox 3531 2268 3839 2348; x_wconf 89' lang='lat' dir='ltr'>Balaam,</span> <span class='ocrx_word' id='word_1_562' title='bbox 3896 2269 4012 2352; x_wconf 91' lang='lat' dir='ltr'>qui</span> <span class='ocrx_word' id='word_1_563' title='bbox 4058 2279 4331 2335; x_wconf 88' lang='lat' dir='ltr'>aeterna</span> <span class='ocrx_word' id='word_1_564' title='bbox 4377 2268 4513 2336; x_wconf 78' lang='lat' dir='ltr'>Dei</span> 
     </span>
     <span class='ocr_line' id='line_1_81' title="bbox 2554 2354 4507 2441; baseline 0.001 -21"><span class='ocrx_word' id='word_1_565' title='bbox 2554 2356 2815 2421; x_wconf 90' lang='lat' dir='ltr'>decreta</span> <span class='ocrx_word' id='word_1_566' title='bbox 2877 2366 3174 2422; x_wconf 90' lang='lat' dir='ltr'>evertere</span> <span class='ocrx_word' id='word_1_567' title='bbox 3240 2363 3560 2439; x_wconf 90' lang='lat' dir='ltr'>optasset:</span> <span class='ocrx_word' id='word_1_568' title='bbox 3640 2356 3829 2422; x_wconf 91' lang='lat' dir='ltr'>cuius</span> <span class='ocrx_word' id='word_1_569' title='bbox 3906 2364 4123 2420; x_wconf 90' lang='lat' dir='ltr'>tamen</span> <span class='ocrx_word' id='word_1_570' title='bbox 4204 2354 4507 2441; x_wconf 86' lang='lat' dir='ltr'>linguam</span> 
     </span>
     <span class='ocr_line' id='line_1_82' title="bbox 2555 2440 4510 2526; baseline 0 -19"><span class='ocrx_word' id='word_1_571' title='bbox 2555 2442 2780 2508; x_wconf 92' lang='lat' dir='ltr'>divino</span> <span class='ocrx_word' id='word_1_572' title='bbox 2824 2444 3098 2526; x_wconf 88' lang='lat' dir='ltr'>spiritus</span> <span class='ocrx_word' id='word_1_573' title='bbox 3140 2444 3460 2509; x_wconf 87' lang='lat' dir='ltr'>instinctu</span> <span class='ocrx_word' id='word_1_574' title='bbox 3505 2441 3817 2508; x_wconf 87' lang='lat' dir='ltr'>directam</span> <span class='ocrx_word' id='word_1_575' title='bbox 3863 2440 4067 2507; x_wconf 78' lang='lat' dir='ltr'>fuisse</span> <span class='ocrx_word' id='word_1_576' title='bbox 4111 2442 4390 2523; x_wconf 89' lang='lat' dir='ltr'>scimus,</span> <span class='ocrx_word' id='word_1_577' title='bbox 4437 2452 4510 2507; x_wconf 90' lang='lat' dir='ltr'>ut</span> 
     </span>
     <span class='ocr_line' id='line_1_83' title="bbox 2553 2526 4506 2613; baseline 0.001 -21"><span class='ocrx_word' id='word_1_578' title='bbox 2553 2527 2694 2594; x_wconf 88' lang='lat' dir='ltr'>eius</span> <span class='ocrx_word' id='word_1_579' title='bbox 2740 2530 2989 2613; x_wconf 90' lang='lat' dir='ltr'>gratiae</span> <span class='ocrx_word' id='word_1_580' title='bbox 3044 2537 3219 2595; x_wconf 90' lang='lat' dir='ltr'>esset</span> <span class='ocrx_word' id='word_1_581' title='bbox 3269 2548 3502 2610; x_wconf 89' lang='lat' dir='ltr'>praeco</span> <span class='ocrx_word' id='word_1_582' title='bbox 3559 2526 3643 2592; x_wconf 86' lang='lat' dir='ltr'>ad</span> <span class='ocrx_word' id='word_1_583' title='bbox 3699 2548 3894 2610; x_wconf 91' lang='lat' dir='ltr'>quam</span> <span class='ocrx_word' id='word_1_584' title='bbox 3954 2528 4506 2611; x_wconf 88' lang='lat' dir='ltr'>exstinguendam</span> 
     </span>
     <span class='ocr_line' id='line_1_84' title="bbox 2555 2613 4504 2699; baseline 0 -19"><span class='ocrx_word' id='word_1_585' title='bbox 2555 2613 2915 2681; x_wconf 89' lang='lat' dir='ltr'>conductus</span> <span class='ocrx_word' id='word_1_586' title='bbox 2951 2615 3182 2680; x_wconf 85' lang='lat' dir='ltr'>fuerat.</span> <span class='ocrx_word' id='word_1_587' title='bbox 3251 2614 3434 2680; x_wconf 91' lang='lat' dir='ltr'>Haec</span> <span class='ocrx_word' id='word_1_588' title='bbox 3469 2614 3676 2699; x_wconf 90' lang='lat' dir='ltr'>igitur</span> <span class='ocrx_word' id='word_1_589' title='bbox 3710 2614 3888 2678; x_wconf 90' lang='lat' dir='ltr'>iuter</span> <span class='ocrx_word' id='word_1_590' title='bbox 3921 2635 3992 2679; x_wconf 91' lang='lat' dir='ltr'>se</span> <span class='ocrx_word' id='word_1_591' title='bbox 4029 2634 4159 2679; x_wconf 93' lang='lat' dir='ltr'>non</span> <span class='ocrx_word' id='word_1_592' title='bbox 4184 2624 4504 2698; x_wconf 89' lang='lat' dir='ltr'>pugnant,</span> 
     </span>
     <span class='ocr_line' id='line_1_85' title="bbox 2557 2700 4513 2785; baseline 0.001 -20"><span class='ocrx_word' id='word_1_593' title='bbox 2557 2701 2836 2783; x_wconf 91' lang='lat' dir='ltr'>aliquem</span> <span class='ocrx_word' id='word_1_594' title='bbox 2885 2722 3025 2766; x_wconf 90' lang='lat' dir='ltr'>esse</span> <span class='ocrx_word' id='word_1_595' title='bbox 3068 2700 3391 2785; x_wconf 87' lang='lat' dir='ltr'>perfidum</span> <span class='ocrx_word' id='word_1_596' title='bbox 3435 2700 3877 2783; x_wconf 87' lang='lat' dir='ltr'>impostorem,</span> <span class='ocrx_word' id='word_1_597' title='bbox 3923 2710 3990 2764; x_wconf 90' lang='lat' dir='ltr'>et</span> <span class='ocrx_word' id='word_1_598' title='bbox 4034 2707 4253 2764; x_wconf 88' lang='lat' dir='ltr'>tamen</span> <span class='ocrx_word' id='word_1_599' title='bbox 4301 2702 4513 2784; x_wconf 88' lang='lat' dir='ltr'>parti-</span> 
     </span>
     <span class='ocr_line' id='line_1_86' title="bbox 2555 2785 4507 2868; baseline -0.001 -14"><span class='ocrx_word' id='word_1_600' title='bbox 2555 2787 2760 2854; x_wconf 89' lang='lat' dir='ltr'>culari</span> <span class='ocrx_word' id='word_1_601' title='bbox 2805 2785 3209 2852; x_wconf 86' lang='lat' dir='ltr'>vaticinandi</span> <span class='ocrx_word' id='word_1_602' title='bbox 3254 2786 3421 2852; x_wconf 92' lang='lat' dir='ltr'>dono</span> <span class='ocrx_word' id='word_1_603' title='bbox 3465 2785 3661 2850; x_wconf 90' lang='lat' dir='ltr'>simul</span> <span class='ocrx_word' id='word_1_604' title='bbox 3706 2806 3849 2852; x_wconf 90' lang='lat' dir='ltr'>esse</span> <span class='ocrx_word' id='word_1_605' title='bbox 3903 2785 4303 2868; x_wconf 85' lang='lat' dir='ltr'>praeditum:</span> <span class='ocrx_word' id='word_1_606' title='bbox 4375 2808 4507 2852; x_wconf 91' lang='lat' dir='ltr'>non</span> 
     </span>
     <span class='ocr_line' id='line_1_87' title="bbox 2558 2869 4509 2958; baseline -0.001 -20"><span class='ocrx_word' id='word_1_607' title='bbox 2558 2881 2631 2938; x_wconf 92' lang='lat' dir='ltr'>ut</span> <span class='ocrx_word' id='word_1_608' title='bbox 2674 2893 2932 2956; x_wconf 89' lang='lat' dir='ltr'>semper</span> <span class='ocrx_word' id='word_1_609' title='bbox 2966 2892 3125 2938; x_wconf 86' lang='lat' dir='ltr'>vera</span> <span class='ocrx_word' id='word_1_610' title='bbox 3160 2871 3424 2938; x_wconf 89' lang='lat' dir='ltr'>oracula</span> <span class='ocrx_word' id='word_1_611' title='bbox 3460 2872 3747 2955; x_wconf 84' lang='lat' dir='ltr'>proferat</span> <span class='ocrx_word' id='word_1_612' title='bbox 3780 2869 3980 2958; x_wconf 88' lang='lat' dir='ltr'>(sicut</span> <span class='ocrx_word' id='word_1_613' title='bbox 4011 2891 4134 2938; x_wconf 89' lang='lat' dir='ltr'>nec</span> <span class='ocrx_word' id='word_1_614' title='bbox 4157 2871 4509 2956; x_wconf 87' lang='lat' dir='ltr'>Oaiaphas,</span> 
     </span>
     <span class='ocr_line' id='line_1_88' title="bbox 2557 2956 4508 3044; baseline 0.002 -22"><span class='ocrx_word' id='word_1_615' title='bbox 2557 2959 2664 3041; x_wconf 89' lang='lat' dir='ltr'>qui</span> <span class='ocrx_word' id='word_1_616' title='bbox 2734 2959 2937 3024; x_wconf 90' lang='lat' dir='ltr'>semel</span> <span class='ocrx_word' id='word_1_617' title='bbox 3001 2958 3449 3043; x_wconf 88' lang='lat' dir='ltr'>prophetavit,</span> <span class='ocrx_word' id='word_1_618' title='bbox 3522 2968 3838 3043; x_wconf 87' lang='lat' dir='ltr'>perpetuo</span> <span class='ocrx_word' id='word_1_619' title='bbox 3900 2957 4026 3022; x_wconf 85' lang='lat' dir='ltr'>fuit</span> <span class='ocrx_word' id='word_1_620' title='bbox 4094 2956 4326 3044; x_wconf 87' lang='lat' dir='ltr'>verax)</span> <span class='ocrx_word' id='word_1_621' title='bbox 4392 2958 4508 3025; x_wconf 90' lang='lat' dir='ltr'>sed</span> 
     </span>
     <span class='ocr_line' id='line_1_89' title="bbox 2558 3042 4511 3129; baseline 0.001 -19"><span class='ocrx_word' id='word_1_622' title='bbox 2558 3051 2880 3129; x_wconf 90' lang='lat' dir='ltr'>quatenus</span> <span class='ocrx_word' id='word_1_623' title='bbox 2940 3045 3068 3111; x_wconf 90' lang='lat' dir='ltr'>Dei</span> <span class='ocrx_word' id='word_1_624' title='bbox 3120 3045 3443 3129; x_wconf 88' lang='lat' dir='ltr'>permissu</span> <span class='ocrx_word' id='word_1_625' title='bbox 3503 3044 3627 3111; x_wconf 92' lang='lat' dir='ltr'>hoc</span> <span class='ocrx_word' id='word_1_626' title='bbox 3680 3044 3787 3109; x_wconf 89' lang='lat' dir='ltr'>vel</span> <span class='ocrx_word' id='word_1_627' title='bbox 3843 3042 4009 3108; x_wconf 91' lang='lat' dir='ltr'>illud</span> <span class='ocrx_word' id='word_1_628' title='bbox 4075 3063 4511 3128; x_wconf 83' lang='lat' dir='ltr'>praenoscere</span> 
     </span>
     <span class='ocr_line' id='line_1_90' title="bbox 2557 3130 4505 3214; baseline 0.001 -17"><span class='ocrx_word' id='word_1_629' title='bbox 2557 3131 2836 3212; x_wconf 88' lang='lat' dir='ltr'>dabitur,</span> <span class='ocrx_word' id='word_1_630' title='bbox 2878 3141 2955 3197; x_wconf 93' lang='lat' dir='ltr'>ut</span> <span class='ocrx_word' id='word_1_631' title='bbox 2996 3132 3249 3214; x_wconf 89' lang='lat' dir='ltr'>species</span> <span class='ocrx_word' id='word_1_632' title='bbox 3292 3152 3427 3195; x_wconf 87' lang='lat' dir='ltr'>una</span> <span class='ocrx_word' id='word_1_633' title='bbox 3469 3130 3770 3197; x_wconf 87' lang='lat' dir='ltr'>veritatis</span> <span class='ocrx_word' id='word_1_634' title='bbox 3803 3130 4158 3195; x_wconf 91' lang='lat' dir='ltr'>multorum</span> <span class='ocrx_word' id='word_1_635' title='bbox 4206 3151 4505 3197; x_wconf 87' lang='lat' dir='ltr'>errorum</span> 
     </span>
     <span class='ocr_line' id='line_1_91' title="bbox 2556 3217 4507 3302; baseline 0.001 -20"><span class='ocrx_word' id='word_1_636' title='bbox 2556 3219 2642 3283; x_wconf 91' lang='lat' dir='ltr'>sit</span> <span class='ocrx_word' id='word_1_637' title='bbox 2706 3220 3255 3302; x_wconf 87' lang='lat' dir='ltr'>integumentum.</span> <span class='ocrx_word' id='word_1_638' title='bbox 3346 3217 3554 3282; x_wconf 88' lang='lat' dir='ltr'>Recte</span> <span class='ocrx_word' id='word_1_639' title='bbox 3610 3227 3832 3281; x_wconf 88' lang='lat' dir='ltr'>tamen</span> <span class='ocrx_word' id='word_1_640' title='bbox 3878 3223 3946 3280; x_wconf 92' lang='lat' dir='ltr'>et</span> <span class='ocrx_word' id='word_1_641' title='bbox 3989 3227 4141 3298; x_wconf 87' lang='lat' dir='ltr'>apte</span> <span class='ocrx_word' id='word_1_642' title='bbox 4185 3217 4344 3283; x_wconf 91' lang='lat' dir='ltr'>alibi</span> <span class='ocrx_word' id='word_1_643' title='bbox 4389 3239 4507 3301; x_wconf 90' lang='lat' dir='ltr'>per</span> 
     </span>
     <span class='ocr_line' id='line_1_92' title="bbox 2557 3302 4505 3387; baseline 0.001 -18"><span class='ocrx_word' id='word_1_644' title='bbox 2557 3303 2790 3369; x_wconf 89' lang='lat' dir='ltr'>Mosen</span> <span class='ocrx_word' id='word_1_645' title='bbox 2839 3305 3020 3368; x_wconf 87' lang='lat' dir='ltr'>Deus</span> <span class='ocrx_word' id='word_1_646' title='bbox 3062 3303 3359 3387; x_wconf 88' lang='lat' dir='ltr'>coarguit</span> <span class='ocrx_word' id='word_1_647' title='bbox 3408 3302 3721 3368; x_wconf 86' lang='lat' dir='ltr'>vanitatis</span> <span class='ocrx_word' id='word_1_648' title='bbox 3781 3304 4160 3368; x_wconf 79' lang='lat' dir='ltr'>temerarios</span> <span class='ocrx_word' id='word_1_649' title='bbox 4212 3303 4505 3386; x_wconf 89' lang='lat' dir='ltr'>spiritus,</span> 
     </span>
     <span class='ocr_line' id='line_1_93' title="bbox 2557 3386 4506 3473; baseline 0.001 -19"><span class='ocrx_word' id='word_1_650' title='bbox 2557 3390 2672 3472; x_wconf 91' lang='lat' dir='ltr'>qui</span> <span class='ocrx_word' id='word_1_651' title='bbox 2735 3390 3131 3473; x_wconf 87' lang='lat' dir='ltr'>promittunt</span> <span class='ocrx_word' id='word_1_652' title='bbox 3193 3387 3368 3472; x_wconf 90' lang='lat' dir='ltr'>quod</span> <span class='ocrx_word' id='word_1_653' title='bbox 3426 3410 3556 3454; x_wconf 89' lang='lat' dir='ltr'>non</span> <span class='ocrx_word' id='word_1_654' title='bbox 3616 3387 3945 3471; x_wconf 90' lang='lat' dir='ltr'>impletur.</span> <span class='ocrx_word' id='word_1_655' title='bbox 4049 3386 4506 3472; x_wconf 80' lang='lat' dir='ltr'>Spectandum</span> 
     </span>
     <span class='ocr_line' id='line_1_94' title="bbox 2557 3474 4507 3542; baseline 0.001 -2"><span class='ocrx_word' id='word_1_656' title='bbox 2557 3487 2656 3540; x_wconf 91' lang='lat' dir='ltr'>est</span> <span class='ocrx_word' id='word_1_657' title='bbox 2702 3477 2879 3540; x_wconf 92' lang='lat' dir='ltr'>enim</span> <span class='ocrx_word' id='word_1_658' title='bbox 2924 3475 3066 3540; x_wconf 90' lang='lat' dir='ltr'>eius</span> <span class='ocrx_word' id='word_1_659' title='bbox 3110 3474 3476 3540; x_wconf 89' lang='lat' dir='ltr'>consilium.</span> <span class='ocrx_word' id='word_1_660' title='bbox 3568 3474 3766 3540; x_wconf 85' lang='lat' dir='ltr'>Multi</span> <span class='ocrx_word' id='word_1_661' title='bbox 3811 3495 3883 3540; x_wconf 91' lang='lat' dir='ltr'>se</span> <span class='ocrx_word' id='word_1_662' title='bbox 3938 3474 4279 3540; x_wconf 91' lang='lat' dir='ltr'>insinuant</span> <span class='ocrx_word' id='word_1_663' title='bbox 4324 3475 4507 3542; x_wconf 90' lang='lat' dir='ltr'>clan-</span> 
     </span>
     <span class='ocr_line' id='line_1_95' title="bbox 2556 3559 4509 3645; baseline 0.001 -20"><span class='ocrx_word' id='word_1_664' title='bbox 2556 3560 2833 3627; x_wconf 89' lang='lat' dir='ltr'>destinis</span> <span class='ocrx_word' id='word_1_665' title='bbox 2898 3560 3180 3639; x_wconf 89' lang='lat' dir='ltr'>artibus,</span> <span class='ocrx_word' id='word_1_666' title='bbox 3246 3571 3314 3625; x_wconf 91' lang='lat' dir='ltr'>et</span> <span class='ocrx_word' id='word_1_667' title='bbox 3378 3559 3645 3626; x_wconf 90' lang='lat' dir='ltr'>tandem</span> <span class='ocrx_word' id='word_1_668' title='bbox 3705 3559 4016 3625; x_wconf 89' lang='lat' dir='ltr'>audacter</span> <span class='ocrx_word' id='word_1_669' title='bbox 4064 3572 4509 3645; x_wconf 87' lang='lat' dir='ltr'>prorumpunt</span> 
     </span>
     <span class='ocr_line' id='line_1_96' title="bbox 2555 3646 4506 3733; baseline 0.001 -21"><span class='ocrx_word' id='word_1_670' title='bbox 2555 3648 2667 3730; x_wconf 90' lang='lat' dir='ltr'>qui</span> <span class='ocrx_word' id='word_1_671' title='bbox 2712 3648 3082 3732; x_wconf 90' lang='lat' dir='ltr'>gloriantur</span> <span class='ocrx_word' id='word_1_672' title='bbox 3137 3668 3209 3712; x_wconf 90' lang='lat' dir='ltr'>se</span> <span class='ocrx_word' id='word_1_673' title='bbox 3265 3647 3622 3731; x_wconf 91' lang='lat' dir='ltr'>prophetas</span> <span class='ocrx_word' id='word_1_674' title='bbox 3680 3666 3851 3712; x_wconf 89' lang='lat' dir='ltr'>esse:</span> <span class='ocrx_word' id='word_1_675' title='bbox 3911 3646 4171 3713; x_wconf 91' lang='lat' dir='ltr'>dubitat</span> <span class='ocrx_word' id='word_1_676' title='bbox 4222 3648 4506 3733; x_wconf 88' lang='lat' dir='ltr'>populus</span> 
     </span>
     <span class='ocr_line' id='line_1_97' title="bbox 2553 3731 4505 3816; baseline 0.002 -19"><span class='ocrx_word' id='word_1_677' title='bbox 2553 3753 2639 3797; x_wconf 91' lang='lat' dir='ltr'>an</span> <span class='ocrx_word' id='word_1_678' title='bbox 2683 3754 2794 3798; x_wconf 91' lang='lat' dir='ltr'>eos</span> <span class='ocrx_word' id='word_1_679' title='bbox 2837 3732 3182 3798; x_wconf 89' lang='lat' dir='ltr'>admittere</span> <span class='ocrx_word' id='word_1_680' title='bbox 3225 3732 3474 3798; x_wconf 89' lang='lat' dir='ltr'>debeat.</span> <span class='ocrx_word' id='word_1_681' title='bbox 3564 3731 3743 3814; x_wconf 75' lang='lat' dir='ltr'>Quia</span> <span class='ocrx_word' id='word_1_682' title='bbox 3800 3753 3961 3797; x_wconf 86' lang='lat' dir='ltr'>vero</span> <span class='ocrx_word' id='word_1_683' title='bbox 4020 3741 4098 3796; x_wconf 93' lang='lat' dir='ltr'>ut</span> <span class='ocrx_word' id='word_1_684' title='bbox 4138 3732 4505 3816; x_wconf 90' lang='lat' dir='ltr'>plurimum</span> 
     </span>
     <span class='ocr_line' id='line_1_98' title="bbox 2553 3817 4505 3901; baseline 0 -17"><span class='ocrx_word' id='word_1_685' title='bbox 2553 3817 2880 3901; x_wconf 86' lang='lat' dir='ltr'>contingit</span> <span class='ocrx_word' id='word_1_686' title='bbox 2936 3819 3166 3884; x_wconf 91' lang='lat' dir='ltr'>talium</span> <span class='ocrx_word' id='word_1_687' title='bbox 3221 3818 3562 3883; x_wconf 89' lang='lat' dir='ltr'>hominum</span> <span class='ocrx_word' id='word_1_688' title='bbox 3620 3818 3969 3883; x_wconf 89' lang='lat' dir='ltr'>stultitiam</span> <span class='ocrx_word' id='word_1_689' title='bbox 4029 3818 4353 3885; x_wconf 83' lang='lat' dir='ltr'>divinitus</span> <span class='ocrx_word' id='word_1_690' title='bbox 4404 3821 4505 3884; x_wconf 91' lang='lat' dir='ltr'>in·</span> 
     </span>
     <span class='ocr_line' id='line_1_99' title="bbox 2551 3903 4506 3992; baseline 0.002 -23"><span class='ocrx_word' id='word_1_691' title='bbox 2551 3906 2751 3969; x_wconf 85' lang='lat' dir='ltr'>famia</span> <span class='ocrx_word' id='word_1_692' title='bbox 2778 3903 2826 3992; x_wconf 91' lang='lat'>¹)</span> <span class='ocrx_word' id='word_1_693' title='bbox 2889 3913 2956 3970; x_wconf 90' lang='lat' dir='ltr'>et</span> <span class='ocrx_word' id='word_1_694' title='bbox 3020 3904 3337 3970; x_wconf 91' lang='lat' dir='ltr'>dedecore</span> <span class='ocrx_word' id='word_1_695' title='bbox 3417 3904 3666 3982; x_wconf 89' lang='lat' dir='ltr'>notari,</span> <span class='ocrx_word' id='word_1_696' title='bbox 3747 3904 3903 3969; x_wconf 91' lang='lat' dir='ltr'>dum</span> <span class='ocrx_word' id='word_1_697' title='bbox 3970 3904 4152 3969; x_wconf 78' lang='lat' dir='ltr'>videt</span> <span class='ocrx_word' id='word_1_698' title='bbox 4214 3904 4506 3972; x_wconf 83' lang='lat' dir='ltr'>mundus</span> 
     </span>
     <span class='ocr_line' id='line_1_100' title="bbox 2553 3990 4504 4073; baseline 0.001 -17"><span class='ocrx_word' id='word_1_699' title='bbox 2553 3991 2830 4056; x_wconf 85' lang='lat' dir='ltr'>futiliter</span> <span class='ocrx_word' id='word_1_700' title='bbox 2888 3990 3188 4073; x_wconf 89' lang='lat' dir='ltr'>loquutos</span> <span class='ocrx_word' id='word_1_701' title='bbox 3244 4011 3415 4056; x_wconf 88' lang='lat' dir='ltr'>esse:</span> <span class='ocrx_word' id='word_1_702' title='bbox 3478 3990 3714 4056; x_wconf 89' lang='lat' dir='ltr'>merito</span> <span class='ocrx_word' id='word_1_703' title='bbox 3758 3990 4115 4073; x_wconf 89' lang='lat' dir='ltr'>respondet</span> <span class='ocrx_word' id='word_1_704' title='bbox 4155 3990 4346 4056; x_wconf 89' lang='lat' dir='ltr'>Deus</span> <span class='ocrx_word' id='word_1_705' title='bbox 4390 4014 4504 4057; x_wconf 89' lang='lat' dir='ltr'>ex-</span> 
     </span>
     <span class='ocr_line' id='line_1_101' title="bbox 2551 4075 4521 4162; baseline 0.001 -21"><span class='ocrx_word' id='word_1_706' title='bbox 2551 4075 2980 4159; x_wconf 88' lang='lat' dir='ltr'>spectandum</span> <span class='ocrx_word' id='word_1_707' title='bbox 3027 4096 3169 4142; x_wconf 88' lang='lat' dir='ltr'>esse</span> <span class='ocrx_word' id='word_1_708' title='bbox 3214 4087 3555 4153; x_wconf 87' lang='lat' dir='ltr'>eventum,</span> <span class='ocrx_word' id='word_1_709' title='bbox 3608 4097 3694 4141; x_wconf 89' lang='lat' dir='ltr'>ne</span> <span class='ocrx_word' id='word_1_710' title='bbox 3737 4076 4104 4160; x_wconf 88' lang='lat' dir='ltr'>promiscue</span> <span class='ocrx_word' id='word_1_711' title='bbox 4148 4085 4216 4142; x_wconf 90' lang='lat' dir='ltr'>et</span> <span class='ocrx_word' id='word_1_712' title='bbox 4257 4076 4521 4162; x_wconf 88' lang='lat' dir='ltr'>absque·</span> 
     </span>
     <span class='ocr_line' id='line_1_102' title="bbox 2551 4161 4504 4247; baseline 0.001 -20"><span class='ocrx_word' id='word_1_713' title='bbox 2551 4163 2795 4229; x_wconf 91' lang='lat' dir='ltr'>iudicio</span> <span class='ocrx_word' id='word_1_714' title='bbox 2838 4163 3098 4247; x_wconf 89' lang='lat' dir='ltr'>quidvis</span> <span class='ocrx_word' id='word_1_715' title='bbox 3141 4162 3462 4245; x_wconf 88' lang='lat' dir='ltr'>recipiant</span> <span class='ocrx_word' id='word_1_716' title='bbox 3493 4162 3854 4228; x_wconf 87' lang='lat' dir='ltr'>Israelitae.</span> <span class='ocrx_word' id='word_1_717' title='bbox 3924 4161 4076 4229; x_wconf 86' lang='lat' dir='ltr'>Stat</span> <span class='ocrx_word' id='word_1_718' title='bbox 4117 4183 4274 4247; x_wconf 88' lang='lat' dir='ltr'>ergo</span> <span class='ocrx_word' id='word_1_719' title='bbox 4319 4166 4504 4247; x_wconf 89' lang='lat' dir='ltr'>prin·</span> 
     </span>
     <span class='ocr_line' id='line_1_103' title="bbox 2551 4247 4501 4333; baseline 0.001 -19"><span class='ocrx_word' id='word_1_720' title='bbox 2551 4249 2823 4332; x_wconf 89' lang='lat' dir='ltr'>cipium,</span> <span class='ocrx_word' id='word_1_721' title='bbox 2889 4248 3065 4332; x_wconf 89' lang='lat' dir='ltr'>loqui</span> <span class='ocrx_word' id='word_1_722' title='bbox 3120 4249 3192 4313; x_wconf 91' lang='lat' dir='ltr'>in</span> <span class='ocrx_word' id='word_1_723' title='bbox 3252 4250 3514 4313; x_wconf 90' lang='lat' dir='ltr'>nomine</span> <span class='ocrx_word' id='word_1_724' title='bbox 3561 4249 3684 4313; x_wconf 89' lang='lat' dir='ltr'>Dei</span> <span class='ocrx_word' id='word_1_725' title='bbox 3743 4248 3856 4332; x_wconf 88' lang='lat' dir='ltr'>qui</span> <span class='ocrx_word' id='word_1_726' title='bbox 3899 4247 4287 4331; x_wconf 90' lang='lat' dir='ltr'>praedicunt</span> <span class='ocrx_word' id='word_1_727' title='bbox 4330 4248 4501 4333; x_wconf 91' lang='lat' dir='ltr'>quod</span> 
     </span>
     <span class='ocr_line' id='line_1_104' title="bbox 2552 4333 4503 4420; baseline 0.002 -22"><span class='ocrx_word' id='word_1_728' title='bbox 2552 4356 2624 4399; x_wconf 90' lang='lat' dir='ltr'>rs</span> <span class='ocrx_word' id='word_1_729' title='bbox 2667 4336 2811 4418; x_wconf 89' lang='lat' dir='ltr'>ipsa</span> <span class='ocrx_word' id='word_1_730' title='bbox 2853 4335 3095 4401; x_wconf 88' lang='lat' dir='ltr'>evenit.</span> <span class='ocrx_word' id='word_1_731' title='bbox 3162 4334 3390 4417; x_wconf 89' lang='lat' dir='ltr'>Neque</span> <span class='ocrx_word' id='word_1_732' title='bbox 3424 4335 3601 4399; x_wconf 89' lang='lat' dir='ltr'>enim</span> <span class='ocrx_word' id='word_1_733' title='bbox 3638 4333 3719 4401; x_wconf 93' lang='lat' dir='ltr'>de</span> <span class='ocrx_word' id='word_1_734' title='bbox 3753 4334 3951 4400; x_wconf 90' lang='lat' dir='ltr'>rebus</span> <span class='ocrx_word' id='word_1_735' title='bbox 3985 4334 4237 4401; x_wconf 91' lang='lat' dir='ltr'>homini</span> <span class='ocrx_word' id='word_1_736' title='bbox 4279 4336 4503 4420; x_wconf 88' lang='lat' dir='ltr'>incog-</span> 
     </span>
     <span class='ocr_line' id='line_1_105' title="bbox 2552 4419 4502 4504; baseline 0.002 -20"><span class='ocrx_word' id='word_1_737' title='bbox 2552 4420 2711 4486; x_wconf 91' lang='lat' dir='ltr'>nitis</span> <span class='ocrx_word' id='word_1_738' title='bbox 2769 4420 2936 4503; x_wconf 87' lang='lat' dir='ltr'>quod</span> <span class='ocrx_word' id='word_1_739' title='bbox 2995 4442 3231 4486; x_wconf 87' lang='lat' dir='ltr'>verum</span> <span class='ocrx_word' id='word_1_740' title='bbox 3288 4429 3390 4486; x_wconf 90' lang='lat' dir='ltr'>est</span> <span class='ocrx_word' id='word_1_741' title='bbox 3445 4423 3958 4504; x_wconf 88' lang='lat' dir='ltr'>pronunciarent</span> <span class='ocrx_word' id='word_1_742' title='bbox 4022 4421 4153 4487; x_wconf 89' lang='lat' dir='ltr'>nisi</span> <span class='ocrx_word' id='word_1_743' title='bbox 4210 4419 4502 4488; x_wconf 87' lang='lat' dir='ltr'>dictante</span> 
     </span>
     <span class='ocr_line' id='line_1_106' title="bbox 2551 4506 4503 4591; baseline 0.001 -20"><span class='ocrx_word' id='word_1_744' title='bbox 2551 4508 2694 4591; x_wconf 88' lang='lat' dir='ltr'>ipso</span> <span class='ocrx_word' id='word_1_745' title='bbox 2738 4506 2901 4572; x_wconf 89' lang='lat' dir='ltr'>Deo.</span> <span class='ocrx_word' id='word_1_746' title='bbox 2981 4506 3131 4589; x_wconf 76' lang='lat' dir='ltr'>Quo</span> <span class='ocrx_word' id='word_1_747' title='bbox 3178 4507 3374 4572; x_wconf 88' lang='lat' dir='ltr'>etiam</span> <span class='ocrx_word' id='word_1_748' title='bbox 3423 4508 3708 4590; x_wconf 87' lang='lat' dir='ltr'>pertinet</span> <span class='ocrx_word' id='word_1_749' title='bbox 3750 4506 4072 4572; x_wconf 83' lang='lat' dir='ltr'>Ieremias</span> <span class='ocrx_word' id='word_1_750' title='bbox 4113 4527 4503 4590; x_wconf 90' lang='lat' dir='ltr'>responsum</span> 
     </span>
     <span class='ocr_line' id='line_1_107' title="bbox 2553 4592 4503 4676; baseline 0.002 -20"><span class='ocrx_word' id='word_1_751' title='bbox 2553 4593 2636 4658; x_wconf 92' lang='lat' dir='ltr'>ad</span> <span class='ocrx_word' id='word_1_752' title='bbox 2696 4592 3108 4658; x_wconf 89' lang='lat' dir='ltr'>Hananiam:</span> <span class='ocrx_word' id='word_1_753' title='bbox 3191 4592 3564 4676; x_wconf 88' lang='lat' dir='ltr'>Prophetae</span> <span class='ocrx_word' id='word_1_754' title='bbox 3628 4593 3737 4676; x_wconf 92' lang='lat' dir='ltr'>qui</span> <span class='ocrx_word' id='word_1_755' title='bbox 3810 4593 4081 4658; x_wconf 83' lang='lat' dir='ltr'>fuerunt</span> <span class='ocrx_word' id='word_1_756' title='bbox 4144 4605 4301 4658; x_wconf 89' lang='lat' dir='ltr'>ante</span> <span class='ocrx_word' id='word_1_757' title='bbox 4367 4613 4503 4672; x_wconf 89' lang='lat' dir='ltr'>nos,</span> 
     </span>
     <span class='ocr_line' id='line_1_108' title="bbox 2554 4677 4507 4764; baseline 0.001 -21"><span class='ocrx_word' id='word_1_758' title='bbox 2554 4678 2804 4762; x_wconf 90' lang='lat' dir='ltr'>loquuti</span> <span class='ocrx_word' id='word_1_759' title='bbox 2843 4687 3001 4744; x_wconf 93' lang='lat' dir='ltr'>sunt</span> <span class='ocrx_word' id='word_1_760' title='bbox 3034 4677 3115 4745; x_wconf 89' lang='lat' dir='ltr'>de</span> <span class='ocrx_word' id='word_1_761' title='bbox 3150 4677 3338 4758; x_wconf 90' lang='lat' dir='ltr'>bello,</span> <span class='ocrx_word' id='word_1_762' title='bbox 3384 4678 3557 4744; x_wconf 83' lang='lat' dir='ltr'>fame</span> <span class='ocrx_word' id='word_1_763' title='bbox 3593 4691 3660 4744; x_wconf 90' lang='lat' dir='ltr'>et</span> <span class='ocrx_word' id='word_1_764' title='bbox 3695 4687 3908 4763; x_wconf 88' lang='lat' dir='ltr'>peste:</span> <span class='ocrx_word' id='word_1_765' title='bbox 3955 4681 4012 4744; x_wconf 87' lang='lat' dir='ltr'>si</span> <span class='ocrx_word' id='word_1_766' title='bbox 4047 4679 4196 4763; x_wconf 87' lang='lat' dir='ltr'>quis</span> <span class='ocrx_word' id='word_1_767' title='bbox 4232 4678 4314 4745; x_wconf 88' lang='lat' dir='ltr'>de</span> <span class='ocrx_word' id='word_1_768' title='bbox 4347 4698 4507 4764; x_wconf 86' lang='lat' dir='ltr'>pace</span> 
     </span>
     <span class='ocr_line' id='line_1_109' title="bbox 2553 4764 4505 4848; baseline 0.001 -20"><span class='ocrx_word' id='word_1_769' title='bbox 2553 4765 2863 4847; x_wconf 90' lang='lat' dir='ltr'>loquutus</span> <span class='ocrx_word' id='word_1_770' title='bbox 2907 4774 3037 4843; x_wconf 91' lang='lat' dir='ltr'>est,</span> <span class='ocrx_word' id='word_1_771' title='bbox 3083 4775 3328 4831; x_wconf 89' lang='lat' dir='ltr'>eventu</span> <span class='ocrx_word' id='word_1_772' title='bbox 3372 4764 3863 4848; x_wconf 90' lang='lat' dir='ltr'>comprobatum</span> <span class='ocrx_word' id='word_1_773' title='bbox 3906 4777 4007 4831; x_wconf 91' lang='lat' dir='ltr'>est</span> <span class='ocrx_word' id='word_1_774' title='bbox 4048 4764 4218 4848; x_wconf 92' lang='lat' dir='ltr'>quod</span> <span class='ocrx_word' id='word_1_775' title='bbox 4265 4766 4505 4832; x_wconf 89' lang='lat' dir='ltr'>missus</span> 
     </span>
     <span class='ocr_line' id='line_1_110' title="bbox 2554 4849 4521 4938; baseline -0.001 -22"><span class='ocrx_word' id='word_1_776' title='bbox 2554 4872 2594 4916; x_wconf 92' lang='lat' dir='ltr'>a</span> <span class='ocrx_word' id='word_1_777' title='bbox 2638 4849 2785 4916; x_wconf 89' lang='lat' dir='ltr'>Deo</span> <span class='ocrx_word' id='word_1_778' title='bbox 2843 4860 3020 4917; x_wconf 89' lang='lat' dir='ltr'>esset</span> <span class='ocrx_word' id='word_1_779' title='bbox 3073 4851 3145 4915; x_wconf 91' lang='lat' dir='ltr'>in</span> <span class='ocrx_word' id='word_1_780' title='bbox 3200 4851 3481 4916; x_wconf 87' lang='lat' dir='ltr'>veritate</span> <span class='ocrx_word' id='word_1_781' title='bbox 3525 4849 3680 4937; x_wconf 90' lang='lat' dir='ltr'>(Ier.</span> <span class='ocrx_word' id='word_1_782' title='bbox 3729 4851 3831 4926; x_wconf 87' lang='grc'>28,</span> <span class='ocrx_word' id='word_1_783' title='bbox 3881 4849 3970 4938; x_wconf 84' lang='grc'>5).</span> <span class='ocrx_word' id='word_1_784' title='bbox 4060 4851 4521 4917; x_wconf 87' lang='lat' dir='ltr'>Pollicebatur·</span> 
     </span>
     <span class='ocr_line' id='line_1_111' title="bbox 2551 4936 4505 5021; baseline -0.001 -20"><span class='ocrx_word' id='word_1_785' title='bbox 2551 4936 2900 5003; x_wconf 89' lang='lat' dir='ltr'>Hananias</span> <span class='ocrx_word' id='word_1_786' title='bbox 2943 4957 3330 5021; x_wconf 88' lang='lat' dir='ltr'>prosperum</span> <span class='ocrx_word' id='word_1_787' title='bbox 3375 4936 3529 5002; x_wconf 90' lang='lat' dir='ltr'>belli</span> <span class='ocrx_word' id='word_1_788' title='bbox 3578 4956 3981 5003; x_wconf 87' lang='lat' dir='ltr'>successum:</span> <span class='ocrx_word' id='word_1_789' title='bbox 4047 4939 4203 5020; x_wconf 92' lang='lat' dir='ltr'>quia</span> <span class='ocrx_word' id='word_1_790' title='bbox 4261 4937 4505 5002; x_wconf 90' lang='lat' dir='ltr'>sciebat</span> 
     </span>
     <span class='ocr_line' id='line_1_112' title="bbox 2552 5021 4502 5107; baseline -0.001 -20"><span class='ocrx_word' id='word_1_791' title='bbox 2552 5022 2870 5088; x_wconf 89' lang='lat' dir='ltr'>Ieremias</span> <span class='ocrx_word' id='word_1_792' title='bbox 2913 5044 3063 5088; x_wconf 90' lang='lat' dir='ltr'>eum</span> <span class='ocrx_word' id='word_1_793' title='bbox 3109 5023 3398 5099; x_wconf 87' lang='lat' dir='ltr'>mentiri,</span> <span class='ocrx_word' id='word_1_794' title='bbox 3444 5023 3918 5107; x_wconf 86' lang='lat' dir='ltr'>experientiam</span> <span class='ocrx_word' id='word_1_795' title='bbox 3964 5021 4230 5089; x_wconf 89' lang='lat' dir='ltr'>adducit</span> <span class='ocrx_word' id='word_1_796' title='bbox 4274 5031 4502 5089; x_wconf 85' lang='lat' dir='ltr'>testem</span> 
     </span>
     <span class='ocr_line' id='line_1_113' title="bbox 2550 5105 4507 5193; baseline 0.001 -21"><span class='ocrx_word' id='word_1_797' title='bbox 2550 5108 2889 5186; x_wconf 86' lang='lat' dir='ltr'>falsitatis,</span> <span class='ocrx_word' id='word_1_798' title='bbox 2949 5109 3078 5174; x_wconf 90' lang='lat' dir='ltr'>nisi</span> <span class='ocrx_word' id='word_1_799' title='bbox 3135 5109 3311 5174; x_wconf 88' lang='lat' dir='ltr'>facta</span> <span class='ocrx_word' id='word_1_800' title='bbox 3364 5105 3558 5176; x_wconf 90' lang='lat' dir='ltr'>dictis</span> <span class='ocrx_word' id='word_1_801' title='bbox 3613 5108 4074 5193; x_wconf 89' lang='lat' dir='ltr'>respondeant.</span> <span class='ocrx_word' id='word_1_802' title='bbox 4161 5109 4507 5175; x_wconf 86' lang='lat' dir='ltr'>Hactenus</span> 
     </span>
     <span class='ocr_line' id='line_1_114' title="bbox 2551 5193 4520 5280; baseline 0 -21"><span class='ocrx_word' id='word_1_803' title='bbox 2551 5194 2734 5259; x_wconf 89' lang='lat' dir='ltr'>nulla</span> <span class='ocrx_word' id='word_1_804' title='bbox 2794 5204 2895 5259; x_wconf 89' lang='lat' dir='ltr'>est</span> <span class='ocrx_word' id='word_1_805' title='bbox 2951 5194 3425 5279; x_wconf 87' lang='lat' dir='ltr'>repugnantia,</span> <span class='ocrx_word' id='word_1_806' title='bbox 3493 5193 3649 5260; x_wconf 92' lang='lat' dir='ltr'>dum</span> <span class='ocrx_word' id='word_1_807' title='bbox 3710 5196 4027 5261; x_wconf 87' lang='lat' dir='ltr'>vaticinia</span> <span class='ocrx_word' id='word_1_808' title='bbox 4080 5213 4520 5280; x_wconf 62' lang='lat' dir='ltr'>quaecunquer</span> 
     </span>
    </p>
   </div>
   <div class='ocr_carea' id='block_1_7' title="bbox 2548 5316 2960 5328">
    <p class='ocr_par' dir='ltr' id='par_1_11' title="bbox 2548 5316 2960 5328">
     <span class='ocr_line' id='line_1_115' title="bbox 2548 5316 2960 5328; baseline 0 822"><span class='ocrx_word' id='word_1_809' title='bbox 2548 5316 2960 5328; x_wconf 95' lang='lat' dir='ltr'> </span> 
     </span>
    </p>
   </div>
   <div class='ocr_carea' id='block_1_8' title="bbox 2723 5381 3371 5452">
    <p class='ocr_par' dir='ltr' id='par_1_12' title="bbox 2723 5381 3371 5452">
     <span class='ocr_line' id='line_1_116' title="bbox 2723 5381 3371 5452; baseline 0.002 -16"><span class='ocrx_word' id='word_1_810' title='bbox 2723 5383 2782 5451; x_wconf 87' lang='lat'>1)</span> <span class='ocrx_word' id='word_1_811' title='bbox 2810 5381 3080 5452; x_wconf 68' lang='lat' dir='ltr'>Princeps</span> <span class='ocrx_word' id='word_1_812' title='bbox 3094 5405 3110 5434; x_wconf 91' lang='lat'>.·</span> <span class='ocrx_word' id='word_1_813' title='bbox 3144 5383 3371 5437; x_wconf 80' lang='lat' dir='ltr'>insania.</span> 
     </span>
    </p>
   </div>
  </div>
 </body>
</html>
