4867 6150
548 422 680 488 563

1153 612 1289 679 EX
1332 611 1602 679 DEUT.
1646 610 1919 681 XXIII.

740 787 819 852 21
853 785 915 872 ι).
991 786 1069 852 Si
1131 790 1340 851 votum
1394 786 1634 850 voveris
1694 782 1958 850 Iehovae
2011 782 2148 848 Deo
2204 788 2337 856 tuo,
2394 802 2516 847 uon

561 874 859 942 tardabis
942 872 1106 938 illud
1172 870 1435 938 solvere.-
1510 870 1754 952 alioqui
1808 870 2176 951 requirendo
2244 868 2520 950 requiret

569 961 734 1024 illud
778 959 1008 1024 Iehova
1048 958 1204 1023 deus
1247 961 1396 1022 tuus
1439 956 1551 1022 abs
1593 961 1678 1034 te,
1727 960 1784 1020 et
1826 958 1944 1024 erit
1987 955 2056 1021 in
2088 961 2144 1019 te
2176 959 2515 1035 peccatum.

565 1045 672 1110 22.
726 1046 901 1126 Quod
943 1044 1005 1108 si
1037 1043 1418 1109 abstinueris
1451 1062 1494 1106 a
1526 1043 1812 1122 vovendo,
1856 1062 1979 1106 non
2021 1042 2138 1107 erit
2170 1042 2242 1106 in
2282 1045 2339 1105 te
2370 1060 2517 1121 pec-

564 1137 771 1196 catum
784 1156 803 1195 .-
845 1130 1007 1212 quod
1048 1148 1364 1213 eyressum
1413 1127 1615 1210 fuerit
1667 1148 1700 1193 e
1749 1127 1941 1193 labiis
1983 1128 2112 1197 tuis
2153 1126 2518 1205 observabis,

561 1222 622 1281 et
657 1219 858 1299 facies
898 1217 1059 1281 sicut
1112 1215 1339 1281 vovisti
1394 1213 1658 1279 Iehovae
1701 1213 1837 1279 Deo
1893 1218 2000 1279 tuo
2041 1213 2408 1293 moraliter,
2465 1216 2521 1277 et

560 1303 725 1369 sieut
766 1304 1060 1384 loquutus
1102 1322 1168 1367 es
1210 1320 1315 1367 ore
1349 1305 1473 1366 tuo.

740 1474 842 1539 21.
904 1471 980 1538 Si
1022 1477 1227 1537 votum
1264 1471 1504 1537 voveris
1545 1469 1823 1536 Iehovae.
1891 1470 2192 1535 Pertinet
2235 1469 2519 1535 vovendi

568 1581 828 1643 quoqne
865 1558 1030 1623 ratio
1066 1557 1147 1622 ad
1185 1557 1705 1624 observationem
1741 1556 1917 1622 tertii
1955 1557 2319 1639 praecepti:
2364 1558 2518 1639 qnia

571 1644 868 1711 vovendo
927 1644 1229 1709 homines
1286 1644 1357 1707 in
1417 1642 1882 1708 sanctificando
1941 1641 2068 1708 Dei
2122 1643 2386 1708 nomine
2446 1664 2516 1708 se

569 1745 918 1809 exercent,
975 1738 1043 1795 et
1096 1729 1345 1815 species
1403 1738 1503 1794 est
1560 1728 2018 1807 iurisiurandi,
2079 1728 2325 1812 aliquid
2372 1727 2516 1793 Deo

565 1817 981 1902 promittere:
1051 1817 1203 1900 quia
1266 1815 1520 1880 solenni
1572 1815 1709 1878 ritu
1751 1815 2196 1898 interponitur
2256 1835 2517 1880 sacrum

569 1903 714 1969 eius
773 1923 1033 1967 nomen.
1123 1901 1293 1966 Nam
1339 1900 1509 1984 quod
1548 1900 1720 1965 inter
1764 1900 2064 1967 homines
2105 1908 2370 1983 pactum
2418 1901 2516 1965 di-

575 1989 748 2054 citur
794 1988 893 2053 vel
940 1988 1305 2064 conventio,
1357 1986 1486 2051 Dei
1532 1997 1831 2071 respectu
1877 1998 2103 2055 votum
2140 1995 2273 2051 est:
2340 1985 2517 2052 ideo·

569 2095 697 2158 que
746 2085 896 2158 apte
940 2072 1067 2139 dici
1111 2082 1324 2156 potest
1367 2092 1551 2139 sacra
1595 2073 1824 2155 pactio,
1869 2092 2032 2156 quae
2077 2092 2209 2137 non
2255 2082 2514 2138 tantum

568 2163 645 2226 fit
704 2161 846 2226 Deo
888 2170 1072 2237 teste,
1118 2158 1233 2224 sed
1279 2180 1427 2224 cum
1474 2160 1616 2242 ipso
1662 2159 2063 2244 transigitur.
2153 2156 2334 2223 Alibi
2379 2159 2520 2242 qui—

567 2246 719 2311 dem
776 2247 988 2310 obiter
1044 2256 1202 2310 vota
1257 2244 1579 2327 quaedam
1637 2244 1997 2328 attigimus,
2057 2251 2132 2309 ut
2187 2244 2515 2310 Nazarae-

568 2352 789 2397 orum:
831 2331 945 2396 sed
982 2330 1135 2413 quia
1164 2331 1564 2396 consecratio
1592 2329 1709 2395 illa
1751 2351 1904 2413 pars
1947 2340 2090 2396 erat
2131 2330 2348 2396 cultus
2369 2330 2518 2411 Dei,

567 2440 712 2483 eam
772 2419 840 2481 in
896 2417 1106 2498 primo
1163 2427 1508 2499 praecepto
1561 2417 1768 2498 posui.
1859 2416 1997 2483 Nec
2056 2436 2213 2482 sane
2255 2417 2390 2483 illic
2433 2415 2516 2481 de

567 2506 710 2584 ipsa
748 2504 880 2567 voti
917 2501 1315 2585 obligatione
1358 2504 1619 2585 proprie
1663 2501 1971 2567 disseruit
1991 2503 2229 2581 Moses,
2273 2500 2386 2568 sed
2433 2502 2515 2567 de

566 2589 681 2653 illo
739 2589 1001 2671 pietatis
1059 2588 1374 2653 exercitio
1448 2586 1622 2672 quod
1681 2588 1988 2670 populum
2044 2587 2126 2654 ad
2186 2588 2511 2671 puritatis,

564 2674 1036 2740 sanctimoniae
1069 2685 1137 2737 et
1179 2673 1552 2740 sobrietatis
1595 2672 1884 2738 studium
1915 2672 2257 2741 excitabat.
2324 2673 2511 2739 Idem

561 2770 882 2843 sequutus
927 2780 1076 2825 sum
1117 2761 1186 2824 in
1233 2759 1617 2825 voluntariis
1667 2761 2030 2841 sacrificiis,
2075 2781 2238 2843 quae
2282 2761 2510 2825 maiori

566 2869 653 2917 ex
698 2856 881 2929 parte
926 2846 1149 2911 votiva
1182 2843 1387 2911 fuisse
1421 2853 1677 2912 certum
1711 2854 1848 2911 est:
1889 2845 2002 2912 sed
2046 2846 2215 2929 quod
2261 2845 2512 2930 praeci·

566 2954 775 3017 puum
831 2940 974 2997 erat
1026 2930 1467 3011 consideravi,
1527 2931 1608 2996 de
1652 2933 2019 2997 accessione
2063 2952 2196 2997 11011
2243 2930 2513 3017 perinde

565 3018 901 3085 sollicitus.
1004 3017 1202 3083 Nunc
1266 3038 1421 3085 vero
1485 3017 1558 3083 in
1622 3016 1831 3084 altera
1894 3017 2107 3101 specie
2169 3019 2516 3085 confirmat

568 3105 794 3172 Moses
850 3103 1023 3188 quod
1079 3104 1263 3187 prius
1322 3104 1576 3183 docuit,
1633 3125 1875 3170 nomen
1921 3104 2051 3171 Dei
2094 3126 2223 3170 non
2267 3103 2517 3171 frustra

569 3213 717 3258 0000
770 3188 1185 3257 sumendum.
1272 3190 1503 3273 Itaque
1558 3190 1741 3256 iubet
1795 3198 1947 3257 vota
2002 3190 2287 3271 solvere,
2350 3212 2517 3274 quae

569 3278 700 3344 nisi
745 3284 888 3341 rata
930 3276 1081 3353 sint,
1127 3277 1545 3342 imminuitur
1587 3276 1873 3342 nominis
1912 3277 2039 3342 Dei
2129 3277 2310 3354 loria‚
2356 3277 2516 3342 dum

570 3365 717 3430 iure
770 3384 887 3429 suo
943 3361 1253 3427 sauclatur
1307 3362 1476 3444 ipse,
1533 3372 1600 3427 et
1656 3383 1773 3445 pro
1817 3361 2023 3428 nihilo
2067 3299 2330 3430 facitur
2370 3384 2520 3448 pro-

573 3450 798 3515 missio
875 3469 1093 3514 coram
1162 3450 1304 3531 ipso
1350 3448 1617 3513 sancita.
1722 3448 1930 3515 Porro
1977 3448 2336 3515 notandum
2402 3458 2521 3524 est,

576 3545 732 3601 vota
764 3536 985 3600 omnia
1019 3554 1188 3617 quae
1226 3554 1515 3616 unquam
1551 3534 1696 3599 Deo
1740 3541 1932 3618 grata
1976 3534 2278 3617 fuerunt,
2321 3536 2521 3602 fuisse

576 3621 950 3686 testimonia
993 3619 1437 3704 gratitudinis,
1484 3641 1565 3686 ne
1600 3619 2063 3686 beneficiorum
2102 3622 2242 3687 eius
2276 3641 2523 3686 memo-

573 3708 675 3772 ria
728 3705 1182 3785 intercideret,
1243 3726 1519 3789 quorum
1575 3706 1771 3772 nimis
1829 3706 2016 3773 facile
2068 3707 2308 3773 oblivio
2350 3707 2526 3774 inter

576 3815 695 3859 nos
750 3792 1021 3876 obrepit.
1114 3791 1356 3873 Quum
1399 3813 1553 3876 ergo
1611 3793 1823 3858 sancti
1883 3792 1991 3857 vel
2036 3794 2362 3859 tarditatis
2423 3793 2524 3859 vel

575 3879 881 3962 ignaviae
924 3878 1053 3942 sibi
1095 3878 1339 3943 conscii
1384 3887 1604 3944 essent
1645 3879 1714 3942 in
1760 3879 2199 3963 praedicanda
2239 3878 2370 3944 Dei
2413 3880 2527 3945 bo-

574 3966 815 4044 nitate,
861 3963 986 4029 hoc
1029 3962 1407 4032 adiumento
1452 3974 1518 4029 et
1559 3964 1746 4047 quasi
1788 3964 2056 4031 stimulo
2101 3966 2203 4031 usi
2245 3973 2403 4032 sunt
2446 3964 2530 4031 ad

574 4050 1031 4135 corrigendam
1120 4069 1306 4115 suam
1376 4050 1745 4136 segnitiem.
1827 4050 1933 4115 Ita
2003 4072 2201 4134 quum
2278 4053 2528 4118 serium

575 4136 821 4221 aliquid
859 4158 899 4202 a
943 4137 1085 4201 Deo
1129 4136 1557 4219 postularent,
1601 4158 1794 4220 saepe
1839 4136 2056 4219 aliqua
2101 4138 2530 4219 promissione

577 4244 650 4287 se
672 4224 1084 4305 obstringere
1105 4221 1402 4288 solebant
1424 4220 1509 4288 ad
1533 4219 1898 4289 testan'dam
1931 4224 2292 4306 gratiarum
2330 4222 2530 4290 actio-

579 4330 751 4374 nem.
842 4307 1185 4374 Eiusmodi
1235 4318 1393 4373 vota
1430 4320 1657 4375 sancte
1702 4319 1767 4374 et
1811 4309 2091 4374 fideliter
2134 4311 2385 4376 servari
2426 4310 2530 4374 iu·

581 4393 691 4458 bet
744 4394 998 4471 Moses,
1059 4415 1143 4460 ne
1202 4394 1347 4459 Deo
1390 4395 1672 4460 illudant
1714 4398 1825 4478 qui
1870 4417 1951 4460 ex
1999 4396 2284 4478 periculo
2325 4395 2533 4480 elapsi

577 4489 770 4560 sunt,
832 4479 934 4545 vel
971 4480 1170 4546 rebus
1212 4481 1454 4565 optatis
1499 4481 1722 4566 potiti,
1783 4503 1987 4565 quum
2032 4483 2099 4546 in
2144 4502 2263 4547 sua
2306 4483 2532 4547 anxie-

576 4564 728 4631 date
792 4565 1118 4649 supplices
1163 4567 1425 4632 fuerint.
1515 4566 1772 4633 Scimus
1817 4568 1991 4632 enim
2040 4575 2287 4650 quanta
2329 4566 2533 4632 facili-

573 4662 740 4730 tate,
796 4650 901 4718 vel
959 4653 1177 4735 potius
1218 4653 1505 4733 levitate,
1550 4654 1894 4736 rapiantur
1935 4653 2125 4718 multi
2169 4652 2250 4718 ad
2289 4673 2534 4718 voven-

580 4738 758 4812 dum,
797 4736 909 4820 qui
946 4758 1099 4801 mox
1129 4738 1357 4803 eadem
1388 4741 1829 4806 inconstantia
1857 4760 1977 4823 pro
2020 4738 2228 4803 nihilo
2274 4737 2525 4805 ducunt

581 4825 807 4890 datam
854 4821 1052 4890 fidem
1112 4824 1371 4890 violare.
1461 4825 1607 4892 Hac
1668 4826 1738 4889 in
1799 4841 1984 4911 parte
2043 4826 2226 4892 Deus
2292 4827 2531 4891 merito

585 4931 824 4976 nomen
876 4930 1070 4974 suum
1117 4929 1157 4972 a
1199 4921 1575 4994 contemptu
1621 4911 1944 4989 vindicat,
2006 4921 2202 4994 atque
2245 4911 2317 4976 in
2361 4911 2538 4977 hunc

585 4998 784 5060 finem
844 4995 1136 5081 postulat
1196 4995 1318 5060 sibi
1385 4998 1551 5063 solvi
1615 4996 1788 5082 quod
1851 4998 2251 5081 promissum
2319 4998 2536 5065 fuerit.

585 5081 719 5147 Sed
767 5083 1072 5164 quoniam
1120 5083 1559 5165 superstitiosi
1603 5083 1727 5150 hoc
1771 5083 2063 5163 trahunt,
2101 5083 2210 5149 vel
2235 5096 2543 5166 torquent

582 5169 951 5250 promiscue
1008 5167 1087 5232 ad
1146 5169 1474 5251 quaelibet
1528 5179 1696 5248 vota,
1754 5191 1880 5253 quo
1927 5171 2288 5255 genuinum
2334 5169 2542 5236 Mosis

759 5357 817 5426 1)
852 5358 1022 5412 Hebr.
1058 5355 1280 5412 22-24.

2013 422 2435 490 TERTIUM
2477 420 3125 489 PRAEOEPTUM.

4421 417 4533 487 564

2618 633 2887 679 sensum
2958 619 3328 689 teneamus,
3395 608 3787 676 refutandus
3854 616 3956 672 est
4016 605 4280 671 illorum
4356 626 4537 673 error.

2624 699 2872 763 Volunt
2923 697 3216 781 papistae
3270 707 3421 761 vota
3476 696 3698 760 omnia
3754 694 4076 779 praestari
4129 692 4271 756 sino
4327 712 4540 775 excep-

2616 785 2811 862 tione,
2859 783 3015 867 quia
3059 785 3373 865 scriptum
3419 783 3522 857 sit,
3570 781 3719 847 Non
3766 778 4054 846 tardabis
4098 778 4350 843 solvere
4390 777 4543 861 quod

2619 891 2952 955 egressum
3000 871 3125 934 erit
3169 890 3258 932 ex
3299 888 3411 933 ore
3454 880 3583 934 tuo,
3655 865 3787 933 Sed
3812 866 4098 951 primum
4144 863 4422 930 tenenda
4460 875 4549 930 est

2618 965 2920 1021 votorum
2981 956 3306 1031 definitio,
3379 966 3493 1019 aut
3548 953 3783 1020 saltem
3840 951 4199 1018 videndum
4245 970 4547 1034 quaenam

2619 1041 2913 1128 legitima
2971 1041 3119 1106 sind
3169 1049 3323 1105 vota
3379 1049 3446 1106 et
3488 1040 3631 1106 Deo
3674 1041 4050 1124 probentur.
4137 1037 4311 1102 Nam
4353 1037 4406 1102 si
4450 1058 4548 1103 vo-

2620 1129 2710 1194 tis
2753 1126 3093 1208 omnibus,
3158 1125 3520 1210 quamlibet
3577 1138 3821 1191 temere
3875 1124 4271 1206 nuncupatis
4314 1129 4553 1189 constet

2619 1215 2921 1293 effectus,
2982 1213 3135 1279 olim
3196 1212 3319 1278 sub
3377 1212 3522 1295 lege
3595 1212 3693 1277 fas
3753 1211 3982 1277 fuisset
4034 1209 4205 1276 filios
4268 1223 4336 1274 et
4397 1209 4553 1275 filias

2619 1310 2941 1378 mactare,
2991 1298 3243 1383 erigere
3283 1296 3476 1363 idolis
3518 1297 3778 1376 altaria,
3833 1305 4031 1380 atque
4076 1299 4167 1360 ita
4213 1295 4336 1360 hoc
4424 1315 4552 1359 rae·

2622 1394 2809 1451 textu
2870 1395 3010 1451 tota
3063 1385 3174 1450 lex
3226 1382 3354 1448 Dei
3405 1403 3638 1449 eversa
3688 1403 3957 1467 prorsus
4009 1381 4255 1447 fuisset.
4416 1402 4557 1446 uare

2621 1470 3040 1538 statuendum
3103 1479 3203 1536 est
3252 1469 3605 1536 discrimen
3649 1470 3827 1535 inter
3871 1476 4055 1548 vota,
4113 1468 4244 1533 nisi
4291 1466 4555 1532 velimus

2620 1559 2719 1624 fas
2778 1572 2844 1623 et
2901 1559 3086 1622 nefas
3143 1555 3561 1623 confundere.
3649 1555 3795 1621 Hoc
3850 1562 4065 1619 autem
4131 1554 4423 1637 primum
4466 1558 4558 1617 est

2618 1657 2844 1727 caput,
2908 1643 3075 1708 nihil
3118 1642 3244 1707 rite
3290 1642 3509 1708 voveri
3555 1642 3737 1721 Deo,
3795 1641 3922 1706 nisi
3968 1638 4141 1723 quod
4184 1638 4555 1724 cognoveri-

2618 1752 2766 1796 mus
2822 1730 2883 1794 ei
2941 1729 3215 1813 placere.
3304 1728 3475 1793 Nam
3521 1729 3575 1792 si
3619 1726 3987 1793 obedientia
4031 1726 4247 1810 potior
4290 1735 4394 1790 est
4430 1746 4558 1790 om·

2620 1816 2814 1882 nibus
2858 1814 3191 1881 sacrificiis
3237 1812 3324 1901 (1.
3367 1812 3546 1880 Sam.
3594 1812 3695 1892 15,
3743 1812 3870 1899 22),
3917 1812 4082 1877 nihil
4133 1823 4314 1878 certe
4359 1810 4558 1895 magis

2618 1899 2974 1968 absurdum
3010 1913 3110 1967 est
3142 1922 3339 1984 quam
3385 1900 3717 1966 licentiam
3763 1899 3934 1965 hanc
3977 1900 4285 1982 grassari,
4330 1904 4409 1962 ut
4448 1915 4558 1962 0110

2619 1989 2896 2072 quisque
2939 1987 3206 2053 arbitrio
3251 1985 3468 2051 Deum
3507 1986 3692 2052 colat.
3782 1984 3860 2051 Si
3905 1984 4198 2050 vovisset
4242 1983 4557 2067 quispiam

2617 2097 2700 2140 ex
2737 2073 2996 2138 Iudaeis
3041 2094 3113 2139 se
3155 2093 3383 2138 canem
3428 2072 3952 2150 immolaturum,
3997 2070 4151 2153 quia
4193 2069 4258 2134 id
4307 2068 4560 2134 vetabat

2619 2161 2728 2226 lex
2772 2159 2919 2238 Dei,
2962 2158 3376 2242 sacrilegium
3425 2158 3654 2223 fuisset
3699 2167 3923 2223 votum
3969 2156 4243 2222 solvere.
4341 2154 4561 2221 Caete-

2619 2267 2767 2312 rum
2813 2247 2966 2328 quia
3019 2246 3194 2310 inter
3238 2245 3302 2308 id
3349 2244 3518 2327 quod
3566 2243 3809 2309 diserte
3851 2243 4179 2326 praecepit
4222 2240 4414 2306 Deus
4457 2249 4562 2306 aut

2617 2332 2861 2409 vetuit,
2919 2330 3174 2395 medius
3218 2343 3317 2394 est
3353 2331 3585 2413 aliquis
3631 2329 3907 2414 gradus,
3968 2327 4156 2394 obiici
4202 2334 4454 2411 posset,
4498 2327 4559 2389 111

2616 2417 2813 2483 rebus
2859 2437 3020 2500 quas
3060 2415 3511 2482 indifferentes
3534 2423 3798 2494 vocant,
3837 2416 4031 2480 licere
4080 2422 4310 2480 votum
4355 2412 4559 2481 conci·

2616 2525 2793 2588 pere.
2869 2503 3130 2569 Rursus
3176 2502 3285 2566 hic
3327 2501 3721 2584 respondeO,
3763 2502 3918 2584 quia
3960 2501 4360 2585 principium
4406 2495 4560 2564 illud

2618 2611 2755 2656 sem
2808 2610 2882 2654 er
2916 2589 3138 2672 vigere
3183 2587 3377 2654 debet
3417 2588 3594 2653 inter
3636 2589 3800 2671 pios,
3846 2587 4013 2651 nihil
4060 2587 4203 2653 01110
4245 2587 4384 2651 fine
4425 2596 4559 2650 ten·

2619 2684 2730 2742 tan
2782 2696 2895 2741 11111
2939 2695 3114 2753 0000,
3159 2694 3419 2758 semper
3460 2672 4002 2740 considerandum
4047 2692 4192 2737 csse
4234 2670 4401 2754 quid
4447 2670 4560 2736 Dei

2616 2763 2820 2828 verbo
2862 2770 3368 2827 consentaneum
3418 2761 3532 2839 sit,
3599 2759 3837 2843 alioqui
3879 2767 4382 2842 praeposterum
4429 2777 4560 2822 esse

2615 2848 2847 2914 zelum.
2911 2846 3065 2913 Non
3110 2845 3378 2912 vetabat
3420 2845 3605 2911 Deus
3648 2844 3805 2910 olim
3851 2844 4208 2929 permulta,
4252 2864 4431 2926 quae
4472 2854 4560 2908 ta-

2615 2955 2771 3000 men
2805 2932 2929 2999 sibi
2962 2933 3030 2998 in
3064 2932 3313 2999 cultum
3349 2931 3571 2998 offerri
3610 2929 3876 2997 nolebat
3892 2929 4114 3017 (Rom.
4139 2929 4240 3010 14,
4288 2928 4425 3016 23).
4466 2928 4562 2995 Ita

2618 3029 2687 3087 et
2718 3018 2914 3086 hodie
2955 3039 3325 3102 quanquam
3373 3026 3514 3084 tota
3554 3019 3689 3084 vita
3733 3017 3955 3084 licebit
3976 3037 4210 3084 carnes
4241 3037 4381 3082 non
4419 3035 4560 3101 gus-

2620 3115 2793 3187 tare,
2851 3106 2907 3172 si
2940 3105 3084 3189 quis
3128 3115 3351 3170 tamen
3399 3116 3783 3189 perpetuam
3829 3125 4055 3172 earum
4101 3103 4561 3169 abstinentiam

2623 3199 2892 3272 voveat,
2951 3190 3403 3274 superstitiose
3458 3191 3683 3258 faciet:
3741 3191 4050 3275 quoniam
4093 3188 4239 3256 Deo
4287 3188 4562 3255 inconsi-

2622 3277 2845 3344 derate
2902 3275 3234 3355 obtrudet,
3293 3275 3467 3360 quod
3521 3298 3669 3342 eum
3728 3297 3863 3342 non
3915 3276 4191 3360 probare
4234 3297 4326 3341 ex
4369 3275 4565 3360 ipsius

2621 3364 2828 3431 verbo
2857 3362 3245 3447 colligimus.
3313 3361 3539 3444 Quare
3573 3364 3701 3428 11101
3747 3362 3830 3428 ad
3873 3362 4047 3428 hano
4086 3362 4395 3447 regulam
4437 3360 4565 3427 exi-

2623 3466 2866 3537 gantur
2918 3457 3077 3516 vota
3132 3450 3384 3529 omnia,
3441 3449 3611 3514 nihil
3667 3449 3795 3514 erit
3848 3449 3955 3515 vel
4013 3457 4267 3515 rectum
4314 3449 4424 3514 vel
4466 3448 4566 3512 fir·

2623 3558 2824 3602 mum.
2914 3534 3104 3601 Alter
3149 3556 3303 3601 vero
3347 3535 3545 3601 nimis
3587 3555 3847 3602 crassus
3891 3555 4074 3601 error
4129 3536 4405 3620 coargui

2625 3632 2753 3689 test
2811 3622 2880 3687 in
2939 3621 3246 3705 papistis‚
3303 3620 3474 3704 quod
3531 3620 3733 3686 stulte
3792 3620 3939 3706 plus
3983 3620 4128 3685 Deo
4171 3621 4565 3704 promittunt

2626 3729 2824 3792 quam
2865 3706 3001 3774 sint
3042 3706 3374 3773 solvendo.
3442 3707 3637 3773 Certe
3679 3707 3827 3791 plus
3865 3727 4063 3790 quam
4107 3725 4305 3773 caeca
4347 3724 4564 3788 super-

2627 3795 2735 3860 bia
2792 3803 2922 3870 est,
2988 3795 3119 3857 imo
3173 3791 3527 3860 diabolicus
3579 3793 3792 3858 furor:
3848 3792 4190 3858 mortalem
4237 3792 4564 3858 hominem

2628 3880 2801 3946 velle
2855 3877 3100 3963 aliquid
3146 3879 3226 3944 de
3270 3900 3389 3944 suo
3432 3879 3667 3944 afferre
3710 3878 3883 3962 quod
3926 3900 4057 3944 non
4105 3879 4458 3962 acceperit:
4500 3883 4566 3941 ut

2631 3968 2687 4032 si
2750 3967 2898 4050 quis
2954 3974 3192 4031 voveat
3248 3964 3534 4030 inediam
3595 3974 3733 4030 toto
3796 3966 3967 4029 vitae
4024 3985 4251 4045 cursu,
4313 3966 4372 4030 si
4434 3963 4566 4047 quis

2630 4073 2860 4119 somno
2905 4061 2973 4117 et
3007 4051 3390 4116 necessariis
3434 4051 3612 4116 vitae
3656 4049 3961 4116 subsidiis
3988 4050 4361 4131 renunciet,
4402 4052 4565 4114 insa·

2632 4140 2745 4203 nia
2820 4138 2982 4203 haec
3049 4139 3344 4202 omnium
3398 4158 3725 4203 consensu
3779 4136 4214 4202 damnabitur.
4309 4135 4571 4201 Nullum

2634 4245 2788 4309 ergo
2839 4224 3097 4310 placere
3154 4230 3363 4306 potest
3420 4220 3565 4288 Deo
3607 4244 3869 4298 munus,
3916 4222 4042 4287 nisi
4084 4222 4254 4305 quod
4300 4242 4421 4306 pro
4465 4240 4570 4286 sua

2633 4313 2703 4375 in
2748 4331 2868 4376 nos
2910 4308 3305 4374 liberalitate
3347 4308 3646 4375 contulit.
3736 4308 3918 4390 Quid
3961 4318 4182 4373 autem
4223 4310 4298 4373 in
4344 4315 4571 4392 papatu

2635 4395 2909 4480 agitur?
2999 4394 3345 4471 Monachi,
3401 4394 3724 4461 moniales
3783 4404 3848 4459 et
3899 4394 4174 4461 sacrifici
4233 4394 4320 4458 ad
4362 4413 4573 4476 perpe-

2636 4490 2826 4547 tuum
2863 4480 3252 4548 caelibatum
3282 4502 3354 4547 00
3389 4481 3831 4565 obstringunt,
3874 4501 3995 4546 nec
4038 4480 4432 4564 expendunt
4469 4498 4569 4562 pe·

2639 4569 2885 4634 culiare
2944 4589 3086 4634 esse
3159 4567 3607 4633 continentiae
3673 4566 3936 4632 donum.
4024 4567 4133 4632 Ita
4187 4566 4349 4630 dum
4395 4583 4571 4629 nemo

2638 4654 2718 4720 ad
2776 4654 3110 4720 facultatis
3164 4673 3323 4720 snae
3364 4654 3632 4719 modum
3666 4652 3959 4736 respicit,
4000 4654 4240 4719 misere
4283 4673 4358 4717 se
4400 4670 4570 4735 prae-

2636 4740 2933 4823 cipitant,
2977 4739 3083 4806 vel
3129 4739 3431 4805 exitiales
3472 4739 3763 4804 induunt
3805 4739 4089 4822 laqueos.
4134 4737 4410 4804 Adhaec
4450 4736 4567 4801 sin-

2638 4826 2812 4911 gulis
2878 4825 3181 4892 habenda
3237 4836 3339 4892 est
3390 4825 3750 4892 vocationis
3804 4845 3960 4891 suae
4020 4826 4203 4891 ratio.
4310 4822 4571 4890 Addicet

2639 4934 2709 4978 se
2770 4909 3092 4996 quispiam
3150 4911 3514 4978 monachus
3571 4910 3793 4977 abbati
3836 4919 3912 4976 ut
3954 4911 4162 4994 patris
4207 4913 4431 4994 iugum
4474 4929 4571 4973 ex·

2638 4999 2879 5064 cutiat:
2927 5001 3036 5082 qui
3074 4997 3156 5064 ad
3191 4998 3481 5081 gerenda
3514 4997 3777 5080 publica
3811 4999 4073 5082 negotia
4106 4996 4378 5062 idoneus
4423 4999 4567 5069 erat,

2640 5084 2864 5151 liberis
2919 5084 3139 5150 valere
3199 5084 3423 5158 iussis,
3469 5083 3899 5150 monachatus
3946 5093 4312 5166 praetextu,
4358 5083 4571 5145 immu-

2640 5172 2916 5236 nitatem
2970 5170 3276 5252 captabit.
3364 5168 3544 5234 Hinc
3597 5180 3894 5253 apparet,
3952 5192 4037 5235 ex
4097 5169 4397 5234 voventis
4438 5183 4565 5248 per-

2645 5276 2806 5320 sona
2869 5252 3348 5321 aestimandum
3395 5277 3537 5321 esse
3583 5268 3839 5333 votum,
3904 5273 4124 5320 ratum
4169 5275 4313 5319 esse
4357 5251 4568 5317 debeat

2649 5362 2870 5407 necne.
2961 5338 3094 5407 Sed
3152 5341 3222 5405 in
3282 5343 3415 5406 fine
3468 5344 3610 5426 ipso
3655 5342 4044 5427 gravissime
4088 5352 4154 5406 et
4193 5340 4397 5424 magis
4438 5333 4564 5404 vul-
