4867 6150
461 490 594 560 725

1943 484 2197 554 FIMS
2246 486 2364 552 Em
2405 484 2645 555 USUS
2690 480 2995 552 LEGIS.

4379 486 4505 553 726

1777 904 2113 999 FINIS
2187 906 2351 998 ET
2416 901 2735 998 USUS
2801 899 3200 996 LEGIS.

641 1211 986 1293 Quatenus
1032 1213 1105 1278 in
1162 1211 1309 1295 lege
1369 1207 1734 1277 ostenditur
1779 1208 2127 1275 discrimen
2166 1208 2320 1273 boni
2368 1217 2433 1272 et

457 1299 648 1379 mali,
691 1298 775 1363 ad
811 1296 1218 1365 formandam
1244 1297 1589 1363 hominum
1611 1297 1817 1362 vitam
1843 1294 1994 1360 data
2037 1308 2156 1372 est,
2201 1301 2273 1357 ut
2294 1314 2433 1358 me-

461 1388 595 1452 rito
621 1395 897 1451 vocetur
940 1386 1105 1450 bene
1150 1394 1217 1447 et
1257 1385 1428 1449 iuste
1452 1381 1720 1448 vivendi
1766 1380 2014 1464 regula.
2060 1382 2279 1462 Atque
2326 1378 2432 1443 hic

461 1472 619 1538 finis
667 1470 833 1553 legis
890 1469 1194 1536 omnibus
1249 1469 1387 1534 fere
1443 1477 1640 1533 nctus
1695 1475 1822 1533 est:
1892 1467 2047 1548 quia
2090 1465 2234 1531 sine
2277 1485 2431 1530 con-

460 1559 790 1623 troversia
850 1556 1141 1620 fatentur
1214 1574 1444 1619 omnes
1506 1552 1724 1618 Deum
1788 1552 1922 1617 illic
1986 1548 2429 1634 praescribere

464 1642 625 1726 quid
684 1650 936 1708 rectum
983 1640 1101 1717 sit,
1146 1662 1231 1706 ne
1274 1640 1508 1707 incerti
1552 1650 1689 1704 tota
1732 1639 1874 1705 vita
1916 1658 2240 1703 erremus:
2277 1636 2431 1719 quia

461 1741 539 1794 ut
591 1730 731 1794 eius
787 1727 1099 1793 voluntas
1140 1725 1434 1810 perfecta
1477 1734 1578 1791 est
1620 1724 1728 1790 lex
1764 1725 2070 1803 iustitiae,
2115 1723 2208 1787 ita
2251 1723 2429 1787 solus

460 1833 586 1879 nos
629 1813 912 1898 dirigere
964 1813 1037 1877 in
1082 1833 1353 1897 scopum
1389 1818 1624 1897 potest.
1711 1809 2121 1875 Naturaliter
2163 1807 2429 1892 quidem

460 1898 794 1982 insculpta
852 1906 955 1963 est
1013 1898 1167 1962 boni
1213 1906 1280 1962 et
1322 1897 1478 1963 mali
1538 1896 1774 1961 notitia
1832 1894 2240 1970 hominibus,
2303 1914 2429 1976 quo

458 1981 822 2049 reddantur
861 1982 1374 2050 inexcusabiles:
1421 2004 1543 2049 nec
1595 1982 1730 2047 ulla
1760 2002 2052 2064 unquam
2099 1980 2430 2045 barbaries

458 2071 672 2136 lucem
701 2070 871 2136 hanc
915 2069 1079 2135 adeo
1122 2069 1462 2149 exstinxit,
1507 2069 1666 2152 quin
1711 2068 1947 2150 ubique
1975 2066 2266 2150 viguerit
2310 2065 2429 2130 ali-

456 2176 589 2240 qua
622 2156 844 2241 legum
879 2154 1115 2221 forma:
1154 2176 1388 2220 verum
1424 2175 1628 2239 quum
1663 2153 2089 2237 praecipuum
2133 2151 2429 2218 iustitiae

343 2276 352 2286 ·
455 2247 652 2325 caput
716 2240 804 2306 sit
868 2240 1130 2306 obedire
1195 2241 1371 2319 Dec,
1439 2237 1758 2325 singulari
1822 2237 2204 2322 privilegi0,
2252 2244 2429 2303 recte

454 2326 724 2394 vivendi
776 2327 1141 2393 doctrinam
1186 2329 1257 2391 in
1302 2325 1506 2395 electo
1542 2325 1815 2408 populo,
1876 2332 2188 2407 tanquam
2235 2322 2432 2407 adop-

451 2412 654 2478 tionis
698 2432 857 2478 suae
901 2414 1174 2496 pignus,
1222 2410 1540 2495 deposuit.
1630 2410 1810 2475 Hinc
1853 2410 2217 2488 sententiae
2262 2430 2431 2493 01188

452 2498 654 2564 toties
698 2498 867 2582 apud
893 2497 1129 2565 Mosen
1173 2508 1557 2563 occurrunt:
1595 2495 1938 2580 Praecipio
1984 2496 2121 2575 tibi,
2164 2502 2240 2560 ut
2283 2515 2429 2561 cus-

453 2584 696 2664 todias,
757 2594 823 2650 et
880 2584 1097 2650 facias.
1202 2584 1552 2673 Caeterum
1610 2582 1765 2666 quia
1822 2581 2119 2648 carnales
2179 2601 2428 2660 sumus,

455 2668 842 2737 venumdati
886 2668 1009 2735 sub
1054 2676 1349 2753 peccato,
1407 2676 1663 2734 tantum
1726 2667 1944 2747 abest,
2003 2675 2080 2732 ut
2123 2675 2428 2751 suppetat

455 2756 643 2822 nobis
678 2755 959 2822 facultas
995 2755 1075 2820 ad
1114 2755 1348 2839 legem,
1393 2775 1561 2838 quae
1596 2753 1962 2837 spiritualis
1999 2761 2117 2832 est,
2154 2752 2430 2835 implen-

458 2840 642 2920 dam,
685 2849 767 2907 ut
807 2841 951 2907 eius
995 2842 1283 2906 iustitiae
1329 2847 1702 2923 repugnent
1746 2861 1973 2904 omnes
2018 2846 2281 2904 nostrae
2326 2858 2429 2904 co-

455 2928 837 3011 gitationes:
906 2928 1102 2994 sicuti
1169 2925 1324 2992 alibi
1391 2928 1578 2991 docet
1642 2926 1897 2991 Paulus
1952 2924 2170 3008 (Rom.
2232 2924 2292 3003 8,
2340 2922 2425 3010 7).

453 3013 637 3098 Ergo
673 3014 785 3097 qui
830 3012 966 3078 8010
1012 3011 1287 3079 docendi
1332 3032 1456 3077 usu
1497 3011 1792 3079 contenti
1835 3021 2009 3092 sunt,
2052 3011 2226 3076 male
2271 3011 2427 3077 sub-

456 3100 699 3165 sistunt
742 3099 811 3163 in
851 3120 984 3163 una
1024 3107 1242 3182 parte:
1287 3099 1440 3181 quia
1482 3098 1669 3164 nulla
1713 3096 1867 3163 inde
1903 3098 2250 3181 proveniet
2295 3096 2423 3161 uti-

456 3183 636 3262 litas,
680 3183 992 3267 quamdiu
1036 3183 1449 3250 manebimus
1492 3185 1561 3248 in
1606 3192 1848 3249 natura
1886 3197 2213 3267 corrupta.
2278 3182 2422 3247 Imo

456 3269 733 3336 simulac
786 3268 1007 3353 prodit
1048 3270 1159 3334 181
1200 3269 1272 3333 111
1318 3267 1625 3349 medium,
1673 3270 1992 3352 capitibus
2036 3269 2278 3334 nostris
2324 3270 2422 3334 in-

457 3353 710 3422 cumbit
766 3355 1135 3422 maledictio
1198 3354 1350 3439 Dei,
1419 3377 1493 3422 ac
1560 3356 1617 3420 si
1681 3377 1717 3421 e
1784 3355 1963 3421 coelo
2022 3354 2424 3419 fulminaret.

453 3440 605 3507 Non
683 3461 1034 3526 congeram
1101 3461 1529 3525 quaecunque
1591 3440 1663 3506 in
1731 3440 1905 3507 hanc
1965 3462 2108 3506 rem
2173 3441 2427 3506 faciunt

456 3527 867 3603 testimonia,
918 3527 1201 3593 sufficiat
1254 3547 1428 3592 unus
1492 3547 1650 3609 prae
1716 3526 1863 3593 aliis
1920 3527 2202 3611 insignis
2247 3527 2429 3592 locus

455 3610 674 3699 (Rom.
702 3613 760 3694 7,
800 3610 938 3698 12):
974 3613 1101 3693 lex,
1134 3614 1353 3696 inquit
1385 3612 1657 3692 Paulus,
1695 3619 1927 3677 sancta
1970 3613 2086 3690 det,
2132 3624 2197 3679 et
2240 3633 2428 3695 prae-

453 3705 717 3781 ceptum
753 3698 1003 3764 iustum
1027 3708 1092 3763 et
1115 3697 1395 3763 bonum:
1443 3697 1557 3763 sed
1598 3705 1954 3782 peccatum,
2000 3705 2078 3762 ut
2112 3706 2431 3782 appareat

456 3792 828 3867 peccatum,
885 3804 1003 3867 per
1058 3783 1128 3848 id
1184 3782 1360 3868 quod
1405 3784 1644 3850 bonum
1685 3794 1824 3847 erat
1866 3793 2147 3848 mortem
2193 3784 2424 3868 gignit.

455 3873 787 3953 Asperum
844 3868 1109 3951 quidem
1153 3878 1255 3934 est
1299 3868 1469 3953 quod
1517 3869 1671 3934 alibi
1717 3868 1877 3936 dicit
1921 3867 2139 3954 (Rom.
2187 3869 2248 3951 4,
2296 3868 2427 3956 15),

455 3956 673 4039 legem
714 3955 880 4020 ira'm
928 3955 1219 4037 operari,
1271 3966 1336 4021 et
1379 3966 1647 4039 propter
1689 3956 2242 4039 transgressiones
2285 3976 2427 4021 esse

457 4040 770 4123 positam:
808 4060 1044 4122 nempe
1079 4038 1455 4106 hominibus
1493 4040 1787 4123 profanis
1823 4043 1935 4124 qui
1978 4049 2239 4107 tantum
2274 4041 2423 4124 phi-

458 4125 788 4210 losophice
837 4124 1149 4192 iudicant.
1237 4125 1363 4191 Ille
1412 4146 1569 4193 vero
1613 4127 1778 4211 legis
1822 4149 1979 4193 usus
2023 4127 2426 4212 theologicus

459 4223 576 4289 est,
608 4212 762 4295 quia
797 4211 965 4275 nihil
1002 4209 1180 4276 aliud
1215 4220 1432 4296 potest
1475 4233 1669 4296 quam
1719 4211 2086 4297 detegendo
2132 4223 2424 4278 nostram

457 4297 883 4376 iniustitiam,
943 4305 1219 4362 mortem
1277 4297 1599 4363 duntaxat
1657 4298 1891 4364 afferro
1952 4297 2129 4384 (Gal.
2188 4299 2250 4380 3,
2297 4298 2424 4384 10).

456 4382 592 4447 Hic
618 4393 836 4447 autem
881 4394 1229 4467 emergunt
1271 4384 1713 4449 tumultuosae
1756 4385 2185 4468 quaestiones,
2231 4406 2426 4469 quor-

458 4489 608 4534 sum
643 4468 919 4533 attineat
956 4470 1326 4552 praecipere
1366 4489 1531 4551 quae
1567 4470 1954 4552 praestando
1990 4492 2120 4536 non
2165 4492 2427 4537 sumus:

460 4572 581 4618 cur
618 4553 876 4619 miseris
912 4554 1147 4621 illudat
1170 4556 1367 4632 Deus,
1415 4576 1581 4620 onus
1616 4554 1961 4638 imponens
1997 4576 2126 4638 quo
2160 4576 2427 4639 prorsus

460 4638 855 4705 obruantur:
917 4638 1237 4723 quomodo
1291 4640 1642 4706 conveniat
1685 4641 1896 4725 legem
1943 4640 2113 4718 dari,
2168 4652 2243 4707 ut
2281 4662 2427 4708 eam

461 4725 908 4803 observemus,
949 4733 1015 4789 et
1036 4735 1254 4793 tamen
1285 4726 1533 4794 viribus
1557 4725 1855 4792 destitui:
1882 4728 2095 4793 sinon
2119 4734 2218 4793 est
2241 4728 2428 4794 nobis

462 4810 670 4876 libera
702 4809 860 4875 boni
899 4819 963 4874 et
1004 4812 1162 4880 mali
1206 4812 1468 4890 electiO,
1516 4833 1630 4878 cur
1678 4813 1835 4879 vitio
1880 4814 2067 4879 nobis
2111 4821 2426 4892 vertatur,

508 4905 729 4963 eccato
787 4894 896 4962 cui
953 4898 1342 4964 naturaliter
1405 4919 1634 4966 sumus
1678 4898 1940 4979 addicti,
1986 4898 2425 4967 succumbere.

504 5006 546 5047 n
614 4979 1075 5049 coacervandis
1138 4983 1380 5051 talibus
1445 4984 1792 5051 calumniis
1858 4984 2047 5051 valde
2101 4985 2427 5071 ingeniosi

465 5077 626 5134 sunt
690 5068 817 5135 Dei
874 5068 1126 5148 hostes,
1184 5078 1252 5134 et
1299 5069 1382 5135 ad
1440 5092 1551 5136 eas
1597 5069 2087 5154 amplificandas
2130 5071 2426 5137 facundi:

464 5173 702 5220 verum
754 5154 868 5219 ubi
922 5153 1146 5218 omnia
1191 5158 1604 5222 evomuerint
1637 5177 1807 5240 quae
1841 5156 1972 5221 illis
2016 5157 2262 5223 furiosa
2304 5158 2428 5223 im-

463 5240 758 5323 probitas
804 5240 1176 5317 dictaverit,
1238 5262 1495 5323 semper
1539 5263 1649 5308 eos
1692 5242 1854 5308 satis
1888 5261 2214 5328 superque
2252 5243 2428 5308 refu-

464 5325 633 5391 tabit
666 5326 934 5409 propria
967 5325 1397 5392 conscientia:
1432 5328 1587 5410 quia
1619 5327 1813 5393 fateri
1857 5339 2172 5414 cogentur
2215 5329 2430 5415 legem

463 5431 613 5479 esse
653 5412 928 5492 iustam,
985 5422 1054 5478 et
1086 5433 1286 5496 quum
1327 5412 1698 5479 voluntatic
1743 5415 1983 5482 affectu
2026 5437 2172 5482 eam
2216 5424 2430 5482 trans-

2540 1204 2964 1290 grediuntur,
3031 1204 3270 1270 merito
3336 1225 3405 1270 88
3461 1203 3779 1270 (1811111811.
3882 1202 4287 1289 Obstrepunt
4334 1205 4505 1285 Deo,

2536 1299 2615 1357 ut
2655 1291 2938 1368 libuerit,
2982 1291 3206 1372 inique
3248 1291 3395 1374 plus
3440 1292 3657 1356 oneris
3693 1292 4031 1373 imponere
4073 1312 4267 1375 quam
4311 1312 4502 1375 pares

2537 1379 2672 1443 sint
2727 1376 2808 1442 ad
2864 1375 3227 1453 ferendum,
3270 1377 3603 1442 convictos
3646 1376 3894 1443 tenebit
3936 1386 4209 1443 naturae
4249 1399 4500 1463 sensus,

2536 1463 2702 1540 Deo,
2755 1460 3067 1546 quidquid
3112 1461 3234 1528 81111
3276 1462 3599 1545 praestari
3640 1462 3841 1543 iubet,
3887 1461 4124 1529 deberi.
4211 1463 4357 1529 Iam
4402 1463 4500 1530 vi-

2539 1547 2822 1614 dendum
2881 1557 2983 1614 est
3038 1547 3306 1613 ubinam
3363 1548 3646 1614 resideat
3688 1548 3906 1632 culpa,
3960 1548 4130 1632 011οᾶ
4188 1548 4501 1616 solvendo

2537 1654 2673 1699 non
2710 1644 2882 1700 sunt.
2946 1633 3144 1700 Certe
3181 1655 3325 1699 eam
3361 1654 3401 1698 a
3436 1655 3507 1700 se
3541 1635 3791 1701 frustra
3825 1633 4091 1701 18110818
4136 1637 4500 1717 tentabunt,

2536 1721 2691 1804 quia
2733 1742 2962 1786 rursus
3017 1720 3414 1786 conscientia
3472 1742 3542 1786 se
3598 1743 3683 1785 81
3733 1720 4028 1804 opposito
4073 1721 4362 1806 ingeret,
4423 1742 4500 1789 ac

2536 1807 2942 1890 constringet
2974 1804 3305 1873 insolubili
3342 1815 3549 1873 reatu.
3613 1807 3826 1872 Docet
3860 1816 4081 1872 autem
4120 1815 4257 1873 tota
4292 1807 4498 1891 scrip-

2536 1902 2717 1971 tura,
2777 1901 3051 1958 naturae
3108 1902 3372 1958 nostrae
3439 1894 3855 1975 corruptione
3912 1892 4161 1957 factum
4218 1915 4360 1959 esse
4426 1907 4500 1959 ut

2535 1977 2663 2061 legi
2690 1985 3059 2062 repugnent
3094 1998 3320 2043 omnes
3355 1978 3570 2043 nostri
3604 1978 3894 2056 affectus,
3930 1987 3995 2044 et
4029 1979 4173 2061 ipsa
4210 1979 4501 2045 vicissim

2534 2064 2724 2128 nobis
2787 2062 3194 2129 adversetur.
3283 2063 3501 2129 Adam
3556 2065 3732 2130 enim
3778 2086 3818 2130 a
3862 2064 4004 2128 Deo
4049 2065 4263 2130 omnis
4305 2065 4499 2131 iusti-

2534 2149 2667 2214 tiae
2723 2148 2905 2222 fonte
2960 2148 3320 2230 alienatus,
3379 2171 3452 2215 se
3510 2158 3579 2215 et
3632 2172 3752 2216 nos
3808 2149 4112 2233 perdidit.
4204 2150 4380 2217 Η1110
4422 2154 4501 2217 fit

2533 2244 2612 2299 ut
2654 2257 2786 2300 non
2833 2245 3091 2301 tantum
3134 2235 3216 2299 ad
3261 2235 3722 2318 praestandum
3765 2234 3908 2300 Dec
3951 2236 4335 2320 obsequium
4379 2260 4500 2304 nos

2534 2322 2711 2387 vires
2746 2318 3072 2398 deficiant,
3117 2321 3232 2387 sed
3271 2332 3345 2386 ut
3388 2341 3578 2388 caeco
3623 2332 3689 2386 et
3732 2322 4073 2406 praecipiti
4116 2321 4371 2406 impetu
4415 2323 4499 2388 ad

2535 2405 3000 2474 excutiendum
3076 2407 3214 2473 eius
3281 2409 3508 2492 iugum
3575 2410 3893 2474 ferantur.
3993 2407 4172 2474 Hinc
4249 2408 4499 2493 colligit
4600 2412 4601 2423 ’

2534 2492 2783 2558 Paulus
2819 2514 2938 2558 nos
2974 2514 3115 2558 esse
3150 2493 3549 2572 maledictos,
3586 2494 3742 2577 01118
3777 2494 3888 2558 181
3923 2493 4302 2559 maledictos
4347 2516 4499 2578 pro-

2533 2579 2804 2645 nunciat
2838 2593 3067 2644 omnes
3117 2586 3637 2663 transgressores
3666 2578 3843 2667 (Gal.
3869 2579 3929 2659 3,
3976 2579 4102 2667 10).
4193 2580 4498 2646 Ridicula

2532 2665 2708 2731 enim
2766 2664 2892 2730 erit
2933 2665 3242 2745 obiectiO,
3294 2666 3366 2730 in
3425 2665 3632 2732 libero
3686 2666 4000 2749 cuiusque
4044 2666 4311 2732 arbitrio
4356 2687 4499 2732 esse

2532 2772 2665 2815 non
2721 2750 3124 2835 transgredi,
3185 2752 3341 2834 quia
3394 2751 3562 2816 nihil
3614 2753 3685 2817 in
3726 2752 3916 2818 nobis
3961 2752 4325 2836 reperietur
4369 2754 4500 2819 nisi

2531 2837 2860 2903 vitiosum.
2947 2837 3040 2902 Et
3087 2847 3266 2902 certe
3322 2836 3523 2903 nimis
3582 2837 3886 2920 pudenda
3936 2837 4065 2903 fuit
4123 2859 4347 2905 eorum
4392 2859 4495 2904 so-

2531 2920 2750 2990 cordia
2771 2923 2880 3005 qui
2903 2932 3225 3005 putarunt
3249 2923 3419 2988 nihil
3440 2923 3845 3007 impossibile
3881 2925 4198 3008 praecipi:
4233 2924 4496 3007 quando

2530 3010 2600 3074 in
2646 3009 2935 3075 minimis
2979 3009 3346 3094 quibusque
3389 3031 3459 3077 88
3503 3010 3723 3095 prodit
3758 3032 3890 3075 non
3935 3008 4128 3077 modo
4174 3010 4495 3087 debilitas,

2529 3095 2645 3163 sed
2680 3093 2998 3176 ἀδυναμία.
3087 3094 3237 3161 Etsi
3272 3106 3492 3162 autem
3528 3096 3774 3162 Paulus
3810 3097 3967 3162 dicit
3995 3094 4081 3183 (2.
4122 3096 4273 3164 Cor.
4312 3098 4371 3176 3,
4408 3095 4498 3184 6),

2529 3182 2743 3266 legem
2805 3179 2991 3248 nobis
3057 3203 3201 3247 8888
3256 3183 3684 3261 mortiferam,
3731 3204 3875 3248 eam
3922 3192 4141 3249 tamen
4187 3182 4269 3248 ab
4312 3184 4497 3249 omni

2528 3267 2767 3351 probro
2825 3267 3145 3345 vindicat,
3210 3269 3318 3334 ubi
3372 3268 3623 3334 malum
3682 3268 3847 3333 illud
3907 3270 4307 3336 accidentale
4350 3291 4497 3336 esse

2530 3352 2751 3437 docet,
2810 3352 3085 3437 ideoque
3142 3354 3333 3420 nobis
3389 3354 3871 3439 imputandum.
3976 3356 4219 3421 Fixum
4271 3358 4494 3438 itaque

2528 3446 2824 3519 maneat,
2887 3439 3100 3523 legem
3146 3460 3276 3504 non
3321 3440 3536 3506 solum
3582 3440 3853 3507 docendi
3899 3462 4098 3506 081188
4142 3462 4284 3506 8888
4327 3442 4497 3526 posi-

2530 3533 2689 3606 tam,
2725 3535 2800 3591 ut
2819 3525 3119 3591 homines
3141 3525 3311 3610 quod
3350 3535 3602 3591 rectum
3640 3548 3780 3592 esse
3816 3526 4183 3607 didicerint,
4216 3549 4494 3610 sequan-

2529 3618 2671 3675 tur:
2730 3612 2843 3677 sed
2905 3610 2985 3676 ad
3046 3612 3226 3694 ipsos
3270 3613 3715 3695 coarguendos
3758 3613 4064 3696 propriae
4105 3614 4493 3696 iniquitatis,

2530 3707 2607 3761 ut
2663 3716 2734 3763 se
2787 3695 3075 3779 perditos
3131 3708 3521 3783 agnoscant:
3570 3720 3645 3765 ac
3689 3700 3744 3764 si
3788 3699 4132 3764 interitum
4168 3720 4361 3764 suum
4407 3719 4493 3763 81

2530 3782 2703 3848 iusta
2775 3783 2906 3847 Dei
2986 3782 3279 3850 vindicta
3342 3785 3410 3849 in
3478 3784 3738 3867 speculo
3802 3792 4165 3852 cernerent.
4271 3787 4493 3868 Atque

2531 3867 2693 3935 haec
2750 3867 3012 3951 quidem
3072 3869 3359 3954 cognitio
3403 3891 3522 3953 per
3565 3891 3635 3936 88
3681 3870 3981 3935 horribili
4035 3870 4491 3953 desperatione

2529 3974 2760 4020 omnes
2803 3953 3139 4035 obrueret,
3193 3956 3324 4021 nisi
3366 3977 3450 4021 ex
3493 3954 3815 4038 profunda
3856 3957 3970 4022 illa
4009 3958 4244 4041 abysso
4287 3978 4493 4023 emer-

2528 4049 2776 4123 gerent.
2874 4039 3209 4121 Quoniam
3275 4043 3447 4107 enim
3505 4061 3753 4108 vesana
3809 4041 4205 4108 confidentia
4245 4042 4493 4129 turgidi

2528 4124 2790 4191 laudem
2852 4128 3025 4192 iuste
3089 4128 3359 4194 vivendi
3425 4127 3546 4194 sibi
3612 4138 3954 4212 arrogant,
4014 4131 4336 4213 prosterni
4381 4150 4492 4194 eos

2528 4233 2793 4278 necesse
2849 4223 2980 4278 est:
3040 4214 3325 4298 primum
3385 4220 3458 4279 ut
3511 4213 3805 4279 damnati
3840 4214 4097 4280 discant
4138 4215 4491 4299 confugere

2529 4299 2611 4362 ad
2672 4297 2806 4362 Dei
2860 4299 3407 4364 misericordiam:
3469 4298 3706 4365 deinde
3765 4311 3840 4365 ut
3889 4321 4047 4365 suae
4088 4301 4491 4368 infirmitatis

2530 4384 2831 4462 convicti,
2866 4385 3137 4469 spiritus
3171 4387 3380 4450 sancti
3418 4387 3733 4451 auxilium
3770 4387 4143 4470 implorent,
4187 4385 4358 4469 011οᾶ
4389 4408 4491 4452 se·

2530 4489 2684 4536 cure
2719 4471 2905 4554 prius
2948 4470 3387 4554 negligebant.
3470 4472 3663 4538 Unde
3706 4483 3976 4555 apparet
4018 4472 4196 4556 ipsos
4240 4472 4494 4538 utiliter

2530 4579 2569 4621 a
2619 4555 2763 4640 lege
2812 4557 3036 4633 occidi,
3081 4567 3150 4621 et.
3191 4563 3469 4621 mortem
3515 4578 3681 4641 01180
3718 4559 4049 4641 irrogatur
4091 4580 4233 4625 esse
4280 4560 4491 4625 vivifi-

2529 4664 2691 4707 cam.
2779 4641 2858 4706 Id
2905 4649 3128 4707 autem
3172 4643 3248 4707 fit
3292 4641 3543 4709 duobus
3584 4643 3828 4721 modis,
3875 4645 4028 4727 quia
4069 4667 4260 4711 caeca
4301 4646 4491 4709 iusti-

2530 4727 2660 4794 tiae
2700 4729 3001 4811 propriae
3046 4729 3347 4811 opinione
3392 4750 3520 4812 qua
3563 4729 4028 4813 superbiebant
4070 4732 4272 4809 exuti,
4318 4729 4493 4811 quod

2527 4813 2694 4879 falso
2762 4813 3086 4896 putabant
3149 4814 3323 4898 apud
3375 4836 3446 4880 se
3491 4815 3763 4896 reperiri
3816 4837 4032 4898 posse,
4092 4817 4161 4880 in
4221 4814 4489 4881 Christo
4574 4885 4578 4898 ‚

2531 4919 2842 4983 quaerere
2875 4900 3220 4983 incipiunt,
3268 4909 3341 4965 ut
3382 4902 3670 4985 gratuita
3705 4901 4227 4968 reconciliatione
4271 4901 4492 4984 place·

2531 4993 2648 5050 ant
2691 4985 2854 5065 Deo,
2899 5006 3091 5067 quem
3137 4986 3397 5069 placare
3442 4996 3595 5052 ante
3638 4986 3944 5054 volebant
3986 5007 4251 5069 operum
4299 4988 4492 5052 meri-

2529 5072 2634 5137 tis.
2725 5070 3030 5137 Secundo
3089 5070 3348 5137 discunt
3399 5093 3482 5138 ne
3526 5073 3610 5137 ad
3653 5074 3996 5138 minimum
4043 5072 4303 5156 quidem
4348 5072 4490 5156 api-

2529 5178 2671 5222 cem
2705 5154 2870 5241 legis
2905 5156 3369 5239 praestandum
3410 5178 3482 5222 se
3526 5179 3668 5224 esse
3711 5158 3992 5237 idoneos,
4037 5159 4163 5224 nisi
4208 5158 4489 5242 regeniti

2531 5241 2663 5307 Dei
2698 5243 2935 5326 spiritu
2969 5244 3258 5310 iustitiae
3298 5244 3561 5323 vivant,
3607 5245 3717 5327 qui
3757 5257 4023 5328 peccato
4066 5257 4258 5310 erant
4300 5265 4486 5309 man-

2534 5328 2749 5411 cipati.
2801 5329 3020 5412 Atque
3054 5329 3212 5396 hinc
3247 5328 3510 5396 demum
3546 5350 3618 5395 se
3654 5332 3899 5415 profert
3942 5329 4190 5397 utilitas
4225 5343 4291 5396 et
4310 5331 4485 5395 fruc-

2538 5423 2644 5480 tus
2702 5413 3069 5498 doctrinae,
3127 5415 3282 5500 quia
3325 5415 3529 5482 donec
3572 5416 3870 5483 renovati
3912 5418 4151 5496 simus,
4196 5426 4263 5481 et
4303 5418 4486 5482 Deus

3968 5516 4071 5572 460
