4867 6150
344 479 475 547 685

344 668 611 736 elicitur
633 667 901 734 nonnisi
935 668 1016 734 de
1039 666 1237 734 rebus
1276 668 1506 733 furtim
1545 664 1781 732 ablatis
1818 664 1924 729 vel
1964 662 2045 728 de
2080 663 2311 729 fraude

347 752 637 820 admissa
701 754 1017 838 praecipi:
1085 761 1162 820 ut
1225 754 1336 836 qui
1399 751 1525 818 sibi
1591 751 1762 816 male
1825 749 2129 816 conscius
2191 757 2311 826 est,

346 841 671 907 iacturam
739 841 996 906 sarciat.
1097 838 1482 905 Notandum
1541 858 1699 904 vero
1758 843 1885 915 est,
1953 835 2166 920 legem
2227 834 2309 899 ad

349 926 700 993 occultiora
735 926 911 991 furta
939 934 1255 1009 spectare,
1301 946 1469 1009 quae
1503 924 1576 989 111
1610 921 1929 989 iudicium
1963 920 2141 987 trahi
2178 940 2313 985 non

350 1012 596 1079 solent:
656 1011 780 1078 hac
825 1008 906 1077 de
970 1031 1167 1078 causa
1224 1010 1492 1077 dicitur:
1554 1009 1628 1076 Si
1665 1007 2087 1092 peccaverint
2129 1027 2314 1072 more

349 1097 724 1177 hominum,
797 1118 881 1162 ne
948 1096 1431 1180 subterfugium
1497 1106 1766 1179 captent
1832 1116 1914 1159 ex
1981 1093 2312 1159 communi

351 1205 535 1258 more
586 1192 649 1247 et
708 1203 850 1248 usu.
942 1182 1269 1264 Quamvis
1313 1202 1471 1265 ergo
1517 1181 1835 1264 plurimos
1877 1179 2166 1244 habeant
2209 1199 2313 1243 so-

351 1272 504 1349 cios,
542 1279 742 1353 negat
782 1277 1003 1334 tamen
1050 1269 1234 1334 Deus
1274 1267 1342 1331 id
1390 1266 1474 1333 ad
1519 1265 2010 1332 excusationem
2056 1264 2313 1330 valere:

351 1353 624 1439 ideoque
682 1365 913 1438 sponte
958 1352 1231 1420 reddere
1274 1352 1453 1418 iubet
1498 1352 1668 1436 quod
1716 1350 2163 1416 fraudulenter
2210 1350 2313 1415 vel

349 1442 574 1524 inique
651 1439 734 1504 ad
826 1460 897 1505 se
974 1446 1344 1505 traxerunt.
1458 1439 1553 1504 At
1629 1439 1710 1503 de
1775 1456 1987 1521 poena
2051 1433 2313 1518 quidem

350 1528 515 1592 furti
548 1547 702 1592 mox
746 1526 1054 1592 disseret:
1102 1547 1279 1592 nunc
1324 1532 1587 1591 tantum
1633 1523 1968 1607 praecipit,
2011 1522 2317 1604 quamvis

352 1634 544 1679 nemo
587 1611 847 1696 legibus
891 1612 1237 1694 compellet
1279 1632 1388 1677 eos
1424 1611 1537 1695 qui
1579 1609 1991 1688 fraudarunt,
2037 1628 2156 1673 nec
2203 1606 2315 1671 de-

350 1696 673 1782 prehendi
723 1699 930 1781 possit
984 1718 1211 1763 eorum
1257 1697 1525 1776 crimen,
1584 1704 1658 1760 ut
1703 1694 2051 1779 diligenter
2091 1701 2315 1758 tamen

353 1805 508 1851 suas
564 1785 997 1850 conscientias
1055 1784 1471 1862 examinent,
1533 1789 1599 1847 et
1644 1782 1954 1846 delictum
2002 1778 2174 1863 quod
2219 1778 2315 1842 la-

354 1870 533 1936 tebat
578 1872 863 1954 ingenue
930 1870 1059 1953 ipsi
1117 1870 1484 1953 proferant:
1548 1868 1865 1933 damnum
1925 1868 2122 1931 etiam
2167 1863 2313 1929 illa·

352 1966 495 2021 tum
540 1967 996 2038 compensent,
1063 1955 1217 2039 quia
1258 1955 1403 2020 sine
1447 1955 1860 2020 restitutione
1925 1951 2172 2017 lusoria
2215 1972 2316 2015 es·

353 2050 454 2109 set
497 2041 835 2107 confessio.
925 2040 1119 2123 Quod
1187 2049 1417 2124 postea
1477 2039 1748 2106 additur
1808 2038 1984 2121 apud
2044 2038 2312 2102 Mosen:

353 2127 432 2194 Si
478 2148 670 2193 nemo
713 2136 931 2193 exstet
975 2128 1207 2192 haeres
1252 2128 1356 2192 cui
1402 2125 1718 2192 reddatur
1762 2124 2013 2189 furtum
2034 2174 2050 2202 ‚
2097 2130 2174 2188 ut
2208 2142 2314 2187 sa-

351 2213 601 2280 cerdoti
646 2213 947 2292 oflbrant,
990 2214 1140 2295 quia
1185 2212 1341 2278 alibi
1385 2212 1675 2295 exposui,
1721 2232 1897 2276 nunc
1941 2215 2312 2293 praetereo:

352 2301 482 2365 nisi
540 2297 709 2382 quod
756 2298 910 2363 inde
954 2298 1351 2382 colligimus,
1413 2320 1498 2362 ex
1552 2295 1895 2363 fraudibus
1952 2301 2020 2359 et
2063 2295 2314 2377 rapinis

349 2385 563 2451 labem
632 2384 933 2451 contrahi
993 2405 1159 2467 quae
1216 2404 1554 2466 nunquam
1614 2383 1888 2460 eluitur,
1935 2381 2064 2446 nisi
2123 2380 2313 2444 domo

351 2473 555 2537 rebus
614 2470 783 2536 male
838 2469 1050 2553 partis
1105 2468 1272 2535 bene
1329 2478 1626 2554 purgata.
1721 2467 1853 2535 Sed
1912 2466 2155 2533 oblatio
2200 2464 2314 2530 illa

351 2559 528 2624 inter
583 2557 731 2622 iura
783 2554 1194 2623 sacerdotum
1254 2566 1531 2622 tractata
1579 2555 1738 2621 fuit:
1785 2574 1959 2618 nunc
2003 2551 2085 2617 de
2126 2552 2316 2616 resti-

352 2645 606 2710 tutione
642 2644 735 2709 sic
763 2642 1139 2708 habendum
1178 2650 1294 2722 est,
1325 2642 1621 2725 quintam
1649 2649 1902 2723 partem
1942 2634 2310 2721 superaddi,

354 2751 488 2796 non
533 2739 668 2795 tam
715 2740 789 2793 ut
833 2728 1109 2793 ditescat
1146 2729 1256 2811 qui
1301 2729 1620 2794 iacturam
1663 2747 1900 2811 passus
1945 2735 2066 2800 est,
2113 2743 2310 2807 quam

351 2826 426 2881 ut
469 2814 597 2881 sibi
638 2834 867 2880 omnes
912 2834 992 2879 eo
1029 2813 1410 2897 diligentius
1443 2822 1723 2879 caveant
1765 2811 1847 2877 ab
1891 2813 2070 2876 omni
2117 2830 2312 2889 noxa,

398 2922 551 2967 uam
616 2900 898 2965 audiunt
962 2900 1098 2966 fore
1162 2922 1295 2965 non
1362 2899 1551 2965 modo
1609 2897 1735 2964 sibi
1793 2897 2132 2975 inutilem,
2197 2893 2313 2961 sed

397 3007 733 3053 amnosam
785 3007 1057 3069 quoque.
1145 2985 1335 3051 Adde
1393 2986 1565 3069 quod
1625 2984 1738 3050 ubi
1786 2983 2110 3068 quispiam
2164 3001 2312 3065 spo-

350 3074 549 3140 liatus
605 3083 704 3140 est
724 3124 740 3154 ,
800 3073 1010 3157 pluris
1066 3091 1263 3156 quam
1307 3092 1425 3155 pro
1471 3071 1700 3155 quinta
1742 3085 1931 3154 parte
1975 3088 2168 3153 saepe
2208 3069 2313 3134 in·

351 3167 557 3227 terest
597 3161 693 3226 rei
736 3179 892 3225 suae
937 3180 1061 3224 usu
1104 3157 1410 3224 caruisse.

927 3497 1060 3565 EX
1104 3497 1408 3567 EXODI
1448 3498 1721 3566 xxm

525 3672 584 3737 8.
635 3672 736 3738 Ne
778 3673 1058 3758 accipias
1099 3692 1366 3738 munus:
1419 3674 1576 3755 quia
1616 3689 1850 3738 munus
1890 3673 2174 3737 emeoat
2211 3669 2310 3734 vi·

352 3758 581 3838 devite-3,
626 3764 684 3824 et
713 3760 1016 3843 pervertit
1057 3759 1243 3825 verba
1284 3760 1615 3825 iustorum.
1974 3797 1978 3803 ·

974 4101 1106 4168 Ex
1145 4101 1450 4169 LEVI'P.
1487 4099 1687 4167 xlx.

532 4273 634 4340 15.
689 4273 835 4340 Non
885 4274 1086 4357 facies
1127 4274 1527 4355 iniquitatem
1566 4274 1638 4338 in
1679 4272 1949 4352 iudicio,
2003 4291 2126 4337 non
2167 4290 2311 4337 sus-

360 4361 553 4443 cipies
571 4360 801 4443 faciem
814 4361 1143 4442 pauperia,
1180 4379 1374 4442 neque
1405 4357 1740 4424 honorabis
1771 4376 2031 4425 causam
2058 4357 2277 4442 mayni
2289 4380 2311 4422 .-

358 4447 432 4513 in
474 4448 726 4513 iustitia
766 4445 1084 4512 iudicabis
1114 4447 1481 4529 proximum
1524 4450 1718 4510 tuum.

995 4787 1127 4854 Ex
1173 4787 1442 4856 DEU'I'.
1488 4787 1681 4854 XVI.

534 4962 635 5027 19.
688 4962 838 5027 Non
894 4960 1156 5041 inflectes
1198 4960 1539 5036 iudicium,
1597 4980 1720 5025 non
1765 4978 2059 5044 agnosces
2087 4979 2306 5041 perso-

358 5066 510 5113 nam
528 5100 542 5128 ,
587 5068 781 5131 neque
814 5048 1026 5129 capies
1068 5066 1334 5111 munus:
1376 5048 1533 5131 quia
1574 5063 1808 5112 munus
1848 5050 2130 5112 &caecat
2171 5065 2303 5111 ocu-

360 5134 455 5200 los
495 5135 870 5215 sapientum,
912 5137 970 5197 et
1000 5131 1300 5214 pervertit
1340 5132 1526 5198 verba
1568 5135 1898 5198 iustorum.
1962 5130 2066 5197 20.
2115 5131 2312 5197 Iusti-

359 5219 540 5299 tiam,
584 5221 896 5286 iustitiam
930 5218 1226 5300 88888113,
1269 5223 1338 5282 ut
1377 5220 1575 5299 vivcw,
1616 5223 1673 5286 et
1702 5220 2035 5303 possideas
2074 5222 2309 5284 terram

357 5325 551 5389 quam
596 5305 827 5372 Iehova
871 5304 1053 5371 Deus
1093 5309 1242 5369 tuus
1282 5304 1395 5368 dat
1436 5305 1566 5370 tibi.

1797 472 2251 542 OCTAVUM
2295 471 2948 540 PRAEOEPTUM.

4245 479 4378 546 686

2586 662 2800 729 Exodi
2844 663 2960 742 23,
3022 664 3081 730 8.
3134 666 3233 731 Ne
3273 667 3567 751 acciqn'aa
3658 667 3805 734 Hoc
3849 688 4059 752 genus
4103 665 4373 732 furandi

2413 749 2710 813 omnium
2773 762 2874 815 est
2935 749 3392 831 deterrimum,
3452 754 3562 818 ubi
3623 751 3873 820 iudices
3917 753 4023 820 vel
4070 751 4368 819 mercede

2416 835 2517 898 vel
2557 836 2772 917 gratia
2813 837 3122 920 corrupti,
3167 837 3452 903 fortunis
3497 848 3803 905 evertunt
3847 859 4011 923 quos
4046 838 4219 904 tueri
4265 838 4375 904 de-

2412 920 2674 987 bebant.
2763 920 2935 987 Nam
2995 943 3194 1005 quum
3253 944 3479 990 eorum
3538 924 3832 991 tribunal
3878 924 4065 1008 quasi
4108 944 4369 989 sacrum

2414 1007 2505 1069 sit
2562 1006 2821 1091 asylum
2881 1028 3006 1091 quo
3058 1009 3444 1095 confugiant
3500 1010 3876 1095 quicunque
3934 1010 4156 1094 inique
4213 1015 4372 1076 sunt

2414 1093 2729 1190 oppressi,
2774 1093 2940 1158 nihil
2986 1094 3326 1179 indignius
3371 1118 3565 1180 quam
3610 1096 3668 1163 si
3711 1095 3848 1162 illic
3892 1097 3964 1161 in
4008 1094 4371 1181 praedones

2414 1177 2727 1244 incidant.
2819 1178 3147 1245 Creantur
3201 1180 3450 1248 iudices
3507 1183 3619 1266 qui
3675 1182 3994 1249 maleficia
4053 1192 4121 1248 et
4161 1202 4371 1247 noxas

2415 1283 2643 1330 omnes
2684 1276 3133 1349 compescant:
3189 1287 3345 1350 ergo
3390 1269 3447 1333 si
3490 1269 3719 1335 favent
3763 1266 4095 1351 improbis,
4141 1267 4367 1333 furum

2416 1359 2577 1414 sunt
2634 1362 3103 1433 receptatores:
3175 1374 3303 1436 qua
3359 1363 3546 1438 peste
3603 1354 3771 1419 nihil
3830 1354 4045 1439 magis
4099 1353 4371 1418 exitiale

2419 1445 2537 1500 est.
2627 1434 2884 1502 Deinde
2957 1439 3111 1521 quia
3162 1458 3358 1504 omne
3415 1439 3595 1506 aliud
3656 1438 4021 1506 remedium
4080 1438 4371 1504 excludit

2418 1540 2642 1586 eorum
2718 1524 3068 1603 autoritas,
3130 1525 3408 1591 violenti
3462 1546 3720 1610 quoque
3778 1536 3937 1591 sunt
3988 1524 4375 1608 praedones.

2419 1604 2570 1686 Quo
2614 1608 2836 1689 itaque
2880 1610 3090 1675 maior
3133 1610 3262 1677 illis
3307 1621 3408 1677 est
3453 1611 3732 1678 nocendi
3777 1611 4067 1690 licentia,
4112 1622 4179 1676 et
4220 1610 4369 1692 plus

2420 1690 2642 1792 damni
2680 1694 2963 1759 afferunt
2999 1697 3261 1780 iniquae
3298 1719 3524 1764 eorum
3560 1699 3958 1778 sententiae,
3985 1717 4062 1762 eo
4093 1696 4367 1780 diligen-

2416 1785 2550 1843 tius
2614 1780 2924 1845 monendi
2987 1792 3143 1847 sunt
3203 1793 3277 1849 ut
3342 1782 3468 1850 sibi
3534 1784 3614 1849 ab
3670 1783 4017 1867 iniquitate
4072 1789 4371 1848 caveant.

2419 1863 2644 1945 Quare
2701 1867 3014 1948 peculiari
3075 1867 3374 1935 doctrina
3413 1872 3491 1934 'in
3537 1870 3750 1936 officio
3794 1868 4064 1935 retineri
4105 1889 4370 1934 necesse

2416 1950 2579 2029 fuit,
2648 1972 2731 2016 ne
2787 1973 2906 2018 suo
2964 1955 3325 2038 patrocinio
3381 1954 3560 2021 furta
3618 1964 3919 2040 tegerent
3974 1965 4042 2020 et
4096 1955 4375 2020 alerent.

2416 2035 2561 2100 Iam
2599 2047 2673 2101 ut
2708 2039 2985 2103 avaritia
3027 2038 3215 2105 radix
3262 2050 3361 2106 est
3393 2040 3685 2107 omnium
3731 2041 4074 2118 malorum,
4120 2041 4214 2105 ita
4256 2040 4369 2105 ubi

2415 2120 2702 2187 iudicum
2763 2125 3016 2190 animos
3073 2137 3376 2209 occupat,
3438 2126 3623 2192 nulla
3680 2127 3904 2212 vigere
3945 2134 4159 2210 potest
4201 2127 4369 2192 inte·-

2416 2208 2643 2307 gritas.
2734 2207 2869 2275 Sed
2929 2211 3085 2294 quia
3140 2212 3366 2295 procul
3421 2232 3653 2277 omnes
3695 2233 3736 2277 a
3779 2234 3847 2278 se
3893 2212 4201 2278 reiiciunt
4244 2210 4370 2277 hoc

2414 2295 2688 2374 vitium,
2746 2296 3046 2378 quamvis
3103 2318 3180 2363 eo
3238 2299 3525 2365 maxime
3582 2297 3908 2377 laborent,
3968 2298 4255 2365 crassius
4301 2305 4368 2361 et

2416 2380 2628 2463 magis
2664 2382 3067 2464 populariter
3111 2385 3248 2469 agit
3271 2384 3476 2466 Deus,
3522 2394 3595 2449 ut
3637 2383 3887 2451 iudices
3930 2404 4169 2448 manus
4213 2403 4367 2448 con-

2415 2466 2671 2530 tineant
2731 2467 2811 2533 ab
2857 2471 3036 2534 omni
3082 2490 3387 2536 munere:
3449 2469 3705 2535 nullum
3753 2470 3927 2535 enim
3975 2469 4188 2553 magis
4227 2469 4371 2533 exi-

2417 2550 2573 2615 tiale
2620 2572 2952 2618 venenum
2997 2564 3097 2621 est
3140 2555 3223 2621 ad
3268 2553 3819 2641 exstinguendam
3863 2575 4126 2621 omnem
4172 2555 4369 2621 recti-

2417 2637 2713 2702 tudinem
2788 2661 2982 2722 quam
3058 2640 3168 2706 ubi
3228 2642 3427 2707 iudex
3500 2641 3888 2707 muneribus
3957 2662 4028 2706 se
4103 2638 4369 2706 deliniri

2416 2724 2687 2806 patitur.
2776 2726 3121 2792 Excusent
3163 2737 3479 2812 quantum
3528 2727 3795 2794 libuerit
3837 2729 3946 2810 qui
3993 2726 4165 2792 dona
4205 2725 4370 2793 acci-

2417 2810 2641 2892 piunt,
2709 2831 2778 2875 se
2842 2812 3267 2878 nihilominus
3332 2834 3598 2880 manere
3663 2815 3992 2897 integros:
4055 2834 4161 2878 res
4226 2813 4368 2895 ipsa

2418 2895 2595 2961 clare
2629 2894 3053 2976 demonstrat,
3097 2899 3364 2966 venales
3400 2921 3562 2981 esse,
3599 2918 3674 2963 ac
3707 2898 4119 2964 meritorium
4144 2917 4369 2981 quaes-

2420 2988 2563 3045 tum
2614 2982 2827 3048 facere
2884 2983 3255 3068 quicunque
3314 2987 3493 3053 lucro
3538 2984 3889 3051 ducuntur.
3981 2987 4200 3067 Atque
4243 2983 4372 3049 hoc

2418 3066 2583 3135 satis
2616 3067 2771 3134 olim
2816 3069 2894 3136 ad
2939 3070 3189 3139 iudices
3230 3071 3648 3139 infamandos
3689 3070 3916 3152 valuit,
3959 3068 4369 3136 nummarios

2419 3154 2660 3226 vocari.
2751 3153 2887 3221 Sed
2941 3155 3236 3241 pluribus
3281 3158 3362 3224 de
3406 3160 3530 3225 hac
3572 3179 3644 3223 re
3688 3157 4007 3224 disserere
4050 3177 4366 3239 superva-

2418 3261 2620 3307 cuum
2679 3252 2812 3320 est,
2869 3241 3127 3326 quando
3188 3265 3418 3311 omnes
3473 3242 3953 3329 tergiversandi
3996 3262 4190 3309 811888
4233 3262 4371 3308 11118

2420 3327 2620 3392 verbo
2676 3325 2863 3395 Deus
2915 3329 3264 3412 praecidit:
3331 3331 3615 3396 Munera
3631 3381 3647 3409 ,
3706 3329 3950 3414 inquit,
4009 3335 4373 3395 excaecant

2416 3411 2639 3478 oculos
2696 3411 3012 3495 videntis,
3072 3423 3139 3481 et
3196 3424 3588 3498 pervertunt
3644 3414 3957 3482 iudicium
4014 3428 4363 3481 rectorum.

2416 3499 2599 3582 Ergo
2657 3500 2713 3565 si
2760 3499 2887 3564 Dei
2927 3500 3167 3567 iudicio
3212 3502 3713 3585 acquiescimus,
3767 3501 4026 3567 nullum
4073 3509 4173 3566 est
4217 3509 4364 3564 tan-

2416 3592 2560 3649 tum
2619 3586 3058 3668 perspicaciae
3117 3586 3344 3653 lumen
3404 3587 3576 3672 quod
3634 3609 3767 3652 non
3824 3587 4148 3653 suffocent
4217 3607 4367 3652 mu·

2412 3691 2607 3753 11818,
2668 3692 2879 3754 1188118
2920 3671 3060 3738 11118
3104 3680 3288 3738 tanta
3331 3674 3623 3757 probitas
3666 3694 3860 3757 quam
3906 3694 4037 3738 non
4082 3671 4366 3737 labefac-

2412 3764 2581 3822 tent:
2630 3756 2908 3841 denique
2941 3778 3169 3824 sanam
3204 3768 3487 3824 mentem
3539 3769 3690 3826 81118
3734 3758 4044 3824 inficiunt
4087 3778 4366 3824 munera

2413 3862 2611 3925 quam
2675 3864 2911 3909 manus
2969 3845 3437 3912 contaminent.
3541 3845 3643 3910 Ea
3699 3844 3998 3929 intelligo
4055 3865 4223 3928 quae
4282 3842 4367 3908 ob

2411 3949 2554 3993 rem
2599 3927 3015 3994 iudicandam
3060 3930 3204 4012 quis
3249 3931 3510 4015 accipit:
3571 3951 3780 4013 neque
3824 3931 4001 3996 enim
4046 3929 4127 3996 de
4168 3930 4364 3996 bene·

2412 4015 2579 4082 ficiis
2615 4035 2790 4080 nunc
2836 4014 3115 4082 habetur
3158 4038 3393 4095 sermo,
3440 4017 3678 4100 quibus
3719 4017 3894 4084 ultro
3937 4017 4226 4099 citroque
4268 4016 4368 4079 in-

2413 4109 2517 4167 ter
2574 4121 2646 4167 se
2702 4101 3193 4168 communicant
3246 4102 3564 4170 homines.
3653 4102 3886 4186 Itaque
3929 4103 4000 4168 in
4044 4101 4366 4167 Deutero-

2411 4187 2633 4253 nomio
2678 4196 3029 4270 antequam
3078 4187 3157 4253 de
3204 4189 3584 4255 muneribus
3631 4189 3904 4254 verbum
3936 4188 4137 4254 faciat
4157 4185 4367 4271 Deus,

2411 4281 2598 4341 vetat
2653 4272 2989 4339 inflectere
3030 4273 3382 4353 iudicium,
3439 4276 3543 4342 vel
3590 4295 3942 4358 agnoscere
3985 4293 4365 4358 personam:

2411 4359 2587 4426 unde
2632 4359 2991 4444 colligitur,
3037 4368 3300 4426 tantum
3347 4361 3650 4427 damnari
3691 4362 3968 4444 aucupia
4010 4381 4177 4444 quae
4218 4370 4367 4426 ten-

2414 4445 2665 4511 duntur
2722 4444 2804 4510 811
2860 4444 3260 4527 captandum
3314 4447 3626 4514 favorem.
3716 4446 4096 4512 Notandum
4141 4454 4363 4512 autem

2411 4530 2587 4616 quod
2648 4532 2718 4597 in
2762 4531 3061 4600 Levitico
3107 4532 3407 4600 Iudicare
3455 4536 3523 4598 in
3567 4532 3821 4598 iustitia
3863 4534 4212 4616 opponitur
4256 4553 4363 4597 ac-

2410 4617 2698 4701 ceptioni
2741 4637 3198 4701 personarum:
3261 4619 3435 4686 unde
3476 4619 3809 4703 sequitur,
3864 4619 4061 4684 simul
4103 4639 4179 4685 ac
4224 4628 4368 4681 tan-

2410 4704 2623 4769 tillum
2691 4703 2892 4770 iudex
2945 4703 3166 4770 oculos
3215 4725 3255 4770 a
3308 4725 3511 4772 causa
3566 4704 3884 4781 deflectit,
3950 4701 4364 4771 rectitudinis

2408 4790 2731 4857 oblivisci.
2816 4788 2921 4855 Ad
2976 4788 3138 4855 haec
3193 4788 3520 4857 Iudicium
3582 4791 3917 4857 inflectere
3976 4788 4362 4855 tantundem

2410 4876 2592 4942 valet
2625 4897 2700 4942 ac
2734 4876 2949 4942 facere
2983 4875 3401 4959 iniquitatem
3445 4879 3511 4942 in
3556 4877 3831 4943 iudicio:
3877 4874 3989 4943 sed
4034 4874 4187 4957 quia
4232 4894 4360 4938 non

2409 4983 2672 5046 semper
2730 4963 3040 5046 iniquitas
3092 4963 3309 5045 palam
3355 4962 3706 5029 manifesta
3747 4972 3880 5041 est,
3940 4961 4097 5044 quin
4143 4959 4363 5044 potius

2409 5049 2636 5114 multis
2682 5048 2974 5114 artificiis
3016 5048 3308 5114 fucatur:
3352 5056 3697 5133 postquam
3722 5048 3906 5114 Deus
3950 5048 4018 5111 in
4063 5045 4363 5111 Levitico

2410 5134 2754 5200 damnavit
2787 5134 3011 5217 iniqua
3046 5145 3111 5197 et
3145 5155 3459 5218 perversa
3492 5135 3748 5213 iudicia,
3779 5144 3854 5198 ut
3889 5151 4093 5198 vanos
4136 5151 4363 5197 omnes

2407 5221 2658 5286 colores
2736 5219 3072 5296 discutiat,
3151 5221 3430 5287 verbum
3508 5218 3867 5285 inclinandi
3945 5226 4220 5302 usurpat
4288 5217 4361 5281 in

2411 5306 2941 5372 Deuteronomio.

2585 5393 2856 5458 Deuter.
2918 5392 3032 5474 16,
3088 5392 3194 5458 20.
3241 5392 3599 5470 Iustitiam,
3644 5390 3974 5456 iustitiam.
4063 5389 4360 5473 Empha-
