4867 6150
554 399 684 467 583

551 588 852 655 sabbathi
896 586 1566 666 commendationem,
1635 588 1937 673 quamvis
1995 587 2365 654 membrum
2424 587 2512 653 sit

550 674 880 742 secundae
917 674 1194 740 tabulae.
1260 675 1352 740 Et
1400 675 1643 741 scimus
1678 673 1910 740 rudem
1956 673 2147 739 illum
2189 674 2510 758 populum

549 761 767 826 modis
824 762 1128 826 omnibus
1187 759 1607 826 alliciendum
1653 761 1885 841 fuisse,
1930 769 2004 825 ut
2049 761 2353 826 alacriter
2398 759 2507 825 de-

553 849 769 913 bitum
816 847 959 912 Deo
1016 846 1266 912 cultum
1332 857 1714 930 praestaret.
1806 844 2084 914 Summa
2133 846 2339 930 igitur
2395 855 2513 925 est,

557 953 695 997 non
754 932 948 997 modo
1004 941 1317 998 testatam
1376 954 1446 999 se
1503 933 1790 999 facturos
1845 954 2034 997 suam
2092 953 2250 1015 erga
2272 932 2511 997 -Deum

559 1019 896 1102 pietatem,
943 1017 1056 1084 sed
1101 1018 1520 1086 clementiam
1565 1039 1723 1103 erga
1765 1039 2013 1084 servos.
2078 1017 2311 1083 Herile
2354 1038 2513 1083 vero

559 1105 911 1187 imperium
946 1104 1360 1171 mediocriter
1394 1104 1477 1169 ab
1512 1104 1641 1170 illis
1686 1102 2123 1170 exercendum
2169 1125 2312 1169 esse
2357 1114 2513 1175 ante

558 1190 768 1265 docui,
813 1190 871 1256 si
915 1211 1240 1256 memores
1283 1200 1508 1257 essent
1548 1191 1857 1274 antiquae
1892 1190 2313 1256 conditionis:
2361 1190 2515 1272 quia

560 1277 690 1359 ipsi
738 1296 993 1358 quoque
1035 1276 1106 1340 in
1153 1280 1459 1361 Aegypto
1519 1278 1907 1343 servierant.
1998 1274 2073 1343 Si
2127 1277 2272 1359 quis
2327 1282 2515 1359 putet

559 1361 881 1426 rationem
928 1383 1057 1427 non
1104 1362 1458 1446 quadrare,
1512 1364 1666 1445 quia
1722 1362 1856 1429 illic
1912 1362 2204 1446 oppressi
2248 1362 2515 1429 fuerant

562 1447 838 1513 immani
898 1459 965 1512 et
1026 1449 1169 1514 dira
1223 1447 1611 1533 tyrannide:
1675 1450 2012 1532 responsio
2069 1448 2140 1512 in
2198 1460 2511 1531 promptu

562 1543 684 1612 est,
730 1555 816 1598 ex
857 1536 1121 1618 proprio
1165 1556 1361 1601 sensu
1399 1536 1686 1616 potuisse
1725 1535 1959 1600 melius
1994 1543 2281 1599 statuere
2316 1555 2511 1617 quam

567 1619 952 1686 detestanda
997 1634 1063 1684 et
1106 1620 1536 1687 intolerabilis
1580 1629 1753 1687 esset
1794 1621 2086 1686 saevitia.

738 1705 954 1770 Exodi
976 1705 1080 1785 31,
1107 1705 1207 1772 13.
1244 1706 1336 1772 Et
1365 1711 1436 1772 tu
1458 1707 1766 1789 alloquere
1795 1706 1963 1789 filios
1987 1705 2213 1772 Israel.
2260 1704 2512 1770 Eadem

566 1810 734 1874 quae
779 1792 966 1874 prius
1006 1793 1319 1871 inculcat,
1365 1791 1606 1858 additis
1650 1791 2033 1876 quibusdam
2082 1791 2228 1857 aliis
2274 1791 2513 1870 verbis,

564 1876 755 1960 quale
800 1890 900 1942 est
941 1876 1154 1942 istud:
1202 1876 1533 1945 Sanctitas
1576 1880 1703 1945 erit
1746 1879 1962 1944 vobis:
2008 1899 2138 1961 qua
2176 1897 2330 1944 voce
2367 1877 2517 1942 hor-

560 1971 743 2027 tatur
787 1971 861 2027 ut
905 1965 1103 2028 ritum
1161 1963 1340 2030 hunc
1396 1975 1709 2048 tanquam
1761 1973 2253 2032 sacrosanctum
2297 1972 2367 2028 et
2409 1966 2511 2028 in-

560 2046 939 2114 violabilem
984 2049 1262 2115 sollicite
1307 2050 1677 2131 observent,
1722 2050 1876 2133 quia
1918 2050 1989 2117 in
2036 2050 2176 2116 eius
2212 2049 2513 2134 neglectu

557 2133 932 2201 concideret
987 2134 1236 2220 religio.
1323 2137 1418 2201 Et
1471 2135 1616 2202 ideo
1674 2136 2016 2220 capitalem
2076 2156 2358 2219 poenam
2402 2135 2511 2201 de·

559 2221 833 2286 nunciat
877 2220 935 2286 si
978 2222 1124 2304 quis
1169 2241 1333 2305 opus
1377 2222 1488 2287 illo
1533 2222 1637 2287 die
1681 2223 1928 2289 fecerit.
2018 2220 2212 2289 Unde
2269 2221 2511 2287 iterum

558 2305 890 2390 colligitur
952 2308 1257 2392 mysterii
1322 2307 1613 2392 dignitas
1679 2321 1745 2373 et
1802 2307 2241 2391 praestantia,
2308 2326 2510 2390 quum

559 2390 868 2458 delictum
917 2392 985 2457 in
1032 2394 1316 2475 speciem
1361 2393 1505 2459 leve
1551 2393 1733 2460 Deus
1776 2402 1986 2459 morte
2037 2393 2310 2479 dignum
2358 2415 2511 2459 cen·

557 2479 783 2543 suerit.
874 2479 1151 2543 Minime
1194 2488 1413 2544 autem
1460 2480 1855 2546 excusabilis
1899 2481 2025 2545 fuit
2078 2487 2510 2562 contemptus,

558 2565 746 2645 quasi
811 2585 893 2628 ex
952 2562 1246 2647 professo
1302 2566 1724 2649 pessumdare
1781 2564 1951 2651 quod
2011 2565 2196 2631 Deus
2255 2565 2513 2631 volebat

557 2657 785 2714 notam
818 2644 966 2715 'esse
1001 2647 1398 2718 discriminis
1435 2651 1608 2717 inter
1650 2651 1967 2736 populum
2012 2672 2204 2717 suum
2252 2661 2316 2716 et
2359 2673 2511 2735 pro·

557 2735 743 2801 sanas
785 2748 1035 2819 gentes.
1116 2735 1370 2802 Eodem
1428 2737 1708 2804 tendunt
1764 2739 1877 2821 qui
1936 2746 2304 2820 sequuntur
2361 2738 2508 2817 loci,

556 2842 831 2902 quorum
900 2843 1312 2906 supervacua
1368 2832 1543 2889 esset
1604 2824 1940 2906 repetitio,
1994 2824 2119 2888 nisi
2182 2825 2333 2907 quia
2385 2823 2513 2890 hoc

511 2905 751 2979 ‚modo
817 2906 1194 2974 admonitus
1258 2908 1388 2974 fuit
1450 2909 1729 2994 populus
1795 2929 1932 2975 rem
2016 2930 2158 2975 esse
2237 2910 2511 2975 maximi

556 2992 883 3077 ponderis.
996 2998 1097 3059 Ac
1164 2994 1452 3061 vetando
1517 2997 1737 3081 ignem
1805 2993 2189 3075 accendere,
2256 2996 2513 3062 cavillis

554 3078 862 3146 omnibus
897 3080 1199 3159 occurrit,
1243 3103 1518 3165 quorum
1541 3083 1823 3149 fuissent
1853 3083 2014 3148 satis
2037 3084 2322 3167 prompti
2361 3084 2515 3148 arti-

556 3166 742 3230 fices:
794 3179 1149 3250 negassent
1191 3170 1367 3233 enim
1412 3168 1469 3234 si
1515 3169 1725 3253 pridie
1769 3168 2064 3252 apposita
2108 3168 2339 3235 fuisset
2382 3169 2511 3234 olla

558 3249 641 3315 ad
688 3252 936 3330 focum,
994 3253 1224 3318 violari
1270 3253 1665 3320 sabbathum
1723 3255 1876 3338 igne
1936 3274 2228 3320 accenso.
2313 3253 2510 3336 Quod

557 3357 716 3421 ergo
758 3358 917 3420 prae
962 3338 1109 3404 aliis
1153 3339 1495 3405 tolerabile
1537 3340 1789 3420 fuisset,
1834 3340 2124 3406 excludit
2159 3340 2381 3419 Deus,
2426 3363 2512 3406 ne

558 3443 631 3486 se
672 3422 744 3488 in
800 3425 982 3489 victu
1041 3424 1334 3509 parando
1390 3436 1735 3509 occupent,
1805 3427 1909 3492 vel
1965 3424 2145 3491 aliud
2198 3436 2513 3492 terrestre

559 3528 727 3591 opus
763 3509 1125 3592 suscipiant
1158 3512 1587 3594 quantumvis
1623 3510 1997 3579 favorabile.
2061 3510 2254 3593 Quod
2290 3523 2512 3578 autem

559 3604 827 3677 pactum
857 3596 1118 3678 saeculi,
1153 3596 1263 3662 vel
1299 3605 1641 3663 aeternum
1678 3607 1889 3677 vocat,
1925 3598 2078 3663 inde
2115 3599 2515 3682 pertinaciae

551 3682 895 3746 materiam
956 3683 1289 3767 arripiunt
1346 3683 1611 3764 Iudaei,
1670 3691 1738 3751 et
1793 3685 1863 3750 in
1921 3684 2265 3751 Christum
2324 3686 2510 3766 quasi

552 3765 986 3851 foedifragum
1054 3778 1364 3852 proterve
1423 3770 1827 3836 bacchantur
1882 3771 2052 3854 quod
2112 3770 2507 3836 sabbathum

552 3852 993 3937 abrogaverit.
1080 3854 1232 3920 Non
1276 3855 1549 3941 litigabo
1593 3878 1742 3923 cum
1781 3857 1943 3941 ipsis
1987 3856 2068 3923 de
2111 3878 2269 3923 voce
2329 3841 2504 3937 obul,

1989 397 2450 483 QUARTUM
2495 395 3133 465 PRAEOEPTUM.

4425 397 4534 464 584

2614 608 2780 672 quae
2826 587 3066 669 ubique
3108 587 3611 671 perpetuitatem
3655 606 3790 651 non
3843 592 4065 663 sonat,
4124 583 4239 649 sed
4294 583 4536 670 longum

2614 685 2906 758 tempus,
2962 674 3030 739 in
3077 695 3150 739 re
3193 674 3336 757 ipsa
3379 672 3765 756 simpliciter
3817 671 4141 737 insistam.
4227 668 4538 755 Quidquid

2615 757 2739 826 sub
2782 759 2926 844 lege
2972 759 3218 824 dictum
3266 758 3396 823 fuit
3441 767 3785 822 aetornum
3803 808 3820 835 ,
3879 756 4021 822 dico
4073 755 4430 840 respexisse
4466 757 4538 823 ad

2616 846 2976 912 novitatem
3058 867 3222 929 quae
3290 843 3541 910 Christi
3614 843 3905 908 adventu
3984 842 4294 927 contigit:
4368 853 4541 926 atque

2615 932 2776 996 adeo
2844 931 3007 1015 legis
3072 931 3424 997 aeternitas
3490 950 3618 994 non
3688 929 3947 1012 longius
4010 927 4275 994 extendi
4339 927 4544 995 debuit

2616 1037 2811 1100 quam
2881 1017 2964 1082 ad
3008 1014 3487 1102 plenitudinem
3530 1016 3870 1098 temporis,
3931 1035 4056 1099 quo
4100 1013 4393 1080 exhibita
4432 1015 4545 1080 fuit

2616 1102 2996 1169 umbrarum
3056 1104 3333 1183 veritas,
3392 1113 3455 1167 et
3515 1101 3644 1168 Dei
3699 1101 3927 1167 foedus
3985 1120 4224 1166 novam
4283 1102 4543 1167 formam

2614 1188 2850 1255 induit.
2942 1186 3017 1255 Si
3063 1189 3504 1255 vociferentur
3546 1187 3810 1269 Iudaei,
3854 1196 4242 1271 perpetuum
4287 1198 4355 1251 et
4396 1198 4545 1252 tem-

2615 1275 2840 1359 porale
2877 1294 3022 1341 esse
3067 1274 3428 1354 contraria,
3489 1272 3864 1357 negandum
3910 1284 4010 1338 est
4055 1271 4417 1339 secundum
4458 1272 4544 1337 di-

2619 1382 2842 1427 versos
2877 1370 3230 1444 respectus,
3269 1362 3419 1443 quia
3454 1375 3632 1426 certe
3667 1358 3839 1442 quod
3874 1360 4208 1442 proprium
4244 1368 4347 1426 est
4379 1358 4548 1442 legis,

2615 1447 2844 1529 vigere
2886 1468 3019 1512 non
3080 1446 3303 1512 debuit
3357 1446 3488 1511 nisi
3545 1465 3752 1529 usque
3795 1444 3876 1509 ad
3922 1443 4285 1511 Christum.
4370 1443 4546 1510 Adde

2617 1531 2787 1617 quod
2834 1532 3244 1612 sabbathum,
3280 1532 3580 1616 quamvis
3616 1531 3811 1596 hodie
3854 1531 3923 1596 in
3967 1552 4092 1596 usu
4137 1552 4269 1596 non
4316 1531 4403 1596 sit
4446 1551 4546 1596 ex-

2616 1629 2808 1699 terna
2851 1619 2991 1685 eius
3035 1619 3426 1694 observatio,
3473 1628 3816 1682 aeternum
3861 1628 4084 1682 manet
4125 1618 4268 1701 ipso
4312 1618 4551 1699 effectu,

2617 1705 2786 1771 sicut
2843 1704 3267 1771 circumcisio.
3354 1702 3588 1786 Itaque
3644 1701 4066 1787 abrogatione
4124 1704 4369 1785 optime
4411 1724 4550 1768 san·

2617 1793 2748 1857 cita
2779 1791 2909 1856 fuit
2952 1792 3291 1873 utriusque
3341 1790 3703 1856 stabilitas:
3749 1789 3904 1872 quia
3946 1788 4004 1854 si
4048 1788 4239 1855 hodie
4286 1809 4326 1853 a
4368 1788 4550 1855 Chri-

2616 1877 2844 1943 stianis
2888 1876 3060 1941 idem
3107 1877 3404 1961 exigeret
3449 1876 3650 1953 Deus,
3697 1874 3921 1940 velum
3965 1883 4327 1959 opponeret
4369 1872 4553 1940 morti

2616 1973 2683 2028 et
2726 1963 3190 2028 resurrectioni
3236 1962 3356 2028 filii
3401 1961 3523 2027 sui.
3611 1962 3704 2026 Et
3749 1960 3979 2026 Iudaei
4031 1982 4159 2044 quo
4204 1962 4419 2045 magis
4459 1982 4554 2026 se-

2615 2049 2769 2114 dulo
2812 2049 3201 2115 incumbunt
3243 2048 3325 2113 ad
3371 2046 3768 2113 servandum
3804 2046 3978 2112 diem
4012 2047 4275 2124 festum,
4323 2067 4400 2112 eo
4433 2067 4557 2111 ma-

2614 2136 2717 2219 gis
2761 2133 3079 2219 derogant
3122 2135 3264 2200 eius
3304 2133 3658 2199 sanctitati.
3725 2133 3862 2198 Nos
3910 2154 4063 2200 vero
4106 2132 4277 2199 falsa
4321 2133 4556 2198 invidia

2616 2228 2921 2305 gravant,
2968 2241 3045 2286 ac
3088 2222 3142 2286 si
3186 2220 3645 2285 contumeliosi
3689 2239 3981 2284 essemus
4025 2219 4091 2283 in
4138 2218 4554 2285 sabbathum:

2615 2308 2765 2390 quia
2808 2305 2973 2371 nihil
3019 2316 3117 2371 est
3162 2304 3335 2390 quod
3377 2326 3516 2372 rem
3564 2307 3773 2388 ipsam
3819 2312 3886 2370 et
3943 2304 4388 2370 substantiam
4430 2325 4556 2369 me-

2615 2393 2745 2458 lius
2809 2393 3152 2459 confirmet
3216 2413 3414 2476 quam
3484 2389 3753 2456 abolitio
3809 2391 4066 2456 externi
4134 2411 4316 2458 usus.
4414 2391 4557 2457 Huc

2615 2480 2815 2544 otiam
2861 2478 3353 2545 accommodent
3400 2477 3677 2544 lectores
3736 2498 3903 2561 quae
3959 2476 4192 2561 scripsi
4252 2477 4329 2542 in
4375 2490 4557 2560 caput

2618 2565 2718 2631 17.
2765 2564 3065 2644 Genesis,
3112 2586 3195 2629 ne
3239 2564 3482 2629 frustra
3524 2584 3676 2629 cum
3720 2583 3945 2629 eorum
3989 2562 4203 2628 taedio
4248 2563 4558 2646 prolixior

2615 2651 2774 2717 sim:
2821 2660 2885 2714 et
2929 2651 2998 2715 in
3044 2650 3378 2716 sacrificiis
3422 2648 3785 2714 tractandis
3819 2648 4128 2713 nonnihil
4164 2650 4360 2733 attigi
4397 2646 4555 2733 quod

2615 2737 2698 2801 ad
2758 2735 3030 2802 eandem
3087 2735 3450 2802 doctrinam
3495 2734 3862 2801 conveniet.
3954 2732 4149 2815 Quod
4194 2735 4419 2800 Exodi
4461 2734 4552 2800 34.

2615 2822 2855 2888 diserte
2900 2821 3124 2887 feriari
3168 2820 3352 2887 iubet
3375 2822 3557 2887 Deus
3590 2821 3662 2886 in
3699 2821 3993 2886 aratione
4038 2833 4105 2885 et
4149 2841 4391 2900 messe,
4435 2841 4553 2887 nou

2615 2907 2887 2994 perinde
2929 2918 3031 2974 est
3074 2928 3150 2973 ac
3193 2909 3249 2973 si
3292 2907 3593 2973 fraenum
3641 2906 3894 2972 laxaret
3938 2907 4005 2971 in
4043 2906 4374 2990 reliquum
4410 2906 4554 2972 anni

2615 3005 2909 3080 tempus:
2955 2992 3071 3060 sed
3119 2994 3450 3060 vinculum
3496 2993 3707 3078 magis
3750 2991 4138 3078 adstringit,
4186 2994 4346 3075 quia
4387 2993 4557 3059 nulla

2616 3081 2971 3147 necessitas
3016 3101 3268 3147 sacram
3315 3079 3485 3148 hanc
3529 3080 4044 3145 observationem
4082 3078 4556 3165 interrumpere

2616 3168 2864 3234 debeat.
2945 3166 3176 3232 Videri
3226 3166 3468 3250 alioqui
3518 3174 3776 3250 poterat
3811 3165 4129 3232 honestus
4164 3174 4558 3249 praetextus,

2617 3257 2673 3319 si
2720 3252 2803 3319 ob
2846 3253 3197 3318 continuas
3235 3253 3520 3335 pluvias,
3578 3260 3697 3317 aut
3747 3250 3879 3316 alia
3937 3251 4101 3318 coeli
4153 3252 4556 3318 incommoda

2617 3338 2906 3405 difficilis
2950 3348 3124 3405 esset
3165 3339 3402 3420 aratio,
3459 3337 3806 3405 solvendos
3848 3358 3992 3403 esse
4035 3338 4181 3421 lege
4225 3338 4554 3423 agricolas,

2617 3446 2704 3490 ne
2780 3425 3054 3491 cessatio
3119 3423 3535 3491 sterilitatem
3598 3421 3971 3489 adduceret.
4080 3422 4274 3488 Idem
4341 3424 4555 3491 fuisset

2615 3511 2931 3577 iudicium
2983 3512 3052 3577 in
3110 3510 3260 3578 colli
3309 3511 3479 3575 enda
3520 3518 3780 3595 segete,
3827 3529 3910 3574 ne
3954 3509 4025 3575 in
4070 3530 4229 3593 agro
4276 3530 4558 3576 corrum-

2614 3607 2901 3680 peretur.
3007 3596 3213 3680 Atqui
3337 3616 3453 3662 eus
3517 3596 3769 3662 nullam
3835 3593 4396 3679 dispensationem
4455 3595 4555 3662 ad·

2612 3684 2832 3764 mittit,
2876 3683 3038 3767 quin
3084 3682 3223 3748 dies
3265 3682 3586 3766 septimus
3630 3690 3932 3749 servetur
3966 3681 4165 3748 etiam
4203 3702 4357 3747 cum
4404 3683 4561 3766 peri-

2612 3769 2761 3835 culo
2805 3769 3170 3835 communis
3213 3769 3521 3835 iacturae.

1428 4537 2104 4617 APPENDICES
2148 4540 2303 4616 AD
2353 4538 2896 4634 QUARTUM
2939 4541 3699 4620 PRAECEPTUM.

1140 4788 1272 4854 EX
1314 4789 1619 4857 EXODI
1660 4790 1933 4858 XXIII.

734 4957 836 5024 10.
878 4957 1006 5024 Sex
1061 4960 1251 5025 annis
1306 4981 1472 5027 seres
1515 4967 1750 5028 terram
1792 4967 1964 5029 tuam
2009 4970 2064 5030 et
2115 4965 2509 5049 conyreyabis

549 5046 800 5127 fructus
842 5045 1013 5110 eius.-
1101 5045 1202 5112 11.
1247 5046 1439 5112 Anno
1496 5054 1700 5113 autem
1757 5052 2015 5131 septimo
2064 5052 2302 5117 omittes
2353 5072 2508 5132 eam,

554 5137 612 5194 et
651 5131 960 5211 quiescere
1001 5132 1191 5209 sines,
1235 5137 1306 5198 ut
1347 5134 1663 5199 comedant
1687 5155 2005 5218 pauperes
2035 5137 2262 5219 populi
2294 5139 2408 5216 tui,
2457 5142 2513 5202 et

552 5218 883 5367 rifsiduatm
928 5219 1245 5285 comedant
1286 5219 1513 5286 bestiae
1552 5222 1715 5304 ayri.
1805 5221 1914 5288 Ita
1957 5224 2158 5305 facies
2198 5223 2414 5289 vineae
2456 5228 2514 5288 et

549 5323 586 5366 o
611 5303 766 5367 iveto
830 5323 927 5368 u0.

3214 4794 3347 4861 EX
3390 4793 3695 4861 LEVI'I'.
3742 4793 3968 4861 XXV.

2791 4965 2846 5031 1.
2885 4965 3212 5047 Loquutus
3249 4970 3340 5032 est
3374 4965 3607 5033 Iehova
3645 4967 3734 5033 ad
3768 4966 3985 5034 Mosen
4019 4969 4093 5035 in
4124 4975 4322 5036 monte
4359 4968 4546 5048 Sinai,

2614 5052 2901 5136 dicendo.-
2972 5052 3032 5117 2.
3079 5051 3414 5133 Alloquere
3442 5052 3612 5134 fiilios
3647 5053 3874 5131 Israel,
3913 5059 3968 5120 et
4001 5055 4105 5121 die
4139 5055 4308 5122 illis.-
4359 5056 4543 5138 Quam

2612 5138 2912 5204 veneritis
2966 5140 3038 5204 in
3092 5143 3324 5203 terram
3385 5159 3577 5221 quam
3640 5159 3746 5224 eqo
3802 5141 3880 5206 do
3920 5140 4094 5207 vobis
4110 5193 4125 5221 ,
4187 5141 4545 5208 sabbathi-eet

2613 5227 2786 5289 terra
2828 5224 3027 5305 quiete
3071 5223 3349 5290 Iehovae.
3437 5225 3497 5289 3.
3547 5223 3678 5290 Sex
3720 5227 3911 5291 annis
3953 5227 4294 5296 seminabis
4335 5243 4542 5312 ayruun

2614 5314 2809 5387 tumn,
2855 5314 2913 5375 et
2953 5329 3063 5375 sex
3105 5309 3294 5376 annis
3319 5310 3581 5393 putabis
3621 5312 3870 5378 vineam
3917 5318 4129 5394 tuam,
4181 5320 4240 5381 et
4286 5314 4539 5397 fructum
