4867 6150
583 442 723 511 447

595 640 943 697 externum
1001 629 1025 693 l
1110 627 1233 695 alis
1290 628 1414 695 olei
1473 649 1661 695 usum
1719 649 2011 697 cessasse
2065 629 2303 696 docuit.
2391 629 2542 711 Quo

592 718 808 802 magis
863 649 1148 816 insipida
1199 714 1324 780 fuit
1380 714 1755 798 superstitio
1798 725 2095 800 papatus,
2138 717 2299 782 dum
2343 718 2544 782 sacri-

595 804 775 883 ficos,
829 803 1082 885 altana,
1142 812 1210 866 et
1264 799 1551 884 reliquas
1608 821 1819 886 nugas
1876 803 2207 886 ungendo,
2263 801 2543 868 Iudaeos

593 889 832 955 imitati
888 896 1076 954 sunt:
1136 907 1213 953 ac
1270 888 1324 952 si
1379 885 1722 952 Christum
1792 889 2035 954 vellent
2098 889 2339 953 iterum
2406 888 2544 953 suis

591 977 955 1060 unguentis
988 973 1281 1057 sepelire.
1323 972 1504 1052 Ergo
1539 983 1985 1040 commentum
2023 973 2190 1039 illud
2226 984 2543 1058 tauquam

589 1061 987 1147 sacrilegum
1011 1059 1429 1139 detestemur,
1458 1057 1629 1143 quod
1653 1072 1860 1126 metas
1881 1080 1922 1125 a
1942 1060 2087 1126 Deo
2107 1061 2545 1143 praescriptas

597 1147 852 1213 evertit.
933 1145 1141 1210 Porro
1185 1154 1259 1210 ut
1300 1146 1692 1229 mysterium
1738 1145 1859 1211 hoc
1910 1147 2084 1212 iusta
2128 1148 2544 1212 veneratione

587 1232 977 1312 observent,
1049 1239 1231 1296 vetat
1282 1231 1427 1295 ficri
1489 1230 1703 1297 simile
1759 1244 2194 1317 unguentum.
2283 1230 2545 1298 Scimus

592 1320 769 1384 inter
829 1316 1115 1398 delitias,
1145 1316 1314 1383 lauti
1370 1317 1658 1383 convivii
1714 1325 1873 1384 tunc
1931 1320 2129 1384 fuisse
2180 1328 2542 1402 unguenta.

589 1403 676 1470 Si
717 1403 842 1470 hoc
886 1424 1096 1488 genus
1131 1412 1468 1486 usurpent,
1509 1403 1875 1485 profanatio
1911 1413 2234 1470 censetur.
2301 1404 2393 1469 Et
2427 1425 2545 1468 no·-

593 1489 801 1556 tanda
843 1492 1007 1555 ratio
1052 1497 1178 1554 est:
1236 1487 1332 1554 Ut
1373 1499 1680 1554 sanctum
1721 1489 1856 1554 illis
1901 1491 1990 1557 sit
2032 1490 2200 1573 quod
2248 1498 2547 1555 sanctum

598 1585 718 1656 est,
763 1577 888 1642 hoc
932 1584 1051 1652 est,
1113 1583 1192 1640 ut
1233 1584 1617 1639 reverenter
1659 1576 1878 1640 colant
1917 1574 2087 1659 quod
2132 1575 2550 1660 peculiariter

599 1661 883 1728 dicatum
929 1670 1030 1726 est
1072 1681 1300 1726 eorum
1345 1660 1561 1726 saluti.
1616 1661 1785 1726 Nam
1832 1664 1955 1728 etsi
1999 1681 2188 1727 sacra
2229 1661 2551 1726 divinitus

596 1749 905 1814 instituta
951 1767 1210 1830 semper
1252 1745 1547 1811 retinent
1589 1769 1772 1812 suam
1822 1758 2149 1825 naturam,
2198 1768 2319 1814 nec
2369 1747 2551 1812 vitiis

597 1836 847 1901 nostris
892 1833 997 1898 vel
1040 1832 1369 1916 inquinari
1415 1832 1519 1897 vel
1565 1834 1895 1899 exinaniri
1937 1842 2238 1918 possunt:
2298 1855 2414 1899 uos
2459 1842 2553 1898 ta-

599 1941 754 1986 men
814 1918 1115 1985 sordibus
1170 1918 1429 1994 nostris,
1491 1920 1747 2003 impuro
1805 1919 2012 1986 abusu
2070 1920 2177 1985 vel
2227 1920 2552 2005 neglectu,

602 2027 681 2072 ea
723 2017 1041 2089 quantum
1085 2007 1155 2069 in
1200 2005 1389 2070 nobis
1433 2014 1534 2071 est
1577 2005 1953 2089 polluimus.

1217 2347 1351 2414 EX
1398 2349 1701 2415 LEVIT.
1747 2349 1945 2415 VIII.

780 2521 837 2587 1.
885 2520 1328 2604 Loquutusque
1368 2526 1458 2588 est
1497 2522 1721 2587 ddnde
1762 2521 1993 2587 Iehova
2035 2521 2121 2587 ad
2166 2519 2408 2603 Mosen,
2461 2521 2559 2586 di-

603 2608 830 2674 cendo:
891 2607 951 2672 2.
1017 2606 1188 2673 Tolle
1245 2606 1531 2687 Aharon,
1585 2612 1643 2673 et
1690 2606 1859 2689 filios
1912 2608 2051 2673 eius
2104 2626 2248 2673 cam
2302 2606 2433 2685 illo,
2503 2612 2560 2672 et

600 2698 810 2774 vestes,
852 2697 906 2758 et
926 2693 1128 2758 oleum
1148 2693 1474 2772 unctionis,
1499 2698 1555 2759 et
1587 2694 1917 2758 iuvencum
1948 2693 2252 2773 sacrificii
2266 2713 2388 2774 pro
2415 2712 2558 2775 pec-

601 2785 768 2846 cato.-
811 2784 869 2844 et
909 2780 1067 2844 duos
1110 2780 1351 2856 arietes,
1397 2784 1454 2843 et
1494 2781 1841 2846 canistrum
1880 2799 2261 2863 azymorum,
2328 2779 2388 2845 3.
2438 2781 2558 2843 At-

601 2887 722 2949 que
778 2885 1017 2931 omnem
1066 2870 1297 2930 coetum
1353 2885 1656 2950 conyreya
1723 2866 1810 2931 ad
1877 2867 2108 2931 ostium
2173 2864 2563 2931 tabernaculi

600 2951 1033 3019 conventionis.

776 3124 838 3190 2.
893 3122 1069 3190 Tolle
1111 3123 1397 3191 Aharon.
1472 3123 1746 3190 Modum
1792 3124 2087 3207 ungendi
2131 3135 2198 3189 et
2241 3122 2561 3189 vestiendi

603 3211 976 3277 sacerdotes
1012 3210 1251 3276 clarius
1286 3211 1603 3293 exprimit
1640 3232 1681 3276 a
1715 3210 1840 3276 loci
1876 3220 1943 3274 et
1981 3212 2249 3275 testium
2280 3211 2560 3276 circum-

603 3298 868 3362 stantia.
992 3295 1190 3361 Iubet
1250 3297 1428 3361 enim
1501 3296 1843 3363 ecclesiam
1910 3296 2123 3363 edicto
2195 3297 2410 3362 vocari
2478 3296 2562 3361 ad

606 3380 1086 3448 sanctuarium:
1144 3381 1378 3447 deinde
1435 3403 1652 3448 coram
1705 3382 1820 3446 illa
1863 3383 2132 3465 produci
2175 3383 2451 3449 Aharon
2496 3391 2563 3448 et

603 3470 745 3534 eius
801 3468 991 3547 filios,
1047 3475 1122 3533 ut
1178 3468 1323 3532 Deo
1384 3477 1613 3534 autore
1669 3470 2155 3553 inaugurentur
2214 3468 2299 3533 ad
2364 3488 2558 3533 suum

602 3575 869 3634 munus,
928 3564 996 3619 et
1051 3562 1233 3618 totus
1287 3555 1483 3619 simul
1539 3555 1817 3639 populus
1877 3562 2188 3639 agnoscat
2235 3554 2560 3621 divinitus

603 3650 858 3706 creatos
917 3660 1060 3705 esse
1114 3648 1184 3706 et
1236 3639 1588 3707 ordinatos.
1694 3640 1883 3723 Quae
1938 3662 2073 3706 uno
2115 3651 2429 3707 contextu
2478 3639 2561 3705 ad

480 3747 490 3757 ·
602 3727 843 3791 Mosen
856 3725 1101 3810 legitur
1122 3725 1420 3791 mandati
1437 3727 1845 3810 exsequutio,
1863 3725 2042 3792 haud
2065 3728 2259 3793 dubie
2282 3725 2366 3791 ad
2381 3725 2561 3791 aliud

604 3821 871 3896 tempus
931 3812 1254 3895 pertinet,
1313 3833 1550 3895 nempe
1608 3834 1737 3897 quo
1798 3822 2067 3897 peracta
2121 3823 2221 3879 est
2276 3813 2565 3878 solennis

603 3897 1010 3964 tabernaculi
1048 3897 1385 3964 dedicatio.
1440 3900 1620 3983 Ergo
1656 3899 1827 3983 quod
1864 3900 1975 3965 hic
2010 3900 2224 3965 alieno
2247 3899 2390 3965 loco
2410 3920 2565 3964 nar-

601 3993 809 4062 ratur,
865 3984 1027 4051 illuc
1081 3986 1352 4051 reiicere
1406 3986 1623 4051 visum
1685 3995 1818 4063 est,
1883 3997 1960 4049 ut
2024 3996 2338 4070 perpetua
2401 3987 2568 4051 fluat

602 4069 919 4222 histogiae
984 4072 1221 4137 series:
1289 4070 1460 4154 quod
1527 4070 1612 4138 ad
1677 4071 2063 4137 facilitatem
2129 4094 2264 4137 non
2329 4093 2565 4156 parum

603 4157 766 4223 iuva
809 4158 879 4222 it.

1222 4498 1355 4565 Ex
1400 4500 1705 4568 LEVIT.
1752 4500 1950 4566 XXI.

783 4669 839 4734 1.
904 4670 993 4735 Et
1047 4672 1218 4737 dimit
1260 4671 1495 4738 Iehova
1553 4672 1639 4738 ad
1683 4672 1939 4739 Mosen:
1982 4673 2323 4756 Alloquere
2362 4693 2565 4739 sacer-

603 4754 774 4821 dotes
812 4754 983 4836 tilios
1025 4757 1322 4837 Ahar-on,
1380 4764 1434 4824 et
1476 4759 1667 4825 dicito
1709 4761 1833 4824 eis.-
1901 4759 2110 4843 Super
2163 4761 2384 4824 anima
2440 4779 2565 4824 non

606 4842 1052 4908 contaminabit
1105 4864 1172 4910 se
1222 4844 1561 4928 quisquam
1618 4851 1891 4912 vestrum
1950 4847 2022 4910 in
2073 4845 2338 4928 populis
2391 4846 2563 4910 suis.-

605 4928 666 4994 2.
720 4927 844 4994 Sed
886 4948 1083 5011 super
1128 4932 1490 5012 propinquo
1531 4952 1675 5012 suo,
1728 4933 2091 5014 propinquo
2133 4932 2292 5010 sibi,
2348 4952 2565 5013 nempe

606 5035 801 5096 super
839 5019 1039 5080 matre
1081 5035 1238 5093 sua,
1298 5022 1356 5081 et
1411 5037 1602 5099 super
1641 5025 1833 5099 patre
1873 5038 2018 5096 suo,
2074 5024 2133 5085 et
2184 5038 2376 5100 super
2428 5018 2565 5099 filio

606 5120 750 5178 suo,
809 5106 866 5166 et
908 5120 1102 5182 saper
1138 5100 1281 5182 filia
1323 5122 1476 5182 sua,
1533 5109 1590 5168 et
1644 5125 1837 5186 super
1889 5106 2092 5186 fratre
2146 5125 2278 5184 sao,
2368 5105 2429 5170 3.
2479 5104 2568 5170 Et

606 5206 799 5268 super
849 5207 1060 5254 sorore
1122 5208 1246 5253 sua
1297 5189 1543 5273 virgine
1586 5192 1953 5273 propinqua
2006 5191 2158 5270 sibi,
2226 5210 2387 5272 quae
2434 5210 2565 5255 non

602 5272 804 5355 fuerit
842 5274 1015 5339 viro:
1069 5295 1262 5357 super
1316 5296 1392 5340 ea
1434 5276 1880 5341 contaminabit
1920 5297 2004 5342 se.
2093 5277 2155 5342 4.
2217 5277 2368 5341 Non
2422 5297 2563 5343 con-

607 5358 1046 5427 taminabitse
1085 5361 1480 5444 inprincipe
1532 5362 1604 5428 in
1648 5361 1917 5443 populis
1971 5362 2144 5441 sais,
2199 5368 2269 5428 nt
2313 5363 2566 5443 polluat

1992 439 2504 508 SECUNDUM
2548 390 3196 508 ramosarum.

4447 440 4556 507 448

2643 649 2790 696 sese.
2881 630 2940 695 5.
2995 628 3136 695 Non
3176 628 3575 694 decalvabant
3624 628 3946 695 calvitium
3988 629 4056 693 in
4099 629 4298 711 capite
4335 648 4466 707 sac,
4514 635 4563 696 et

2645 718 3092 781 extremitatem
3134 714 3359 780 barbae
3401 735 3717 781 suaenon
3756 714 3998 788 radent,
4045 719 4101 779 et
4141 716 4565 781 incarnesua

2642 822 2772 868 non
2812 802 3086 867 incident
3126 801 3328 866 ullam
3369 801 3736 867 incisuram.
3826 800 3888 865 6.
3956 799 4174 865 Sancti
4227 805 4407 865 erunt
4447 801 4565 867 Deo

2645 908 2792 968 suo,
2845 908 3040 971 neque
3083 887 3368 968 polluent
3420 907 3639 952 nomen
3683 886 3811 951 Dei
3862 886 4000 951 sni.-
4056 887 4212 968 quia
4264 886 4569 953 oblationes

2645 975 2880 1058 iquitas
2925 972 3218 1053 Iekovae,
3272 977 3330 1039 et
3367 993 3603 1056 panem
3646 972 3776 1038 Dei
3828 975 3925 1037 tui
3981 972 4277 1054 offerunt,
4321 973 4569 1053 proinde

2646 1065 2832 1126 erant
2868 1060 3086 1127 sancti.
3855 1114 3864 1124 .

3161 1400 3295 1468 Ex
3339 1398 3672 1466 EODEM
3715 1396 4070 1465 OAPITE.

2826 1574 2927 1638 10.
2979 1571 3285 1638 Sacerdos
3316 1577 3526 1637 autem
3554 1572 3950 1654 praecipuus
3981 1572 4147 1637 inter
4175 1570 4417 1650 fratres
4449 1589 4579 1636 suos

2650 1681 2842 1743 super
2887 1660 3070 1726 euius
3125 1664 3313 1740 capnt
3365 1660 3587 1741 fusum
3636 1657 3838 1740 fuerit
3894 1657 4094 1722 oleum
4143 1657 4454 1722 unctionis
4471 1707 4485 1733 ‚
4536 1659 4581 1719 et

2651 1747 3097 1814 consecraverit
3147 1763 3409 1809 manum
3463 1764 3650 1809 suam
3704 1748 3775 1808 nt
3833 1744 4064 1808 induat
4123 1747 4321 1808 vestes
4336 1792 4351 1822 ,
4417 1746 4585 1823 caput

2648 1853 2841 1899 suam
2896 1852 3018 1897 non
3074 1831 3504 1912 discooperiet,
3566 1834 3623 1894 et
3676 1835 3870 1894 vestes
3944 1850 4103 1894 suas
4166 1849 4294 1894 non
4348 1829 4581 1894 scindet.

2659 1921 2759 1985 11.
2804 1918 2895 1984 Et
2938 1918 3025 1983 ad
3068 1936 3281 1982 omnes
3322 1917 3575 1982 animas
3617 1917 3849 1981 mortui
3890 1936 4014 1981 non
4058 1915 4469 1999 inyredietun
4521 1934 4583 1980 ne

2882 2010 3066 2085 patre
3107 2002 3356 2085 quidem
3397 2022 3528 2079 sao,
3574 2007 3689 2066 ant
3728 2007 3931 2067 matre
3971 2021 4123 2081 sua,
4166 2000 4589 2067 contaminabit

2655 2112 2741 2159 se.
2813 2092 2913 2156 12.
2962 2089 3050 2154 Et
3082 2092 3156 2155 de
3189 2088 3553 2154 sanctuario
3587 2108 3710 2153 non
3743 2089 4105 2170 &redictum
4148 2107 4351 2169 neque
4383 2087 4591 2170 pallad

2656 2177 3091 2244 sanctuarium
3129 2174 3256 2239 Dei
3292 2176 3432 2240 sui.-
3489 2175 3643 2254 quia
3696 2194 3922 2240 corona
3966 2175 4083 2240 olei
4124 2175 4440 2240 unctionis
4477 2171 4590 2238 De·

2657 2265 2765 2329 sai
2805 2268 2899 2330 est
2936 2282 3130 2344 super
3168 2281 3322 2326 man.
3409 2259 3546 2343 Eyo
3592 2260 3840 2326 Iehova.

2835 2437 2891 2498 1.
2919 2434 3256 2516 Alloquere
3289 2432 3649 2498 sacerdotes.
3691 2431 3877 2497 Haec
3899 2432 4120 2496 omnia
4142 2452 4313 2514 quae
4337 2451 4590 2514 sequun-

2662 2530 2792 2597 tur,
2838 2519 3120 2585 tendunt
3161 2520 3233 2583 in
3277 2538 3429 2583 eum
3477 2520 3707 2595 finem,
3753 2526 3831 2582 ut
3874 2518 4246 2584 sacerdotes
4292 2539 4332 2582 a
4375 2515 4589 2601 populo

2665 2608 2974 2674 differant
3016 2603 3391 2688 insignibus
3435 2604 3628 2681 notis,
3674 2606 3859 2687 quasi
3906 2602 3989 2669 ab
4031 2603 4377 2669 homiuum
4416 2602 4590 2685 vulgo

2664 2692 3012 2778 segregati.
3104 2691 3279 2756 Nam
3337 2710 3448 2754 eos
3505 2691 3616 2773 qui
3675 2690 3926 2755 Christi
3989 2709 4341 2773 personam
4401 2700 4593 2772 gesta-

2665 2781 2826 2845 bant
2869 2778 3083 2844 decuit
3127 2776 3484 2860 singularis
3528 2777 3801 2860 puritas.
3891 2781 3991 2842 Ac
4049 2776 4130 2840 de
4190 2776 4420 2860 parvis
4472 2775 4594 2857 qui-

2666 2865 2818 2933 dem
2884 2865 3080 2930 rebus
3144 2872 3211 2927 et
3275 2863 3440 2928 levis
3505 2864 3823 2927 momenti
3896 2860 4162 2927 videtur
4243 2863 4432 2927 Deus
4504 2860 4595 2926 hic

2664 2961 3012 3037 praecepta
3053 2950 3234 3014 dare:
3303 2968 3536 3013 verum
3582 2948 3735 3013 alibi
3780 2948 4099 3026 diximus,
4157 2948 4331 3013 ritus
4373 2947 4593 3031 legales

2665 3039 2850 3124 quasi
2896 3036 3140 3122 gradus
3183 3033 3401 3112 fuisse,
3446 3033 3683 3119 quibus
3719 3035 4059 3101 Israelitae
4094 3033 4595 3101 conscenderent

2663 3125 2746 3191 ad
2812 3124 3103 3190 studium
3168 3142 3366 3187 verae
3444 3123 3927 3186 sanctimoniae.
4037 3121 4276 3187 Valuit
4356 3119 4594 3204 quidem

2664 3231 2924 3293 semper
2966 3208 3128 3274 illud
3177 3208 3366 3273 Pauli
3404 3205 3492 3293 (1.
3539 3209 3708 3273 Tim.
3748 3208 3808 3286 4,
3847 3206 3916 3294 8)
3959 3209 4253 3291 corporis
4298 3207 4593 3274 exercita·

2665 3300 2875 3364 tiones
2935 3317 3062 3361 uon
3116 3295 3400 3359 multum
3457 3292 3793 3377 prodesse:
3853 3293 3968 3359 sed
4015 3303 4317 3359 veterum
4364 3292 4594 3359 umbra*

2662 3405 2811 3449 rum
2870 3382 2991 3448 sub
3049 3381 3193 3465 lege
3259 3380 3516 3445 utilitas
3556 3403 3597 3445 a
3639 3402 3757 3446 suo
3801 3382 3934 3446 fine
3977 3380 4317 3445 aestimari
4378 3378 4592 3444 debuit.

2662 3470 2989 3552 Quamvis
3033 3487 3189 3550 ergo
3235 3487 3492 3546 rerum,
3559 3464 3640 3530 de
3684 3468 3927 3550 quibus
3971 3488 4147 3531 nunc
4193 3467 4449 3549 agitur,
4501 3464 4594 3530 ob-

2660 3555 2947 3623 servatio
2992 3575 3109 3637 per
3152 3575 3221 3617 se
3267 3574 3399 3617 non
3445 3572 3844 3636 magnopere
3892 3553 4033 3618 Deo
4075 3552 4419 3635 placuerit,
4462 3549 4595 3633 quia

2660 3653 2884 3708 tamen
2931 3639 3130 3706 altius
3174 3637 3501 3716 tendebat,
3548 3660 3690 3703 eam
3737 3641 3925 3722 parvi
3973 3639 4210 3704 ducere
4249 3639 4436 3705 nefas
4470 3637 4593 3701 fuit.

2663 3728 2813 3793 Etsi
2859 3737 3076 3792 autem
3135 3724 3453 3790 admoniti
3511 3727 3780 3790 fuerunt
3839 3724 4242 3804 sacerdotes,
4309 3721 4596 3808 peculiari

2665 3814 2882 3880 studio
2940 3810 3282 3878 colendam
3338 3811 3463 3876 sibi
3520 3833 3663 3876 esse
3729 3812 4167 3888 sanctitatem,
4235 3822 4316 3875 ut
4370 3809 4599 3875 ferebat

2664 3901 2860 3966 officii
2925 3899 3190 3981 religio:
3271 3898 3690 3980 praecipuum
3771 3908 3990 3962 tamen
4061 3898 4189 3961 Dei
4270 3896 4599 3962 consilium

2667 3988 2810 4062 fuit,
2856 3986 3212 4069 imaginem
3261 4003 3618 4067 proponere
3655 3982 3984 4067 perfectae
4014 3983 4407 4061 sanctitatis,
4452 4000 4597 4064 quae

2665 4075 2735 4139 in
2785 4071 3049 4139 Christo
3091 4070 3361 4134 demum
3405 4082 3750 4153 conspecta
3796 4070 3937 4135 fuit.
4029 4069 4260 4135 Prima.
4316 4069 4425 4133 lex
4468 4088 4597 4151 pro·

2666 4158 3054 4224 bibitionem
3100 4156 3397 4222 continet
3461 4157 3680 4221 luctus
3724 4156 4046 4221 funebris:
4105 4154 4492 4238 simpliciter
4542 4160 4599 4217 et

2666 4244 2912 4328 absque
2999 4242 3383 4326 exceptione
3469 4242 3676 4325 quoad
3771 4262 4105 4307 summum
4191 4240 4595 4316 sacerdotem,

2665 4330 2876 4414 quoad
2922 4328 3089 4395 filios
3136 4329 3403 4393 Ahar-on
3452 4327 3860 4394 restrictione
3905 4327 4145 4392 addita.
4207 4327 4361 4394 Etsi
4395 4337 4596 4393 autem

2668 4416 2823 4482 alibi
2869 4415 3266 4500 generaliter
3307 4413 3613 4497 prohibet
3659 4415 3841 4479 Deus
3878 4436 3963 4480 ne
4008 4413 4289 4497 populus
4324 4415 4396 4479 in
4438 4413 4597 4477 luctu

2666 4521 2910 4568 vesano
2953 4501 3251 4566 imitetur
3294 4502 3591 4585 gentium
3637 4519 3917 4565 morem:
3976 4500 4085 4566 hic
4130 4510 4357 4564 tamen
4401 4498 4596 4564 maius

2667 4587 3002 4672 quidpiam
3041 4608 3080 4651 a
3121 4588 3562 4652 sacerdotibus
3600 4588 3827 4669 exigit,
3863 4598 3941 4652 ut
3975 4587 4175 4651 etiam
4211 4605 4252 4650 a
4285 4581 4597 4652 communi

2668 4683 2735 4740 et
2792 4675 2939 4739 aliis
2999 4675 3316 4756 permisso
3374 4672 3557 4738 luctu
3623 4672 4017 4738 abstineant.
4123 4672 4310 4736 Haec
4352 4669 4595 4756 quidem

2665 4760 3017 4844 prohibitio
3070 4771 3293 4842 postea
3349 4760 3591 4824 iterum
3654 4782 3734 4823 ex
3789 4780 3863 4822 re
3906 4758 4241 4840 praesenti
4299 4754 4594 4830 manavit,

2666 4856 2740 4912 ut
2804 4846 3192 4912 videbimus.
3298 4844 3471 4910 Nam
3538 4865 3739 4928 quum
3807 4843 4038 4909 Nadab
4102 4851 4168 4908 et
4212 4844 4437 4910 Abihu
4498 4837 4596 4923 qui

2665 4933 2960 5001 suffitum
3006 4932 3296 4996 fecerant
3339 4931 3493 5014 igne
3528 4931 3761 5012 alieno,
3805 4932 4175 5012 consumpti
4209 4939 4430 4996 essent
4459 4929 4593 5011 igne

2665 5019 2948 5095 coelesti,
2996 5017 3210 5101 lugeri
3244 5018 3419 5100 ipsos
3453 5036 3686 5099 passus
3731 5028 3832 5082 est
3864 5015 4050 5081 Deus
4093 5035 4134 5080 a
4177 5025 4316 5081 toto
4358 5013 4592 5099 populo,

2666 5104 2958 5187 exceptis
3001 5103 3459 5169 sacerdotibus.
3572 5102 3709 5168 Sed
3753 5104 3877 5169 hac
3920 5102 4254 5168 occasione
4295 5109 4594 5185 perpetua

2667 5192 2774 5256 lex
2813 5192 2894 5256 de
2929 5192 3185 5272 integro
3224 5200 3378 5253 tunc
3424 5191 3678 5254 sancita
3719 5189 3862 5266 fuit,
3909 5211 3991 5254 ne
4034 5188 4401 5254 sacerdotes
4436 5203 4590 5251 mor·

2666 5287 2816 5342 tuos
2859 5274 3144 5360 lugendo
3189 5295 3258 5341 se
3303 5274 3699 5358 polluerent:
3770 5275 3896 5340 nisi
3944 5273 4116 5359 quod
4177 5274 4311 5339 illic
4366 5275 4437 5338 in
4489 5269 4591 5335 do—

2665 5363 2934 5429 mestico
2977 5361 3178 5426 etiam
3223 5361 3450 5427 funere
3494 5362 3711 5429 luctus
3753 5359 4187 5439 interdicitur,
4254 5368 4327 5426 ut
4367 5355 4591 5425 iudicio
