4867 6150
378 453 497 519 145

373 639 869 726 amplexandam
910 641 1422 723 promissionem,
1460 642 1647 724 quasi
1682 640 2013 725 sponsoris
2036 643 2309 727 suscipit

370 747 710 815 personam
749 738 816 792 et
849 749 1105 793 munus.
1169 728 1270 793 Ab
1310 727 1432 793 hoc
1468 748 1592 793 usu
1630 738 1950 811 quantum
1979 727 2307 814 discrepet

372 814 576 883 stulta
639 813 1044 897 papistarum
1105 814 1174 878 in
1234 812 1523 881 colendis
1580 822 1955 880 sanctorum
2012 816 2304 899 reliquiis

370 899 744 984 superstitio
765 951 780 979 ,
833 899 987 964 hinc
1043 899 1232 966 facile
1288 899 1615 984 colligitur
1676 898 1844 983 quod
1901 898 2053 966 data
2107 921 2308 987 opera

369 1007 565 1138 ansgg
603 995 870 1068 captant
910 985 1143 1069 quibus
1188 985 1564 1070 longissime
1601 985 2071 1052 abstrahantur
2103 1008 2142 1052 a
2176 989 2304 1055 Dei

371 1094 482 1141 ver
569 1123 583 1137 .

537 1158 641 1224 21.
700 1156 1108 1224 Praecedebat
1163 1178 1263 1224 eos
1318 1156 1565 1222 Iehova.
1656 1156 1786 1222 Hic
1840 1158 2114 1223 alteram
2174 1157 2299 1225 Dei

364 1244 644 1331 gratiam
666 1242 998 1327 praedicat
1018 1243 1261 1322 Moses,
1283 1241 1454 1326 quod
1484 1244 1661 1309 Deus
1771 1243 1920 1326 pulo
1960 1245 2299 1327 redempto

363 1340 720 1415 perpetuus
767 1330 965 1395 fuerit
1008 1327 1140 1395 dux
1185 1347 1260 1394 ac
1301 1349 1581 1413 praeses.
1728 1329 1859 1394 icut
1910 1331 2106 1396 etiam
2151 1353 2298 1416 pro·

410 1416 566 1481 heta
620 1417 690 1479 in
746 1415 1009 1480 Psalmo
1064 1424 1413 1497 utrumque
1472 1414 1777 1480 distincte
1837 1425 2303 1483 commemorat

363 1439 501 1589 fPs.
550 1502 650 1581 77,
696 1501 795 1566 16.
841 1510 907 1564 et
952 1501 1052 1580 78,
1101 1500 1225 1588 14).
1306 1499 1404 1566 Ac
1441 1502 1645 1565 mirae
1681 1500 2110 1566 humanitatis
2152 1502 2297 1582 fuit,

362 1587 532 1672 quod
576 1587 839 1652 illorum
884 1586 1155 1652 ruditati
1200 1608 1271 1651 se
1315 1584 1841 1665 accommodans,
1887 1587 2300 1654 familiariter

363 1681 663 1739 versatus
728 1674 812 1737 sit
877 1682 1027 1738 ante
1083 1693 1308 1737 eorum
1363 1671 1600 1737 oculos.
1704 1672 1974 1737 Poterat
2038 1673 2300 1756 quidem

360 1761 486 1826 alio
535 1757 722 1823 modo
767 1777 876 1823 eos
922 1758 1002 1823 ab
1044 1766 1231 1823 aestu
1273 1757 1427 1823 solis
1471 1765 1843 1842 protegere,
1911 1766 1977 1822 et
2020 1758 2300 1844 dirigere

358 1847 537 1911 inter
580 1844 788 1909 noctis
824 1842 1149 1909 tenebras:
1197 1843 1309 1909 sed
1346 1863 1473 1926 quo
1509 1842 1913 1908 manifestior
1947 1854 2124 1911 esset
2158 1847 2298 1912 eius

357 1931 688 2016 potentia,
746 1929 1067 1994 ocularem
1129 1930 1268 1995 eius
1326 1930 1758 2012 praesentiam
1812 1930 2006 1994 simul
2062 1930 2298 1997 addere

357 2017 627 2101 voluit,⁴
662 2036 827 2098 quae
885 2014 1353 2081 dubitationem
1413 2034 1673 2079 omnem
1728 2016 2062 2082 eximeret.
2149 2017 2298 2082 Etsi

356 2114 576 2169 autem
622 2101 934 2167 videntur
977 2102 1179 2167 Mosis
1222 2100 1418 2166 verba
1459 2100 1669 2165 Deum
1715 2099 2183 2183 quodammodo
2227 2105 2296 2167 in

355 2190 536 2255 nube
567 2187 914 2265 includere,
953 2185 1241 2252 notanda
1270 2186 1453 2251 nobis
1476 2187 1967 2251 sacramentalis
1990 2188 2299 2270 loquendi

354 2277 559 2355 ratio,
619 2293 746 2357 qua
790 2274 974 2338 Deus
1029 2293 1268 2338 nomen
1322 2292 1519 2337 suum
1577 2271 1659 2335 ad
1720 2270 2009 2339 visibiles
2054 2275 2298 2359 figuras

355 2360 701 2426 transfert:
759 2379 892 2423 non
947 2368 1020 2423 ut
1074 2357 1204 2424 illis
1262 2357 1490 2441 affigat
1532 2377 1720 2422 suam
1764 2359 2147 2441 essentiam,
2194 2361 2297 2425 vel

355 2447 869 2512 immensitatem
915 2444 1434 2522 circumscribat,
1491 2442 1606 2508 sed
1649 2452 1908 2508 tantum
1953 2451 2028 2509 ut
2071 2445 2298 2512 doceat

394 2532 762 2598 raesentiae
827 2551 985 2596 suae
1047 2531 1237 2615 signa
1302 2551 1434 2595 non
1494 2529 1812 2595 fallaciter
1867 2551 1938 2596 se
1996 2531 2296 2616 ingerere

396 2617 699 2683 ominum
743 2617 976 2695 oculis,
1032 2618 1191 2699 quin
1237 2614 1432 2681 simul
1478 2636 1633 2681 vere
1676 2616 2023 2682 coniuncta
2066 2618 2155 2682 sit
2197 2619 2292 2684 rei

348 2705 656 2789 signatae
733 2701 1064 2769 exhibitio.
1172 2701 1499 2784 Quamvis
1572 2721 1727 2784 ergo
1793 2702 2010 2767 tradat
2078 2704 2293 2769 Moses

347 2791 574 2855 Deum
618 2791 684 2858 in
734 2790 907 2854 nube
961 2789 1164 2854 fuisse
1221 2796 1288 2852 et
1345 2787 1646 2853 columna
1699 2787 1899 2871 ignis,
1959 2808 2089 2853 non
2149 2791 2292 2855 vult

347 2892 575 2941 tamen
614 2897 649 2940 e
685 2875 863 2940 coelo
906 2875 1122 2958 ipsum
1167 2873 1418 2951 elicere,
1463 2893 1671 2955 neque
1713 2873 2100 2939 immensam
2146 2875 2291 2940 eius

348 2961 634 3044 gloriam
673 2961 988 3027 subiicere
1034 2959 1396 3025 visibilibus
1453 2958 1684 3042 signis,
1744 2959 1978 3043 quibus
2037 2969 2290 3027 constat

349 3068 468 3114 sua
539 3048 781 3113 veritas
833 3047 1074 3131 absque
1128 3045 1317 3111 locali
1384 3044 1768 3128 praesentia.
1869 3045 2290 3114 Exsecrabile

350 3155 506 3199 vero
557 3133 819 3200 Serveti
865 3131 1201 3210 delirium,
1261 3132 1369 3216 qui
1425 3132 1668 3197 nubem
1713 3131 1885 3200 hanc
1928 3133 2287 3200 increatam

347 3217 552 3286 fuisse
598 3219 822 3299 finxit,
882 3239 956 3284 ac
1014 3220 1070 3283 si
1125 3226 1294 3283 esset
1338 3217 1584 3282 Christi
1644 3214 1869 3283 deitas.
1955 3218 2125 3285 Nam
2168 3240 2289 3302 pro

347 3307 565 3372 tribus
604 3305 899 3388 personis
937 3305 1106 3371 hanc
1140 3324 1341 3368 unam
1377 3303 1732 3383 substituit,
1769 3303 1941 3387 quod
1979 3325 2291 3405 corporea

347 3399 506 3457 tunc
552 3392 749 3456 fuerit
794 3390 1027 3467 deitas,
1086 3410 1280 3472 quam
1327 3396 1512 3454 vocat
1556 3387 1802 3454 Filium
1848 3391 2289 3475 figurativum,

346 3479 454 3561 qui
480 3487 709 3562 postea
730 3476 941 3543 factus
963 3485 1063 3542 est
1095 3495 1274 3541 caro:
1312 3495 1442 3539 non
1479 3472 1650 3557 quod
1687 3496 1948 3541 carnem
1985 3476 2290 3557 induerit,

344 3563 458 3630 sed
505 3565 665 3647 quia
709 3563 903 3627 homo
961 3563 1343 3645 apparuerit
1405 3582 1487 3625 ex
1538 3560 1749 3626 tribus
1805 3562 2147 3628 elementis
2189 3564 2290 3628 in·

344 3651 587 3715 creatis
623 3657 689 3713 et
723 3649 971 3714 semine
995 3647 1275 3713 Da'vidis
1309 3648 1640 3712 conflatus.
1706 3645 2052 3713 Caeterum
2096 3650 2290 3733 paulo

344 3745 492 3818 post
564 3736 780 3799 Moses
847 3733 1123 3799 eundem
1194 3733 1499 3817 angelum
1578 3731 1863 3813 vocabit,
1943 3734 2047 3799 cui
2115 3757 2289 3802 nunc

343 3820 663 3887 adscribit
706 3823 955 3886 aeterni
993 3820 1118 3885 Dei
1160 3839 1413 3884 nomen.
1492 3818 1584 3883 Et
1628 3820 1888 3884 merito:
1936 3820 2089 3903 quia
2133 3841 2290 3885 non-

345 3907 472 3973 nisi
531 3928 653 3990 per
707 3927 976 3971 manum
1043 3905 1362 3989 unigeniti
1420 3903 1535 3969 filii
1594 3904 1697 3969 sui
1754 3914 1908 3970 tunc
1953 3904 2288 3971 Israelitas

344 3993 538 4058 duxit
584 3992 879 4058 coelestis
917 4001 1115 4075 pater.
1182 3992 1325 4056 Iam
1367 4011 1568 4073 quum
1603 3997 1909 4056 aeternus
1954 3990 2042 4055 sit
2084 3991 2284 4057 eccle·

343 4079 476 4144 siae
522 4088 758 4157 custos,
803 4100 933 4143 non
970 4078 1191 4142 minus
1234 4075 1559 4159 praesenti
1596 4076 1840 4140 virtute
1877 4075 2067 4141 hodie
2105 4077 2286 4142 nobis

342 4185 504 4230 vere
552 4163 733 4229 adest
781 4164 1084 4230 Christus
1130 4183 1321 4245 quam
1369 4162 1524 4227 olim
1567 4162 1860 4244 patribus
1905 4163 2288 4244 conspicuus

341 4250 486 4316 fuit.
568 4249 805 4333 Itaque
849 4250 959 4315 ubi
1004 4248 1083 4312 de
1126 4249 1266 4313 eius
1309 4246 1595 4312 adventu
1633 4248 2028 4314 vaticinatur
2060 4248 2284 4328 Isaiae,

340 4335 403 4414 4,
453 4335 498 4402 5
545 4336 717 4403 hanc
759 4336 889 4401 Dei
942 4335 1455 4401 benedictionem
1508 4333 1680 4397 inter
1723 4334 1883 4399 alias
1925 4342 2284 4413 enumerat,

344 4422 522 4505 quod
600 4421 847 4487 Iehova
931 4421 1176 4487 creabit
1260 4439 1458 4501 super
1536 4427 1739 4483 totam
1821 4420 2281 4486 habitationem

342 4509 590 4574 montis
634 4508 830 4586 Sion,
875 4517 942 4572 et
983 4528 1180 4590 super
1222 4527 1482 4570 omnem
1525 4513 1781 4571 coetum
1827 4507 1997 4585 eius,
2045 4507 2283 4572 nubem

342 4602 408 4659 et
470 4595 933 4660 obscuritatem
996 4592 1316 4671 interdiu,
1396 4598 1590 4656 noctu
1656 4613 1811 4658 vero
1874 4592 2285 4676 splendorem

340 4680 519 4764 ignis
579 4681 1011 4759 flammantis,
1071 4690 1143 4744 ut
1198 4678 1285 4743 sit
1341 4676 1746 4743 obumbratio
1808 4700 1923 4762 per
1981 4677 2153 4745 diem
2212 4680 2281 4744 in

340 4766 645 4831 umbram
692 4767 773 4832 ab
818 4777 1033 4843 aestu,
1091 4766 1160 4829 in
1217 4762 1546 4848 refugium
1589 4785 1627 4827 a
1671 4764 1892 4830 nimbo
1933 4774 1999 4830 et
2041 4766 2281 4829 imbre:

342 4873 418 4918 ac
463 4853 523 4918 si
580 4851 857 4931 diceret,
913 4850 1119 4917 solide
1176 4848 1519 4933 impletum
1573 4849 1656 4914 iri
1714 4851 1883 4933 quod
1945 4862 2103 4918 tunc
2162 4849 2284 4916 sub

342 4938 678 5004 umbratili
737 4937 1031 5023 symbolo
1084 4947 1500 5019 conspectum
1560 4937 1701 5001 fuit.
1789 4937 1881 5002 Et
1932 4949 2106 5003 certe
2152 4957 2281 5001 non

342 5025 548 5089 unius
593 5022 738 5104 diei,
782 5022 896 5090 sed
940 5025 1234 5089 omnium
1280 5032 1567 5087 aetatum
1613 5033 1712 5089 est
1751 5022 1865 5087 illa
1910 5023 2278 5107 promissio:

342 5110 473 5175 Per
520 5109 692 5174 diem
739 5110 830 5176 sol
880 5130 1008 5175 non
1057 5120 1202 5175 uret
1244 5116 1329 5184 te,
1376 5129 1583 5190 neque
1637 5110 1796 5174 luna
1849 5131 1966 5193 per
2023 5118 2278 5174 noctem

339 5193 549 5280 (Psal.
609 5196 750 5276 121,
807 5194 892 5282 6).
981 5194 1173 5277 Quod
1232 5216 1386 5279 ergo
1435 5194 1594 5259 dicit
1638 5196 1886 5276 Moses,
1942 5215 2278 5278 nunquam

342 5282 590 5347 abiisse
631 5283 995 5347 columnam
1053 5281 1244 5345 nubis
1298 5302 1414 5362 per
1468 5279 1672 5360 diem,
1733 5302 1850 5346 nec
1904 5281 2274 5347 columnam

340 5366 515 5451 ignis
562 5387 677 5450 per
720 5382 1006 5446 noctem,
1051 5364 1222 5431 idem
1269 5367 1395 5431 Dei
1442 5366 1825 5434 beneficium
1873 5368 2057 5435 nobis
2101 5389 2275 5434 com-

549 5466 769 5526 Galvini
795 5483 981 5540 opera.
1054 5467 1172 5526 Vol.
1200 5465 1431 5522 XXIV.

1511 452 2253 523 COMMENTARIUS
2297 456 2397 523 IN
2444 457 2745 527 EXODI
2790 460 2988 529 OAP.
3034 463 3227 530 XIV.

4232 472 4364 537 146

2413 669 2612 713 mune
2656 664 2788 728 est,
2854 660 3126 735 excepto
3182 653 3504 720 duntaxat
3545 655 3790 721 oculari
3836 656 4131 741 symbolo
4173 660 4354 743 quod

2411 735 2771 817 temporale
2792 737 2933 815 fuit,
2959 746 3156 820 prout
3176 739 3421 806 ferebat
3458 741 3681 824 populi
3717 742 4080 809 infirmitas.
4148 743 4348 827 Quod

2415 828 2635 885 autem
2685 820 2844 888 dicit
2889 822 3016 888 illis
3065 823 3279 891 Deum
3324 847 3582 911 semper
3626 829 4036 912 apparuisse,
4094 837 4170 895 ut
4211 839 4354 897 tam

2409 905 2520 971 diu
2565 927 2761 989 quam
2808 917 3002 974 noctu
3044 910 3169 976 iter
3211 911 3525 990 facerent,
3571 933 3700 978 non
3744 912 4057 999 intelligit
4100 917 4372 1001 absque-

2407 990 2546 1057 ulla
2604 993 2819 1074 quiete
2884 995 3142 1061 assidue
3207 1017 3581 1081 progressos
3601 1050 3615 1075 ,
3684 1019 3882 1082 quum
3949 1001 4079 1066 iam
4144 1002 4343 1086 paulo

2406 1086 2562 1141 ante
2641 1077 2893 1144 dixerat
2979 1083 3258 1163 primam
3343 1083 3474 1149 illis
3559 1085 3905 1150 stationem
3982 1086 4182 1153 fuisse
4268 1088 4341 1155 in

2406 1160 2729 1243 Suchoth,
2775 1164 3008 1231 deinde
3051 1176 3538 1236 castrametatos
3573 1171 3642 1233 in
3679 1169 3957 1235 Etham:
4003 1172 4117 1237 sed
4154 1172 4343 1240 docet

2406 1249 2789 1331 simpliciter
2843 1253 3227 1319 continuum
3281 1256 3483 1321 fuisse
3536 1256 3786 1340 gratiae
3841 1257 3966 1322 Dei
4023 1266 4340 1341 tenorem,

2403 1342 2479 1433 ιιι
2519 1356 2653 1399 non
2701 1336 2918 1402 minus
2961 1338 3136 1404 inter
3178 1342 3389 1407 noctis
3432 1342 3734 1408 tenebras
3777 1341 4058 1426 fulgeret
4094 1345 4339 1413 favoris

2403 1440 2543 1484 eius
2586 1440 2661 1486 ac
2695 1425 3125 1505 protectionis
3183 1426 3442 1511 signum
3503 1447 3697 1511 quam
3743 1427 3812 1492 in
3857 1428 4001 1511 ipsa
4045 1431 4333 1498 meridie.

3103 1762 3405 1831 CAPUT
3447 1764 3640 1831 XIV.

2578 1934 2634 1997 1.
2695 1932 2784 1998 Et
2839 1934 3128 2015 loquutus
3183 1939 3276 2000 est
3330 1934 3558 2001 Iehova
3613 1935 3699 2000 ad
3758 1935 3977 2004 Mosen
3994 1989 4010 2017 ,
4069 1939 4338 2021 dicendo,

2402 2018 2463 2083 2.
2513 2018 2792 2101 Loquere
2834 2020 2919 2084 ad
2958 2019 3128 2101 filios
3175 2019 3412 2099 Israel,
3456 2025 3526 2085 ut
3566 2023 3838 2103 redeant,
3883 2029 3937 2088 et
3977 2032 4269 2092 maneant
4310 2050 4343 2095 e

2810 2241 2824 2270 ,
2997 2213 3079 2256 ra
3120 2214 3189 2274 ip
3538 2213 3640 2258 am
3797 2215 3879 2259 ur
3919 2216 3990 2259 iu
4059 2217 4102 2262 a
4143 2219 4339 2266 mare.

2400 2275 2460 2341 3.
2509 2274 2694 2342 Dicet
2734 2276 2899 2341 enim
2946 2276 3203 2342 Pharao
3254 2277 3329 2342 de
3377 2277 3538 2358 filiis
3582 2277 3827 2343 Israel:
3898 2278 4144 2348 Irretiti
4195 2291 4344 2351 sunt

2398 2363 2469 2427 in
2510 2366 2711 2427 terra.-
2752 2363 3051 2429 conclusit
3092 2362 3236 2428 illos
3276 2363 3599 2428 desertum.
3665 2364 3725 2429 4.
3773 2362 3861 2429 Et
3899 2365 4191 2434 roborabo
4233 2390 4339 2436 cor

2404 2447 2779 2525 Pharaonis,
2825 2454 2897 2513 ut
2921 2453 3337 2530 persequatur
3379 2468 3511 2513 eos.-
3551 2454 3608 2514 et
3644 2450 4036 2532 qlorificabor
4069 2455 4139 2519 in
4166 2454 4337 2522 Pha-

2399 2554 2603 2614 raone,
2649 2538 2703 2598 et
2745 2534 2817 2598 in
2860 2536 3148 2599 universo
3182 2536 3455 2600 exercitu
3490 2535 3658 2599 eius.-
3699 2536 4006 2618 scientque
4042 2539 4338 2624 Aeqyptii

2396 2619 2562 2701 quod
2603 2639 2708 2703 eqo
2753 2620 3003 2686 Iehova.
3084 2619 3172 2685 Et
3210 2620 3490 2704 fecerunt
3530 2621 3636 2686 sie.
3710 2620 3769 2685 5.
3821 2621 4213 2689 Nuneiatum
4247 2631 4342 2692 est

2397 2710 2605 2771 autem
2644 2726 2682 2769 r
2765 2705 3071 2789 'Aeqypti
3112 2706 3275 2787 quod
3313 2707 3580 2790 fugisset
3608 2706 3918 2787 populus.-
3962 2708 4048 2772 Et
4087 2732 4336 2777 versum

2394 2796 2485 2855 est
2525 2810 2631 2857 eor
2738 2791 3040 2857 haraonis
3094 2795 3151 2857 et
3204 2805 3520 2857 servorum
3573 2793 3710 2857 eius
3748 2793 3821 2856 in
3865 2795 4208 2875 populum,
4276 2803 4336 2864 et

2394 2876 2713 2941 dixerunt.-
2761 2875 2891 2942 Gur
2931 2877 3041 2942 hoe
3078 2876 3344 2960 fecimus
3384 2881 3458 2942 ut
3498 2876 3947 2944 dimitteremus
3989 2879 4214 2963 Israel,
4259 2903 4338 2949 ne

2395 2965 2653 3028 serviret
2704 2962 2935 3061 ‘nobi-s.-
3042 2962 3103 3028 6.
3168 2962 3259 3027 Et
3316 2968 3528 3063 aptato
3592 2982 3787 3027 curru
3850 2984 3962 3029 suo
4031 2968 4337 3049 populum

2392 3054 2871 3214 ffisgdrslf’zdmn‘zs
2912 3048 3447 3218 currus7iigq'tsstti,
3490 3140 3546 3199 et
3587 3054 4335 3221 dueegegusssquemque

2390 3220 2664 3286 illorum.
2755 3220 2814 3285 8.
2861 3221 2950 3286 Et
2989 3219 3298 3286 roboravit
3342 3220 3572 3285 Iehova
3613 3240 3717 3286 eor
3765 3220 4124 3288 Pharaonis
4166 3227 4334 3308 reqis

2400 3306 2683 3389 Aeyypti,
2729 3312 2784 3371 et
2814 3312 3234 3389 persequutus
3274 3312 3364 3371 est
3401 3306 3571 3387 filios
3605 3306 3830 3373 Israel.
3913 3306 4084 3374 Filii
4125 3317 4333 3376 autem

2398 3392 2609 3457 Israel
2644 3394 2876 3475 eqressi
2909 3396 3085 3457 erant
3119 3394 3187 3457 in
3221 3412 3417 3456 manu
3452 3392 3703 3457 excelsa.
3763 3393 3822 3457 9.
3862 3391 3950 3456 Et
3969 3397 4336 3477 persequuti

2393 3483 2540 3542 sunt
2561 3479 2859 3561 Aeqyptii
2892 3478 3050 3558 illos,
3093 3478 3741 3560 apprehenderuntque
3774 3497 3874 3544 eos
3907 3499 4100 3559 quum
4121 3488 4334 3547 eastra

2392 3562 2679 3627 habereut
2721 3565 2902 3628 iuoeta
2946 3583 3120 3628 mare
3135 3615 3149 3642 ,
3208 3565 3410 3629 omnis
3454 3564 3763 3644 equitatus
3803 3584 4107 3629 curruum
4159 3566 4330 3632 Pha-

2392 3651 2625 3728 raonis,
2671 3654 2729 3713 et
2769 3650 3001 3730 equites
3042 3651 3177 3714 eius
3192 3699 3207 3729 ,
3250 3655 3308 3713 et
3349 3650 3653 3714 exereitus
3695 3651 3832 3714 eius
3847 3700 3862 3727 ,
3904 3650 4086 3715 iuxta
4134 3651 4330 3716 Pilia-

2389 3733 2610 3812 kiroth‚
2657 3754 2690 3799 e
2729 3737 2975 3818 reqione
3017 3734 3436 3817 Baalsephon.

2566 3905 2622 3970 1.
2667 3904 2757 3969 Et
2797 3905 3085 3987 loquutus
3128 3909 3216 3970 est
3253 3905 3481 3970 Iehova
3525 3905 3609 3968 ad
3646 3903 3889 3969 Mosen.
3961 3905 4101 3970 Iam
4142 3907 4327 3972 Deus

2389 4010 2619 4057 omnes
2665 3991 2884 4056 exitus
2918 3989 3294 4070 claudendo,
3341 4013 3419 4055 ne
3457 4012 3586 4073 qua
3622 3991 3789 4055 elabi
3826 4004 4091 4074 possent
4113 3992 4330 4057 Israe-

2386 4075 2572 4154 litae,
2644 4078 2813 4140 viam
2883 4076 3247 4141 admirabili
3308 4098 3462 4141 suae
3520 4077 3848 4158 potentiae
3907 4079 4191 4158 aperuit:
4260 4086 4326 4144 et

2386 4162 2640 4228 obiecta
2718 4162 2912 4227 unius
2975 4164 3286 4226 momenti
3354 4162 3835 4245 desperatione,
3915 4164 3983 4224 in
4049 4162 4323 4247 longum

2389 4256 2647 4331 tempus
2691 4248 3029 4331 prospexit
3072 4249 3382 4313 ecclesiae
3417 4269 3573 4312 suae
3618 4246 3831 4312 saluti.
3897 4246 4080 4313 Haec
4123 4248 4326 4333 igitur

2388 4334 2619 4399 ultima
2683 4335 2849 4400 actio
2915 4336 3202 4399 maxime
3266 4333 3623 4398 illustravit
3681 4332 3804 4397 Dei
3871 4334 4179 4417 gratiam,
4248 4342 4323 4400 ut

2388 4420 2694 4503 populus,
2756 4422 3177 4505 quantumvis
3230 4420 3529 4503 ingratus
3581 4427 3647 4483 et
3690 4418 4055 4501 malignus,
4102 4418 4316 4486 Deum

2388 4517 2610 4571 tamen
2654 4515 3039 4590 agnosceret
3073 4528 3267 4572 suum
3306 4506 3751 4570 liberatorem:
3795 4503 4030 4569 deinde
4072 4506 4316 4572 factum

2387 4602 2488 4657 est
2549 4613 2681 4657 non
2748 4591 2937 4658 modo
2991 4592 3233 4657 attritis
3290 4591 3520 4673 opibus
3574 4589 3896 4675 Aegypti,
3956 4589 4067 4655 sed
4128 4601 4321 4674 gente

2388 4699 2585 4761 prope
2629 4678 2872 4755 deleta,
2935 4678 3168 4743 saltem
3226 4678 3548 4741 exstincto
3590 4678 3779 4753 flore,
3836 4684 3910 4740 ut
3951 4675 4117 4740 nihil
4163 4677 4318 4742 inde

2386 4764 2719 4830 molestiae
2754 4764 3004 4829 illatum
3043 4764 3129 4828 sit
3164 4764 3420 4846 populo,
3460 4763 3661 4827 donec
3695 4763 3761 4826 in
3800 4770 3977 4827 terra
3998 4760 4313 4828 Chanaan

2384 4850 2714 4916 stabilitus
2792 4860 2980 4915 esset.
3092 4848 3166 4915 Si
3243 4869 3398 4932 rege
3475 4851 3693 4931 quieto
3771 4859 3836 4911 et
3912 4848 4314 4913 cessantibus

2384 4936 2734 5020 Aegyptiis
2778 4935 2979 5002 libere
3025 4945 3091 5000 et
3135 4947 3359 5018 pacate
3403 4934 3649 5019 egressi
3694 4943 3930 5009 essent,
3977 4954 4108 4997 non
4148 4935 4308 4998 satis

2379 5022 2743 5087 valuissent
2785 5022 3004 5105 priora
3038 5021 3353 5086 miracula
3388 5020 3467 5085 ad
3514 5019 3879 5085 testandam
3925 5019 4314 5101 redemptio-

2384 5128 2566 5172 nem:
2635 5109 2748 5173 sed
2814 5105 2924 5172 ubi
2989 5108 3161 5172 inter
3227 5106 3564 5191 angustias
3626 5106 3913 5188 undique
3978 5104 4314 5170 constricti

2383 5193 2546 5258 nihil
2581 5203 2842 5277 praeter
2875 5201 3154 5259 mortem
3191 5201 3489 5270 cernunt,
3531 5203 3797 5275 repente
3840 5196 4057 5254 autem
4095 5210 4178 5255 ex
4212 5189 4321 5255 in·

2381 5289 2640 5363 sperato
2686 5301 2867 5345 mare
2908 5279 3021 5346 dat
3073 5278 3205 5345 illis
3248 5280 3634 5356 transitum,
3700 5287 3766 5342 et
3824 5277 4042 5340 hostes
4086 5297 4312 5342 eorum

2379 5387 2419 5431 a
2473 5375 2655 5449 tergo
2718 5367 3039 5432 instantes
3103 5365 3432 5444 absorbet,
3500 5364 3688 5429 fateri
3754 5371 4107 5445 coguntur,
4174 5382 4318 5429 non.
