4867 6150
560 422 684 488 151

556 613 811 679 crimen
862 609 1047 675 illud.
1146 611 1341 678 Nunc
1395 632 1584 693 vero,
1642 613 1826 697 quasi
1887 612 2101 679 Deum
2167 624 2236 680 et
2280 613 2500 679 Mosen

464 712 475 721 ·
566 706 837 764 teneant
869 695 1203 777 obnoxios,
1248 698 1578 781 petulanti
1612 698 1922 765 iactantia
1956 701 2355 782 exprobrant
2376 699 2502 765 sibi

562 804 698 849 non
743 782 946 849 fuisse
988 781 1327 864 creditum,
1383 806 1582 868 quum
1638 784 1880 851 vellent
1933 786 2105 851 malo
2149 785 2502 869 prudenter

562 889 920 936 occurrere.
1006 868 1201 935 Unde
1245 868 1553 935 docemur
1594 890 1901 954 quorsum
1944 870 2244 937 homines
2289 871 2504 955 rapiat

563 977 725 1023 811118
760 955 1051 1033 affectus,
1098 953 1251 1019 dum
1292 965 1468 1021 metu
1507 977 1686 1041 spem
1724 957 2132 1034 suffocantes,
2177 960 2504 1041 patienter

565 1061 701 1106 non
738 1048 1119 1123 exspectant
1164 1041 1293 1107 Dei
1337 1040 1673 1107 auxilium.

742 1127 841 1193 13.
892 1126 981 1191 Et
1033 1126 1199 1194 dizit
1250 1125 1465 1193 Moses
1510 1129 1595 1194 ad
1617 1128 1939 1212 populum.
2020 1128 2340 1208 Quamvis
2385 1148 2504 1211 pro

565 1233 685 1277 sua
728 1210 1229 1278 mansuetudine
1285 1234 1394 1280 eos
1448 1213 1530 1279 ad
1588 1213 1749 1279 bene
1792 1214 2187 1299 sperandum
2231 1215 2503 1281 comiter

565 1299 871 1364 hortetur
936 1298 1173 1377 Moses,
1239 1318 1372 1364 non
1438 1307 1537 1365 est
1602 1309 1824 1365 tamen
1901 1300 2236 1386 probabile
2309 1302 2502 1366 tacite

566 1385 784 1468 ipsum
831 1384 1058 1450 tulisse
1103 1385 1410 1450 scelestos
1451 1385 1594 1451 illos
1638 1385 1983 1465 clamores,
2043 1386 2278 1470 quibus
2325 1385 2501 1451 vide-

568 1471 681 1536 bat
724 1471 940 1535 Deum
987 1472 1293 1536 atrociter
1335 1471 1582 1554 impeti.
1670 1472 2009 1538 Functum-
2058 1472 2259 1556 igitur
2317 1471 2502 1555 probi

568 1554 848 1621 doctoris
893 1554 1105 1622 officio
1151 1556 1471 1638 existimo,
1537 1557 1739 1623 libere
1780 1558 2160 1642 castigando
2206 1557 2498 1641 petulan-

567 1642 760 1720 tiam,
820 1662 984 1724 quae
1028 1640 1300 1707 minime
1356 1651 1495 1707 erat
1539 1643 1913 1709 tolerabilis.
2002 1644 2259 1708 Deinde
2301 1665 2500 1726 quum

568 1727 882 1810 loquutus
938 1728 1024 1791 sit
1079 1725 1208 1791 Dei
1266 1729 1499 1811 spiritu
1547 1729 1743 1795 verba
1789 1741 2175 1813 praeeunte,
2236 1730 2502 1795 dubium

569 1835 703 1879 non
764 1823 861 1878 est
918 1813 1076 1896 quin
1136 1834 1362 1879 severe
1387 1812 1434 1900 ¹)
1480 1815 1663 1880 Deus
1719 1817 1860 1900 ipse
1904 1816 2299 1900 corripuerit
2357 1815 2504 1879 illas

569 1897 1027 1982 blasphemias,
1076 1920 1156 1963 ne
1201 1920 1310 1965 eas
1352 1899 1758 1985 indulgentia
1801 1903 2067 1967 foveret.
2115 1901 2249 1967 Sed
2287 1901 2505 1966 Moses

565 1985 809 2050 omissa
851 1984 1375 2067 reprehensione,
1433 1995 1687 2051 tantum
1742 1986 1929 2053 docet
1972 1987 2357 2053 exsecrabili
2390 2009 2500 2071 po·

561 2070 699 2155 puli
756 2069 1008 2134 malitia
1066 2072 1463 2153 superiorem
1509 2072 1707 2139 fuisse
1752 2073 1880 2139 Dei
1924 2074 2369 2151 clementiam,
2431 2081 2506 2137 ut

565 2155 796 2222 solatio
862 2176 1088 2220 eorum
1154 2155 1443 2222 dolorem
1488 2158 1753 2240 leniret,
1819 2160 2506 2243 perturbationemque

563 2240 835 2307 sedaret.
923 2242 1129 2307 Porro
1184 2243 1412 2308 timere
1458 2254 1726 2329 vetans,
1791 2254 1857 2310 81
1913 2253 2087 2311 81818
2144 2245 2374 2310 iubens
2418 2242 2501 2309 ad

562 2328 912 2394 videndam
977 2326 1252 2392 salutem
1320 2327 1622 2411 Domini,
1699 2330 1805 2396 his
1871 2332 2088 2397 verbis
2154 2331 2504 2416 significat,

564 2413 875 2497 quamdiu
920 2425 1172 2479 mentes
1212 2428 1485 2498 occupat
1545 2417 1770 2496 timor,
1835 2438 2061 2482 caecas
2119 2426 2187 2481 et
2240 2430 2507 2500 stupore

564 2500 870 2567 confusas
915 2519 1076 2580 esse,
1143 2522 1226 2565 ne
1270 2501 1395 2565 Dei
1439 2502 1753 2567 auxilium
1814 2501 2183 2568 admittant.
2285 2502 2507 2568 Verbo

565 2584 783 2650 standi
848 2583 994 2651 vult
1058 2589 1308 2668 quietos
1378 2608 1670 2653 manere:
1750 2588 1937 2672 quasi
2016 2589 2260 2654 diceret
2335 2588 2503 2653 nihil

568 2691 737 2754 opus
783 2691 943 2748 8888,
987 2683 1062 2735 111
1105 2670 1383 2756 digitum
1430 2675 1770 2757 quisquam
1815 2686 2096 2752 moveat,
2143 2674 2295 2757 quia
2320 2672 2507 2739 Deus

567 2767 893 2823 cessantes
930 2764 996 2820 et
1039 2758 1276 2823 otiosos
1322 2758 1497 2825 solus
1555 2760 1860 2826 servabit.
1958 2758 2151 2841 Quod
2209 2761 2507 2843 proximo

564 2863 763 2908 versu
808 2843 1182 2908 confirmat:
1233 2843 1341 2908 ubi
1386 2845 1709 2927 promittit
1749 2846 1986 2925 Deum,
2033 2847 2194 2929 ipsis
2230 2846 2504 2911 tacenti-

565 2929 707 3007 bus,
754 2929 888 2994 fore
931 2928 1267 2994 victorem.
1356 2930 1583 3014 Neque
1628 2931 1799 2998 enim
1847 2932 1983 2998 illic
2017 2933 2099 2997 ad
2136 2931 2507 3015 tranquilli·

565 3020 789 3090 tatem,
836 3035 981 3079 meo
1025 3013 1280 3097 iudicio,
1323 3015 1500 3101 ipsos
1543 3016 1879 3085 hortatur:
1923 3018 2037 3085 sed
2083 3018 2396 3103 intelligit
2438 3018 2508 3083 in

568 3123 700 3167 uno
764 3101 903 3166 Deo
956 3102 1114 3167 satis
1166 3101 1304 3168 fore
1369 3104 1674 3186 praesidii
1720 3105 1803 3171 ad
1848 3106 2260 3183 vincendum,
2306 3126 2510 3189 quan-

569 3187 814 3253 tumvis
858 3193 1162 3271 torpeant
1196 3187 1382 3254 velut
1417 3191 1769 3257 exanimes.
1858 3191 2001 3256 Iam
2049 3213 2200 3257 vero
2244 3190 2508 3256 Israeli-

567 3280 696 3352 tae,
764 3271 919 3337 dum
978 3274 1225 3341 servati
1268 3275 1396 3340 Dei
1451 3297 1649 3341 manu
1695 3278 1975 3361 gratiam
2019 3279 2145 3344 sibi
2189 3277 2509 3356 collatam,

570 3367 892 3441 quantum
937 3359 1007 3422 in
1051 3380 1121 3423 se
1165 3367 1297 3438 est,
1352 3360 1718 3444 repudiant,
1761 3362 1945 3430 nobis
1992 3374 2147 3429 sunt
2191 3363 2510 3447 exemplo,

568 3454 645 3510 ut
678 3444 860 3508 Deus
904 3443 987 3508 ad
1032 3445 1385 3527 perfectam
1432 3447 1713 3513 salutem
1760 3470 1880 3514 nos
1922 3449 2224 3529 adducat,
2266 3450 2511 3514 multas

570 3529 925 3594 identidem
982 3530 1227 3597 salutes
1276 3552 1418 3598 esse
1477 3535 1898 3601 necessarias:
1944 3536 2099 3619 quia
2142 3544 2364 3602 nostra
2407 3536 2512 3599 in-

574 3615 979 3701 gratitudine
1044 3616 1464 3686 exinanimus
1529 3619 1841 3704 quidquid
1907 3622 2218 3700 contulit,
2285 3630 2351 3686 81
2418 3622 2513 3685 118

571 3709 801 3784 sponte
825 3711 1050 3766 nostra
1072 3704 1381 3786 perimus,
1427 3704 1554 3769 nisi
1596 3717 1888 3773 nostram
1932 3708 2263 3793 ignaviam
2310 3707 2512 3773 corri-

574 3795 760 3872 geret
803 3788 1070 3870 spiritus
1113 3790 1214 3853 sui
1261 3790 1524 3856 virtute.

748 3871 848 3937 15.
894 3872 1170 3939 Dixerat
1223 3881 1430 3941 autem
1474 3876 1721 3943 Iehova.
1831 3879 2271 3944 Praeteritum
2331 3877 2514 3961 plus·

576 3959 1135 4042 quamperfectum
1194 3962 1500 4026 vitandae
1570 3962 2015 4049 ambiguitatis
2073 3986 2272 4031 causa
2306 3963 2515 4047 posui.

577 4045 798 4109 Causa
841 4044 1015 4109 enim
1061 4044 1358 4111 redditur
1394 4069 1511 4114 cur
1557 4058 1687 4113 tam
1735 4050 2013 4116 fidenter
2062 4051 2285 4134 populi
2331 4049 2515 4116 dubi-

576 4130 888 4195 tationem
946 4132 1345 4214 increpuerit
1400 4134 1648 4212 Moses‚
1715 4157 1791 4203 ac
1833 4135 2158 4221 pollicitus
2200 4138 2287 4203 sit
2329 4155 2518 4220 prae-

578 4216 746 4281 senti
783 4217 912 4281 Dei
955 4218 1197 4283 auxilio
1240 4219 1377 4284 fore
1420 4221 1777 4288 incolumes
1826 4230 1895 4288 et
1940 4224 2176 4289 salvos,
2264 4223 2519 4304 Nempe

578 4302 729 4384 quia
749 4304 881 4366 iam
904 4304 1166 4370 coelesti
1187 4304 1447 4371 oraculo
1469 4308 1705 4373 certior
1726 4307 1942 4374 fuerat
1962 4307 2276 4387 redditus,
2302 4308 2520 4373 Deum

583 4386 753 4453 velle
810 4388 1047 4472 populo
1106 4412 1222 4456 suo
1264 4391 1600 4475 opitulari,
1665 4401 1733 4459 81
1795 4397 1866 4458 111
1909 4403 2217 4479 promptu
2279 4392 2522 4459 habere

580 4491 825 4540 novum
893 4475 1203 4540 servandi
1268 4476 1552 4543 modum.
1666 4479 1895 4563 Neque
1960 4480 2135 4546 enim
2202 4479 2387 4546 testis
2455 4487 2523 4543 et

579 4579 814 4642 praeco
857 4560 1089 4625 salutis
1126 4582 1268 4628 esse
1310 4571 1568 4647 poterat
1601 4564 1730 4630 nisi
1774 4575 2041 4651 accepta
2073 4566 2523 4651 promissione.

579 4645 814 4728 Itaque
878 4665 1062 4711 suam
1131 4647 1435 4715 fiduciam
1502 4669 1542 4713 a
1606 4650 1880 4717 crimine
1936 4651 2326 4718 temeritatis
2372 4672 2524 4734 pur-

581 4739 727 4815 gat:
786 4731 938 4814 quia
994 4732 1163 4797 nihil
1212 4735 1484 4817 protulit
1527 4736 1654 4801 nisi
1698 4736 1872 4819 quod
1917 4746 2069 4804 ante
2115 4737 2409 4802 audierat
2445 4749 2530 4801 ex

581 4835 694 4882 ore
739 4816 945 4901 ipsius
988 4818 1136 4884 Dei.
1225 4820 1409 4886 Haec
1448 4821 1684 4888 verba:
1736 4822 1914 4905 Quid
1959 4825 2203 4890 clamas
2247 4821 2330 4888 ad
2374 4820 2528 4887 me?

586 4901 856 4986 quidam
914 4904 1303 4987 interpretes
1368 4906 1451 4971 ad
1517 4914 1728 4974 totum
1787 4909 2104 4994 populum
2148 4908 2532 4988 extendunt,

585 4989 770 5055 cuius
834 5009 1182 5072 personam
1249 4992 1618 5058 sustinebat
1683 5017 1857 5061 unus
1924 4996 2164 5075 Moses,
2231 4994 2345 5062 sed
2411 4995 2536 5060 hoc

588 5075 787 5140 nimis
831 5084 931 5140 est
973 5086 1292 5157 coactum,
1336 5085 1405 5143 81
1446 5080 1640 5162 paulo
1684 5090 1837 5146 ante
1880 5082 2193 5147 admonui
2233 5089 2385 5147 vota
2417 5101 2535 5166 po-

587 5159 726 5244 puli
771 5161 853 5226 ad
897 5162 1113 5226 Deum
1163 5164 1434 5230 minime
1483 5164 1686 5231 fuisse
1743 5165 2009 5234 directa.
2110 5168 2342 5251 Itaque
2399 5187 2538 5232 non

765 5349 824 5421 1)
863 5349 1153 5419 amem.-
1186 5367 1391 5406 seem-0.

1689 421 2428 491 COMMENTARIUS
2475 422 2575 489 IN
2618 422 2919 491 EXODI
2962 421 3160 490 OAP.
3200 422 3391 488 XIV.

4402 419 4518 486 152

2603 611 2828 678 dubito
2872 614 3025 697 quin
3071 621 3333 680 sanctus
3382 613 3489 675 vir
3542 611 3613 675 in
3657 611 3861 694 plebis
3904 608 4192 675 tumultu
4236 627 4521 673 seorsum

2646 711 2904 765 recatus
2947 700 3051 766 sit.
3141 696 3332 781 Quod
3379 697 3635 780 pietatis
3677 697 3959 763 officium
4008 717 4136 761 non
4182 694 4522 778 reprehen-

2600 721 2781 851 ditur
2827 786 2950 852 hoc
2994 787 3164 852 loco:
3212 783 3327 851 sed
3374 784 3589 865 potius
3634 782 3921 848 ostendit
3960 783 4142 847 Deus
4184 802 4333 845 eum
4379 799 4521 863 ope·

2602 892 2740 936 ram
2788 893 2916 936 11011
2961 872 3208 948 lusisse,
3258 891 3376 935 1188
3421 870 3665 934 frustra
3688 867 3888 934 verba
3931 867 4177 933 fudisse
4201 868 4265 931 in
4293 879 4522 932 aerem.

2604 956 2860 1024 Sensus
2918 978 3073 1041 ergo
3131 966 3263 1034 est,
3325 976 3408 1020 ne
3452 954 3791 1021 clamando
3838 965 3902 1019 te
3947 953 4224 1035 amplius
4280 951 4527 1034 fatiges,

2601 1065 2673 1108 re
2715 1043 2858 1127 ipsa
2892 1045 3134 1110 senties
3179 1052 3243 1108 18
3283 1041 3485 1106 fuisse
3529 1040 3927 1106 exauditum.
4013 1038 4290 1121 Virgam
4333 1036 4529 1123 igitur

2604 1129 2864 1195 attollas
2928 1150 3059 1212 qua
3121 1128 3378 1196 scindas
3444 1148 3657 1206 mare,
3737 1136 3812 1192 ut
3867 1147 3984 1209 per
4031 1124 4318 1190 medium
4390 1122 4527 1188 eius

2603 1213 2877 1281 fundum
2922 1215 3112 1282 siccis
3154 1212 3426 1299 pedibus
3468 1213 3596 1278 iter
3640 1213 3881 1279 faciant
3922 1211 4042 1276 filii
4086 1210 4310 1276 Israel.
4401 1209 4528 1274 Do·

2603 1309 2704 1366 cet
2762 1300 2870 1367 hic
2925 1300 3105 1368 locus
3164 1311 3406 1366 temere
3464 1300 3675 1365 facere
3731 1298 3844 1381 qui
3908 1297 3990 1362 de
4033 1294 4532 1380 particularibus

2604 1387 2730 1452 Dei
2767 1386 3120 1466 beneficiis,
3157 1385 3397 1468 absque
3434 1385 3694 1467 speciali
3734 1383 4137 1461 testimonio,
4185 1380 4531 1465 quidquam

2605 1473 2728 1539 sibi
2774 1473 2877 1538 vel
2921 1473 3068 1539 aliis
3113 1473 3520 1555 promittunt.

2779 1558 2878 1624 17.
2923 1558 3061 1643 Eyo
3103 1557 3418 1624 roborabo.
3507 1555 3757 1621 Iterum
3802 1555 4089 1620 affirmat
4131 1555 4344 1632 Deus,
4411 1574 4535 1636 quo

2606 1644 2921 1710 virtutem
2967 1665 3155 1711 suam
3199 1643 3410 1727 magis
3446 1642 3753 1720 illustret,
3790 1663 3859 1707 se
3893 1639 4361 1706 obduraturum
4399 1659 4533 1704 esse

2607 1731 3001 1815 Aegyptios,
3047 1738 3121 1796 ut
3179 1750 3249 1794 88
3293 1738 3600 1811 tanquam
3656 1728 3855 1792 exitio
3900 1725 4151 1801 devoti,
4199 1725 4536 1808 proiiciant

2605 1816 2671 1880 iu
2742 1816 3029 1881 medium
3096 1837 3295 1880 mare.
3413 1813 3605 1896 Quod
3667 1823 3840 1879 certe
3900 1832 4235 1895 nunquam
4305 1812 4534 1876 facturi

2606 1911 2791 1966 erant
2844 1902 2973 1971 nisi
3019 1922 3255 1968 arcano
3310 1908 3488 1965 motu
3547 1897 3975 1985 gubernasset
4030 1918 4253 1963 eorum
4311 1896 4534 1963 corda:

2606 1988 2756 2071 quia
2804 2008 2915 2053 eos
2958 2010 3085 2054 non
3142 1986 3386 2052 latebat
3427 1985 3745 2069 singulari
3791 1985 3958 2050 dono
4001 1994 4299 2066 apertum
4345 1982 4536 2048 fuisse

2607 2075 2960 2140 transitum
3017 2072 3369 2151 Israelitis,
3445 2070 3619 2136 unde
3683 2071 3988 2155 colligere
4054 2079 4357 2152 poterant
4419 2067 4540 2135 sibi

2606 2181 2754 2226 cum
2798 2160 3140 2225 elementis
3183 2178 3324 2224 8888
3369 2157 3631 2224 bollum.
3689 2158 3921 2240 Itaque
3965 2175 4298 2238 nunquam
4346 2177 4539 2231 mare,

2606 2244 2773 2328 quod
2828 2253 3154 2312 armatum
3220 2253 3451 2310 contra
3514 2264 3583 2308 se
3649 2242 3995 2321 videbant,
4064 2243 4204 2307 ausi
4269 2241 4543 2308 fuissent

2606 2331 2881 2416 ingredi,
2920 2332 3046 2398 nisi
3070 2331 3391 2396 divinitus
3416 2329 3746 2395 excaecati
3769 2336 4006 2393 essent.
4059 2326 4251 2393 Unde
4275 2336 4544 2411 apparet

2607 2438 2797 2501 quam
2855 2417 3077 2503 frigidi
3143 2417 3277 2483 sint
3320 2415 3758 2498 speculatores
3803 2414 3911 2497 qui
3956 2412 4199 2478 nudam
4245 2413 4356 2479 1118
4402 2434 4541 2497 per·

2607 2504 2983 2569 missionem
3027 2504 3319 2587 fingunt,
3389 2500 3500 2567 ubi
3543 2502 3726 2566 Deus
3772 2501 4125 2582 potentiam
4171 2520 4360 2564 suam
4408 2500 4543 2564 vult

2609 2611 2750 2655 8888
2793 2591 3230 2673 conspicuam.
3290 2587 3467 2653 Satis
3504 2586 3767 2670 quidem
3807 2586 4051 2663 fuisset,
4096 2596 4439 2668 postquam
4477 2587 4543 2650 111

2609 2676 2959 2741 adversum
2998 2676 3181 2740 littus
3215 2675 3608 2738 traiecerant
3641 2672 3997 2751 Israelitae,
4036 2671 4201 2736 mari
4237 2671 4310 2735 in
4357 2693 4542 2737 81111111

2610 2763 2824 2829 10811111
2892 2782 3186 2837 reverso,
3265 2758 3598 2843 prohiberi
3667 2758 4070 2843 Aegyptios:
4142 2756 4255 2822 sed
4338 2758 4544 2822 voluit

2611 2848 2794 2913 Deus
2859 2847 3190 2932 geminato
3272 2845 3581 2911 miraculo
3660 2844 3994 2910 securitati
4096 2844 4311 2927 gentis
4393 2865 4545 2910 suae

2612 2933 2949 3000 consulere
3001 2933 3067 2997 in
3130 2933 3395 3015 longum
3456 2941 3737 3013 tempus.
3827 2928 4016 3011 Quod
4061 2930 4259 2994 etiam
4310 2932 4545 2996 factum

2613 3028 2744 3086 est:
2781 3020 2931 3104 quia
2967 3018 3179 3086 deleto
3209 3018 3405 3083 totius
3443 3015 3730 3099 regionis
3767 3016 3941 3096 flore,
3978 3016 4328 3100 Aegyptiis
4366 3037 4547 3083 exer-

2613 3107 2813 3171 citum
2861 3109 3126 3172 reficere
3160 3125 3292 3170 non
3317 3103 3532 3170 licuit:
3579 3103 3958 3186 praesertim
3998 3123 4216 3185 quum,
4265 3104 4549 3169 esxtinc-

2613 3203 2680 3259 to
2726 3204 2877 3258 ante
2920 3192 3372 3276 primogenito,
3414 3209 3532 3255 rex
3566 3190 3705 3273 ipse
3742 3188 4007 3254 demum
4041 3188 4361 3272 periisset.
4412 3189 4550 3255 Hac

2613 3279 2867 3345 ratione
2937 3277 3173 3344 dicitur
3244 3276 3525 3342 scituros
3591 3273 3953 3360 Aegyptios
4015 3274 4229 3340 Deum
4288 3274 4553 3341 Israelis

2612 3386 2754 3432 esse
2817 3363 3160 3430 Iehovam:
3240 3362 3394 3445 quia
3468 3362 3539 3426 in
3599 3359 3721 3427 hoc
3787 3359 4016 3425 ultimo
4083 3368 4234 3425 actu
4297 3361 4554 3445 experti

2612 3461 2767 3516 sunt
2848 3449 2970 3515 sibi
3055 3469 3324 3535 prorsus
3402 3447 3652 3513 ablatas
3732 3468 3874 3513 esse
3951 3447 4125 3511 vires
4194 3443 4275 3511 ad
4352 3448 4554 3514 rebel·

2613 3536 2904 3601 landum.

2791 3707 2890 3773 19.
2938 3704 3261 3788 Profectus
3318 3710 3408 3771 est
3471 3706 3684 3787 itaque
3747 3704 4008 3788 0898188
4050 3703 4179 3770 Dei
4221 3707 4338 3786 981·
4367 3726 4556 3788 prae·

2613 3792 2854 3861 cedebat
2906 3796 3116 3857 eastra
3175 3791 3411 3858 Israel:
3466 3792 3775 3873 coepitque
3817 3793 3912 3856 ire
3953 3812 3996 3855 0
4044 3796 4213 3874 teryo
4253 3793 4556 3873 ipsorum,

2614 3885 2671 3946 et
2702 3880 2986 3946 columna
3007 3877 3193 3943 nubis
3213 3898 3374 3960 9808
3394 3877 3805 3958 praecedebat
3834 3897 3951 3954 808,
3990 3877 4124 3959 fuit
4153 3877 4288 3943 illis
4309 3900 4356 3943 a
4376 3884 4555 3963 teryo.

2616 3966 2720 4032 20.
2761 3965 2861 4032 Ao
2903 3965 3223 4047 inyressus
3265 3974 3355 4029 est
3395 3964 3555 4028 inter
3595 3968 3807 4028 eastra
3833 3963 4282 4046 Aeyyptiorum
4327 3970 4387 4030 et
4403 3966 4560 4030 inter

2616 4056 2826 4118 eastra
2870 4049 3097 4116 Israel.
3177 4048 3267 4115 Et
3304 4050 3435 4132 fuit
3471 4048 3661 4114 nubes
3702 4054 3757 4113 et
3798 4049 4029 4131 caligo.-
4092 4054 4149 4114 et
4179 4049 4561 4117 illuminavit

2616 4142 2869 4216 8081818,
2936 4154 3044 4202 neo
3106 4137 3418 4219 appropia
3461 4136 3639 4201 uavit
3700 4135 3861 4201 alter
3924 4135 4114 4214 alteri
4176 4140 4304 4201 tota
4381 4141 4558 4203 noete.

2620 4223 2722 4289 21.
2789 4221 2991 4287 Porro
3045 4222 3312 4288 mendic
3434 4242 3567 4287 oses
3598 4241 3857 4287 manum
3897 4240 4085 4286 suam
4124 4239 4319 4304 super
4357 4243 4561 4288 mare.-

2620 4314 2676 4377 et
2720 4307 2949 4374 Iehova
2988 4307 3134 4390 fecit
3173 4327 3351 4373 mare
3392 4307 3566 4372 abire
3596 4327 3721 4388 per
3758 4311 4006 4372 ventum
4050 4307 4410 4374 orientalem
4460 4328 4561 4374 ve-

2622 4395 2951 4461 hementem
2988 4398 3115 4459 tota
3155 4399 3349 4459 noete.-
3372 4394 3710 4475 posuitque
3732 4393 3999 4457 marein
4039 4393 4379 4460 siccitatem
4412 4395 4559 4477 quia

2624 4481 2867 4548 divisae
2908 4483 3086 4544 erant
3128 4500 3345 4562 aquae.
3431 4479 3535 4544 22.
3587 4479 3762 4544 Teme
3802 4479 4076 4563 inyressi
4115 4485 4268 4544 sunt
4293 4480 4422 4562 filii
4458 4480 4558 4546 Ie-

2625 4566 2764 4633 8081
2805 4566 2874 4630 in
2914 4564 3191 4631 „aedium
3223 4565 3426 4632 maris
3454 4566 3522 4631 in
3536 4565 3695 4631 sicco
3722 4569 3779 4631 et
3795 4584 3997 4646 aquae
4017 4564 4154 4630 iuis
4177 4571 4359 4632 erant
4376 4565 4563 4650 9808ἰ

2626 4672 2848 4718 818888
2889 4671 2932 4716 0
2972 4652 3195 4718 dextra
3238 4657 3297 4716 et
3333 4651 3599 4718 sinistra
3638 4671 3867 4717 eorum.
3978 4650 4080 4715 23.
4126 4650 4217 4716 Et
4257 4650 4563 4735 ira-sequuti

2628 4743 2774 4804 8881
2813 4738 3112 4821 Aeyyptii
3131 4787 3145 4816 ,
3203 4742 3261 4804 et
3318 4742 3607 4803 venerunt
3645 4742 3796 4818 post
3847 4736 3990 4802 illos
4051 4740 4217 4803 totus
4257 4740 4564 4820 equitatus

2635 4823 3022 4900 Pharaonis,
3068 4842 3293 4889 currus
3334 4824 3489 4903 eius,
3529 4828 3586 4889 et
3624 4824 3854 4906 equites
3897 4823 3983 4888 ad
4015 4821 4291 4888 medium
4343 4824 4564 4891 marie.

2633 4910 2737 4977 24.
2783 4906 2874 4974 Et
2896 4909 3145 4991 factum
3184 4914 3275 4975 est
3313 4910 3593 4976 modia
3633 4910 3949 4974 matutina
3988 4913 4060 4973 ut
4089 4910 4417 4991 respiceret
4470 4908 4563 4973 Ie-

2632 4997 2790 5063 hova
2832 4996 2918 5060 ad
2950 4999 3160 5060 castra
3182 4996 3629 5079 Aeyyptiorum
3667 4996 3740 5061 in
3778 4994 4062 5062 columna
4093 4995 4265 5079 iynis
4296 5002 4351 5061 et
4381 4993 4565 5061 nube.-

2634 5087 2689 5148 et
2729 5081 3001 5146 turbavit
3040 5086 3251 5149 castra
3285 5082 3750 5165 Aeyyptiomm.
3838 5080 3942 5146 25.
3989 5079 4078 5145 Et
4115 5080 4368 5147 abstulit
4402 5085 4566 5148 rota-3

2636 5188 2941 5233 curruum
2980 5168 3148 5247 eiu-9,
3212 5171 3268 5231 et
3329 5167 3620 5232 violenter
3679 5168 3848 5234 vexit
3907 5186 4066 5232 eum.
4183 5165 4354 5234 Unde
4403 5166 4565 5233 dixit

2638 5253 3012 5337 Aeyyptius:
3055 5250 3332 5336 Fuyiam
3364 5273 3406 5317 a
3442 5253 3607 5333 faeie
3625 5253 3868 5320 181081.-
3907 5253 4063 5336 quia
4085 5251 4314 5319 Ι811080
4323 5255 4566 5338 pugnat

2628 5359 2753 5422 pro
2793 5341 2885 5404 eis
2922 5343 3138 5405 eontra
3182 5338 3538 5422 Aeyyptios.
