4867 6150
561 426 696 493 427
1968 425 2483 495 SECUNDUM
2526 426 3177 503 PRAECEP'I'UM.
3781 523 3787 529 ι
4426 435 4533 503 428

567 615 847 682 iurando
874 614 1187 695 sancitur,
1232 619 1488 683 constat
1536 613 1728 680 alteri
1762 613 2175 698 praecellere.
2243 614 2526 681 Minime

572 723 730 787 ergo
786 702 1055 768 dubium
1111 709 1214 767 est
1269 700 1429 784 quin
1485 698 1739 777 David,
1796 708 1872 766 ut
1929 710 2073 767 erat
2127 700 2299 766 fidus
2356 699 2524 785 legis

567 788 896 871 interpres
915 839 932 867 ,
974 787 1215 854 clarius
1260 785 1815 853 demonstraverit
1855 785 2030 871 quod
2072 787 2209 854 illic
2250 786 2524 853 obscure

567 876 928 959 figuratum
994 882 1153 940 erat.
1258 871 1602 939 Hactenus
1654 871 1886 939 docere
1944 871 2125 938 volui
2142 925 2160 953 ,
2227 880 2524 940 creatum

568 959 772 1027 fuisse
814 959 1152 1026 leviticum
1212 957 1651 1033 sacerdotem,
1710 958 1824 1041 qui
1877 959 2113 1024 umbra
2163 966 2338 1025 esset
2379 959 2526 1023 veri

571 1045 969 1112 mediatoris.
1036 1044 1229 1111 Nunc
1263 1044 1553 1110 breviter
1588 1064 1827 1128 operae
1849 1044 2139 1128 pretium
2173 1044 2302 1111 erit
2335 1051 2527 1110 notas

572 1132 901 1216 attingere
916 1180 932 1210 ‚
999 1130 1234 1215 quibus
1293 1129 1798 1216 distinguendus
1841 1138 1946 1196 est
1987 1130 2219 1196 unicus
2264 1140 2331 1196 et
2371 1150 2524 1214 per·

570 1224 811 1302 petuas
855 1225 1079 1284 noster
1122 1215 1423 1283 sacerdos
1466 1216 1640 1282 filius
1684 1215 1813 1281 Dei
1857 1214 1938 1283 ab
1984 1216 2115 1282 illis
2159 1216 2521 1283 veteribus:

572 1324 730 1369 nam
784 1302 993 1369 fusior
1051 1302 1399 1386 explicatio
1470 1301 1609 1368 suis
1673 1301 1833 1369 loeis
1897 1311 2126 1386 postea
2191 1309 2522 1385 sequetur.

571 1390 875 1455 Primum
911 1388 1267 1456 discrimen
1302 1408 1480 1454 nunc
1516 1386 1788 1467 ostendi,
1828 1388 2253 1472 temporalem
2276 1387 2527 1455 scilicet

571 1475 778 1541 fuisse
811 1476 1129 1560 figuram:
1175 1475 1330 1558 quia
1363 1474 1771 1559 perpetuitas
1805 1495 1940 1539 non
1977 1474 2107 1541 nisi
2140 1475 2207 1539 in
2246 1473 2525 1540 veritate

573 1560 947 1646 quaerenda
978 1569 1098 1626 est.
1164 1561 1277 1626 Ex
1311 1582 1437 1645 quo
1473 1560 1802 1639 discimus,
1844 1579 2088 1631 munus
2123 1558 2526 1627 sacerdotale

572 1668 707 1714 non
745 1646 945 1713 fuisse
982 1668 1021 1711 a
1043 1646 1230 1712 Mose
1263 1646 1640 1712 institutum
1684 1644 1859 1729 quod
1903 1666 2163 1731 semper
2205 1652 2523 1723 maneret,

574 1732 688 1799 sed
756 1732 924 1816 quod
989 1732 1304 1815 populum
1383 1732 1695 1816 dirigeret
1758 1731 1839 1797 ad
1911 1752 2096 1815 spem
2165 1731 2522 1797 meliorem.

573 1817 769 1901 Quod
827 1831 1048 1884 autem
1108 1816 1189 1883 de
1246 1840 1317 1882 re
1375 1819 1520 1902 ipsa
1576 1818 1748 1896 dixi,
1808 1816 1889 1882 ad
1950 1837 2262 1901 personas
2322 1817 2524 1883 etiam

573 1904 937 1971 transferre
1001 1904 1325 1970 convenit.
1425 1903 1617 1971 Unus
1683 1911 1945 1969 tantum
2010 1903 2132 1969 sub
2198 1904 2342 1988 lege
2398 1903 2526 1967 fuit

575 2011 872 2057 summus
914 1988 1216 2056 sacerdos
1234 2042 1252 2070 ,
1311 1988 1427 2056 sed
1484 1991 1588 2055 cui
1644 1997 1872 2074 postea
1924 1989 2299 2056 succederet
2351 2009 2526 2055 unus

572 2098 663 2143 ex
706 2096 827 2143 suo
869 2097 1139 2160 genere:
1201 2076 1359 2159 quia
1400 2075 1652 2142 scilicet
1693 2095 1919 2142 omnes
1964 2085 2153 2141 erant
2198 2075 2524 2142 mortales.

573 2162 786 2228 Nemo
843 2161 1081 2246 igitur,
1144 2169 1408 2245 praeter
1463 2160 1805 2228 Christum
1823 2213 1838 2238 ‚
1896 2159 2173 2228 idoneus
2232 2180 2527 2244 unquam

572 2249 697 2313 fuit
762 2247 1093 2315 sacerdos:
1179 2249 1333 2330 quia
1407 2257 1762 2332 perpetuus
1828 2268 1971 2314 esse
2037 2267 2229 2313 nemo
2294 2247 2526 2330 potuit.

571 2333 768 2402 Unde
811 2334 1091 2419 emergit
1133 2333 1320 2399 nobis
1364 2334 1729 2400 secundum
1766 2332 2137 2400 discrimen.
2228 2332 2527 2398 Tertium

576 2440 732 2488 vero
777 2419 844 2484 in
891 2419 1033 2502 ipsa
1076 2419 1327 2486 Christi
1371 2417 1748 2499 divinitate,
1787 2439 1954 2503 quae
1998 2419 2150 2484 inde
2194 2418 2527 2502 probatur,

569 2503 750 2590 quod
827 2505 1133 2571 sacerdos
1218 2504 1577 2572 secundum
1663 2503 1962 2570 ordinem
2044 2503 2530 2570 Melchisedech

575 2590 976 2676 principium
1055 2611 1189 2657 non
1263 2591 1481 2658 habet.
1604 2589 1833 2673 Neque
1909 2590 2086 2656 enim
2164 2590 2530 2674 reperietur

575 2676 763 2761 origo
807 2676 1324 2743 Melchisedech:
1385 2675 1500 2742 sed
1558 2683 1818 2742 tantum
1878 2675 2084 2742 semel
2127 2695 2202 2743 ac
2256 2687 2529 2761 repente

623 2762 964 2828 reducitur
1006 2763 1074 2828 in
1118 2762 1428 2841 medium,
1471 2784 1548 2828 ac
1592 2764 1648 2827 si
1693 2761 1998 2845 delapsus
2042 2771 2215 2828 esset
2248 2783 2284 2828 e
2327 2760 2526 2829 coelo.

575 2784 907 2930 ananum
976 2857 1076 2915 est
1139 2848 1207 2914 in
1272 2847 1732 2915 coniunctione
1792 2849 1981 2933 regni
2035 2859 2101 2915 et
2163 2846 2526 2915 sacerdotii.

578 2933 766 3000 Deus
809 2933 932 2999 sub
974 2934 1121 3018 lege
1165 2933 1327 3000 alios
1369 2956 1511 3000 esse
1555 2955 1745 3018 reges
1801 2934 2038 3014 voluit,
2098 2933 2260 2999 alios
2315 2954 2528 3000 sacer-

579 3022 784 3098 dotes,
830 3040 951 3086 nec
990 3021 1090 3087 fas
1135 3028 1278 3088 erat
1322 3041 1567 3087 munus
1610 3020 1888 3086 alterum
1933 3040 2085 3086 cum
2132 3020 2338 3085 altero
2374 3021 2530 3085 mis·

575 3128 748 3175 cere.
818 3109 1020 3190 Atqui
1067 3109 1240 3192 regis
1284 3107 1477 3172 titulo
1522 3117 1798 3173 ornatur
1840 3108 1951 3191 qui
1996 3105 2256 3173 futurus
2293 3106 2533 3172 dicitur

582 3193 884 3260 sacerdos
917 3194 1129 3259 instar
1150 3193 1655 3261 Melchisedech.
1724 3192 2070 3275 Quintum,
2114 3193 2287 3276 quod
2324 3212 2533 3258 sacer—

582 3279 704 3345 dos
745 3278 976 3363 legalis
1020 3280 1283 3345 nonnisi
1326 3280 1395 3344 in
1442 3278 1682 3345 visibili
1719 3299 1794 3345 ac
1830 3280 2125 3345 terrestri
2160 3279 2533 3345 sanctuario

579 3384 804 3432 coram
847 3365 993 3430 Deo
1038 3366 1370 3449 apparuit:
1419 3364 1731 3431 Christus
1775 3373 1997 3430 autem
2039 3364 2416 3448 penetravit
2459 3365 2530 3429 in

581 3450 814 3528 coelos,
853 3460 928 3515 ut
967 3453 1138 3533 patri
1173 3471 1293 3517 nos
1327 3451 1613 3531 offerret,
1647 3473 1782 3517 non
1820 3451 1892 3516 in
1921 3452 2215 3517 externis
2237 3451 2532 3533 lapidum

585 3535 933 3622 symbolis,
994 3537 1109 3602 sed
1165 3558 1238 3603 re
1292 3537 1467 3621 ipsa:
1530 3537 1683 3620 quia
1737 3538 1806 3601 in
1867 3539 2006 3620 ipso
2064 3545 2138 3602 ut
2192 3536 2259 3601 in
2321 3536 2534 3619 capite

586 3629 852 3703 nostro,
917 3621 1001 3687 ad
1066 3623 1284 3688 Deum
1346 3643 1572 3690 omues
1635 3622 2023 3709 colligimur.
2113 3620 2395 3690 Sextum
2460 3622 2534 3687 in

585 3707 881 3793 perfecta
937 3707 1195 3776 Christi
1264 3709 1518 3775 iustitia
1581 3709 1786 3776 situm
1853 3717 1970 3775 est.
2070 3708 2245 3774 Nam
2302 3708 2533 3793 legalis

587 3793 907 3874 sacerdos,
935 3816 1155 3876 quum
1196 3804 1370 3861 esset
1410 3816 1587 3861 unus
1630 3816 1716 3861 ex
1759 3794 2224 3879 peccatoribus,
2270 3815 2538 3861 necesse

585 3879 872 3946 habebat
912 3901 1030 3964 pro
1075 3901 1145 3946 se
1188 3881 1330 3964 ipso
1377 3881 1732 3964 deprecari.
1824 3881 2131 3947 Christus
2185 3889 2410 3946 autem
2457 3879 2536 3945 ab

585 3966 768 4033 omni
831 3966 1025 4050 culpa
1088 3967 1405 4032 immunis
1471 3967 1752 4052 gratiam
1817 3966 2003 4033 nobis
2072 3988 2191 4033 sua
2244 3967 2537 4051 puritate

586 4052 909 4120 conciliat.
1002 4050 1397 4136 Septimum,
1440 4051 1612 4136 quod
1656 4054 1738 4118 ab
1782 4053 2074 4118 externis
2117 4054 2349 4138 figuris
2391 4073 2536 4117 mu·

587 4147 815 4204 tuatus
860 4147 958 4204 est
1001 4138 1303 4204 sacerdos
1346 4159 1516 4222 quae
1552 4139 1619 4203 in
1658 4138 1925 4206 Christo
1969 4159 2126 4204 vere
2170 4146 2237 4203 et
2281 4160 2353 4203 re
2396 4139 2540 4221 ipsa

588 4233 746 4290 sunt
809 4223 1119 4290 exhibita.
1225 4223 1463 4292 Vestes
1529 4244 1754 4291 sacrae
1796 4224 1899 4311 (ut
1955 4245 2167 4308 nuper
2225 4220 2540 4309 diximus)

589 4309 835 4392 aliquid
902 4309 1249 4395 plusquam
1330 4311 1694 4376 humanum
1773 4310 2234 4395 designarunt:
2315 4309 2539 4376 unctio

592 4394 824 4474 etiam,
878 4397 1149 4480 spiritus
1207 4397 1321 4481 qui
1391 4397 1463 4461 in
1520 4396 1789 4463 Christo
1859 4395 2103 4463 residet
2164 4396 2539 4481 symbolum

591 4481 745 4545 fuit:
800 4480 1070 4565 ideoque
1129 4504 1260 4548 non
1307 4491 1582 4548 externo
1627 4491 1694 4546 et
1751 4482 2158 4567 corruptibili
2200 4483 2340 4548 oleo
2384 4501 2540 4547 con·

592 4574 886 4633 secratus
929 4577 1046 4646 est,
1088 4567 1203 4634 sed
1245 4570 1538 4634 omnium
1580 4568 1900 4635 donorum
1946 4566 2373 4653 plenitudiue.
2434 4567 2541 4632 Ab

590 4653 818 4718 uxoris
861 4652 1286 4720 contubernio
1344 4655 1665 4721 abstinuit
1722 4665 1917 4721 vetus
1971 4653 2276 4722 sacerdos
2337 4674 2542 4738 quum

592 4738 1040 4805 sanctuarium
1084 4739 1593 4824 ingrediebatur.
1683 4740 2010 4821 Uxorem,
2059 4762 2189 4806 non
2236 4739 2363 4805 nisi
2407 4738 2543 4806 vir-

592 4826 817 4909 ginem
861 4822 1099 4890 ducere
1142 4825 1358 4892 licuit:
1421 4828 1710 4910 perfecta
1762 4837 1831 4893 et
1884 4826 2249 4912 spiritualis
2293 4825 2545 4893 Christi

592 4910 952 4976 mundities
996 4931 1066 4976 se
1110 4912 1252 4995 ipsa
1297 4922 1606 4980 contenta
1650 4923 1769 4980 est.
1858 4913 2277 4980 Postremum
2322 4911 2549 4978 discri-

592 5017 746 5062 men
815 4996 888 5061 in
955 4997 1113 5081 ipsis
1177 4998 1512 5066 sacrificiis
1579 4997 1660 5065 de
1722 5000 1958 5085 quibus
2025 5000 2097 5065 in
2173 4998 2548 5083 praesentia

592 5081 858 5168 longius
903 5081 1223 5151 disserere
1265 5084 1688 5169 supersedeo:
1731 5087 1885 5170 quia
1927 5086 2264 5170 proprium
2313 5082 2548 5150 deinde

593 5168 810 5234 locum
842 5169 1196 5237 habebunt.
1263 5171 1410 5238 Hoc
1446 5193 1620 5237 nunc
1655 5171 2012 5238 tenendum
2048 5179 2167 5253 est,
2204 5171 2549 5239 Christum

597 5275 730 5319 non
798 5255 1118 5338 pecudum
1183 5258 1538 5342 sanguine,
1610 5256 1724 5323 sed
1791 5280 1909 5324 suo
1971 5260 2180 5343 ipsius
2248 5259 2549 5343 expiasse

598 5341 828 5408 mundi
873 5355 1156 5427 peccata.
1244 5344 1438 5411 Nunc
1483 5342 1566 5409 ad
1610 5344 1816 5411 verba
1860 5344 2085 5411 Mosis.

2803 618 2860 683 1.
2912 616 3014 684 Tu
3053 636 3195 683 vero
3236 636 3476 683 accerse
3514 617 3602 684 ad
3637 621 3694 684 te
3727 617 4107 685 Aaronem.
4186 619 4315 686 Hic
4353 642 4538 688 sacer·

2629 701 2808 769 dotio
2830 702 3211 770 conciliatur
3243 703 3528 787 pretium
3565 711 3634 768 et
3668 703 3957 789 dignitas
3992 726 4032 769 a
4056 705 4180 771 Dei
4215 708 4540 775 vocatione.

2631 786 2827 870 Quod
2883 790 3079 854 etiam
3132 788 3335 871 probe
3391 787 3700 872 expendit
3758 791 4090 873 apostolus
4154 790 4259 857 his
4321 793 4537 860 verbis:

2629 872 2841 940 Nemo
2884 875 3010 941 sibi
3055 881 3336 957 usurpat
3390 873 3739 954 honorem,
3796 875 3910 942 sed
3973 877 4085 959 qui
4144 885 4400 943 vocatus
4439 886 4539 959 est,

2629 968 2709 1025 ut
2775 959 3046 1026 Aharou
3110 958 3341 1045 (Hebr.
3409 959 3469 1037 5,
3528 958 3618 1047 4).
3712 960 3920 1045 'Apud
3978 971 4210 1046 gentes
4265 963 4542 1047 profanas

2629 1046 2962 1131 suffragiis
2998 1045 3201 1111 creati
3235 1054 3395 1111 sunt
3427 1044 3816 1125 sacerdotes,
3853 1055 3929 1114 ut
3962 1048 4101 1113 sola
4131 1048 4268 1115 illic
4303 1049 4545 1116 ambitio

2626 1137 2957 1215 regnaret.
3025 1133 3207 1197 Deus
3242 1144 3460 1196 autem
3497 1151 3608 1196 eos
3653 1131 3918 1198 demum
3954 1132 4284 1217 legitimos
4322 1136 4545 1201 censeri

2631 1217 2841 1283 voluit
2883 1237 3044 1301 quos
3087 1237 3204 1283 suo
3262 1217 3461 1283 unius
3519 1216 3787 1284 arbitrio
3845 1218 4173 1303 elegisset.
4260 1221 4355 1286 Ac
4395 1229 4546 1286 certe

2630 1324 2761 1368 non
2829 1301 2956 1368 fuit
3020 1323 3220 1386 penes
3277 1311 3489 1368 totum
3550 1303 3909 1369 humanum
3968 1325 4176 1384 genus
4228 1304 4546 1371 obtrudere

2629 1389 2915 1473 aliquem
2950 1389 3114 1467 Dee,
3158 1389 3270 1472 qui
3305 1410 3376 1454 se
3409 1388 3493 1454 ad
3538 1390 3802 1455 veniam
3845 1400 3912 1456 et
3956 1411 4182 1473 pacem
4216 1392 4547 1475 impetran-

2631 1473 2783 1539 dam
2826 1474 3190 1559 ingereret,
3235 1474 3369 1540 imo
3413 1494 3496 1539 ne
3540 1472 3851 1541 Christus
3906 1475 4171 1560 quidem
4230 1475 4313 1541 ad
4351 1475 4548 1541 Deum

2628 1559 3023 1644 placandum
3088 1559 3360 1626 idoneus
3425 1558 3691 1639 fuisset,
3772 1562 3900 1627 nisi
3967 1583 4210 1627 munus
4273 1559 4553 1628 subiisset

2630 1647 2838 1729 patris
2882 1645 3138 1737 decreto
3181 1647 3304 1712 sibi
3340 1647 3743 1729 impositum.
3810 1647 3962 1728 Quo
3996 1650 4284 1731 pertinet
4324 1647 4553 1713 celebre

2629 1731 2793 1797 illud
2850 1731 3333 1810 iusiurandum,
3391 1753 3520 1815 quo
3576 1743 3766 1816 pater
3822 1733 4119 1801 coelestis
4177 1734 4555 1800 sacerdotem

2629 1818 2849 1901 ipsum
2883 1818 3240 1884 constit-uit.
3311 1818 3410 1882 Ac
3443 1826 3630 1884 tauto
3665 1817 3928 1902 quidem
3965 1818 4218 1885 foedius
4263 1826 4328 1883 et
4367 1819 4557 1903 magis

2632 1903 3017 1969 detestabile
3058 1904 3188 1969 fuit
3231 1904 3647 1989 sacrilegium
3701 1905 3872 1988 quod
3932 1914 4156 1988 postea
4209 1914 4555 1988 grassatum

2631 1999 2735 2056 est
2796 1990 2870 2054 in
2982 1999 3127 2055 ente
3189 1989 3487 2069 Iudaica,
3566 1998 3642 2054 ut
3704 1989 4140 2057 sacerdotium
4209 1998 4557 2058 coemerent

2630 2076 2879 2161 posteri
2990 2076 3217 2141 haron.
3308 2076 3399 2141 Et
3452 2074 3568 2139 illa
3669 2096 3794 2141 uae
3850 2097 3890 2140 a
3931 2075 4216 2162 Iosepho
4273 2084 4556 2141 narratur

2632 2170 2768 2227 tam
2835 2160 3108 2245 indigna
3160 2160 3551 2227 nundinatio
3570 2212 3585 2239 ,
3688 2181 3980 2228 errorem
4040 2162 4228 2228 nobis
4284 2162 4556 2228 incutere

2632 2247 2827 2313 hodie
2885 2249 3106 2326 debet,
3174 2247 3328 2313 dum
3388 2246 3688 2313 videmus
3733 2266 3988 2313 sacrum
4033 2248 4223 2313 illum
4270 2247 4559 2314 honorem

2570 2388 2576 2404 .
2631 2334 3047 2418 profanatum
3092 2334 3293 2399 fuisse
3338 2333 3419 2399 ab
3463 2354 3542 2398 ea
3584 2332 3867 2413 familia,
3907 2354 4077 2417 quae
4120 2334 4203 2399 ad
4251 2332 4560 2400 obeundas

2634 2418 2885 2485 Christi
2930 2420 3104 2486 vices
3147 2418 3465 2485 divinitus
3509 2418 3717 2484 electa
3758 2427 3920 2485 erat.
4001 2419 4207 2485 Porro
4256 2429 4559 2502 utcunque

2632 2506 2741 2571 ius
2784 2522 2980 2571 omne
3023 2514 3092 2570 et
3133 2504 3231 2571 fas
3275 2505 3663 2582 everterint,
3710 2506 3895 2571 stetit
3936 2513 4158 2572 tamen
4203 2504 4560 2572 inviolabile

2633 2590 2768 2657 Dei
2810 2590 3182 2657 consilium:
3231 2598 3307 2654 ut
3349 2590 3595 2657 seirent
3636 2589 3862 2657 fideles
3901 2590 4339 2657 sacerdotium
4381 2611 4420 2656 a
4450 2589 4562 2655 Dei

2635 2678 2988 2742 autoritate
3028 2676 3331 2760 pendere,
3378 2675 3568 2742 sicuti
3603 2696 3641 2740 a
3686 2697 3868 2742 mera
3911 2677 4054 2743 eius
4097 2678 4317 2761 gratia
4357 2683 4565 2741 manat

2634 2761 3092 2830 reconciliatio.
3161 2762 3329 2829 Nam
3377 2774 3453 2827 ut
3496 2762 3872 2829 hominibus
3915 2763 4322 2829 sacerdotem
4364 2782 4563 2827 creare

2590 2918 2599 2926 ,
2635 2849 2861 2926 liceat,
2925 2869 3189 2914 necesse
3233 2848 3358 2915 erit
3398 2848 3534 2913 suis
3579 2847 3831 2914 meritis
3876 2847 4094 2914 Deum
4141 2856 4563 2915 antevertere:

2635 2954 2678 2999 a
2733 2956 2864 3018 quo
2920 2934 3300 3019 longissime
3365 2932 3623 3000 absunt.
3737 2935 3821 3000 In
3886 2933 4208 3020 eligendis
4278 2933 4566 3000 ecclesiae

2638 3019 3005 3105 pastoribus
3058 3020 3189 3087 alia
3246 3029 3348 3088 est
3400 3020 3603 3087 ratio:
3677 3021 3832 3104 quia
3890 3029 4232 3105 postquam
4289 3019 4565 3088 ordinem

2636 3109 2853 3191 ipsum
2898 3108 3205 3175 Christus
3245 3106 3553 3188 instituit,
3596 3106 3679 3171 ab
3724 3107 3993 3174 ecclesia
4036 3108 4234 3174 iussit
4277 3107 4429 3192 eligi
4470 3104 4566 3189 qui

2639 3193 2934 3260 doctrina
2998 3207 3065 3259 et
3116 3194 3293 3261 vitae
3348 3193 3723 3277 integritate
3779 3193 3862 3258 ad
3906 3193 4028 3260 hoc
4074 3215 4321 3261 munus
4364 3212 4569 3278 geren·

2639 3280 2796 3346 dum
2851 3280 3070 3346 idonei
3125 3286 3361 3346 essent.
3451 3278 3848 3363 Quanquam
3905 3278 4028 3345 hoc
4070 3280 4267 3347 modo
4304 3300 4432 3345 non
4484 3298 4568 3342 re—

2638 3368 2859 3451 signat
2901 3367 3005 3431 ius
3047 3386 3241 3431 suum
3284 3373 3349 3431 et
3391 3373 3779 3448 potestatem
3817 3364 4211 3446 hominibus,
4302 3365 4414 3431 uia
4452 3382 4569 3429 nou

2640 3450 2880 3518 desinit
2922 3452 3120 3518 etiam
3179 3472 3299 3535 per
3351 3451 3529 3534 ipsos
3572 3471 3826 3517 vocare.
3927 3451 4110 3537 Ergo
4156 3460 4235 3517 ut
4348 3472 4463 3517 eus
4511 3468 4570 3513 se

2639 3536 2868 3605 doceat
2933 3538 3206 3604 unicum
3267 3558 3411 3602 esse
3475 3536 3822 3605 sacerdotii
3886 3547 4200 3616 autorem,
4272 3533 4571 3621 praecipit

2639 3623 2916 3689 Aharon
2972 3631 3043 3690 et
3093 3624 3232 3689 eius
3298 3622 3467 3689 filios
3513 3622 3635 3688 sibi
3679 3624 3971 3706 separari
4015 3645 4097 3689 ex
4141 3622 4421 3689 aliorum
4462 3640 4571 3685 nu-

2640 3731 2843 3777 mero.
2953 3708 3218 3775 Interea
3283 3709 3455 3775 Mosi
3522 3716 3744 3793 partes
3808 3710 3966 3776 istas
4031 3708 4340 3787 mandat,
4398 3724 4570 3791 quem

2639 3804 2864 3862 tamen
2907 3795 3054 3881 pari
3095 3794 3344 3861 honore
3372 3814 3504 3859 non
3545 3794 3875 3880 dignatur.
3963 3793 4331 3862 Consecrat
4372 3794 4573 3860 Moses

2641 3882 2935 3959 Aharon,
2981 3903 3181 3965 quum
3226 3892 3451 3946 tamen
3488 3901 3827 3965 nunquam
3850 3881 3991 3964 ipse
4010 3881 4153 3947 oleo
4188 3895 4313 3947 aut
4348 3878 4571 3948 vestitu

2638 3968 3070 4053 inauguratus
3126 3967 3324 4033 fuerit
3381 3966 3465 4032 ad
3507 3966 3638 4033 Dei
3680 3968 3945 4034 cultum.
4034 3966 4235 4034 Unde
4280 3961 4571 4051 perspici·

2640 4075 2822 4131 mus,
2889 4061 3300 4121 sacramenta
3342 4054 3483 4118 vim
3526 4075 3713 4120 suam
3758 4063 3824 4119 et
3868 4054 4173 4119 effectum
4220 4074 4356 4119 non
4398 4072 4437 4116 a
4465 4048 4574 4114 mi·

2642 4141 2839 4206 nistri
2880 4141 3148 4218 virtute,
3193 4139 3308 4205 sed
3354 4160 3394 4205 a
3434 4140 3570 4205 solo
3616 4140 3741 4205 Dei
3784 4139 4094 4205 mandato
4134 4139 4401 4206 habere.
4459 4135 4575 4201 Ne·

2643 4247 2771 4310 que
2829 4227 3006 4292 enim
3066 4225 3355 4291 dedisset
3409 4225 3555 4290 aliis
3614 4225 3832 4292 Moses
3891 4224 4064 4308 quod
4110 4246 4244 4290 uon
4291 4221 4572 4297 habebat,

2645 4313 2773 4379 nisi
2819 4312 2914 4378 ita
2957 4313 3100 4377 Deo
3143 4312 3510 4395 placuisset.

2816 4398 2875 4463 2.
2945 4397 3034 4462 Et
3085 4397 3284 4480 facies
3336 4402 3532 4463 vestes
3593 4416 3834 4463 sacras.
3936 4394 4239 4463 Ornatus
4309 4393 4575 4490 exterior

2649 4485 2785 4549 veri
2829 4495 2896 4549 et
2938 4483 3297 4567 spiritualis
3342 4482 3665 4549 defectum
3701 4482 3972 4548 notavit.
4062 4482 4237 4547 Nam
4284 4482 4343 4548 si
4386 4497 4573 4546 omm-

2647 4569 2767 4636 bus
2811 4570 3225 4653 perfeetionis
3283 4569 3578 4635 numeris
3623 4569 3955 4635 absolutus
3996 4567 4228 4634 fuisset
4272 4564 4573 4640 sacerdos,

2647 4677 3053 4741 supervacua
3130 4663 3275 4722 erat
3360 4654 3726 4721 umbratilis
3814 4654 4113 4722 accessio.
4241 4654 4570 4720 Caeterum

2646 4741 2990 4809 ostendere
3056 4742 3266 4808 voluit
3310 4741 3491 4807 Deus
3548 4741 3674 4807 hoc
3730 4740 4028 4825 symbolo
4084 4739 4431 4824 plusquam
4472 4754 4575 4832 au·

2647 4829 2931 4915 gelicum
3008 4829 3334 4894 virtutum
3414 4827 3709 4893 omnium
3796 4825 4241 4909 splendorem,
4331 4823 4443 4908 qui
4511 4837 4577 4882 m

2649 4916 2917 4982 Christo
2962 4913 3373 4981 exhibendus
3419 4921 3576 4978 erat.
3664 4913 3963 4996 Propriis
4023 4910 4328 4977 sordibus
4380 4904 4577 5000 inun

2652 5008 2847 5068 natus
2892 5010 3034 5066 erat
3074 4999 3368 5080 Aharon,
3413 4999 3689 5083 ideoque
3731 4997 4047 5082 indignus
4091 4999 4201 5082 qui
4247 5017 4320 5061 se
4363 4996 4429 5060 in
4469 4994 4577 5056 De1

2651 5095 3070 5172 conspectum
3110 5087 3391 5153 sisteret.
3441 5087 3619 5170 Ergo
3654 5093 3729 5151 ut
3763 5085 3978 5150 iustus
4014 5091 4188 5149 esset
4221 5081 4579 5150 conciliator

2649 5172 2780 5239 Dei
2823 5181 2894 5240 et
2937 5172 3298 5252 hominum,
3343 5179 3583 5237 exutus
3617 5171 3954 5239 communi
3988 5170 4236 5251 habitu,
4285 5177 4575 5260 tanquaul

2652 5279 2865 5326 novus
2921 5258 3118 5324 homo
3171 5257 3489 5342 prodibat.
3588 5256 3795 5323 Sacer
3846 5259 4068 5341 itaque
4132 5255 4409 5320 vestitus
4460 5267 4575 5334 prl-

2653 5366 2837 5411 mum
2882 5343 2963 5410 ad
3007 5345 3171 5410 vitia
3214 5343 3524 5429 tegenda,
3587 5341 3822 5409 deinde
3879 5342 3963 5408 ad
4016 5337 4578 5410 demonstrandum
