4867 6150
331 472 457 538 721

1984 462 2317 532 SUMMA
2361 462 2668 531 LEGIS.

4214 455 4348 522 722

1803 912 1812 921 ·
1876 862 2341 957 SUMMA
2394 860 2793 957 LEGIS.

1008 1084 1140 1150 EX
1186 1082 1455 1148 DEU'P.
1501 1082 1591 1148 X.

521 1259 622 1324 12.
684 1258 871 1325 Nunc
927 1277 1067 1340 erqo
1122 1254 1359 1329 Israel,
1415 1254 1572 1337 quid
1616 1251 1847 1319 Iehova
1902 1249 2081 1317 Deus
2137 1256 2287 1317 tuus

331 1347 493 1431 petit
549 1367 593 1410 a
633 1349 689 1411 te
704 1397 718 1422 ‚
777 1344 908 1410 nisi
956 1348 1028 1407 ut
1076 1342 1302 1407 timeas
1347 1337 1646 1406 Iehovam
1691 1338 1900 1404 Deum
1954 1342 2130 1402 tuum
2147 1388 2161 1415 ,
2218 1341 2290 1401 ut

344 1431 622 1499 ambules
661 1431 732 1496 in
776 1428 1059 1494 omnibus
1102 1428 1226 1492 viis
1268 1427 1405 1492 eius
1421 1478 1435 1505 ,
1495 1432 1567 1491 ut
1608 1425 1844 1509 diliyas
1884 1443 2042 1503 eum,
2095 1424 2289 1491 colas-

343 1540 463 1603 que
519 1517 814 1583 Iehovam
857 1515 1064 1584 Deum
1119 1518 1297 1578 tuum
1354 1514 1427 1578 in
1483 1517 1603 1577 toto
1655 1511 1835 1576 eorde
1889 1514 1993 1575 tuo
2009 1558 2024 1588 ,
2070 1514 2127 1574 et
2168 1513 2292 1575 tota

348 1605 568 1670 anima
624 1603 781 1668 tua?
875 1599 973 1665 13.
1039 1598 1446 1665 Custodiendo
1488 1600 1824 1681 praecepta
1886 1594 2150 1660 Iehovae
2165 1645 2181 1676 ,
2239 1600 2294 1658 et

346 1694 582 1756 statuta
609 1689 766 1763 eius,
810 1707 970 1768 quae
1012 1705 1117 1770 eqo
1148 1684 1476 1767 praecipio
1518 1683 1633 1748 tibi
1674 1682 1871 1762 hodie,
1915 1686 1986 1747 ut
2026 1679 2171 1747 bene
2212 1681 2297 1747 sit

1018 2113 1150 2179 EX
1195 2112 1466 2180 DEU'I'.
1512 2109 1634 2177 VI.

525 2286 585 2353 5.
631 2285 883 2368 Dilv‘yes
927 2282 1223 2349 Iehovam
1267 2283 1480 2348 Deum
1535 2287 1712 2347 tuum
1766 2285 1881 2347 toto
1939 2282 2117 2347 corde
2172 2284 2298 2361 tue,

355 2378 480 2439 tota
521 2374 741 2438 (mima
783 2375 914 2454 tua,
959 2375 1014 2435 et
1060 2375 1183 2435 tota
1223 2369 1597 2451 fortitudine
1639 2374 1766 2433 tua.

977 2713 1110 2778 EX
1151 2711 1457 2777 LEVIT.
1503 2710 1700 2778 XIX.

533 2886 634 2953 18.
674 2885 928 2969 Diziyes
961 2885 1324 2966 proximum
1365 2888 1540 2948 tuum
1583 2882 1742 2948 sicut
1784 2888 1840 2946 te
1883 2882 2114 2963 ipsum.

527 3057 726 3124 Deut.
792 3054 903 3134 10,
966 3055 1065 3121 12.
1118 3055 1306 3121 Num
1364 3076 1522 3139 erqo.
1626 3053 1984 3138 Postquam
2042 3052 2303 3137 singula

355 3154 703 3231 praecepta
737 3142 967 3208 ordine
1003 3142 1443 3224 exposuimus,
1491 3140 1843 3205 videndum
1881 3161 2059 3205 6666
2095 3146 2303 3204 166161

358 3229 514 3316 quid
574 3230 686 3294 lex
744 3229 1123 3294 summatim
1184 3228 1544 3305 contineat,
1603 3235 1671 3292 et
1716 3246 2029 3309 quorsum
2076 3225 2303 3289 tendat

357 3318 499 3382 eius
571 3315 886 3381 doctrina.
985 3312 1158 3377 Nam
1223 3313 1377 3378 inde
1449 3313 1623 3377 elicit
1675 3311 1928 3377 Paulus
1984 3309 2071 3396 (1.
2132 3311 2299 3375 Tim.

361 3403 431 3481 1,
476 3401 544 3489 5)
589 3421 821 3467 verum
866 3399 1009 3464 eius
1052 3420 1281 3477 usum,
1341 3398 1456 3464 ubi
1502 3400 1699 3464 finem
1745 3397 1887 3462 eius
1931 3417 2073 3462 esse
2118 3395 2305 3461 docet

359 3489 697 3572 caritatem
748 3509 833 3551 ex
878 3485 1069 3551 corde
1113 3506 1309 3568 pure,
1367 3483 1763 3550 conscientia
1806 3483 2008 3560 bona,
2068 3491 2135 3549 et
2179 3481 2305 3547 fide

359 3596 493 3640 non
535 3574 706 3639 ficta.
779 3571 996 3637 Erant
1038 3573 1214 3636 enim
1259 3577 1417 3635 tunc
1461 3570 1751 3652 perversi
1798 3568 1938 3635 eius
1983 3569 2306 3651 interpre-

360 3669 491 3736 tes,
538 3679 702 3741 quos
745 3656 905 3722 dicit
948 3655 1027 3720 ad
1074 3655 1527 3738 vaniloquium
1571 3655 1949 3734 deflexisse,
1995 3655 2303 3737 quoniam

358 3746 444 3811 ab
516 3744 630 3810 illo
700 3762 895 3826 scopo
949 3742 1437 3807 aberraverant.
1536 3741 1745 3808 Porro
1802 3740 2000 3805 sicuti
2054 3737 2307 3804 duabus

360 3831 602 3896 tabulis
661 3829 1067 3907 continetur,
1125 3829 1221 3891 ita
1280 3848 1425 3892 eam
1483 3826 1567 3893 ad
1622 3826 1749 3892 duo
1807 3826 2021 3909 capita
2064 3825 2309 3909 redigit

360 3917 599 3996 Moses,
642 3924 718 3980 ut
760 3913 980 3979 Deum
1025 3912 1371 3997 diligamus
1416 3934 1498 3978 ex
1534 3919 1672 3978 toto
1716 3911 1929 3991 eorde,
1975 3921 2042 3977 et
2086 3911 2306 3995 proxi-

362 4023 542 4066 mum
588 4001 760 4068 sicut
799 4019 918 4065 nos
959 3999 1155 4082 ipsos.
1243 3999 1394 4065 Etsi
1437 4008 1654 4063 autem
1699 4019 1831 4063 non
1877 4019 2011 4062 uno
2054 3996 2125 4062 in
2169 3998 2308 4063 loco

362 4096 711 4171 utrumque
734 4086 1096 4169 coniungit,
1131 4084 1437 4151 Christus
1476 4092 1717 4163 tamen,
1757 4106 1837 4149 ex
1862 4085 2047 4149 cuius
2071 4082 2306 4166 spiritu

363 4171 669 4255 loquutus
704 4179 820 4249 est,
866 4169 944 4235 ad
984 4169 1441 4254 explicandum
1459 4171 1601 4235 eius
1629 4169 1974 4236 consilium
2001 4170 2307 4235 sufficere

364 4255 550 4323 nobis
594 4256 803 4323 debet.
850 4258 1150 4341 Rogatus
1191 4265 1408 4322 autem
1455 4255 1621 4341 quod
1669 4265 1837 4322 esset
1881 4256 2305 4338 praecipuum

361 4343 527 4427 legis
543 4344 957 4408 mandatum:
980 4342 1315 4426 respondit
1331 4341 1598 4429 (Matth.
1616 4343 1719 4418 22,
1735 4341 1847 4429 37)
1863 4342 2151 4424 primum
2168 4341 2309 4425 qui-

365 4427 516 4492 dem
551 4448 691 4494 esse
733 4436 810 4493 ut
852 4428 1163 4512 diligatur
1202 4427 1409 4508 Deus,
1455 4429 1735 4492 alterum
1780 4449 1938 4494 vero
1985 4429 2180 4492 affine
2227 4427 2306 4493 (16

361 4514 662 4598 proximo
687 4514 1038 4600 diIIgendo:
1087 4512 1357 4598 perinde
1401 4533 1475 4578 ac
1519 4514 1573 4579 si
1621 4512 1884 4592 diceret,
1930 4521 2134 4578 totam
2177 4513 2310 4578 ius-

357 4600 541 4665 titiae
580 4599 1046 4684 perfectionem
1083 4621 1248 4683 quae
1281 4600 1353 4664 in
1389 4599 1532 4684 lege
1569 4599 1871 4680 traditur,
1926 4600 1999 4663 in
2051 4598 2303 4664 duabus

355 4686 655 4769 partibus
699 4686 1076 4770 consistere,
1120 4694 1194 4750 ut
1237 4706 1395 4751 vera
1438 4686 1681 4769 pietate
1704 4686 1944 4750 *Deum
1990 4683 2302 4766 colamus,

355 4779 423 4836 et
457 4772 727 4837 innoxie
770 4792 1113 4838 versemur
1156 4792 1306 4838 cum
1350 4770 1747 4851 hominibus,
1792 4769 2153 4837 secundum
2199 4790 2303 4835 ca-

354 4857 572 4924 ritatis
631 4857 946 4943 regulam.
1035 4856 1221 4923 Idem
1280 4866 1379 4923 est
1421 4858 1769 4924 verborum
1815 4856 2009 4922 Pauli
2052 4877 2303 4937 sensus,

356 4944 510 5026 quia
551 4943 713 5010 fides
758 4965 922 5028 quae
956 4942 1091 5009 11116
1147 4953 1420 5010 vocatur
1476 4944 1622 5009 fons
1663 4949 1732 5007 et
1774 4944 1954 5027 origo
1999 4944 2304 5022 caritatis,

360 5030 772 5095 dilectionem
821 5029 948 5095 Dei
1007 5030 1082 5093 in
1141 5051 1209 5094 se
1253 5030 1730 5112 complectitur.
1820 5029 1993 5094 Fixa
2037 5029 2303 5112 quidem

358 5125 622 5181 maneat
645 5115 900 5182 Christi
945 5115 1284 5193 sententia,
1332 5116 1502 5181 nihil
1546 5138 1586 5180 a
1629 5114 1816 5181 nobis
1857 5116 1931 5180 in
1975 5115 2119 5200 lege
2165 5118 2304 5182 exi·

358 5201 457 5285 gi,
516 5204 644 5268 nisi
704 5212 781 5267 ut
838 5200 1058 5266 Deum
1119 5221 1268 5267 eum
1325 5202 1643 5284 proximis
1699 5223 2010 5267 amemus.
2112 5201 2307 5269 Unde

359 5286 579 5354 brevis
615 5295 681 5354 et
714 5289 891 5353 clara
926 5287 1214 5352 definitio
1260 5289 1430 5353 sumi
1473 5296 1703 5373 potest,
1749 5288 1830 5354 ad
1875 5289 2040 5353 bene
2084 5289 2310 5353 viven-

360 5374 520 5438 dum
566 5374 736 5439 nihil
780 5374 1029 5458 requiri
1071 5374 1198 5439 nisi
1242 5374 1549 5458 pietatem
1597 5382 1665 5439 et
1703 5375 2040 5441 iustitiam.
2102 5374 2305 5439 Vide·

568 5473 794 5531 C'alvv'm'
823 5490 1011 5545 opera.
1089 5475 1206 5532 Vol.
1246 5475 1403 5531 XXI
1414 5478 1480 5532 V.

2387 1088 2497 1145 tur
2552 1078 2815 1162 quidem
2860 1077 3112 1143 Paulus
3156 1075 3309 1162 (Tit.
3371 1076 3445 1155 2,
3509 1074 3615 1162 12)
3663 1075 3928 1141 tertium
3976 1075 4347 1141 membrum

2390 1164 2649 1246 addere,
2672 1165 2785 1231 ubi
2810 1162 3012 1230 tradit
3034 1163 3416 1246 apparuisse
3440 1160 3569 1227 Dei
3587 1162 3885 1246 gratiam,
3910 1171 3987 1226 ut
4017 1162 4346 1247 abnegata

2390 1253 2727 1334 impietate
2770 1259 2834 1315 et
2878 1249 3232 1315 mundanis
3274 1248 3835 1331 concupiscentiis,
3883 1257 4349 1333 temperanter,

2392 1337 2499 1419 pie
2535 1349 2599 1403 61
2643 1339 2815 1402 iuste
2860 1337 3164 1403 vivamus
3209 1334 3276 1399 in
3320 1334 3446 1399 1166
3490 1333 3781 1400 saeculo:
3828 1354 4058 1398 verum
4104 1356 4348 1418 σωφρο-

2394 1426 2539 1502 σύνη
2595 1423 2732 1489 11116
2790 1421 3056 1488 additur
3113 1430 3419 1503 tanquam
3482 1420 3974 1486 condimentum
4020 1420 4233 1485 iustae
4277 1427 4348 1483 et

2396 1508 2545 1593 piae
2605 1510 2796 1574 vitae.
2886 1509 2978 1573 Et
3022 1516 3195 1573 certe
3242 1506 3370 1570 nisi
3414 1517 3589 1571 66616
3636 1506 4034 1589 honesteque
4079 1516 4148 1569 et
4190 1525 4344 1569 con-

2398 1595 2688 1660 tinenter
2719 1592 3023 1674 vivendo,
3066 1612 3260 1658 nemo
3306 1591 3607 1674 probabit
3650 1591 4015 1657 sanctitatis
4060 1602 4129 1657 et
4169 1592 4342 1656 inte·

2400 1682 2657 1765 gritatis
2722 1680 2940 1747 studio
2998 1700 3068 1744 se
3126 1699 3267 1743 esse
3327 1676 3678 1743 addictum.
3782 1676 4166 1754 Caeterum,
4234 1675 4350 1742 ubi

2400 1767 2754 1850 praeterito
2800 1765 2928 1830 Dei
2989 1764 3201 1844 cultu,
3263 1763 3560 1829 doctrina
3614 1763 3781 1847 legis
3827 1762 3907 1827 ad
3952 1764 4160 1828 solam
4204 1781 4353 1845 pro-

2401 1854 2565 1918 ximi
2605 1851 3020 1918 dilectionem
3057 1849 3498 1934 restringitur,
3544 1870 3676 1914 non
3712 1858 3851 1913 tam
3887 1850 4200 1932 sepelitur
4244 1869 4350 1913 re-

2402 1938 2588 2023 ligio,
2657 1959 2850 2021 quam
2919 1937 3252 2020 profertur
3317 1936 3455 2001 eius
3520 1935 3970 2000 testimonium
4038 1957 4121 2000 ex
4180 1933 4353 1999 serio

2405 2026 2725 2090 examine.
2816 2023 2986 2088 Nam
3032 2043 3233 2105 quum
3280 2021 3647 2105 hypocritis
3687 2041 3828 2085 mos
3872 2022 3991 2101 sit,
4039 2019 4196 2085 dum
4240 2041 4352 2085 su-

2404 2110 2630 2193 perbia
2685 2118 2987 2194 turgent,
3048 2107 3405 2190 rapacitate
3446 2118 3511 2170 et
3555 2107 3836 2173 avaritia
3877 2108 4196 2190 flagrant,
4249 2125 4353 2169 re-

2403 2197 2555 2261 ferti
2613 2205 2768 2261 sunt
2809 2194 3057 2260 invidia
3099 2206 3165 2258 et
3209 2193 3677 2272 aemulatione,
3722 2192 4174 2258 crudelitatem
4220 2191 4354 2275 spi-

2406 2291 2562 2347 rant
2602 2290 2668 2346 et
2711 2283 2946 2361 minas,
2990 2280 3071 2345 ad
3117 2279 3335 2345 foedas
3380 2277 3684 2344 libidines
3728 2287 3882 2343 sunt
3916 2280 4204 2361 proiecti,
4247 2276 4358 2341 ob-

2407 2367 2677 2432 tendere
2706 2376 2928 2432 tamen
2972 2367 3228 2433 larvam
3272 2366 3736 2431 sanctimoniae
3780 2365 3849 2428 in
3895 2365 4358 2431 caeremoniis:

2409 2454 2576 2519 tales
2649 2453 3107 2519 ostentationis
3179 2450 3450 2516 nebulas
3518 2458 3598 2515 ut
3657 2450 3967 2516 discutiat
4022 2451 4349 2531 Christus,

2410 2540 2650 2606 clamat
2718 2539 3067 2622 praecipua
3128 2536 3296 2622 legis
3350 2537 3567 2619 capita
3617 2558 3760 2602 esse
3820 2537 4355 2618 misericordiam,

2411 2624 2747 2702 iudicium,
2793 2634 2860 2689 et
2895 2624 3276 2688 fidelitatem
3300 2620 3569 2709 (Matth.
3606 2623 3708 2703 23,
3752 2622 3881 2709 23).
3943 2624 4034 2687 Et
4076 2624 4232 2689 alibi
4277 2622 4360 2690 (16

2410 2712 2661 2776 iustitia
2698 2712 2864 2794 legis
2900 2710 3245 2786 disserens,
3292 2708 3543 2773 nullam
3578 2709 3816 2790 prioris
3864 2707 4123 2774 tabulae
4166 2731 4356 2774 men—

2411 2798 2653 2861 tionem
2692 2797 2846 2862 facit
2868 2794 3131 2881 (Matth.
3166 2795 3266 2874 19,
3315 2794 3445 2879 18).
3514 2793 3764 2859 Eodem
3811 2795 4083 2860 consilio
4106 2795 4359 2861 Paulus

2409 2882 2751 2948 caritatem
2806 2889 2994 2946 vocat
3045 2881 3209 2964 legis
3253 2881 3836 2963 complementum,
3898 2889 3971 2945 ut
4014 2880 4166 2945 alibi
4212 2882 4359 2946 vin-

2409 2969 2629 3033 culum
2687 2967 3103 3051 perfeetionis
3147 2964 3364 3051 (Rom.
3414 2966 3524 3046 13,
3585 2968 3642 3031 8.
3714 2966 3851 3032 Col.
3898 2965 3974 3047 3,
4035 2966 4162 3054 14).
4249 2966 4361 3031 In-

2408 3063 2589 3119 terea
2656 3053 2825 3119 nihil
2879 3055 3097 3118 minus
3153 3053 3280 3118 fuit
3334 3053 3464 3118 illis
3520 3053 3927 3136 propositum
3985 3074 4179 3136 quam
4239 3075 4361 3120 nos

2408 3140 2729 3207 abducere
2774 3161 2813 3204 a
2858 3141 3091 3205 timore
3132 3140 3292 3217 Dei,
3339 3149 3413 3204 ut
3456 3139 3673 3204 officia
3715 3149 3939 3204 nostra
3983 3139 4363 3206 hominibus

2410 3226 2818 3292 addicerent:
2878 3227 3069 3291 sicuti
3126 3226 3257 3289 iam
3314 3247 3398 3290 ex
3455 3226 3584 3290 alio
3635 3225 3776 3292 loeo
3833 3228 4122 3307 ostendi,
4199 3226 4357 3293 dum

2409 3313 2623 3397 legem
2672 3313 2998 3396 int-egram
3057 3311 3439 3396 perstringit
3479 3311 3812 3392 Christus,
3873 3314 4217 3379 exordium
4263 3315 4359 3380 fa-

2409 3418 2555 3463 6616
2616 3398 2695 3463 ab
2754 3417 2975 3463 amore
3019 3396 3169 3462 Dei.
3259 3398 3347 3461 Et
3401 3398 3650 3463 Paulus
3707 3397 3819 3463 ubi
3877 3419 3995 3465 nos
4054 3401 4359 3467 omnibus

2411 3485 2702 3549 numeris
2744 3483 3098 3567 completos
3142 3503 3283 3548 esse
3327 3482 3544 3562 docet,
3590 3484 3645 3547 si
3692 3482 3852 3549 fides
3896 3485 3964 3549 in
4009 3484 4195 3551 nobis
4237 3510 4361 3571 per

2408 3571 2750 3636 caritatem
2807 3578 3144 3653 operatur,
3213 3590 3344 3634 non
3401 3570 3645 3634 omittit
3699 3590 3962 3636 causam
4020 3571 4233 3654 ipsam
4290 3583 4360 3639 et

2410 3656 2805 3738 principium
2863 3655 3030 3721 bene
3086 3654 3354 3720 vivendi
3400 3653 3578 3740 (Gal.
3639 3655 3710 3736 5,
3772 3654 3899 3742 14).
3991 3659 4207 3741 Atque
4262 3659 4359 3725 ita

2410 3742 2842 3808 conciliantur
2884 3762 3053 3825 quae
3096 3739 3308 3806 videri
3356 3750 3624 3823 possent
3662 3742 3731 3805 in
3778 3742 4060 3823 speciem
4106 3753 4360 3811 eontra-

2410 3828 2542 3908 ria,
2602 3828 2827 3911 perfici
2884 3826 3462 3893 sanctificationem
3511 3827 3583 3890 in
3629 3828 3863 3892 timore
3909 3829 4037 3893 Dei
4087 3830 4193 3894 ubi
4239 3852 4361 3898 nos

2412 3912 2805 3978 mundamur
2840 3913 2920 3978 ab
2958 3913 3139 3977 omni
3182 3913 3681 3996 inquinamento
3725 3914 3943 3978 earnis
3980 3923 4046 3978 et
4088 3916 4362 3997 spiritus

2410 3996 2497 4085 (2.
2533 3998 2683 4065 Oor.
2731 3998 2789 4078 7,
2838 3997 2930 4085 1);
2976 4004 3043 4063 61
3085 4006 3295 4063 totam
3338 3999 3550 4083 legem
3597 3998 3907 4081 compleri
3952 4021 4081 4064 uno
4126 4001 4359 4069 verbo:

2411 4085 2667 4169 Diliges
2693 4086 3064 4168 proximum
3103 4092 3289 4149 tuum
3327 4085 3584 4151 sicutte
3620 4086 3836 4167 ipsum
3858 4083 4074 4171 (Rom.
4116 4085 4212 4164 13,
4254 4087 4351 4175 9):

2411 4190 2682 4253 nempe:
2739 4172 2893 4252 quia
2950 4191 3082 4235 non
3141 4171 3332 4236 aliter
3387 4179 3565 4237 certo
3611 4173 4060 4252 experimento
4102 4171 4355 4256 liquere

2410 4264 2626 4339 potest
2660 4267 2887 4322 nostra
2931 4257 3156 4339 pietas,
3202 4258 3327 4322 nisi
3365 4257 3519 4321 dum
3565 4257 3737 4322 iuste
3782 4264 3849 4321 et
3889 4257 4161 4323 innoxie
4204 4280 4359 4325 cum

2412 4343 2787 4408 hominibus
2854 4363 3233 4407 versamur:
3305 4342 3540 4408 deinde
3599 4342 3751 4426 quia
3807 4340 3887 4406 ad
3947 4341 4170 4408 Deum
4225 4367 4358 4411 non

2409 4429 2716 4512 pervenit
2760 4435 2981 4493 nostra
3026 4428 3484 4508 beneficentia,
3542 4429 3689 4494 ideo
3734 4428 3803 4492 in
3848 4428 4078 4494 officiis
4123 4451 4360 4498 secun·

2411 4514 2532 4580 dae
2577 4514 2838 4579 tabulae
2881 4513 3158 4596 perspici
3200 4514 3409 4595 qualis
3454 4516 3544 4579 sit
3586 4516 3843 4579 animus
3890 4524 4140 4580 noster:
4188 4516 4361 4583 sicut

2411 4599 2647 4665 dicitur
2702 4601 2773 4664 in
2815 4599 3082 4665 Psalmo
3138 4595 3277 4684 (16,
3336 4599 3431 4685 2):
3493 4600 3758 4665 Bonum
3802 4621 4021 4664 meum
4067 4602 4231 4667 nihil
4273 4602 4357 4668 ad

2381 4694 2508 4766 ·16,
2564 4686 2676 4751 sed
2739 4684 2818 4749 ad
2867 4693 3126 4751 6666166
3170 4686 3284 4769 qui
3330 4684 3630 4749 habitant
3674 4686 3740 4749 in
3789 4692 3999 4766 terra,
4051 4688 4359 4754 voluntas

2407 4794 2573 4838 mea.
2663 4770 3003 4852 Quomodo
3060 4770 3264 4846 enim,
3324 4779 3401 4836 ut
3458 4770 3615 4836 dicit
3671 4771 4035 4852 Iohannes,
4088 4773 4362 4840 iactabit

2408 4860 2749 4942 quisquam
2774 4858 2990 4922 Deum
3026 4877 3095 4922 se
3134 4856 3406 4941 diligere
3450 4879 3642 4939 quem
3688 4879 3817 4923 non
3866 4858 4063 4935 videt,
4107 4859 4164 4923 si
4208 4881 4358 4942 pro-

2407 4944 2660 5009 ximum
2717 4943 2821 5009 eui
2878 4942 3289 5008 familiariter
3331 4944 3717 5009 coniunctus
3760 4953 3890 5023 est,
3959 4964 4092 5007 non
4139 4943 4359 5029 diligit

2406 5028 2493 5117 (1.
2552 5030 2730 5094 Ioan.
2791 5029 2864 5109 4,
2926 5027 3081 5116 20)⁴?
3187 5028 3363 5110 Quia
3423 5050 3577 5113 ergo
3631 5029 3787 5095 11166
3841 5029 4360 5112 deprehenditur

2408 5114 2849 5181 mendacium:
2910 5116 3095 5180 Deus
3153 5115 3221 5180 in
3284 5123 3514 5180 mutua
3572 5116 3844 5181 caritate
3904 5114 3982 5179 ad
4044 5116 4357 5197 pietatem

2407 5200 2867 5286 praestandam
2927 5221 3050 5266 nos
3107 5211 3386 5267 exercet.
3464 5201 3646 5266 Hine
3699 5200 3948 5283 colligit
4002 5200 4356 5286 Iohannes,

2407 5285 2789 5353 mandatum
2835 5286 3023 5353 nobis
3069 5285 3242 5364 dari,
3287 5297 3360 5351 61
3405 5287 3519 5368 qui
3563 5284 3780 5372 diligit
3824 5285 4073 5367 Deum,
4120 5286 4358 5372 diligat

2409 5381 2479 5439 et
2534 5374 2804 5440 fratrem
2847 5394 3038 5439 suum
3084 5372 3172 5460 (1.
3217 5372 3359 5438 Ioh.
3403 5371 3472 5453 3,
3533 5370 3660 5459 11).
3746 5373 3958 5438 Porro
4004 5383 4363 5458 antequam
