<?xml version="1.0" encoding="UTF-8"?>
<!DOCTYPE html PUBLIC "-//W3C//DTD XHTML 1.0 Transitional//EN"
    "http://www.w3.org/TR/xhtml1/DTD/xhtml1-transitional.dtd">
<html xmlns="http://www.w3.org/1999/xhtml" xml:lang="en" lang="en">
 <head>
  <title>
</title>
<meta http-equiv="Content-Type" content="text/html;charset=utf-8" />
  <meta name='ocr-system' content='tesseract 3.04.00' />
  <meta name='ocr-capabilities' content='ocr_page ocr_carea ocr_par ocr_line ocrx_word'/>
</head>
<body>
  <div class='ocr_page' id='page_1' title='image "./ioanniscalvinio04unkngoog_0110.png"; bbox 0 0 4867 6150; ppageno 0'>
   <div class='ocr_carea' id='block_1_1' title="bbox 547 423 666 490">
    <p class='ocr_par' dir='ltr' id='par_1_1' title="bbox 547 423 666 490">
     <span class='ocr_line' id='line_1_1' title="bbox 547 423 666 490; baseline 0 -1"><span class='ocrx_word' id='word_1_1' title='bbox 547 423 666 490; x_wconf 87' lang='grc'><strong>191</strong></span> 
     </span>
    </p>
   </div>
   <div class='ocr_carea' id='block_1_2' title="bbox 540 610 2487 2156">
    <p class='ocr_par' dir='ltr' id='par_1_2' title="bbox 540 610 2486 1196">
     <span class='ocr_line' id='line_1_2' title="bbox 543 610 2485 697; baseline -0.001 -18"><span class='ocrx_word' id='word_1_2' title='bbox 543 611 872 697; x_wconf 84' lang='lat' dir='ltr'><strong>praeditos</strong></span> <span class='ocrx_word' id='word_1_3' title='bbox 927 611 1143 677; x_wconf 90' lang='lat' dir='ltr'><strong>notari</strong></span> <span class='ocrx_word' id='word_1_4' title='bbox 1201 612 1614 695; x_wconf 88' lang='lat' dir='ltr'><strong>interpretor.</strong></span> <span class='ocrx_word' id='word_1_5' title='bbox 1717 610 2009 676; x_wconf 78' lang='lat' dir='ltr'><strong>Tertium</strong></span> <span class='ocrx_word' id='word_1_6' title='bbox 2070 620 2288 695; x_wconf 90' lang='lat' dir='ltr'><strong>potest</strong></span> <span class='ocrx_word' id='word_1_7' title='bbox 2350 621 2485 677; x_wconf 90' lang='lat' dir='ltr'><strong>tam</strong></span> 
     </span>
     <span class='ocr_line' id='line_1_3' title="bbox 541 696 2486 785; baseline -0.001 -21"><span class='ocrx_word' id='word_1_8' title='bbox 541 700 802 785; x_wconf 89' lang='lat' dir='ltr'><strong>passive</strong></span> <span class='ocrx_word' id='word_1_9' title='bbox 857 720 1056 780; x_wconf 88' lang='lat' dir='ltr'><strong>quam</strong></span> <span class='ocrx_word' id='word_1_10' title='bbox 1113 697 1324 763; x_wconf 84' lang='lat' dir='ltr'><strong>active</strong></span> <span class='ocrx_word' id='word_1_11' title='bbox 1381 697 1571 762; x_wconf 90' lang='lat' dir='ltr'><strong>sumi.</strong></span> <span class='ocrx_word' id='word_1_12' title='bbox 1673 696 1830 761; x_wconf 91' lang='lat' dir='ltr'><strong>Ideo</strong></span> <span class='ocrx_word' id='word_1_13' title='bbox 1889 696 2153 779; x_wconf 90' lang='lat' dir='ltr'><strong>quidam</strong></span> <span class='ocrx_word' id='word_1_14' title='bbox 2215 705 2486 763; x_wconf 90' lang='lat' dir='ltr'><strong>vertunt</strong></span> 
     </span>
     <span class='ocr_line' id='line_1_4' title="bbox 540 782 2483 866; baseline -0.001 -16"><span class='ocrx_word' id='word_1_15' title='bbox 540 797 746 865; x_wconf 87' lang='lat' dir='ltr'><strong>notos,</strong></span> <span class='ocrx_word' id='word_1_16' title='bbox 782 785 887 848; x_wconf 94' lang='lat' dir='ltr'><strong>vel</strong></span> <span class='ocrx_word' id='word_1_17' title='bbox 926 793 1291 866; x_wconf 88' lang='lat' dir='ltr'><strong>compertos</strong></span> <span class='ocrx_word' id='word_1_18' title='bbox 1328 794 1393 847; x_wconf 90' lang='lat' dir='ltr'><strong>et</strong></span> <span class='ocrx_word' id='word_1_19' title='bbox 1429 782 1816 865; x_wconf 87' lang='lat' dir='ltr'><strong>exploratos.</strong></span> <span class='ocrx_word' id='word_1_20' title='bbox 1883 783 2227 849; x_wconf 80' lang='lat' dir='ltr'>Praesenti</span> <span class='ocrx_word' id='word_1_21' title='bbox 2263 795 2483 849; x_wconf 89' lang='lat' dir='ltr'><strong>tamen</strong></span> 
     </span>
     <span class='ocr_line' id='line_1_5' title="bbox 543 868 2486 954; baseline -0.002 -17"><span class='ocrx_word' id='word_1_22' title='bbox 543 872 682 937; x_wconf 92' lang='lat' dir='ltr'><strong>loeo</strong></span> <span class='ocrx_word' id='word_1_23' title='bbox 726 871 939 935; x_wconf 90' lang='lat' dir='ltr'><strong>activa</strong></span> <span class='ocrx_word' id='word_1_24' title='bbox 1003 870 1394 954; x_wconf 87' lang='lat' dir='ltr'><strong>significatio</strong></span> <span class='ocrx_word' id='word_1_25' title='bbox 1451 869 1686 935; x_wconf 89' lang='lat' dir='ltr'><strong>melius</strong></span> <span class='ocrx_word' id='word_1_26' title='bbox 1744 868 2036 950; x_wconf 81' lang='lat' dir='ltr'><strong>quadrat.</strong></span> <span class='ocrx_word' id='word_1_27' title='bbox 2127 872 2346 952; x_wconf 88' lang='lat' dir='ltr'><strong>Atque</strong></span> <span class='ocrx_word' id='word_1_28' title='bbox 2389 871 2486 934; x_wconf 92' lang='lat' dir='ltr'><strong>ita</strong></span> 
     </span>
     <span class='ocr_line' id='line_1_6' title="bbox 543 954 2481 1039; baseline -0.001 -17"><span class='ocrx_word' id='word_1_29' title='bbox 543 959 611 1022; x_wconf 92' lang='lat' dir='ltr'><strong>in</strong></span> <span class='ocrx_word' id='word_1_30' title='bbox 660 957 981 1022; x_wconf 87' lang='lat' dir='ltr'><strong>iudicibus</strong></span> <span class='ocrx_word' id='word_1_31' title='bbox 1023 955 1258 1039; x_wconf 89' lang='lat' dir='ltr'><strong>peritia</strong></span> <span class='ocrx_word' id='word_1_32' title='bbox 1309 954 1707 1037; x_wconf 80' lang='lat' dir='ltr'><strong>requiritur,</strong></span> <span class='ocrx_word' id='word_1_33' title='bbox 1765 965 1831 1019; x_wconf 91' lang='lat' dir='ltr'><strong>et</strong></span> <span class='ocrx_word' id='word_1_34' title='bbox 1887 976 2107 1020; x_wconf 89' lang='lat' dir='ltr'><strong>rerum</strong></span> <span class='ocrx_word' id='word_1_35' title='bbox 2165 957 2481 1039; x_wconf 87' lang='lat' dir='ltr'><strong>cognitio:</strong></span> 
     </span>
     <span class='ocr_line' id='line_1_7' title="bbox 544 1039 2484 1126; baseline -0.002 -17"><span class='ocrx_word' id='word_1_36' title='bbox 544 1043 698 1126; x_wconf 90' lang='lat' dir='ltr'><strong>quia</strong></span> <span class='ocrx_word' id='word_1_37' title='bbox 757 1043 866 1106; x_wconf 84' lang='lat' dir='ltr'><strong>vix</strong></span> <span class='ocrx_word' id='word_1_38' title='bbox 927 1040 1005 1106; x_wconf 92' lang='lat' dir='ltr'><strong>ad</strong></span> <span class='ocrx_word' id='word_1_39' title='bbox 1068 1062 1173 1106; x_wconf 88' lang='lat' dir='ltr'><strong>res</strong></span> <span class='ocrx_word' id='word_1_40' title='bbox 1228 1039 1547 1124; x_wconf 89' lang='lat' dir='ltr'><strong>gerendas</strong></span> <span class='ocrx_word' id='word_1_41' title='bbox 1606 1040 1822 1105; x_wconf 89' lang='lat' dir='ltr'><strong>idonei</strong></span> <span class='ocrx_word' id='word_1_42' title='bbox 1889 1050 2114 1121; x_wconf 88' lang='lat' dir='ltr'><strong>erunt,</strong></span> <span class='ocrx_word' id='word_1_43' title='bbox 2183 1043 2308 1108; x_wconf 91' lang='lat' dir='ltr'><strong>nisi</strong></span> <span class='ocrx_word' id='word_1_44' title='bbox 2372 1042 2484 1126; x_wconf 89' lang='lat' dir='ltr'><strong>qui</strong></span> 
     </span>
     <span class='ocr_line' id='line_1_8' title="bbox 543 1127 1186 1196; baseline -0.008 0"><span class='ocrx_word' id='word_1_45' title='bbox 543 1128 882 1196; x_wconf 83' lang='lat' dir='ltr'><strong>exercitati</strong></span> <span class='ocrx_word' id='word_1_46' title='bbox 922 1127 1186 1193; x_wconf 88' lang='lat' dir='ltr'><strong>fuerint.</strong></span> 
     </span>
    </p>

    <p class='ocr_par' dir='ltr' id='par_1_3' title="bbox 541 1211 2487 2156">
     <span class='ocr_line' id='line_1_9' title="bbox 719 1211 2483 1295; baseline -0.002 -16"><span class='ocrx_word' id='word_1_47' title='bbox 719 1215 818 1280; x_wconf 88' lang='lat'><strong>16.</strong></span> <span class='ocrx_word' id='word_1_48' title='bbox 865 1214 1071 1295; x_wconf 79' lang='lat' dir='ltr'><strong>Atque</strong></span> <span class='ocrx_word' id='word_1_49' title='bbox 1103 1212 1403 1294; x_wconf 80' lang='lat' dir='ltr'><strong>praecepi</strong></span> <span class='ocrx_word' id='word_1_50' title='bbox 1447 1211 1766 1277; x_wconf 80' lang='lat' dir='ltr'><strong>iudicibus</strong></span> <span class='ocrx_word' id='word_1_51' title='bbox 1807 1215 2050 1279; x_wconf 80' lang='lat' dir='ltr'><strong>vestris.</strong></span> <span class='ocrx_word' id='word_1_52' title='bbox 2134 1212 2326 1280; x_wconf 89' lang='lat' dir='ltr'><strong>Haec</strong></span> <span class='ocrx_word' id='word_1_53' title='bbox 2369 1233 2483 1276; x_wconf 85' lang='lat' dir='ltr'><strong>ex-</strong></span> 
     </span>
     <span class='ocr_line' id='line_1_10' title="bbox 544 1298 2483 1382; baseline -0.002 -15"><span class='ocrx_word' id='word_1_54' title='bbox 544 1301 827 1367; x_wconf 79' lang='lat' dir='ltr'><strong>hortatio</strong></span> <span class='ocrx_word' id='word_1_55' title='bbox 873 1322 1004 1363; x_wconf 86' lang='lat' dir='ltr'><strong>non</strong></span> <span class='ocrx_word' id='word_1_56' title='bbox 1048 1299 1293 1382; x_wconf 87' lang='lat' dir='ltr'><strong>legitur</strong></span> <span class='ocrx_word' id='word_1_57' title='bbox 1340 1298 1556 1362; x_wconf 84' lang='lat' dir='ltr'><strong>Exodi</strong></span> <span class='ocrx_word' id='word_1_58' title='bbox 1606 1298 1705 1363; x_wconf 88' lang='grc'><strong>18.</strong></span> <span class='ocrx_word' id='word_1_59' title='bbox 1754 1299 1865 1365; x_wconf 87' lang='grc'><strong>11111</strong></span> <span class='ocrx_word' id='word_1_60' title='bbox 1912 1320 2039 1364; x_wconf 90' lang='grc'><strong>11011</strong></span> <span class='ocrx_word' id='word_1_61' title='bbox 2087 1299 2263 1363; x_wconf 88' lang='lat' dir='ltr'><strong>aliud</strong></span> <span class='ocrx_word' id='word_1_62' title='bbox 2312 1299 2483 1363; x_wconf 84' lang='lat' dir='ltr'><strong>Mosi</strong></span> 
     </span>
     <span class='ocr_line' id='line_1_11' title="bbox 542 1384 2484 1471; baseline -0.002 -19"><span class='ocrx_word' id='word_1_63' title='bbox 542 1387 946 1471; x_wconf 87' lang='lat' dir='ltr'><strong>propositum</strong></span> <span class='ocrx_word' id='word_1_64' title='bbox 1006 1385 1160 1464; x_wconf 88' lang='lat' dir='ltr'><strong>fuit,</strong></span> <span class='ocrx_word' id='word_1_65' title='bbox 1218 1404 1413 1465; x_wconf 89' lang='lat' dir='ltr'><strong>quam</strong></span> <span class='ocrx_word' id='word_1_66' title='bbox 1471 1384 1790 1467; x_wconf 82' lang='lat' dir='ltr'><strong>originem</strong></span> <span class='ocrx_word' id='word_1_67' title='bbox 1846 1404 2057 1450; x_wconf 91' lang='lat' dir='ltr'><strong>novae</strong></span> <span class='ocrx_word' id='word_1_68' title='bbox 2102 1385 2484 1449; x_wconf 76' lang='lat' dir='ltr'><strong>mutationis</strong></span> 
     </span>
     <span class='ocr_line' id='line_1_12' title="bbox 543 1470 2483 1549; baseline -0.002 -10"><span class='ocrx_word' id='word_1_69' title='bbox 543 1481 925 1539; x_wconf 89' lang='lat' dir='ltr'><strong>monstrare.</strong></span> <span class='ocrx_word' id='word_1_70' title='bbox 985 1470 1177 1536; x_wconf 89' lang='lat' dir='ltr'><strong>Nunc</strong></span> <span class='ocrx_word' id='word_1_71' title='bbox 1215 1490 1386 1547; x_wconf 88' lang='lat' dir='ltr'><strong>vere,</strong></span> <span class='ocrx_word' id='word_1_72' title='bbox 1433 1470 1674 1534; x_wconf 89' lang='lat' dir='ltr'><strong>omissa</strong></span> <span class='ocrx_word' id='word_1_73' title='bbox 1715 1471 1922 1536; x_wconf 89' lang='lat' dir='ltr'><strong>soceri</strong></span> <span class='ocrx_word' id='word_1_74' title='bbox 1969 1471 2177 1549; x_wconf 92' lang='lat' dir='ltr'><strong>laude,</strong></span> <span class='ocrx_word' id='word_1_75' title='bbox 2227 1481 2483 1535; x_wconf 87' lang='lat' dir='ltr'><strong>tantum</strong></span> 
     </span>
     <span class='ocr_line' id='line_1_13' title="bbox 541 1555 2484 1640; baseline -0.002 -17"><span class='ocrx_word' id='word_1_76' title='bbox 541 1559 797 1624; x_wconf 77' lang='lat' dir='ltr'><strong>reducit</strong></span> <span class='ocrx_word' id='word_1_77' title='bbox 839 1557 1161 1622; x_wconf 77' lang='lat' dir='ltr'><strong>Israelitis</strong></span> <span class='ocrx_word' id='word_1_78' title='bbox 1219 1555 1288 1619; x_wconf 90' lang='lat' dir='ltr'><strong>in</strong></span> <span class='ocrx_word' id='word_1_79' title='bbox 1335 1555 1717 1620; x_wconf 79' lang='lat' dir='ltr'><strong>memoriam</strong></span> <span class='ocrx_word' id='word_1_80' title='bbox 1765 1557 1919 1638; x_wconf 91' lang='lat' dir='ltr'><strong>quid</strong></span> <span class='ocrx_word' id='word_1_81' title='bbox 1966 1579 2113 1622; x_wconf 88' lang='lat' dir='ltr'><strong>cum</strong></span> <span class='ocrx_word' id='word_1_82' title='bbox 2158 1557 2290 1621; x_wconf 89' lang='lat' dir='ltr'><strong>illis</strong></span> <span class='ocrx_word' id='word_1_83' title='bbox 2334 1577 2484 1640; x_wconf 90' lang='lat' dir='ltr'><strong>ege-</strong></span> 
     </span>
     <span class='ocr_line' id='line_1_14' title="bbox 543 1641 2486 1720; baseline -0.002 -10"><span class='ocrx_word' id='word_1_84' title='bbox 543 1645 650 1711; x_wconf 89' lang='lat' dir='ltr'><strong>rit.</strong></span> <span class='ocrx_word' id='word_1_85' title='bbox 742 1643 1023 1711; x_wconf 87' lang='lat' dir='ltr'><strong>Summa</strong></span> <span class='ocrx_word' id='word_1_86' title='bbox 1077 1650 1298 1706; x_wconf 90' lang='lat' dir='ltr'><strong>autem</strong></span> <span class='ocrx_word' id='word_1_87' title='bbox 1358 1641 1838 1708; x_wconf 78' lang='lat' dir='ltr'><strong>exhortationis</strong></span> <span class='ocrx_word' id='word_1_88' title='bbox 1882 1653 2015 1720; x_wconf 88' lang='lat' dir='ltr'><strong>est,</strong></span> <span class='ocrx_word' id='word_1_89' title='bbox 2078 1654 2152 1707; x_wconf 92' lang='lat' dir='ltr'><strong>ut</strong></span> <span class='ocrx_word' id='word_1_90' title='bbox 2195 1643 2486 1708; x_wconf 88' lang='lat' dir='ltr'><strong>iudicent</strong></span> 
     </span>
     <span class='ocr_line' id='line_1_15' title="bbox 543 1728 2485 1813; baseline -0.001 -17"><span class='ocrx_word' id='word_1_91' title='bbox 543 1753 625 1796; x_wconf 87' lang='lat' dir='ltr'><strong>ex</strong></span> <span class='ocrx_word' id='word_1_92' title='bbox 695 1750 901 1813; x_wconf 91' lang='lat' dir='ltr'><strong>aequo</strong></span> <span class='ocrx_word' id='word_1_93' title='bbox 966 1729 1140 1792; x_wconf 90' lang='lat' dir='ltr'><strong>inter</strong></span> <span class='ocrx_word' id='word_1_94' title='bbox 1205 1728 1467 1792; x_wconf 89' lang='lat' dir='ltr'><strong>fratres:</strong></span> <span class='ocrx_word' id='word_1_95' title='bbox 1549 1728 1717 1809; x_wconf 90' lang='lat' dir='ltr'><strong>quod</strong></span> <span class='ocrx_word' id='word_1_96' title='bbox 1786 1730 2022 1794; x_wconf 89' lang='lat' dir='ltr'><strong>melius</strong></span> <span class='ocrx_word' id='word_1_97' title='bbox 2089 1729 2485 1812; x_wconf 80' lang='lat' dir='ltr'><strong>exprimitur</strong></span> 
     </span>
     <span class='ocr_line' id='line_1_16' title="bbox 543 1812 2487 1900; baseline -0.002 -19"><span class='ocrx_word' id='word_1_98' title='bbox 543 1817 843 1900; x_wconf 84' lang='lat' dir='ltr'><strong>proximo</strong></span> <span class='ocrx_word' id='word_1_99' title='bbox 891 1835 1102 1890; x_wconf 87' lang='lat' dir='ltr'><strong>versu,</strong></span> <span class='ocrx_word' id='word_1_100' title='bbox 1147 1812 1258 1878; x_wconf 91' lang='lat' dir='ltr'><strong>ubi</strong></span> <span class='ocrx_word' id='word_1_101' title='bbox 1304 1821 1612 1877; x_wconf 88' lang='lat' dir='ltr'><strong>vetantur</strong></span> <span class='ocrx_word' id='word_1_102' title='bbox 1654 1813 1854 1879; x_wconf 89' lang='lat' dir='ltr'><strong>facies</strong></span> <span class='ocrx_word' id='word_1_103' title='bbox 1897 1815 2209 1897; x_wconf 89' lang='lat' dir='ltr'><strong>accipere.</strong></span> <span class='ocrx_word' id='word_1_104' title='bbox 2285 1814 2487 1879; x_wconf 87' lang='lat' dir='ltr'><strong>Nulla</strong></span> 
     </span>
     <span class='ocr_line' id='line_1_17' title="bbox 543 1898 2484 1984; baseline -0.001 -18"><span class='ocrx_word' id='word_1_105' title='bbox 543 1903 723 1966; x_wconf 90' lang='lat' dir='ltr'><strong>enim</strong></span> <span class='ocrx_word' id='word_1_106' title='bbox 761 1900 1043 1966; x_wconf 85' lang='lat' dir='ltr'><strong>deterior</strong></span> <span class='ocrx_word' id='word_1_107' title='bbox 1078 1898 1444 1982; x_wconf 87' lang='lat' dir='ltr'><strong>corruptela</strong></span> <span class='ocrx_word' id='word_1_108' title='bbox 1479 1920 1676 1982; x_wconf 89' lang='lat' dir='ltr'><strong>quam</strong></span> <span class='ocrx_word' id='word_1_109' title='bbox 1713 1899 2003 1966; x_wconf 88' lang='lat' dir='ltr'><strong>iudicare</strong></span> <span class='ocrx_word' id='word_1_110' title='bbox 2041 1923 2122 1965; x_wconf 83' lang='grc'><strong>811</strong></span> <span class='ocrx_word' id='word_1_111' title='bbox 2168 1920 2484 1984; x_wconf 88' lang='lat' dir='ltr'><strong>personae</strong></span> 
     </span>
     <span class='ocr_line' id='line_1_18' title="bbox 543 1987 2485 2069; baseline 0 -17"><span class='ocrx_word' id='word_1_112' title='bbox 543 1988 826 2065; x_wconf 89' lang='lat' dir='ltr'><strong>intuitu,</strong></span> <span class='ocrx_word' id='word_1_113' title='bbox 883 1988 991 2069; x_wconf 92' lang='lat' dir='ltr'><strong>qui</strong></span> <span class='ocrx_word' id='word_1_114' title='bbox 1051 2005 1310 2068; x_wconf 86' lang='lat' dir='ltr'><strong>semper</strong></span> <span class='ocrx_word' id='word_1_115' title='bbox 1362 2006 1400 2048; x_wconf 91' lang='lat' dir='ltr'><strong>a</strong></span> <span class='ocrx_word' id='word_1_116' title='bbox 1444 2006 1645 2050; x_wconf 91' lang='lat' dir='ltr'><strong>eausa</strong></span> <span class='ocrx_word' id='word_1_117' title='bbox 1688 1997 1940 2052; x_wconf 85' lang='lat' dir='ltr'><strong>mentes</strong></span> <span class='ocrx_word' id='word_1_118' title='bbox 1984 1987 2323 2051; x_wconf 89' lang='lat' dir='ltr'><strong>hominum</strong></span> <span class='ocrx_word' id='word_1_119' title='bbox 2371 1987 2485 2052; x_wconf 91' lang='lat' dir='ltr'><strong>ab·</strong></span> 
     </span>
     <span class='ocr_line' id='line_1_19' title="bbox 547 2071 2486 2156; baseline -0.001 -17"><span class='ocrx_word' id='word_1_120' title='bbox 547 2073 746 2139; x_wconf 88' lang='lat' dir='ltr'><strong>ducit.</strong></span> <span class='ocrx_word' id='word_1_121' title='bbox 814 2073 1007 2139; x_wconf 91' lang='lat' dir='ltr'><strong>Unde</strong></span> <span class='ocrx_word' id='word_1_122' title='bbox 1044 2071 1279 2136; x_wconf 88' lang='lat' dir='ltr'><strong>merito</strong></span> <span class='ocrx_word' id='word_1_123' title='bbox 1317 2071 1478 2136; x_wconf 89' lang='lat' dir='ltr'><strong>haec</strong></span> <span class='ocrx_word' id='word_1_124' title='bbox 1522 2072 1695 2135; x_wconf 90' lang='lat' dir='ltr'><strong>inter</strong></span> <span class='ocrx_word' id='word_1_125' title='bbox 1739 2094 1811 2137; x_wconf 91' lang='lat' dir='ltr'><strong>se</strong></span> <span class='ocrx_word' id='word_1_126' title='bbox 1854 2074 2124 2156; x_wconf 90' lang='lat' dir='ltr'><strong>opponit</strong></span> <span class='ocrx_word' id='word_1_127' title='bbox 2160 2071 2486 2150; x_wconf 82' lang='lat' dir='ltr'><strong>Christus,</strong></span> 
     </span>
    </p>
   </div>
   <div class='ocr_carea' id='block_1_3' title="bbox 423 2155 2482 2245">
    <p class='ocr_par' dir='ltr' id='par_1_4' title="bbox 423 2155 2482 2245">
     <span class='ocr_line' id='line_1_20' title="bbox 423 2155 2482 2245; baseline -0.001 -20"><span class='ocrx_word' id='word_1_128' title='bbox 423 2210 432 2231; x_wconf 88' lang='lat'><strong>.</strong></span> <span class='ocrx_word' id='word_1_129' title='bbox 540 2159 828 2225; x_wconf 90' lang='lat' dir='ltr'><strong>iudicare</strong></span> <span class='ocrx_word' id='word_1_130' title='bbox 875 2169 1078 2238; x_wconf 90' lang='lat' dir='ltr'><strong>recte,</strong></span> <span class='ocrx_word' id='word_1_131' title='bbox 1123 2167 1190 2222; x_wconf 93' lang='lat' dir='ltr'><strong>et</strong></span> <span class='ocrx_word' id='word_1_132' title='bbox 1247 2155 1609 2222; x_wconf 88' lang='lat' dir='ltr'><strong>secundum</strong></span> <span class='ocrx_word' id='word_1_133' title='bbox 1652 2168 2005 2239; x_wconf 88' lang='lat' dir='ltr'><strong>aspectum.</strong></span> <span class='ocrx_word' id='word_1_134' title='bbox 2066 2157 2237 2243; x_wconf 95' lang='grc' dir='ltr'><strong>(Ιο11.</strong></span> <span class='ocrx_word' id='word_1_135' title='bbox 2285 2159 2344 2237; x_wconf 88' lang='grc'><strong>8,</strong></span> <span class='ocrx_word' id='word_1_136' title='bbox 2395 2156 2482 2245; x_wconf 82' lang='grc'><strong>7).</strong></span> 
     </span>
    </p>
   </div>
   <div class='ocr_carea' id='block_1_4' title="bbox 545 2242 2502 5420">
    <p class='ocr_par' dir='ltr' id='par_1_5' title="bbox 545 2242 2502 5420">
     <span class='ocr_line' id='line_1_21' title="bbox 545 2242 2490 2326; baseline -0.002 -15"><span class='ocrx_word' id='word_1_137' title='bbox 545 2246 692 2311; x_wconf 89' lang='grc' dir='ltr'><strong>Ηο0</strong></span> <span class='ocrx_word' id='word_1_138' title='bbox 757 2245 952 2309; x_wconf 84' lang='grc'><strong>8118111</strong></span> <span class='ocrx_word' id='word_1_139' title='bbox 1017 2243 1326 2307; x_wconf 91' lang='lat' dir='ltr'><strong>viderunt</strong></span> <span class='ocrx_word' id='word_1_140' title='bbox 1375 2242 1784 2326; x_wconf 88' lang='lat' dir='ltr'><strong>philosophi,</strong></span> <span class='ocrx_word' id='word_1_141' title='bbox 1852 2244 2005 2308; x_wconf 89' lang='lat' dir='ltr'><strong>dum</strong></span> <span class='ocrx_word' id='word_1_142' title='bbox 2069 2256 2490 2318; x_wconf 88' lang='lat' dir='ltr'><strong>monuerunt,</strong></span> 
     </span>
     <span class='ocr_line' id='line_1_22' title="bbox 548 2328 2492 2415; baseline -0.001 -19"><span class='ocrx_word' id='word_1_143' title='bbox 548 2329 761 2415; x_wconf 87' lang='lat' dir='ltr'><strong>quoad</strong></span> <span class='ocrx_word' id='word_1_144' title='bbox 829 2331 971 2395; x_wconf 90' lang='lat' dir='ltr'><strong>fieri</strong></span> <span class='ocrx_word' id='word_1_145' title='bbox 1037 2337 1279 2412; x_wconf 91' lang='lat' dir='ltr'><strong>potest,</strong></span> <span class='ocrx_word' id='word_1_146' title='bbox 1359 2328 1557 2393; x_wconf 85' lang='lat' dir='ltr'><strong>certis</strong></span> <span class='ocrx_word' id='word_1_147' title='bbox 1622 2328 1879 2413; x_wconf 89' lang='lat' dir='ltr'><strong>legibus</strong></span> <span class='ocrx_word' id='word_1_148' title='bbox 1947 2331 2492 2413; x_wconf 84' lang='lat' dir='ltr'><strong>constringendos</strong></span> 
     </span>
     <span class='ocr_line' id='line_1_23' title="bbox 548 2414 2489 2493; baseline -0.002 -10"><span class='ocrx_word' id='word_1_149' title='bbox 548 2439 690 2483; x_wconf 91' lang='lat' dir='ltr'><strong>esse</strong></span> <span class='ocrx_word' id='word_1_150' title='bbox 751 2416 1029 2493; x_wconf 87' lang='lat' dir='ltr'><strong>iudices,</strong></span> <span class='ocrx_word' id='word_1_151' title='bbox 1091 2436 1173 2478; x_wconf 89' lang='lat' dir='ltr'><strong>ne</strong></span> <span class='ocrx_word' id='word_1_152' title='bbox 1218 2414 1411 2479; x_wconf 89' lang='lat' dir='ltr'><strong>soluti</strong></span> <span class='ocrx_word' id='word_1_153' title='bbox 1453 2415 1581 2480; x_wconf 87' lang='lat' dir='ltr'><strong>huc</strong></span> <span class='ocrx_word' id='word_1_154' title='bbox 1624 2424 1690 2478; x_wconf 91' lang='grc'><strong>81</strong></span> <span class='ocrx_word' id='word_1_155' title='bbox 1731 2415 1888 2481; x_wconf 90' lang='grc'><strong>111110</strong></span> <span class='ocrx_word' id='word_1_156' title='bbox 1932 2416 2154 2481; x_wconf 89' lang='lat' dir='ltr'><strong>favore</strong></span> <span class='ocrx_word' id='word_1_157' title='bbox 2191 2418 2295 2480; x_wconf 91' lang='lat' dir='ltr'><strong>vel</strong></span> <span class='ocrx_word' id='word_1_158' title='bbox 2339 2415 2489 2480; x_wconf 92' lang='lat' dir='ltr'><strong>odio</strong></span> 
     </span>
     <span class='ocr_line' id='line_1_24' title="bbox 548 2498 2489 2586; baseline -0.001 -18"><span class='ocrx_word' id='word_1_159' title='bbox 548 2506 922 2568; x_wconf 78' lang='lat' dir='ltr'><strong>flectantur.</strong></span> <span class='ocrx_word' id='word_1_160' title='bbox 993 2502 1081 2565; x_wconf 81' lang='lat' dir='ltr'><strong>Et</strong></span> <span class='ocrx_word' id='word_1_161' title='bbox 1124 2522 1283 2565; x_wconf 89' lang='lat' dir='ltr'><strong>sane</strong></span> <span class='ocrx_word' id='word_1_162' title='bbox 1321 2498 1429 2564; x_wconf 91' lang='lat' dir='ltr'><strong>ubi</strong></span> <span class='ocrx_word' id='word_1_163' title='bbox 1465 2508 1771 2583; x_wconf 86' lang='lat' dir='ltr'><strong>suppetet</strong></span> <span class='ocrx_word' id='word_1_164' title='bbox 1814 2502 2064 2586; x_wconf 89' lang='lat' dir='ltr'><strong>ingenii</strong></span> <span class='ocrx_word' id='word_1_165' title='bbox 2110 2501 2489 2580; x_wconf 85' lang='lat' dir='ltr'><strong>dexteritas,</strong></span> 
     </span>
     <span class='ocr_line' id='line_1_25' title="bbox 547 2586 2489 2671; baseline -0.002 -16"><span class='ocrx_word' id='word_1_166' title='bbox 547 2610 807 2671; x_wconf 89' lang='lat' dir='ltr'><strong>semper</strong></span> <span class='ocrx_word' id='word_1_167' title='bbox 847 2587 1098 2670; x_wconf 89' lang='lat' dir='ltr'><strong>vigebit</strong></span> <span class='ocrx_word' id='word_1_168' title='bbox 1143 2589 1438 2669; x_wconf 86' lang='lat' dir='ltr'><strong>aequitas</strong></span> <span class='ocrx_word' id='word_1_169' title='bbox 1484 2596 1550 2649; x_wconf 91' lang='grc'><strong>81</strong></span> <span class='ocrx_word' id='word_1_170' title='bbox 1595 2586 1951 2662; x_wconf 77' lang='lat' dir='ltr'><strong>rectitudo,</strong></span> <span class='ocrx_word' id='word_1_171' title='bbox 1997 2588 2124 2652; x_wconf 88' lang='lat' dir='ltr'><strong>nisi</strong></span> <span class='ocrx_word' id='word_1_172' title='bbox 2171 2608 2489 2670; x_wconf 86' lang='lat' dir='ltr'><strong>personae</strong></span> 
     </span>
     <span class='ocr_line' id='line_1_26' title="bbox 546 2672 2487 2757; baseline 0 -18"><span class='ocrx_word' id='word_1_173' title='bbox 546 2673 826 2740; x_wconf 89' lang='lat' dir='ltr'><strong>iudicem</strong></span> <span class='ocrx_word' id='word_1_174' title='bbox 883 2672 963 2737; x_wconf 89' lang='lat' dir='ltr'><strong>ad</strong></span> <span class='ocrx_word' id='word_1_175' title='bbox 1024 2693 1094 2739; x_wconf 90' lang='lat' dir='ltr'><strong>se</strong></span> <span class='ocrx_word' id='word_1_176' title='bbox 1154 2672 1435 2756; x_wconf 82' lang='lat' dir='ltr'><strong>rapiant.</strong></span> <span class='ocrx_word' id='word_1_177' title='bbox 1526 2672 1733 2737; x_wconf 91' lang='lat' dir='ltr'><strong>Porro</strong></span> <span class='ocrx_word' id='word_1_178' title='bbox 1789 2673 1945 2756; x_wconf 90' lang='lat' dir='ltr'><strong>quid</strong></span> <span class='ocrx_word' id='word_1_179' title='bbox 2002 2674 2089 2738; x_wconf 87' lang='lat' dir='ltr'><strong>sit</strong></span> <span class='ocrx_word' id='word_1_180' title='bbox 2131 2694 2487 2757; x_wconf 79' lang='lat' dir='ltr'><strong>agnoscere</strong></span> 
     </span>
     <span class='ocr_line' id='line_1_27' title="bbox 546 2758 2486 2844; baseline 0.001 -20"><span class='ocrx_word' id='word_1_181' title='bbox 546 2780 885 2844; x_wconf 86' lang='lat' dir='ltr'><strong>personas,</strong></span> <span class='ocrx_word' id='word_1_182' title='bbox 931 2782 1017 2823; x_wconf 84' lang='lat' dir='ltr'><strong>ex</strong></span> <span class='ocrx_word' id='word_1_183' title='bbox 1060 2766 1376 2824; x_wconf 86' lang='lat' dir='ltr'><strong>contextu</strong></span> <span class='ocrx_word' id='word_1_184' title='bbox 1423 2759 1642 2841; x_wconf 88' lang='lat' dir='ltr'><strong>liquet,</strong></span> <span class='ocrx_word' id='word_1_185' title='bbox 1691 2758 1800 2823; x_wconf 90' lang='lat' dir='ltr'><strong>ubi</strong></span> <span class='ocrx_word' id='word_1_186' title='bbox 1841 2758 2141 2842; x_wconf 90' lang='lat' dir='ltr'><strong>prohibet</strong></span> <span class='ocrx_word' id='word_1_187' title='bbox 2185 2781 2259 2825; x_wconf 92' lang='lat' dir='ltr'><strong>ac</strong></span> <span class='ocrx_word' id='word_1_188' title='bbox 2305 2760 2486 2825; x_wconf 89' lang='lat' dir='ltr'><strong>dam-</strong></span> 
     </span>
     <span class='ocr_line' id='line_1_28' title="bbox 549 2843 2487 2928; baseline -0.001 -17"><span class='ocrx_word' id='word_1_189' title='bbox 549 2855 666 2911; x_wconf 88' lang='lat' dir='ltr'><strong>nat</strong></span> <span class='ocrx_word' id='word_1_190' title='bbox 710 2846 930 2910; x_wconf 85' lang='lat' dir='ltr'><strong>Moses</strong></span> <span class='ocrx_word' id='word_1_191' title='bbox 986 2843 1335 2910; x_wconf 88' lang='lat' dir='ltr'><strong>discrimen</strong></span> <span class='ocrx_word' id='word_1_192' title='bbox 1393 2844 1580 2926; x_wconf 90' lang='lat' dir='ltr'><strong>parvi</strong></span> <span class='ocrx_word' id='word_1_193' title='bbox 1629 2852 1695 2907; x_wconf 88' lang='lat' dir='ltr'><strong>et</strong></span> <span class='ocrx_word' id='word_1_194' title='bbox 1738 2846 1980 2928; x_wconf 86' lang='lat' dir='ltr'><strong>magni.</strong></span> <span class='ocrx_word' id='word_1_195' title='bbox 2073 2846 2215 2910; x_wconf 86' lang='lat' dir='ltr'><strong>Etsi</strong></span> <span class='ocrx_word' id='word_1_196' title='bbox 2264 2855 2487 2910; x_wconf 90' lang='lat' dir='ltr'><strong>autem</strong></span> 
     </span>
     <span class='ocr_line' id='line_1_29' title="bbox 550 2928 2486 3013; baseline -0.001 -15"><span class='ocrx_word' id='word_1_197' title='bbox 550 2933 809 2998; x_wconf 86' lang='lat' dir='ltr'><strong>miseris</strong></span> <span class='ocrx_word' id='word_1_198' title='bbox 881 2943 947 2995; x_wconf 92' lang='lat' dir='ltr'><strong>et</strong></span> <span class='ocrx_word' id='word_1_199' title='bbox 1014 2931 1406 3013; x_wconf 89' lang='lat' dir='ltr'><strong>pauperibus</strong></span> <span class='ocrx_word' id='word_1_200' title='bbox 1480 2928 1727 2994; x_wconf 86' lang='lat' dir='ltr'><strong>iudices</strong></span> <span class='ocrx_word' id='word_1_201' title='bbox 1779 2950 1973 3012; x_wconf 86' lang='lat' dir='ltr'><strong>saepe</strong></span> <span class='ocrx_word' id='word_1_202' title='bbox 2031 2931 2340 2995; x_wconf 83' lang='lat' dir='ltr'><strong>iniuriam</strong></span> <span class='ocrx_word' id='word_1_203' title='bbox 2403 2933 2486 2997; x_wconf 93' lang='lat' dir='ltr'><strong>ob</strong></span> 
     </span>
     <span class='ocr_line' id='line_1_30' title="bbox 549 3015 2482 3101; baseline 0 -15"><span class='ocrx_word' id='word_1_204' title='bbox 549 3027 994 3101; x_wconf 89' lang='lat' dir='ltr'><strong>contemptum</strong></span> <span class='ocrx_word' id='word_1_205' title='bbox 1064 3015 1391 3099; x_wconf 89' lang='lat' dir='ltr'><strong>inferunt,</strong></span> <span class='ocrx_word' id='word_1_206' title='bbox 1464 3018 1888 3100; x_wconf 88' lang='lat' dir='ltr'><strong>praecipuum</strong></span> <span class='ocrx_word' id='word_1_207' title='bbox 1956 3028 2179 3083; x_wconf 88' lang='lat' dir='ltr'><strong>tamen</strong></span> <span class='ocrx_word' id='word_1_208' title='bbox 2248 3018 2482 3086; x_wconf 85' lang='lat' dir='ltr'><strong>vitium</strong></span> 
     </span>
     <span class='ocr_line' id='line_1_31' title="bbox 550 3093 2489 3188; baseline -0.001 -18"><span class='ocrx_word' id='word_1_209' title='bbox 550 3116 734 3170; x_wconf 89' lang='lat' dir='ltr'><strong>notat</strong></span> <span class='ocrx_word' id='word_1_210' title='bbox 777 3105 1017 3181; x_wconf 87' lang='lat' dir='ltr'><strong>Moses,</strong></span> <span class='ocrx_word' id='word_1_211' title='bbox 1063 3103 1219 3167; x_wconf 89' lang='lat' dir='ltr'><strong>dum</strong></span> <span class='ocrx_word' id='word_1_212' title='bbox 1261 3103 1565 3167; x_wconf 89' lang='lat' dir='ltr'><strong>hortatur</strong></span> <span class='ocrx_word' id='word_1_213' title='bbox 1609 3125 1690 3167; x_wconf 88' lang='lat' dir='ltr'><strong>ne</strong></span> <span class='ocrx_word' id='word_1_214' title='bbox 1735 3123 1928 3185; x_wconf 88' lang='lat' dir='ltr'><strong>quem</strong></span> <span class='ocrx_word' id='word_1_215' title='bbox 1976 3115 2288 3180; x_wconf 90' lang='lat' dir='ltr'><strong>metuant,</strong></span> <span class='ocrx_word' id='word_1_216' title='bbox 2332 3093 2489 3188; x_wconf 75' lang='lat' dir='ltr'><strong>quia</strong></span> 
     </span>
     <span class='ocr_line' id='line_1_32' title="bbox 548 3189 2487 3274; baseline -0.002 -17"><span class='ocrx_word' id='word_1_217' title='bbox 548 3201 622 3257; x_wconf 90' lang='lat' dir='ltr'><strong>ut</strong></span> <span class='ocrx_word' id='word_1_218' title='bbox 667 3191 1015 3274; x_wconf 88' lang='lat' dir='ltr'><strong>plurimum</strong></span> <span class='ocrx_word' id='word_1_219' title='bbox 1076 3189 1396 3272; x_wconf 88' lang='lat' dir='ltr'><strong>contingit</strong></span> <span class='ocrx_word' id='word_1_220' title='bbox 1449 3191 1652 3253; x_wconf 88' lang='lat' dir='ltr'><strong>iustos</strong></span> <span class='ocrx_word' id='word_1_221' title='bbox 1710 3190 1984 3272; x_wconf 88' lang='lat' dir='ltr'><strong>alioqui,</strong></span> <span class='ocrx_word' id='word_1_222' title='bbox 2039 3203 2107 3254; x_wconf 94' lang='lat' dir='ltr'><strong>et</strong></span> <span class='ocrx_word' id='word_1_223' title='bbox 2160 3190 2241 3254; x_wconf 92' lang='lat' dir='ltr'><strong>ad</strong></span> <span class='ocrx_word' id='word_1_224' title='bbox 2297 3190 2487 3273; x_wconf 86' lang='lat' dir='ltr'><strong>aequi</strong></span> 
     </span>
     <span class='ocr_line' id='line_1_33' title="bbox 549 3272 2487 3359; baseline -0.002 -17"><span class='ocrx_word' id='word_1_225' title='bbox 549 3279 841 3359; x_wconf 89' lang='lat' dir='ltr'><strong>rectique</strong></span> <span class='ocrx_word' id='word_1_226' title='bbox 886 3275 1174 3340; x_wconf 88' lang='lat' dir='ltr'><strong>studium</strong></span> <span class='ocrx_word' id='word_1_227' title='bbox 1215 3295 1585 3356; x_wconf 89' lang='lat' dir='ltr'><strong>propensos,</strong></span> <span class='ocrx_word' id='word_1_228' title='bbox 1633 3272 1712 3339; x_wconf 92' lang='lat' dir='ltr'><strong>de</strong></span> <span class='ocrx_word' id='word_1_229' title='bbox 1757 3274 1969 3358; x_wconf 88' lang='lat' dir='ltr'><strong>gradu</strong></span> <span class='ocrx_word' id='word_1_230' title='bbox 2015 3276 2281 3354; x_wconf 89' lang='lat' dir='ltr'><strong>moveri,</strong></span> <span class='ocrx_word' id='word_1_231' title='bbox 2330 3276 2487 3341; x_wconf 90' lang='lat' dir='ltr'><strong>dum</strong></span> 
     </span>
     <span class='ocr_line' id='line_1_34' title="bbox 550 3360 2489 3446; baseline 0 -20"><span class='ocrx_word' id='word_1_232' title='bbox 550 3363 913 3446; x_wconf 83' lang='lat' dir='ltr'><strong>potentium</strong></span> <span class='ocrx_word' id='word_1_233' title='bbox 960 3362 1171 3424; x_wconf 88' lang='lat' dir='ltr'><strong>minas</strong></span> <span class='ocrx_word' id='word_1_234' title='bbox 1217 3360 1597 3435; x_wconf 87' lang='lat' dir='ltr'><strong>formidant,</strong></span> <span class='ocrx_word' id='word_1_235' title='bbox 1641 3381 1763 3425; x_wconf 91' lang='lat' dir='ltr'><strong>nec</strong></span> <span class='ocrx_word' id='word_1_236' title='bbox 1808 3361 2051 3425; x_wconf 90' lang='lat' dir='ltr'><strong>audent</strong></span> <span class='ocrx_word' id='word_1_237' title='bbox 2097 3362 2373 3427; x_wconf 90' lang='lat' dir='ltr'><strong>viriliter</strong></span> <span class='ocrx_word' id='word_1_238' title='bbox 2417 3383 2489 3426; x_wconf 88' lang='lat' dir='ltr'><strong>se</strong></span> 
     </span>
     <span class='ocr_line' id='line_1_35' title="bbox 550 3447 2490 3532; baseline -0.002 -18"><span class='ocrx_word' id='word_1_239' title='bbox 550 3469 876 3532; x_wconf 88' lang='lat' dir='ltr'><strong>opponere</strong></span> <span class='ocrx_word' id='word_1_240' title='bbox 911 3447 1218 3513; x_wconf 87' lang='lat' dir='ltr'><strong>invidiae.</strong></span> <span class='ocrx_word' id='word_1_241' title='bbox 1279 3447 1462 3530; x_wconf 83' lang='lat' dir='ltr'><strong>Ergo</strong></span> <span class='ocrx_word' id='word_1_242' title='bbox 1497 3447 2105 3529; x_wconf 82' lang='lat' dir='ltr'><strong>magnanimitatem</strong></span> <span class='ocrx_word' id='word_1_243' title='bbox 2144 3448 2212 3511; x_wconf 93' lang='lat' dir='ltr'><strong>in</strong></span> <span class='ocrx_word' id='word_1_244' title='bbox 2258 3448 2490 3513; x_wconf 91' lang='lat' dir='ltr'><strong>iudici·</strong></span> 
     </span>
     <span class='ocr_line' id='line_1_36' title="bbox 553 3530 2494 3616; baseline -0.001 -16"><span class='ocrx_word' id='word_1_245' title='bbox 553 3535 675 3601; x_wconf 86' lang='lat' dir='ltr'><strong>bus</strong></span> <span class='ocrx_word' id='word_1_246' title='bbox 721 3533 997 3616; x_wconf 89' lang='lat' dir='ltr'><strong>requirit</strong></span> <span class='ocrx_word' id='word_1_247' title='bbox 1040 3532 1280 3611; x_wconf 84' lang='lat' dir='ltr'><strong>Moses,</strong></span> <span class='ocrx_word' id='word_1_248' title='bbox 1326 3553 1411 3596; x_wconf 91' lang='lat' dir='ltr'><strong>ne</strong></span> <span class='ocrx_word' id='word_1_249' title='bbox 1456 3530 1757 3597; x_wconf 89' lang='lat' dir='ltr'><strong>dubitent</strong></span> <span class='ocrx_word' id='word_1_250' title='bbox 1801 3533 2073 3614; x_wconf 87' lang='lat' dir='ltr'><strong>quaevis</strong></span> <span class='ocrx_word' id='word_1_251' title='bbox 2116 3533 2264 3599; x_wconf 90' lang='lat' dir='ltr'><strong>odia</strong></span> <span class='ocrx_word' id='word_1_252' title='bbox 2307 3535 2373 3598; x_wconf 87' lang='lat' dir='ltr'><strong>in</strong></span> <span class='ocrx_word' id='word_1_253' title='bbox 2422 3553 2494 3599; x_wconf 90' lang='lat' dir='ltr'><strong>se</strong></span> 
     </span>
     <span class='ocr_line' id='line_1_37' title="bbox 551 3616 2493 3703; baseline -0.001 -18"><span class='ocrx_word' id='word_1_254' title='bbox 551 3617 834 3686; x_wconf 90' lang='lat' dir='ltr'><strong>conflare</strong></span> <span class='ocrx_word' id='word_1_255' title='bbox 893 3626 967 3682; x_wconf 85' lang='lat' dir='ltr'><strong>ut</strong></span> <span class='ocrx_word' id='word_1_256' title='bbox 1010 3616 1211 3683; x_wconf 90' lang='lat' dir='ltr'><strong>bonas</strong></span> <span class='ocrx_word' id='word_1_257' title='bbox 1256 3638 1484 3682; x_wconf 84' lang='lat' dir='ltr'><strong>causas</strong></span> <span class='ocrx_word' id='word_1_258' title='bbox 1530 3627 1854 3683; x_wconf 88' lang='lat' dir='ltr'><strong>tueantur.</strong></span> <span class='ocrx_word' id='word_1_259' title='bbox 1947 3620 2199 3683; x_wconf 91' lang='lat' dir='ltr'><strong>Verum</strong></span> <span class='ocrx_word' id='word_1_260' title='bbox 2242 3621 2310 3683; x_wconf 90' lang='lat' dir='ltr'><strong>in</strong></span> <span class='ocrx_word' id='word_1_261' title='bbox 2359 3621 2493 3703; x_wconf 88' lang='lat' dir='ltr'><strong>pri·</strong></span> 
     </span>
     <span class='ocr_line' id='line_1_38' title="bbox 553 3704 2495 3788; baseline -0.001 -17"><span class='ocrx_word' id='word_1_262' title='bbox 553 3707 677 3772; x_wconf 88' lang='lat' dir='ltr'><strong>mis</strong></span> <span class='ocrx_word' id='word_1_263' title='bbox 732 3705 1020 3768; x_wconf 89' lang='lat' dir='ltr'><strong>notanda</strong></span> <span class='ocrx_word' id='word_1_264' title='bbox 1058 3717 1158 3768; x_wconf 87' lang='lat' dir='ltr'><strong>est</strong></span> <span class='ocrx_word' id='word_1_265' title='bbox 1202 3704 1370 3767; x_wconf 90' lang='lat' dir='ltr'><strong>ratio</strong></span> <span class='ocrx_word' id='word_1_266' title='bbox 1413 3725 1541 3786; x_wconf 86' lang='lat' dir='ltr'><strong>qua</strong></span> <span class='ocrx_word' id='word_1_267' title='bbox 1588 3716 1835 3768; x_wconf 90' lang='lat' dir='ltr'><strong>metum</strong></span> <span class='ocrx_word' id='word_1_268' title='bbox 1881 3716 1946 3768; x_wconf 89' lang='lat' dir='ltr'><strong>et</strong></span> <span class='ocrx_word' id='word_1_269' title='bbox 1990 3706 2495 3788; x_wconf 84' lang='lat' dir='ltr'><strong>trepidationem</strong></span> 
     </span>
     <span class='ocr_line' id='line_1_39' title="bbox 554 3789 2492 3874; baseline -0.002 -17"><span class='ocrx_word' id='word_1_270' title='bbox 554 3791 854 3874; x_wconf 88' lang='lat' dir='ltr'><strong>castigat.</strong></span> <span class='ocrx_word' id='word_1_271' title='bbox 967 3789 1315 3853; x_wconf 88' lang='lat' dir='ltr'><strong>Neminem</strong></span> <span class='ocrx_word' id='word_1_272' title='bbox 1381 3790 1557 3853; x_wconf 89' lang='lat' dir='ltr'><strong>enim</strong></span> <span class='ocrx_word' id='word_1_273' title='bbox 1624 3789 1996 3854; x_wconf 83' lang='lat' dir='ltr'><strong>mortalium</strong></span> <span class='ocrx_word' id='word_1_274' title='bbox 2066 3792 2492 3856; x_wconf 90' lang='lat' dir='ltr'><strong>metuendum</strong></span> 
     </span>
     <span class='ocr_line' id='line_1_40' title="bbox 553 3875 2492 3960; baseline -0.002 -17"><span class='ocrx_word' id='word_1_275' title='bbox 553 3898 697 3944; x_wconf 85' lang='lat' dir='ltr'><strong>esse</strong></span> <span class='ocrx_word' id='word_1_276' title='bbox 741 3876 916 3953; x_wconf 90' lang='lat' dir='ltr'><strong>dicit,</strong></span> <span class='ocrx_word' id='word_1_277' title='bbox 962 3876 1115 3958; x_wconf 91' lang='lat' dir='ltr'><strong>quia</strong></span> <span class='ocrx_word' id='word_1_278' title='bbox 1154 3875 1469 3940; x_wconf 89' lang='lat' dir='ltr'><strong>iudicium</strong></span> <span class='ocrx_word' id='word_1_279' title='bbox 1513 3875 1641 3938; x_wconf 91' lang='lat' dir='ltr'><strong>Dei</strong></span> <span class='ocrx_word' id='word_1_280' title='bbox 1686 3885 1804 3940; x_wconf 91' lang='lat' dir='ltr'><strong>est.</strong></span> <span class='ocrx_word' id='word_1_281' title='bbox 1896 3875 2025 3941; x_wconf 90' lang='lat' dir='ltr'><strong>Ubi</strong></span> <span class='ocrx_word' id='word_1_282' title='bbox 2070 3899 2200 3940; x_wconf 92' lang='lat' dir='ltr'><strong>non</strong></span> <span class='ocrx_word' id='word_1_283' title='bbox 2245 3878 2492 3960; x_wconf 89' lang='lat' dir='ltr'><strong>simpli·</strong></span> 
     </span>
     <span class='ocr_line' id='line_1_41' title="bbox 552 3959 2496 4047; baseline 0 -19"><span class='ocrx_word' id='word_1_284' title='bbox 552 3965 716 4029; x_wconf 88' lang='lat' dir='ltr'><strong>citer</strong></span> <span class='ocrx_word' id='word_1_285' title='bbox 753 3962 1061 4026; x_wconf 87' lang='lat' dir='ltr'><strong>admonet</strong></span> <span class='ocrx_word' id='word_1_286' title='bbox 1095 3959 1312 4046; x_wconf 86' lang='lat' dir='ltr'><strong>(sicuti</strong></span> <span class='ocrx_word' id='word_1_287' title='bbox 1349 3959 1738 4043; x_wconf 87' lang='lat' dir='ltr'><strong>quibusdam</strong></span> <span class='ocrx_word' id='word_1_288' title='bbox 1776 3959 2060 4047; x_wconf 88' lang='lat' dir='ltr'><strong>videtur)</strong></span> <span class='ocrx_word' id='word_1_289' title='bbox 2095 3961 2496 4028; x_wconf 87' lang='lat' dir='ltr'><strong>reddendam</strong></span> 
     </span>
     <span class='ocr_line' id='line_1_42' title="bbox 556 4044 2498 4130; baseline -0.002 -15"><span class='ocrx_word' id='word_1_290' title='bbox 556 4070 701 4116; x_wconf 88' lang='lat' dir='ltr'><strong>esse</strong></span> <span class='ocrx_word' id='word_1_291' title='bbox 759 4049 1080 4113; x_wconf 90' lang='lat' dir='ltr'><strong>rationem</strong></span> <span class='ocrx_word' id='word_1_292' title='bbox 1125 4045 1300 4111; x_wconf 92' lang='lat' dir='ltr'><strong>Deo:</strong></span> <span class='ocrx_word' id='word_1_293' title='bbox 1364 4046 1477 4110; x_wconf 90' lang='lat' dir='ltr'><strong>sed</strong></span> <span class='ocrx_word' id='word_1_294' title='bbox 1535 4044 1720 4111; x_wconf 88' lang='lat' dir='ltr'><strong>docet</strong></span> <span class='ocrx_word' id='word_1_295' title='bbox 1764 4068 1959 4130; x_wconf 88' lang='lat' dir='ltr'><strong>quam</strong></span> <span class='ocrx_word' id='word_1_296' title='bbox 2008 4047 2364 4113; x_wconf 90' lang='lat' dir='ltr'><strong>absurdum</strong></span> <span class='ocrx_word' id='word_1_297' title='bbox 2409 4051 2498 4114; x_wconf 90' lang='lat' dir='ltr'><strong>sit</strong></span> 
     </span>
     <span class='ocr_line' id='line_1_43' title="bbox 556 4131 2498 4217; baseline -0.001 -16"><span class='ocrx_word' id='word_1_298' title='bbox 556 4158 596 4201; x_wconf 90' lang='lat' dir='ltr'><strong>a</strong></span> <span class='ocrx_word' id='word_1_299' title='bbox 653 4144 830 4199; x_wconf 89' lang='lat' dir='ltr'><strong>recto</strong></span> <span class='ocrx_word' id='word_1_300' title='bbox 887 4154 1084 4198; x_wconf 89' lang='lat' dir='ltr'><strong>cursu</strong></span> <span class='ocrx_word' id='word_1_301' title='bbox 1141 4131 1484 4196; x_wconf 87' lang='lat' dir='ltr'><strong>deflectere</strong></span> <span class='ocrx_word' id='word_1_302' title='bbox 1547 4132 1902 4198; x_wconf 86' lang='lat' dir='ltr'><strong>hominum.</strong></span> <span class='ocrx_word' id='word_1_303' title='bbox 1936 4144 2145 4199; x_wconf 89' lang='lat' dir='ltr'><strong>metu:</strong></span> <span class='ocrx_word' id='word_1_304' title='bbox 2202 4136 2358 4217; x_wconf 89' lang='lat' dir='ltr'><strong>quia</strong></span> <span class='ocrx_word' id='word_1_305' title='bbox 2399 4136 2498 4200; x_wconf 85' lang='lat' dir='ltr'><strong>ita</strong></span> 
     </span>
     <span class='ocr_line' id='line_1_44' title="bbox 554 4217 2498 4304; baseline 0 -20"><span class='ocrx_word' id='word_1_306' title='bbox 554 4220 970 4304; x_wconf 88' lang='lat' dir='ltr'><strong>prostituitur</strong></span> <span class='ocrx_word' id='word_1_307' title='bbox 1036 4217 1317 4282; x_wconf 89' lang='lat' dir='ltr'><strong>ludibrio</strong></span> <span class='ocrx_word' id='word_1_308' title='bbox 1387 4219 1512 4282; x_wconf 88' lang='lat' dir='ltr'><strong>Dei</strong></span> <span class='ocrx_word' id='word_1_309' title='bbox 1577 4219 1918 4283; x_wconf 88' lang='lat' dir='ltr'><strong>maiestas:</strong></span> <span class='ocrx_word' id='word_1_310' title='bbox 1988 4241 2063 4285; x_wconf 89' lang='lat' dir='ltr'><strong>ac</strong></span> <span class='ocrx_word' id='word_1_311' title='bbox 2128 4222 2183 4285; x_wconf 91' lang='lat' dir='ltr'><strong>si</strong></span> <span class='ocrx_word' id='word_1_312' title='bbox 2251 4220 2498 4286; x_wconf 89' lang='lat' dir='ltr'><strong>diceret</strong></span> 
     </span>
     <span class='ocr_line' id='line_1_45' title="bbox 555 4303 2495 4389; baseline 0.001 -19"><span class='ocrx_word' id='word_1_313' title='bbox 555 4304 1021 4389; x_wconf 80' lang='lat' dir='ltr'><strong>praestandum</strong></span> <span class='ocrx_word' id='word_1_314' title='bbox 1072 4304 1246 4369; x_wconf 88' lang='grc' dir='ltr'><strong>1111ηο</strong></span> <span class='ocrx_word' id='word_1_315' title='bbox 1290 4325 1432 4369; x_wconf 84' lang='grc'><strong>8888</strong></span> <span class='ocrx_word' id='word_1_316' title='bbox 1476 4303 1785 4368; x_wconf 89' lang='lat' dir='ltr'><strong>honorem</strong></span> <span class='ocrx_word' id='word_1_317' title='bbox 1839 4305 2011 4379; x_wconf 89' lang='lat' dir='ltr'><strong>Deo,</strong></span> <span class='ocrx_word' id='word_1_318' title='bbox 2055 4307 2240 4370; x_wconf 88' lang='lat' dir='ltr'><strong>euius</strong></span> <span class='ocrx_word' id='word_1_319' title='bbox 2276 4329 2495 4389; x_wconf 91' lang='lat' dir='ltr'><strong>perso-</strong></span> 
     </span>
     <span class='ocr_line' id='line_1_46' title="bbox 557 4388 2496 4471; baseline 0.001 -15"><span class='ocrx_word' id='word_1_320' title='bbox 557 4413 714 4456; x_wconf 89' lang='lat' dir='ltr'><strong>nam</strong></span> <span class='ocrx_word' id='word_1_321' title='bbox 757 4391 1100 4466; x_wconf 88' lang='lat' dir='ltr'><strong>sustinent,</strong></span> <span class='ocrx_word' id='word_1_322' title='bbox 1150 4398 1222 4454; x_wconf 91' lang='lat' dir='ltr'><strong>ut</strong></span> <span class='ocrx_word' id='word_1_323' title='bbox 1266 4412 1302 4454; x_wconf 95' lang='lat' dir='ltr'><strong>e</strong></span> <span class='ocrx_word' id='word_1_324' title='bbox 1345 4389 1606 4456; x_wconf 90' lang='lat' dir='ltr'><strong>sublimi</strong></span> <span class='ocrx_word' id='word_1_325' title='bbox 1652 4388 2020 4471; x_wconf 87' lang='lat' dir='ltr'><strong>despiciant</strong></span> <span class='ocrx_word' id='word_1_326' title='bbox 2062 4401 2333 4458; x_wconf 90' lang='lat' dir='ltr'><strong>cunctos</strong></span> <span class='ocrx_word' id='word_1_327' title='bbox 2377 4391 2496 4457; x_wconf 89' lang='lat' dir='ltr'><strong>ho-</strong></span> 
     </span>
     <span class='ocr_line' id='line_1_47' title="bbox 558 4474 2497 4560; baseline 0.001 -19"><span class='ocrx_word' id='word_1_328' title='bbox 558 4479 789 4560; x_wconf 90' lang='lat' dir='ltr'><strong>mines,</strong></span> <span class='ocrx_word' id='word_1_329' title='bbox 833 4485 1033 4558; x_wconf 88' lang='lat' dir='ltr'><strong>atque</strong></span> <span class='ocrx_word' id='word_1_330' title='bbox 1067 4477 1161 4540; x_wconf 91' lang='lat' dir='ltr'><strong>ita</strong></span> <span class='ocrx_word' id='word_1_331' title='bbox 1198 4474 1542 4540; x_wconf 86' lang='lat' dir='ltr'><strong>inflexibili</strong></span> <span class='ocrx_word' id='word_1_332' title='bbox 1579 4477 1782 4539; x_wconf 89' lang='lat' dir='ltr'><strong>animi</strong></span> <span class='ocrx_word' id='word_1_333' title='bbox 1817 4477 2277 4560; x_wconf 87' lang='lat' dir='ltr'><strong>magnitudine</strong></span> <span class='ocrx_word' id='word_1_334' title='bbox 2322 4500 2497 4543; x_wconf 91' lang='lat' dir='ltr'><strong>com-</strong></span> 
     </span>
     <span class='ocr_line' id='line_1_48' title="bbox 557 4561 2498 4648; baseline -0.001 -19"><span class='ocrx_word' id='word_1_335' title='bbox 557 4571 825 4648; x_wconf 84' lang='lat' dir='ltr'><strong>pescant</strong></span> <span class='ocrx_word' id='word_1_336' title='bbox 868 4561 1311 4645; x_wconf 89' lang='lat' dir='ltr'><strong>improborum</strong></span> <span class='ocrx_word' id='word_1_337' title='bbox 1356 4562 1724 4637; x_wconf 83' lang='lat' dir='ltr'><strong>audaciam,</strong></span> <span class='ocrx_word' id='word_1_338' title='bbox 1772 4570 1846 4625; x_wconf 89' lang='lat' dir='ltr'><strong>ut</strong></span> <span class='ocrx_word' id='word_1_339' title='bbox 1889 4563 2064 4628; x_wconf 90' lang='lat' dir='ltr'><strong>solus</strong></span> <span class='ocrx_word' id='word_1_340' title='bbox 2111 4564 2293 4630; x_wconf 89' lang='lat' dir='ltr'><strong>Deus</strong></span> <span class='ocrx_word' id='word_1_341' title='bbox 2337 4566 2498 4629; x_wconf 91' lang='lat' dir='ltr'><strong>emi-</strong></span> 
     </span>
     <span class='ocr_line' id='line_1_49' title="bbox 559 4647 2500 4732; baseline -0.001 -17"><span class='ocrx_word' id='word_1_342' title='bbox 559 4660 733 4715; x_wconf 86' lang='lat' dir='ltr'><strong>neat.</strong></span> <span class='ocrx_word' id='word_1_343' title='bbox 801 4647 1052 4713; x_wconf 82' lang='lat' dir='ltr'><strong>Eodem</strong></span> <span class='ocrx_word' id='word_1_344' title='bbox 1099 4657 1398 4730; x_wconf 86' lang='lat' dir='ltr'><strong>spectant</strong></span> <span class='ocrx_word' id='word_1_345' title='bbox 1442 4649 1641 4713; x_wconf 88' lang='lat' dir='ltr'><strong>verba</strong></span> <span class='ocrx_word' id='word_1_346' title='bbox 1674 4647 2014 4730; x_wconf 87' lang='lat' dir='ltr'><strong>Iosaphat:</strong></span> <span class='ocrx_word' id='word_1_347' title='bbox 2063 4649 2300 4714; x_wconf 88' lang='lat' dir='ltr'><strong>Videte</strong></span> <span class='ocrx_word' id='word_1_348' title='bbox 2344 4650 2500 4732; x_wconf 90' lang='lat' dir='ltr'><strong>quid</strong></span> 
     </span>
     <span class='ocr_line' id='line_1_50' title="bbox 559 4733 2500 4820; baseline -0.001 -18"><span class='ocrx_word' id='word_1_349' title='bbox 559 4735 799 4820; x_wconf 87' lang='lat' dir='ltr'><strong>agatis:</strong></span> <span class='ocrx_word' id='word_1_350' title='bbox 865 4755 993 4798; x_wconf 90' lang='lat' dir='ltr'><strong>non</strong></span> <span class='ocrx_word' id='word_1_351' title='bbox 1056 4734 1233 4797; x_wconf 92' lang='lat' dir='ltr'><strong>enim</strong></span> <span class='ocrx_word' id='word_1_352' title='bbox 1278 4733 1562 4798; x_wconf 89' lang='lat' dir='ltr'><strong>hominis</strong></span> <span class='ocrx_word' id='word_1_353' title='bbox 1608 4735 1925 4799; x_wconf 83' lang='lat' dir='ltr'><strong>exercetis</strong></span> <span class='ocrx_word' id='word_1_354' title='bbox 1969 4733 2281 4799; x_wconf 88' lang='lat' dir='ltr'><strong>iudicium</strong></span> <span class='ocrx_word' id='word_1_355' title='bbox 2307 4788 2321 4814; x_wconf 92' lang='lat'><strong>,</strong></span> <span class='ocrx_word' id='word_1_356' title='bbox 2385 4736 2500 4801; x_wconf 88' lang='lat' dir='ltr'><strong>sed</strong></span> 
     </span>
     <span class='ocr_line' id='line_1_51' title="bbox 560 4817 2499 4908; baseline 0 -22"><span class='ocrx_word' id='word_1_357' title='bbox 560 4823 685 4887; x_wconf 92' lang='lat' dir='ltr'><strong>Dei</strong></span> <span class='ocrx_word' id='word_1_358' title='bbox 753 4819 819 4908; x_wconf 83' lang='lat'><strong>(2</strong></span> <span class='ocrx_word' id='word_1_359' title='bbox 881 4819 1127 4885; x_wconf 85' lang='lat' dir='ltr'><strong>Obron.</strong></span> <span class='ocrx_word' id='word_1_360' title='bbox 1197 4819 1312 4897; x_wconf 87' lang='lat'><strong>19,</strong></span> <span class='ocrx_word' id='word_1_361' title='bbox 1382 4817 1467 4905; x_wconf 88' lang='lat'><strong>6).</strong></span> <span class='ocrx_word' id='word_1_362' title='bbox 1571 4820 1720 4886; x_wconf 92' lang='lat' dir='ltr'><strong>Hoc</strong></span> <span class='ocrx_word' id='word_1_363' title='bbox 1779 4820 1834 4884; x_wconf 90' lang='lat' dir='ltr'><strong>si</strong></span> <span class='ocrx_word' id='word_1_364' title='bbox 1896 4822 2157 4902; x_wconf 89' lang='lat' dir='ltr'><strong>penitus</strong></span> <span class='ocrx_word' id='word_1_365' title='bbox 2214 4821 2499 4886; x_wconf 87' lang='lat' dir='ltr'><strong>infixum</strong></span> 
     </span>
     <span class='ocr_line' id='line_1_52' title="bbox 560 4906 2500 4990; baseline -0.001 -17"><span class='ocrx_word' id='word_1_366' title='bbox 560 4917 735 4973; x_wconf 90' lang='lat' dir='ltr'><strong>esset</strong></span> <span class='ocrx_word' id='word_1_367' title='bbox 801 4915 935 4970; x_wconf 90' lang='lat' dir='ltr'><strong>tam</strong></span> <span class='ocrx_word' id='word_1_368' title='bbox 1003 4906 1504 4990; x_wconf 87' lang='lat' dir='ltr'><strong>magistratuum</strong></span> <span class='ocrx_word' id='word_1_369' title='bbox 1571 4927 1765 4988; x_wconf 90' lang='lat' dir='ltr'><strong>quam</strong></span> <span class='ocrx_word' id='word_1_370' title='bbox 1833 4916 2168 4989; x_wconf 88' lang='lat' dir='ltr'><strong>pastorum</strong></span> <span class='ocrx_word' id='word_1_371' title='bbox 2239 4909 2500 4985; x_wconf 89' lang='lat' dir='ltr'><strong>animis,</strong></span> 
     </span>
     <span class='ocr_line' id='line_1_53' title="bbox 560 4991 2499 5075; baseline 0 -17"><span class='ocrx_word' id='word_1_372' title='bbox 560 5016 691 5058; x_wconf 92' lang='lat' dir='ltr'><strong>non</strong></span> <span class='ocrx_word' id='word_1_373' title='bbox 761 4994 855 5057; x_wconf 92' lang='lat' dir='ltr'><strong>ita</strong></span> <span class='ocrx_word' id='word_1_374' title='bbox 927 4991 1206 5056; x_wconf 89' lang='lat' dir='ltr'><strong>subinde</strong></span> <span class='ocrx_word' id='word_1_375' title='bbox 1281 4991 1696 5057; x_wconf 86' lang='lat' dir='ltr'><strong>vacillarent:</strong></span> <span class='ocrx_word' id='word_1_376' title='bbox 1770 4994 1923 5074; x_wconf 90' lang='lat' dir='ltr'><strong>quia</strong></span> <span class='ocrx_word' id='word_1_377' title='bbox 1987 4992 2315 5075; x_wconf 88' lang='lat' dir='ltr'><strong>praesidio</strong></span> <span class='ocrx_word' id='word_1_378' title='bbox 2373 4994 2499 5058; x_wconf 89' lang='lat' dir='ltr'><strong>Dei</strong></span> 
     </span>
     <span class='ocr_line' id='line_1_54' title="bbox 561 5078 2502 5161; baseline 0 -16"><span class='ocrx_word' id='word_1_379' title='bbox 561 5081 710 5145; x_wconf 87' lang='lat' dir='ltr'><strong>freti</strong></span> <span class='ocrx_word' id='word_1_380' title='bbox 756 5088 1010 5143; x_wconf 86' lang='lat' dir='ltr'><strong>starent</strong></span> <span class='ocrx_word' id='word_1_381' title='bbox 1075 5078 1248 5141; x_wconf 89' lang='lat' dir='ltr'><strong>firmi</strong></span> <span class='ocrx_word' id='word_1_382' title='bbox 1312 5087 1540 5142; x_wconf 89' lang='lat' dir='ltr'><strong>eontra</strong></span> <span class='ocrx_word' id='word_1_383' title='bbox 1593 5099 1820 5142; x_wconf 90' lang='lat' dir='ltr'><strong>omnes</strong></span> <span class='ocrx_word' id='word_1_384' title='bbox 1879 5088 2196 5157; x_wconf 90' lang='lat' dir='ltr'><strong>terrores,</strong></span> <span class='ocrx_word' id='word_1_385' title='bbox 2265 5080 2502 5161; x_wconf 90' lang='lat' dir='ltr'><strong>quibus</strong></span> 
     </span>
     <span class='ocr_line' id='line_1_55' title="bbox 562 5162 2502 5249; baseline -0.001 -18"><span class='ocrx_word' id='word_1_386' title='bbox 562 5167 796 5231; x_wconf 82' lang='lat' dir='ltr'><strong>misere</strong></span> <span class='ocrx_word' id='word_1_387' title='bbox 850 5164 1207 5249; x_wconf 86' lang='lat' dir='ltr'><strong>agitantur.</strong></span> <span class='ocrx_word' id='word_1_388' title='bbox 1297 5162 1522 5244; x_wconf 77' lang='lat' dir='ltr'><strong>Quare</strong></span> <span class='ocrx_word' id='word_1_389' title='bbox 1578 5164 1702 5227; x_wconf 88' lang='lat' dir='ltr'><strong>hac</strong></span> <span class='ocrx_word' id='word_1_390' title='bbox 1760 5185 1830 5227; x_wconf 90' lang='lat' dir='ltr'><strong>se</strong></span> <span class='ocrx_word' id='word_1_391' title='bbox 1889 5163 2183 5229; x_wconf 88' lang='lat' dir='ltr'><strong>doctrina</strong></span> <span class='ocrx_word' id='word_1_392' title='bbox 2226 5165 2502 5231; x_wconf 85' lang='lat' dir='ltr'><strong>fulciant</strong></span> 
     </span>
     <span class='ocr_line' id='line_1_56' title="bbox 561 5248 2499 5334; baseline -0.001 -18"><span class='ocrx_word' id='word_1_393' title='bbox 561 5254 928 5334; x_wconf 90' lang='lat' dir='ltr'><strong>quicunque</strong></span> <span class='ocrx_word' id='word_1_394' title='bbox 976 5250 1056 5315; x_wconf 91' lang='lat' dir='ltr'><strong>ad</strong></span> <span class='ocrx_word' id='word_1_395' title='bbox 1103 5249 1435 5334; x_wconf 89' lang='lat' dir='ltr'><strong>publicum</strong></span> <span class='ocrx_word' id='word_1_396' title='bbox 1472 5248 1736 5331; x_wconf 88' lang='lat' dir='ltr'><strong>aliquod</strong></span> <span class='ocrx_word' id='word_1_397' title='bbox 1782 5270 2022 5314; x_wconf 89' lang='lat' dir='ltr'><strong>munus</strong></span> <span class='ocrx_word' id='word_1_398' title='bbox 2068 5253 2279 5315; x_wconf 90' lang='lat' dir='ltr'><strong>vocati</strong></span> <span class='ocrx_word' id='word_1_399' title='bbox 2324 5260 2499 5330; x_wconf 89' lang='lat' dir='ltr'><strong>sunt,</strong></span> 
     </span>
     <span class='ocr_line' id='line_1_57' title="bbox 563 5335 2502 5420; baseline 0 -18"><span class='ocrx_word' id='word_1_400' title='bbox 563 5339 687 5403; x_wconf 91' lang='lat' dir='ltr'><strong>Dei</strong></span> <span class='ocrx_word' id='word_1_401' title='bbox 734 5358 803 5402; x_wconf 90' lang='lat' dir='ltr'><strong>se</strong></span> <span class='ocrx_word' id='word_1_402' title='bbox 848 5335 1186 5420; x_wconf 87' lang='lat' dir='ltr'><strong>negotium</strong></span> <span class='ocrx_word' id='word_1_403' title='bbox 1230 5355 1492 5419; x_wconf 87' lang='lat' dir='ltr'><strong>gerere,</strong></span> <span class='ocrx_word' id='word_1_404' title='bbox 1538 5335 1648 5417; x_wconf 90' lang='lat' dir='ltr'><strong>qui</strong></span> <span class='ocrx_word' id='word_1_405' title='bbox 1690 5335 1881 5400; x_wconf 90' lang='lat' dir='ltr'><strong>facile</strong></span> <span class='ocrx_word' id='word_1_406' title='bbox 1925 5347 2059 5400; x_wconf 90' lang='lat' dir='ltr'><strong>tam</strong></span> <span class='ocrx_word' id='word_1_407' title='bbox 2106 5357 2145 5401; x_wconf 90' lang='lat' dir='ltr'><strong>a</strong></span> <span class='ocrx_word' id='word_1_408' title='bbox 2189 5337 2502 5403; x_wconf 89' lang='lat' dir='ltr'><strong>violentia</strong></span> 
     </span>
    </p>
   </div>
   <div class='ocr_carea' id='block_1_5' title="bbox 1693 418 3396 490">
    <p class='ocr_par' dir='ltr' id='par_1_6' title="bbox 1693 418 3396 490">
     <span class='ocr_line' id='line_1_58' title="bbox 1693 418 3396 490; baseline -0.003 -1"><span class='ocrx_word' id='word_1_409' title='bbox 1693 422 2432 490; x_wconf 78' lang='lat' dir='ltr'>COMMENTARIUS</span> <span class='ocrx_word' id='word_1_410' title='bbox 2476 424 2576 488; x_wconf 93' lang='lat' dir='ltr'><strong>IN</strong></span> <span class='ocrx_word' id='word_1_411' title='bbox 2619 419 2920 486; x_wconf 88' lang='lat' dir='ltr'>EXODI</span> <span class='ocrx_word' id='word_1_412' title='bbox 2965 418 3157 486; x_wconf 84' lang='lat' dir='ltr'><strong>OAP.</strong></span> <span class='ocrx_word' id='word_1_413' title='bbox 3203 419 3396 485; x_wconf 82' lang='lat' dir='ltr'><strong>XIX.</strong></span> 
     </span>
    </p>
   </div>
   <div class='ocr_carea' id='block_1_6' title="bbox 2533 621 2559 5402">
    <p class='ocr_par' dir='ltr' id='par_1_7' title="bbox 2533 621 2559 5402">
     <span class='ocr_line' id='line_1_59' title="bbox 2533 621 2559 5402; baseline 0 0"><span class='ocrx_word' id='word_1_414' title='bbox 2533 621 2559 5402; x_wconf 95' lang='lat' dir='ltr'><strong> </strong></span> 
     </span>
    </p>
   </div>
   <div class='ocr_carea' id='block_1_7' title="bbox 4403 417 4516 484">
    <p class='ocr_par' dir='ltr' id='par_1_8' title="bbox 4403 417 4516 484">
     <span class='ocr_line' id='line_1_60' title="bbox 4403 417 4516 484; baseline 0.018 -2"><span class='ocrx_word' id='word_1_415' title='bbox 4403 417 4516 484; x_wconf 86' lang='grc'><strong>192</strong></span> 
     </span>
    </p>
   </div>
   <div class='ocr_carea' id='block_1_8' title="bbox 2583 608 4524 1107">
    <p class='ocr_par' dir='ltr' id='par_1_9' title="bbox 2583 608 4524 1107">
     <span class='ocr_line' id='line_1_61' title="bbox 2587 608 4521 696; baseline -0.002 -19"><span class='ocrx_word' id='word_1_416' title='bbox 2587 633 2783 696; x_wconf 91' lang='lat' dir='ltr'><strong>quam</strong></span> <span class='ocrx_word' id='word_1_417' title='bbox 2819 610 3073 676; x_wconf 87' lang='lat' dir='ltr'><strong>insidiis</strong></span> <span class='ocrx_word' id='word_1_418' title='bbox 3109 612 3309 674; x_wconf 86' lang='lat' dir='ltr'><strong>totius</strong></span> <span class='ocrx_word' id='word_1_419' title='bbox 3346 608 3573 674; x_wconf 90' lang='lat' dir='ltr'><strong>mundi</strong></span> <span class='ocrx_word' id='word_1_420' title='bbox 3621 608 3980 674; x_wconf 91' lang='lat' dir='ltr'><strong>incolumes</strong></span> <span class='ocrx_word' id='word_1_421' title='bbox 4024 608 4199 690; x_wconf 90' lang='grc'><strong>111808</strong></span> <span class='ocrx_word' id='word_1_422' title='bbox 4242 616 4521 689; x_wconf 89' lang='lat' dir='ltr'><strong>praesta-</strong></span> 
     </span>
     <span class='ocr_line' id='line_1_62' title="bbox 2586 693 4520 777; baseline -0.002 -14"><span class='ocrx_word' id='word_1_423' title='bbox 2586 699 2699 763; x_wconf 90' lang='lat' dir='ltr'><strong>bit.</strong></span> <span class='ocrx_word' id='word_1_424' title='bbox 2791 697 3005 763; x_wconf 80' lang='lat' dir='ltr'><strong>Simul</strong></span> <span class='ocrx_word' id='word_1_425' title='bbox 3054 704 3272 760; x_wconf 90' lang='lat' dir='ltr'><strong>tamen</strong></span> <span class='ocrx_word' id='word_1_426' title='bbox 3319 696 3631 761; x_wconf 91' lang='lat' dir='ltr'><strong>docemur</strong></span> <span class='ocrx_word' id='word_1_427' title='bbox 3677 695 3782 761; x_wconf 90' lang='lat' dir='ltr'><strong>his</strong></span> <span class='ocrx_word' id='word_1_428' title='bbox 3828 693 4043 758; x_wconf 89' lang='lat' dir='ltr'><strong>verbis</strong></span> <span class='ocrx_word' id='word_1_429' title='bbox 4087 694 4520 777; x_wconf 83' lang='lat' dir='ltr'><strong>praefecturas</strong></span> 
     </span>
     <span class='ocr_line' id='line_1_63' title="bbox 2586 778 4520 864; baseline -0.003 -14"><span class='ocrx_word' id='word_1_430' title='bbox 2586 805 2813 850; x_wconf 90' lang='lat' dir='ltr'><strong>omnes</strong></span> <span class='ocrx_word' id='word_1_431' title='bbox 2849 782 2995 847; x_wconf 90' lang='lat' dir='ltr'><strong>Deo</strong></span> <span class='ocrx_word' id='word_1_432' title='bbox 3039 793 3330 847; x_wconf 86' lang='lat' dir='ltr'><strong>sacratas</strong></span> <span class='ocrx_word' id='word_1_433' title='bbox 3375 803 3543 859; x_wconf 90' lang='lat' dir='ltr'><strong>esse,</strong></span> <span class='ocrx_word' id='word_1_434' title='bbox 3614 790 3688 845; x_wconf 90' lang='grc'><strong>111</strong></span> <span class='ocrx_word' id='word_1_435' title='bbox 3732 780 4102 864; x_wconf 90' lang='lat' dir='ltr'><strong>quicunque</strong></span> <span class='ocrx_word' id='word_1_436' title='bbox 4139 778 4221 844; x_wconf 88' lang='lat' dir='ltr'><strong>ad</strong></span> <span class='ocrx_word' id='word_1_437' title='bbox 4265 800 4373 844; x_wconf 88' lang='lat' dir='ltr'><strong>eas</strong></span> <span class='ocrx_word' id='word_1_438' title='bbox 4416 801 4520 845; x_wconf 92' lang='lat' dir='ltr'><strong>vo-</strong></span> 
     </span>
     <span class='ocr_line' id='line_1_64' title="bbox 2583 865 4522 946; baseline -0.004 -11"><span class='ocrx_word' id='word_1_439' title='bbox 2583 871 2710 936; x_wconf 89' lang='lat' dir='ltr'><strong>cati</strong></span> <span class='ocrx_word' id='word_1_440' title='bbox 2765 878 2949 946; x_wconf 91' lang='grc'><strong>811111,</strong></span> <span class='ocrx_word' id='word_1_441' title='bbox 3009 880 3391 933; x_wconf 86' lang='lat' dir='ltr'><strong>reverenter</strong></span> <span class='ocrx_word' id='word_1_442' title='bbox 3448 878 3513 932; x_wconf 92' lang='lat' dir='ltr'><strong>et</strong></span> <span class='ocrx_word' id='word_1_443' title='bbox 3570 867 3845 933; x_wconf 88' lang='lat' dir='ltr'><strong>sollicite</strong></span> <span class='ocrx_word' id='word_1_444' title='bbox 3893 867 4033 931; x_wconf 90' lang='lat' dir='ltr'><strong>Deo</strong></span> <span class='ocrx_word' id='word_1_445' title='bbox 4077 865 4396 943; x_wconf 88' lang='lat' dir='ltr'><strong>serviant,</strong></span> <span class='ocrx_word' id='word_1_446' title='bbox 4453 886 4522 929; x_wconf 87' lang='lat' dir='ltr'><strong>ac</strong></span> 
     </span>
     <span class='ocr_line' id='line_1_65' title="bbox 2584 952 4524 1037; baseline -0.003 -17"><span class='ocrx_word' id='word_1_447' title='bbox 2584 977 2842 1037; x_wconf 90' lang='lat' dir='ltr'><strong>semper</strong></span> <span class='ocrx_word' id='word_1_448' title='bbox 2908 962 3250 1037; x_wconf 90' lang='lat' dir='ltr'><strong>reputent,</strong></span> <span class='ocrx_word' id='word_1_449' title='bbox 3318 955 3458 1019; x_wconf 88' lang='lat' dir='ltr'><strong>eius</strong></span> <span class='ocrx_word' id='word_1_450' title='bbox 3525 974 3668 1019; x_wconf 90' lang='lat' dir='ltr'><strong>esse</strong></span> <span class='ocrx_word' id='word_1_451' title='bbox 3727 953 4082 1035; x_wconf 90' lang='lat' dir='ltr'><strong>imperium</strong></span> <span class='ocrx_word' id='word_1_452' title='bbox 4141 952 4327 1018; x_wconf 89' lang='lat' dir='ltr'><strong>cuins</strong></span> <span class='ocrx_word' id='word_1_453' title='bbox 4372 959 4524 1016; x_wconf 91' lang='lat' dir='ltr'><strong>sunt</strong></span> 
     </span>
     <span class='ocr_line' id='line_1_66' title="bbox 2586 1041 2890 1107; baseline 0 -1"><span class='ocrx_word' id='word_1_454' title='bbox 2586 1041 2890 1107; x_wconf 85' lang='lat' dir='ltr'><strong>ministri.</strong></span> 
     </span>
    </p>
   </div>
   <div class='ocr_carea' id='block_1_9' title="bbox 3112 1381 4016 1449">
    <p class='ocr_par' dir='ltr' id='par_1_10' title="bbox 3112 1381 4016 1449">
     <span class='ocr_line' id='line_1_67' title="bbox 3112 1381 4016 1449; baseline -0.004 0"><span class='ocrx_word' id='word_1_455' title='bbox 3112 1382 3417 1449; x_wconf 87' lang='lat' dir='ltr'><strong>EXODI</strong></span> <span class='ocrx_word' id='word_1_456' title='bbox 3467 1382 3775 1449; x_wconf 75' lang='lat' dir='ltr'>CAPUT</span> <span class='ocrx_word' id='word_1_457' title='bbox 3819 1381 4016 1446; x_wconf 86' lang='lat' dir='ltr'>XIX.</span> 
     </span>
    </p>
   </div>
   <div class='ocr_carea' id='block_1_10' title="bbox 2577 1551 4543 3270">
    <p class='ocr_par' dir='ltr' id='par_1_11' title="bbox 2577 1551 4543 3270">
     <span class='ocr_line' id='line_1_68' title="bbox 2765 1551 4532 1637; baseline -0.002 -17"><span class='ocrx_word' id='word_1_458' title='bbox 2765 1557 2823 1621; x_wconf 90' lang='lat'><strong>1.</strong></span> <span class='ocrx_word' id='word_1_459' title='bbox 2867 1557 2953 1620; x_wconf 78' lang='lat' dir='ltr'><strong>In</strong></span> <span class='ocrx_word' id='word_1_460' title='bbox 3009 1574 3217 1620; x_wconf 76' lang='lat' dir='ltr'><strong>mense</strong></span> <span class='ocrx_word' id='word_1_461' title='bbox 3268 1554 3445 1619; x_wconf 81' lang='lat' dir='ltr'><strong>tertio</strong></span> <span class='ocrx_word' id='word_1_462' title='bbox 3492 1559 3835 1637; x_wconf 77' lang='lat' dir='ltr'><strong>postquam</strong></span> <span class='ocrx_word' id='word_1_463' title='bbox 3892 1552 4124 1636; x_wconf 68' lang='grc'><strong>8918831</strong></span> <span class='ocrx_word' id='word_1_464' title='bbox 4178 1556 4361 1616; x_wconf 84' lang='lat' dir='ltr'><strong>erant</strong></span> <span class='ocrx_word' id='word_1_465' title='bbox 4412 1551 4532 1633; x_wconf 73' lang='lat' dir='ltr'><strong>filii</strong></span> 
     </span>
     <span class='ocr_line' id='line_1_69' title="bbox 2588 1638 4533 1723; baseline -0.003 -16"><span class='ocrx_word' id='word_1_466' title='bbox 2588 1643 2803 1709; x_wconf 80' lang='lat' dir='ltr'><strong>Israel</strong></span> <span class='ocrx_word' id='word_1_467' title='bbox 2843 1663 2876 1707; x_wconf 86' lang='lat' dir='ltr'><strong>e</strong></span> <span class='ocrx_word' id='word_1_468' title='bbox 2922 1648 3094 1706; x_wconf 82' lang='lat' dir='ltr'><strong>terra</strong></span> <span class='ocrx_word' id='word_1_469' title='bbox 3116 1641 3408 1723; x_wconf 75' lang='lat' dir='ltr'><strong>Aeyypti‚</strong></span> <span class='ocrx_word' id='word_1_470' title='bbox 3453 1641 3593 1721; x_wconf 81' lang='lat' dir='ltr'><strong>ipso</strong></span> <span class='ocrx_word' id='word_1_471' title='bbox 3637 1640 3741 1705; x_wconf 85' lang='lat' dir='ltr'><strong>die</strong></span> <span class='ocrx_word' id='word_1_472' title='bbox 3784 1642 4075 1705; x_wconf 78' lang='lat' dir='ltr'><strong>venerunt</strong></span> <span class='ocrx_word' id='word_1_473' title='bbox 4116 1638 4188 1702; x_wconf 84' lang='lat' dir='ltr'><strong>in</strong></span> <span class='ocrx_word' id='word_1_474' title='bbox 4229 1638 4533 1704; x_wconf 77' lang='lat' dir='ltr'><strong>desertum</strong></span> 
     </span>
     <span class='ocr_line' id='line_1_70' title="bbox 2592 1724 4535 1809; baseline -0.003 -15"><span class='ocrx_word' id='word_1_475' title='bbox 2592 1729 2804 1795; x_wconf 80' lang='lat' dir='ltr'><strong>Sinai.</strong></span> <span class='ocrx_word' id='word_1_476' title='bbox 2910 1728 2969 1792; x_wconf 82' lang='lat'><strong>2.</strong></span> <span class='ocrx_word' id='word_1_477' title='bbox 3039 1726 3314 1809; x_wconf 79' lang='lat' dir='ltr'><strong>Profecti</strong></span> <span class='ocrx_word' id='word_1_478' title='bbox 3379 1747 3521 1809; x_wconf 75' lang='lat' dir='ltr'><strong>erqo</strong></span> <span class='ocrx_word' id='word_1_479' title='bbox 3587 1746 3620 1789; x_wconf 89' lang='grc'><strong>8</strong></span> <span class='ocrx_word' id='word_1_480' title='bbox 3687 1725 4042 1807; x_wconf 73' lang='lat' dir='ltr'><strong>Rephidim</strong></span> <span class='ocrx_word' id='word_1_481' title='bbox 4108 1730 4407 1789; x_wconf 76' lang='lat' dir='ltr'><strong>venerunt</strong></span> <span class='ocrx_word' id='word_1_482' title='bbox 4468 1724 4535 1788; x_wconf 83' lang='lat' dir='ltr'><strong>in</strong></span> 
     </span>
     <span class='ocr_line' id='line_1_71' title="bbox 2586 1810 4536 1891; baseline -0.005 -9"><span class='ocrx_word' id='word_1_483' title='bbox 2586 1817 2891 1882; x_wconf 77' lang='lat' dir='ltr'><strong>desertum</strong></span> <span class='ocrx_word' id='word_1_484' title='bbox 2936 1812 3143 1891; x_wconf 82' lang='lat' dir='ltr'><strong>Sinai,</strong></span> <span class='ocrx_word' id='word_1_485' title='bbox 3188 1817 3242 1876; x_wconf 86' lang='lat' dir='ltr'><strong>et</strong></span> <span class='ocrx_word' id='word_1_486' title='bbox 3283 1812 3709 1877; x_wconf 83' lang='lat' dir='ltr'><strong>castrametati</strong></span> <span class='ocrx_word' id='word_1_487' title='bbox 3750 1816 3899 1876; x_wconf 77' lang='lat' dir='ltr'><strong>sunt</strong></span> <span class='ocrx_word' id='word_1_488' title='bbox 3937 1811 4010 1874; x_wconf 88' lang='lat' dir='ltr'><strong>in</strong></span> <span class='ocrx_word' id='word_1_489' title='bbox 4053 1810 4316 1876; x_wconf 81' lang='lat' dir='ltr'><strong>deserto.-</strong></span> <span class='ocrx_word' id='word_1_490' title='bbox 4359 1829 4536 1873; x_wconf 85' lang='lat' dir='ltr'><strong>man-</strong></span> 
     </span>
     <span class='ocr_line' id='line_1_72' title="bbox 2586 1895 4536 1983; baseline -0.004 -17"><span class='ocrx_word' id='word_1_491' title='bbox 2586 1902 2787 1983; x_wconf 79' lang='lat' dir='ltr'><strong>sitque</strong></span> <span class='ocrx_word' id='word_1_492' title='bbox 2830 1899 2965 1966; x_wconf 78' lang='lat' dir='ltr'><strong>illic</strong></span> <span class='ocrx_word' id='word_1_493' title='bbox 3007 1898 3215 1963; x_wconf 80' lang='lat' dir='ltr'><strong>Israel</strong></span> <span class='ocrx_word' id='word_1_494' title='bbox 3256 1919 3289 1963; x_wconf 93' lang='grc'><strong>8</strong></span> <span class='ocrx_word' id='word_1_495' title='bbox 3329 1899 3571 1982; x_wconf 68' lang='grc'><strong>18910118</strong></span> <span class='ocrx_word' id='word_1_496' title='bbox 3625 1898 3866 1962; x_wconf 64' lang='lat' dir='ltr'><strong>mordis.</strong></span> <span class='ocrx_word' id='word_1_497' title='bbox 3954 1897 4015 1961; x_wconf 88' lang='lat'><strong>3.</strong></span> <span class='ocrx_word' id='word_1_498' title='bbox 4068 1895 4281 1962; x_wconf 78' lang='lat' dir='ltr'><strong>Moses</strong></span> <span class='ocrx_word' id='word_1_499' title='bbox 4337 1900 4536 1960; x_wconf 82' lang='lat' dir='ltr'><strong>autem</strong></span> 
     </span>
     <span class='ocr_line' id='line_1_73' title="bbox 2588 1981 4535 2062; baseline -0.004 -10"><span class='ocrx_word' id='word_1_500' title='bbox 2588 1986 2864 2052; x_wconf 81' lang='lat' dir='ltr'><strong>ascendit</strong></span> <span class='ocrx_word' id='word_1_501' title='bbox 2920 1985 3005 2049; x_wconf 84' lang='lat' dir='ltr'><strong>ad</strong></span> <span class='ocrx_word' id='word_1_502' title='bbox 3060 1983 3301 2062; x_wconf 78' lang='lat' dir='ltr'><strong>Deum,</strong></span> <span class='ocrx_word' id='word_1_503' title='bbox 3361 1988 3417 2048; x_wconf 87' lang='lat' dir='ltr'><strong>et</strong></span> <span class='ocrx_word' id='word_1_504' title='bbox 3469 1985 3705 2049; x_wconf 82' lang='lat' dir='ltr'><strong>vocavit</strong></span> <span class='ocrx_word' id='word_1_505' title='bbox 3758 2003 3899 2048; x_wconf 78' lang='lat' dir='ltr'><strong>eum</strong></span> <span class='ocrx_word' id='word_1_506' title='bbox 3944 1981 4179 2048; x_wconf 78' lang='lat' dir='ltr'><strong>Iehova</strong></span> <span class='ocrx_word' id='word_1_507' title='bbox 4235 2003 4268 2046; x_wconf 91' lang='grc'><strong>8</strong></span> <span class='ocrx_word' id='word_1_508' title='bbox 4324 1986 4535 2060; x_wconf 82' lang='lat' dir='ltr'><strong>monte,</strong></span> 
     </span>
     <span class='ocr_line' id='line_1_74' title="bbox 2588 2066 4535 2149; baseline -0.004 -10"><span class='ocrx_word' id='word_1_509' title='bbox 2588 2073 2873 2139; x_wconf 79' lang='lat' dir='ltr'><strong>dicendo.-</strong></span> <span class='ocrx_word' id='word_1_510' title='bbox 2922 2070 3029 2137; x_wconf 84' lang='lat' dir='ltr'><strong>Sic</strong></span> <span class='ocrx_word' id='word_1_511' title='bbox 3084 2071 3252 2135; x_wconf 80' lang='lat' dir='ltr'><strong>dices</strong></span> <span class='ocrx_word' id='word_1_512' title='bbox 3309 2070 3520 2134; x_wconf 79' lang='lat' dir='ltr'><strong>domui</strong></span> <span class='ocrx_word' id='word_1_513' title='bbox 3565 2069 3752 2134; x_wconf 84' lang='lat' dir='ltr'><strong>Iacob</strong></span> <span class='ocrx_word' id='word_1_514' title='bbox 3807 2075 3865 2134; x_wconf 87' lang='lat' dir='ltr'><strong>et</strong></span> <span class='ocrx_word' id='word_1_515' title='bbox 3919 2066 4340 2134; x_wconf 78' lang='lat' dir='ltr'><strong>annunciabis</strong></span> <span class='ocrx_word' id='word_1_516' title='bbox 4378 2066 4535 2149; x_wconf 77' lang='lat' dir='ltr'><strong>filiis</strong></span> 
     </span>
     <span class='ocr_line' id='line_1_75' title="bbox 2591 2154 4536 2238; baseline -0.002 -16"><span class='ocrx_word' id='word_1_517' title='bbox 2591 2158 2816 2223; x_wconf 78' lang='lat' dir='ltr'><strong>Israel.</strong></span> <span class='ocrx_word' id='word_1_518' title='bbox 2916 2158 2976 2221; x_wconf 89' lang='lat'><strong>4.</strong></span> <span class='ocrx_word' id='word_1_519' title='bbox 3048 2155 3172 2221; x_wconf 81' lang='lat' dir='ltr'><strong>Vos</strong></span> <span class='ocrx_word' id='word_1_520' title='bbox 3224 2155 3477 2221; x_wconf 78' lang='lat' dir='ltr'><strong>vidistis</strong></span> <span class='ocrx_word' id='word_1_521' title='bbox 3531 2176 3691 2237; x_wconf 77' lang='lat' dir='ltr'><strong>quae</strong></span> <span class='ocrx_word' id='word_1_522' title='bbox 3746 2155 3868 2236; x_wconf 83' lang='lat' dir='ltr'><strong>feei</strong></span> <span class='ocrx_word' id='word_1_523' title='bbox 3927 2154 4261 2238; x_wconf 74' lang='lat' dir='ltr'><strong>Aeyyptiis</strong></span> <span class='ocrx_word' id='word_1_524' title='bbox 4277 2203 4291 2232; x_wconf 91' lang='lat'><strong>,</strong></span> <span class='ocrx_word' id='word_1_525' title='bbox 4363 2158 4421 2219; x_wconf 88' lang='lat' dir='ltr'><strong>et</strong></span> <span class='ocrx_word' id='word_1_526' title='bbox 4470 2156 4536 2217; x_wconf 75' lang='lat' dir='ltr'><strong>ut</strong></span> 
     </span>
     <span class='ocr_line' id='line_1_76' title="bbox 2577 2238 4535 2326; baseline -0.005 -17"><span class='ocrx_word' id='word_1_527' title='bbox 2577 2243 2967 2326; x_wconf 77' lang='lat' dir='ltr'><strong>portaverim</strong></span> <span class='ocrx_word' id='word_1_528' title='bbox 3009 2262 3115 2307; x_wconf 79' lang='lat' dir='ltr'><strong>vos</strong></span> <span class='ocrx_word' id='word_1_529' title='bbox 3158 2243 3344 2323; x_wconf 72' lang='lat' dir='ltr'><strong>qttasi</strong></span> <span class='ocrx_word' id='word_1_530' title='bbox 3386 2261 3578 2320; x_wconf 76' lang='lat' dir='ltr'><strong>super</strong></span> <span class='ocrx_word' id='word_1_531' title='bbox 3620 2242 3765 2306; x_wconf 81' lang='lat' dir='ltr'><strong>alas</strong></span> <span class='ocrx_word' id='word_1_532' title='bbox 3807 2241 4191 2322; x_wconf 77' lang='lat' dir='ltr'><strong>aquilarum,</strong></span> <span class='ocrx_word' id='word_1_533' title='bbox 4234 2245 4292 2304; x_wconf 85' lang='lat' dir='ltr'><strong>et</strong></span> <span class='ocrx_word' id='word_1_534' title='bbox 4333 2238 4535 2305; x_wconf 77' lang='lat' dir='ltr'><strong>addu-</strong></span> 
     </span>
     <span class='ocr_line' id='line_1_77' title="bbox 2589 2324 4538 2410; baseline -0.004 -15"><span class='ocrx_word' id='word_1_535' title='bbox 2589 2332 2793 2395; x_wconf 81' lang='lat' dir='ltr'><strong>xerim</strong></span> <span class='ocrx_word' id='word_1_536' title='bbox 2836 2349 2943 2394; x_wconf 84' lang='lat' dir='ltr'><strong>vos</strong></span> <span class='ocrx_word' id='word_1_537' title='bbox 2987 2329 3070 2393; x_wconf 78' lang='lat' dir='ltr'><strong>ad</strong></span> <span class='ocrx_word' id='word_1_538' title='bbox 3115 2348 3227 2392; x_wconf 84' lang='lat' dir='ltr'><strong>me.</strong></span> <span class='ocrx_word' id='word_1_539' title='bbox 3319 2326 3378 2392; x_wconf 89' lang='lat'><strong>5.</strong></span> <span class='ocrx_word' id='word_1_540' title='bbox 3431 2327 3618 2391; x_wconf 78' lang='lat' dir='ltr'><strong>Nunc</strong></span> <span class='ocrx_word' id='word_1_541' title='bbox 3662 2347 3804 2410; x_wconf 72' lang='lat' dir='ltr'><strong>erqo</strong></span> <span class='ocrx_word' id='word_1_542' title='bbox 3849 2327 3911 2391; x_wconf 82' lang='lat' dir='ltr'><strong>si</strong></span> <span class='ocrx_word' id='word_1_543' title='bbox 3953 2325 4277 2391; x_wconf 83' lang='lat' dir='ltr'><strong>obediendo</strong></span> <span class='ocrx_word' id='word_1_544' title='bbox 4314 2324 4538 2390; x_wconf 78' lang='lat' dir='ltr'><strong>obedie-</strong></span> 
     </span>
     <span class='ocr_line' id='line_1_78' title="bbox 2589 2411 4539 2495; baseline -0.003 -15"><span class='ocrx_word' id='word_1_545' title='bbox 2589 2417 2736 2480; x_wconf 82' lang='lat' dir='ltr'><strong>ritis</strong></span> <span class='ocrx_word' id='word_1_546' title='bbox 2776 2415 2911 2481; x_wconf 85' lang='lat' dir='ltr'><strong>voci</strong></span> <span class='ocrx_word' id='word_1_547' title='bbox 2951 2434 3155 2491; x_wconf 85' lang='lat' dir='ltr'><strong>meae,</strong></span> <span class='ocrx_word' id='word_1_548' title='bbox 3215 2418 3271 2478; x_wconf 89' lang='lat' dir='ltr'><strong>et</strong></span> <span class='ocrx_word' id='word_1_549' title='bbox 3327 2413 3749 2478; x_wconf 76' lang='lat' dir='ltr'><strong>custodieritis</strong></span> <span class='ocrx_word' id='word_1_550' title='bbox 3780 2417 4041 2495; x_wconf 81' lang='lat' dir='ltr'><strong>paetum</strong></span> <span class='ocrx_word' id='word_1_551' title='bbox 4080 2432 4317 2484; x_wconf 79' lang='lat' dir='ltr'><strong>meum,</strong></span> <span class='ocrx_word' id='word_1_552' title='bbox 4365 2411 4539 2476; x_wconf 78' lang='lat' dir='ltr'><strong>eritis</strong></span> 
     </span>
     <span class='ocr_line' id='line_1_79' title="bbox 2594 2497 4539 2584; baseline -0.003 -18"><span class='ocrx_word' id='word_1_553' title='bbox 2594 2501 2754 2566; x_wconf 77' lang='lat' dir='ltr'><strong>mihi</strong></span> <span class='ocrx_word' id='word_1_554' title='bbox 2797 2502 2867 2565; x_wconf 81' lang='lat' dir='ltr'><strong>in</strong></span> <span class='ocrx_word' id='word_1_555' title='bbox 2901 2500 3223 2581; x_wconf 76' lang='lat' dir='ltr'><strong>peculium</strong></span> <span class='ocrx_word' id='word_1_556' title='bbox 3256 2497 3305 2584; x_wconf 90' lang='lat'><strong>¹)</strong></span> <span class='ocrx_word' id='word_1_557' title='bbox 3338 2520 3500 2582; x_wconf 85' lang='lat' dir='ltr'><strong>prae</strong></span> <span class='ocrx_word' id='word_1_558' title='bbox 3540 2498 3823 2563; x_wconf 75' lang='lat' dir='ltr'><strong>omnibus</strong></span> <span class='ocrx_word' id='word_1_559' title='bbox 3854 2498 4144 2581; x_wconf 78' lang='lat' dir='ltr'><strong>populis,</strong></span> <span class='ocrx_word' id='word_1_560' title='bbox 4201 2498 4364 2579; x_wconf 77' lang='lat' dir='ltr'><strong>quia</strong></span> <span class='ocrx_word' id='word_1_561' title='bbox 4404 2517 4539 2561; x_wconf 86' lang='lat' dir='ltr'><strong>mea</strong></span> 
     </span>
     <span class='ocr_line' id='line_1_80' title="bbox 2593 2582 4540 2673; baseline -0.004 -21"><span class='ocrx_word' id='word_1_562' title='bbox 2593 2592 2684 2652; x_wconf 82' lang='lat' dir='ltr'><strong>est</strong></span> <span class='ocrx_word' id='word_1_563' title='bbox 2710 2584 2764 2673; x_wconf 74' lang='grc'><strong>2)</strong></span> <span class='ocrx_word' id='word_1_564' title='bbox 2804 2589 3101 2651; x_wconf 77' lang='lat' dir='ltr'><strong>universa</strong></span> <span class='ocrx_word' id='word_1_565' title='bbox 3141 2590 3329 2650; x_wconf 79' lang='lat' dir='ltr'><strong>terra.</strong></span> <span class='ocrx_word' id='word_1_566' title='bbox 3419 2586 3479 2650; x_wconf 87' lang='grc'><strong>6.</strong></span> <span class='ocrx_word' id='word_1_567' title='bbox 3526 2583 3615 2648; x_wconf 80' lang='lat' dir='ltr'><strong>Et</strong></span> <span class='ocrx_word' id='word_1_568' title='bbox 3670 2605 3777 2650; x_wconf 81' lang='lat' dir='ltr'><strong>vos</strong></span> <span class='ocrx_word' id='word_1_569' title='bbox 3832 2586 4011 2649; x_wconf 78' lang='lat' dir='ltr'><strong>eritis</strong></span> <span class='ocrx_word' id='word_1_570' title='bbox 4067 2582 4227 2648; x_wconf 76' lang='lat' dir='ltr'><strong>mihi</strong></span> <span class='ocrx_word' id='word_1_571' title='bbox 4281 2600 4540 2667; x_wconf 74' lang='lat' dir='ltr'><strong>reynum</strong></span> 
     </span>
     <span class='ocr_line' id='line_1_81' title="bbox 2591 2668 4542 2755; baseline -0.003 -17"><span class='ocrx_word' id='word_1_572' title='bbox 2591 2673 2999 2743; x_wconf 78' lang='lat' dir='ltr'><strong>sacerdotale.</strong></span> <span class='ocrx_word' id='word_1_573' title='bbox 3060 2676 3116 2736; x_wconf 88' lang='lat' dir='ltr'><strong>et</strong></span> <span class='ocrx_word' id='word_1_574' title='bbox 3167 2691 3320 2755; x_wconf 74' lang='lat' dir='ltr'><strong>qens</strong></span> <span class='ocrx_word' id='word_1_575' title='bbox 3375 2677 3610 2737; x_wconf 77' lang='lat' dir='ltr'><strong>sancta.</strong></span> <span class='ocrx_word' id='word_1_576' title='bbox 3714 2668 3889 2735; x_wconf 84' lang='lat' dir='ltr'><strong>Haec</strong></span> <span class='ocrx_word' id='word_1_577' title='bbox 3941 2674 4090 2734; x_wconf 79' lang='lat' dir='ltr'><strong>sunt</strong></span> <span class='ocrx_word' id='word_1_578' title='bbox 4140 2668 4335 2735; x_wconf 83' lang='lat' dir='ltr'><strong>verba</strong></span> <span class='ocrx_word' id='word_1_579' title='bbox 4390 2687 4542 2750; x_wconf 76' lang='lat' dir='ltr'><strong>quae</strong></span> 
     </span>
     <span class='ocr_line' id='line_1_82' title="bbox 2593 2753 4543 2842; baseline -0.003 -17"><span class='ocrx_word' id='word_1_580' title='bbox 2593 2759 2865 2842; x_wconf 77' lang='lat' dir='ltr'><strong>loqueris</strong></span> <span class='ocrx_word' id='word_1_581' title='bbox 2911 2759 2999 2822; x_wconf 85' lang='lat' dir='ltr'><strong>ad</strong></span> <span class='ocrx_word' id='word_1_582' title='bbox 3039 2757 3206 2838; x_wconf 72' lang='lat' dir='ltr'><strong>filios</strong></span> <span class='ocrx_word' id='word_1_583' title='bbox 3250 2756 3476 2822; x_wconf 78' lang='lat' dir='ltr'><strong>Israel.</strong></span> <span class='ocrx_word' id='word_1_584' title='bbox 3569 2757 3627 2822; x_wconf 81' lang='lat'><strong>7.</strong></span> <span class='ocrx_word' id='word_1_585' title='bbox 3689 2756 3873 2821; x_wconf 84' lang='lat' dir='ltr'><strong>Venit</strong></span> <span class='ocrx_word' id='word_1_586' title='bbox 3928 2757 4140 2837; x_wconf 77' lang='lat' dir='ltr'><strong>itaque</strong></span> <span class='ocrx_word' id='word_1_587' title='bbox 4185 2753 4433 2832; x_wconf 78' lang='lat' dir='ltr'><strong>Moses,</strong></span> <span class='ocrx_word' id='word_1_588' title='bbox 4489 2757 4543 2819; x_wconf 87' lang='lat' dir='ltr'><strong>et</strong></span> 
     </span>
     <span class='ocr_line' id='line_1_83' title="bbox 2590 2840 4541 2925; baseline -0.004 -15"><span class='ocrx_word' id='word_1_589' title='bbox 2590 2847 2827 2910; x_wconf 83' lang='lat' dir='ltr'><strong>vocavit</strong></span> <span class='ocrx_word' id='word_1_590' title='bbox 2868 2844 3143 2909; x_wconf 80' lang='lat' dir='ltr'><strong>seniores</strong></span> <span class='ocrx_word' id='word_1_591' title='bbox 3171 2843 3425 2925; x_wconf 78' lang='lat' dir='ltr'><strong>populi,</strong></span> <span class='ocrx_word' id='word_1_592' title='bbox 3479 2847 3535 2907; x_wconf 78' lang='lat' dir='ltr'><strong>et</strong></span> <span class='ocrx_word' id='word_1_593' title='bbox 3568 2840 3833 2923; x_wconf 81' lang='lat' dir='ltr'><strong>protulit</strong></span> <span class='ocrx_word' id='word_1_594' title='bbox 3873 2861 4086 2907; x_wconf 84' lang='lat' dir='ltr'><strong>coram</strong></span> <span class='ocrx_word' id='word_1_595' title='bbox 4133 2842 4294 2923; x_wconf 78' lang='lat' dir='ltr'><strong>ipsis</strong></span> <span class='ocrx_word' id='word_1_596' title='bbox 4340 2858 4541 2907; x_wconf 80' lang='lat' dir='ltr'><strong>omnes</strong></span> 
     </span>
     <span class='ocr_line' id='line_1_84' title="bbox 2591 2927 4541 3011; baseline -0.003 -17"><span class='ocrx_word' id='word_1_597' title='bbox 2591 2931 2703 2995; x_wconf 78' lang='lat' dir='ltr'><strong>hos</strong></span> <span class='ocrx_word' id='word_1_598' title='bbox 2735 2950 3046 2995; x_wconf 72' lang='lat' dir='ltr'><strong>sermones</strong></span> <span class='ocrx_word' id='word_1_599' title='bbox 3087 2949 3239 3010; x_wconf 79' lang='lat' dir='ltr'><strong>quos</strong></span> <span class='ocrx_word' id='word_1_600' title='bbox 3277 2934 3681 3011; x_wconf 77' lang='lat' dir='ltr'><strong>praeceperat</strong></span> <span class='ocrx_word' id='word_1_601' title='bbox 3723 2929 3783 2992; x_wconf 86' lang='lat' dir='ltr'><strong>ei</strong></span> <span class='ocrx_word' id='word_1_602' title='bbox 3827 2927 4072 2992; x_wconf 78' lang='lat' dir='ltr'><strong>Iehova.</strong></span> <span class='ocrx_word' id='word_1_603' title='bbox 4153 2928 4212 2993; x_wconf 92' lang='lat'><strong>8.</strong></span> <span class='ocrx_word' id='word_1_604' title='bbox 4264 2927 4541 3009; x_wconf 82' lang='lat' dir='ltr'><strong>Respon-</strong></span> 
     </span>
     <span class='ocr_line' id='line_1_85' title="bbox 2594 3013 4542 3097; baseline -0.003 -15"><span class='ocrx_word' id='word_1_605' title='bbox 2594 3018 2818 3082; x_wconf 81' lang='lat' dir='ltr'><strong>derunt</strong></span> <span class='ocrx_word' id='word_1_606' title='bbox 2882 3021 3085 3081; x_wconf 79' lang='lat' dir='ltr'><strong>autem</strong></span> <span class='ocrx_word' id='word_1_607' title='bbox 3152 3016 3357 3080; x_wconf 82' lang='lat' dir='ltr'><strong>omnis</strong></span> <span class='ocrx_word' id='word_1_608' title='bbox 3410 3014 3696 3097; x_wconf 75' lang='lat' dir='ltr'><strong>populus</strong></span> <span class='ocrx_word' id='word_1_609' title='bbox 3754 3015 4027 3097; x_wconf 81' lang='lat' dir='ltr'><strong>pariter,</strong></span> <span class='ocrx_word' id='word_1_610' title='bbox 4095 3018 4154 3078; x_wconf 86' lang='lat' dir='ltr'><strong>et</strong></span> <span class='ocrx_word' id='word_1_611' title='bbox 4216 3013 4542 3078; x_wconf 80' lang='lat' dir='ltr'><strong>dixerunt.-</strong></span> 
     </span>
     <span class='ocr_line' id='line_1_86' title="bbox 2598 3099 4542 3185; baseline -0.002 -19"><span class='ocrx_word' id='word_1_612' title='bbox 2598 3103 2920 3185; x_wconf 73' lang='lat' dir='ltr'><strong>Quidquid</strong></span> <span class='ocrx_word' id='word_1_613' title='bbox 2975 3102 3143 3166; x_wconf 79' lang='lat' dir='ltr'><strong>dixit</strong></span> <span class='ocrx_word' id='word_1_614' title='bbox 3199 3101 3430 3167; x_wconf 79' lang='lat' dir='ltr'><strong>Iehova</strong></span> <span class='ocrx_word' id='word_1_615' title='bbox 3491 3101 3816 3182; x_wconf 79' lang='lat' dir='ltr'><strong>faciemus,</strong></span> <span class='ocrx_word' id='word_1_616' title='bbox 3918 3099 4009 3165; x_wconf 89' lang='lat' dir='ltr'><strong>Et</strong></span> <span class='ocrx_word' id='word_1_617' title='bbox 4062 3100 4273 3166; x_wconf 76' lang='lat' dir='ltr'><strong>retulit</strong></span> <span class='ocrx_word' id='word_1_618' title='bbox 4337 3099 4542 3164; x_wconf 80' lang='lat' dir='ltr'><strong>Moses</strong></span> 
     </span>
     <span class='ocr_line' id='line_1_87' title="bbox 2591 3187 3515 3270; baseline -0.003 -16"><span class='ocrx_word' id='word_1_619' title='bbox 2591 3189 2776 3255; x_wconf 86' lang='lat' dir='ltr'><strong>verba</strong></span> <span class='ocrx_word' id='word_1_620' title='bbox 2809 3189 3038 3270; x_wconf 81' lang='lat' dir='ltr'><strong>populi</strong></span> <span class='ocrx_word' id='word_1_621' title='bbox 3071 3189 3157 3252; x_wconf 82' lang='lat' dir='ltr'><strong>ad</strong></span> <span class='ocrx_word' id='word_1_622' title='bbox 3202 3187 3515 3252; x_wconf 76' lang='lat' dir='ltr'><strong>lehovam.</strong></span> 
     </span>
    </p>
   </div>
   <div class='ocr_carea' id='block_1_11' title="bbox 2592 3354 4545 5163">
    <p class='ocr_par' dir='ltr' id='par_1_12' title="bbox 2592 3354 4545 5163">
     <span class='ocr_line' id='line_1_88' title="bbox 2769 3354 4543 3441; baseline -0.003 -17"><span class='ocrx_word' id='word_1_623' title='bbox 2769 3361 2825 3425; x_wconf 90' lang='lat'><strong>1.</strong></span> <span class='ocrx_word' id='word_1_624' title='bbox 2876 3358 2959 3423; x_wconf 85' lang='lat' dir='ltr'><strong>In</strong></span> <span class='ocrx_word' id='word_1_625' title='bbox 2997 3378 3203 3424; x_wconf 79' lang='lat' dir='ltr'><strong>mense</strong></span> <span class='ocrx_word' id='word_1_626' title='bbox 3244 3359 3434 3423; x_wconf 82' lang='lat' dir='ltr'><strong>tertio,</strong></span> <span class='ocrx_word' id='word_1_627' title='bbox 3524 3358 3744 3441; x_wconf 85' lang='lat' dir='ltr'><strong>Caput</strong></span> <span class='ocrx_word' id='word_1_628' title='bbox 3792 3358 3912 3423; x_wconf 91' lang='lat' dir='ltr'><strong>hoe</strong></span> <span class='ocrx_word' id='word_1_629' title='bbox 3956 3356 4247 3422; x_wconf 88' lang='lat' dir='ltr'><strong>continet</strong></span> <span class='ocrx_word' id='word_1_630' title='bbox 4310 3354 4543 3438; x_wconf 89' lang='lat' dir='ltr'><strong>quibus</strong></span> 
     </span>
     <span class='ocr_line' id='line_1_89' title="bbox 2592 3442 4543 3528; baseline -0.003 -18"><span class='ocrx_word' id='word_1_631' title='bbox 2592 3448 2806 3510; x_wconf 87' lang='lat' dir='ltr'><strong>modis</strong></span> <span class='ocrx_word' id='word_1_632' title='bbox 2843 3445 3158 3528; x_wconf 92' lang='lat' dir='ltr'><strong>populum</strong></span> <span class='ocrx_word' id='word_1_633' title='bbox 3188 3446 3365 3509; x_wconf 91' lang='lat' dir='ltr'><strong>Deus</strong></span> <span class='ocrx_word' id='word_1_634' title='bbox 3403 3442 3760 3508; x_wconf 89' lang='lat' dir='ltr'><strong>reddiderit</strong></span> <span class='ocrx_word' id='word_1_635' title='bbox 3793 3451 4121 3507; x_wconf 89' lang='lat' dir='ltr'><strong>attentum</strong></span> <span class='ocrx_word' id='word_1_636' title='bbox 4157 3450 4224 3506; x_wconf 90' lang='lat' dir='ltr'><strong>et</strong></span> <span class='ocrx_word' id='word_1_637' title='bbox 4268 3442 4543 3508; x_wconf 89' lang='lat' dir='ltr'><strong>docilem</strong></span> 
     </span>
     <span class='ocr_line' id='line_1_90' title="bbox 2595 3528 4541 3616; baseline -0.003 -19"><span class='ocrx_word' id='word_1_638' title='bbox 2595 3553 2797 3616; x_wconf 90' lang='lat' dir='ltr'><strong>quum</strong></span> <span class='ocrx_word' id='word_1_639' title='bbox 2842 3533 3057 3615; x_wconf 89' lang='lat' dir='ltr'><strong>legem</strong></span> <span class='ocrx_word' id='word_1_640' title='bbox 3101 3530 3519 3614; x_wconf 88' lang='lat' dir='ltr'><strong>promulgare</strong></span> <span class='ocrx_word' id='word_1_641' title='bbox 3555 3529 3771 3594; x_wconf 89' lang='lat' dir='ltr'><strong>vellet.</strong></span> <span class='ocrx_word' id='word_1_642' title='bbox 3840 3529 4036 3595; x_wconf 92' lang='lat' dir='ltr'><strong>Prius</strong></span> <span class='ocrx_word' id='word_1_643' title='bbox 4072 3528 4343 3611; x_wconf 90' lang='lat' dir='ltr'><strong>quidem</strong></span> <span class='ocrx_word' id='word_1_644' title='bbox 4378 3530 4541 3593; x_wconf 88' lang='lat' dir='ltr'><strong>iuste</strong></span> 
     </span>
     <span class='ocr_line' id='line_1_91' title="bbox 2595 3614 4541 3701; baseline -0.003 -20"><span class='ocrx_word' id='word_1_645' title='bbox 2595 3621 2826 3701; x_wconf 89' lang='lat' dir='ltr'><strong>pieque</strong></span> <span class='ocrx_word' id='word_1_646' title='bbox 2885 3617 3150 3681; x_wconf 87' lang='lat' dir='ltr'><strong>vivendi</strong></span> <span class='ocrx_word' id='word_1_647' title='bbox 3212 3637 3509 3680; x_wconf 86' lang='lat' dir='ltr'><strong>normam</strong></span> <span class='ocrx_word' id='word_1_648' title='bbox 3571 3615 3965 3689; x_wconf 89' lang='lat' dir='ltr'><strong>tradiderat,</strong></span> <span class='ocrx_word' id='word_1_649' title='bbox 4033 3614 4143 3679; x_wconf 90' lang='lat' dir='ltr'><strong>sed</strong></span> <span class='ocrx_word' id='word_1_650' title='bbox 4203 3615 4419 3698; x_wconf 90' lang='lat' dir='ltr'><strong>legem</strong></span> <span class='ocrx_word' id='word_1_651' title='bbox 4478 3614 4541 3676; x_wconf 91' lang='lat' dir='ltr'><strong>in</strong></span> 
     </span>
     <span class='ocr_line' id='line_1_92' title="bbox 2595 3699 4542 3785; baseline -0.004 -16"><span class='ocrx_word' id='word_1_652' title='bbox 2595 3705 2837 3770; x_wconf 87' lang='lat' dir='ltr'><strong>tabulis</strong></span> <span class='ocrx_word' id='word_1_653' title='bbox 2872 3701 3234 3782; x_wconf 88' lang='lat' dir='ltr'><strong>scribendo,</strong></span> <span class='ocrx_word' id='word_1_654' title='bbox 3272 3702 3507 3767; x_wconf 91' lang='lat' dir='ltr'><strong>deinde</strong></span> <span class='ocrx_word' id='word_1_655' title='bbox 3540 3702 4019 3785; x_wconf 79' lang='lat' dir='ltr'><strong>expositionem</strong></span> <span class='ocrx_word' id='word_1_656' title='bbox 4054 3699 4378 3777; x_wconf 90' lang='lat' dir='ltr'><strong>addendo,</strong></span> <span class='ocrx_word' id='word_1_657' title='bbox 4417 3720 4542 3764; x_wconf 90' lang='lat' dir='ltr'><strong>non</strong></span> 
     </span>
     <span class='ocr_line' id='line_1_93' title="bbox 2599 3787 4544 3872; baseline -0.002 -19"><span class='ocrx_word' id='word_1_658' title='bbox 2599 3798 2854 3854; x_wconf 89' lang='lat' dir='ltr'><strong>tantum</strong></span> <span class='ocrx_word' id='word_1_659' title='bbox 2900 3789 3279 3872; x_wconf 84' lang='lat' dir='ltr'><strong>complexus</strong></span> <span class='ocrx_word' id='word_1_660' title='bbox 3323 3797 3422 3853; x_wconf 85' lang='lat' dir='ltr'><strong>est</strong></span> <span class='ocrx_word' id='word_1_661' title='bbox 3467 3788 3820 3871; x_wconf 86' lang='lat' dir='ltr'><strong>perfectam</strong></span> <span class='ocrx_word' id='word_1_662' title='bbox 3857 3788 4122 3870; x_wconf 88' lang='lat' dir='ltr'><strong>pietatis</strong></span> <span class='ocrx_word' id='word_1_663' title='bbox 4156 3794 4223 3850; x_wconf 89' lang='lat' dir='ltr'><strong>et</strong></span> <span class='ocrx_word' id='word_1_664' title='bbox 4257 3787 4544 3851; x_wconf 88' lang='lat' dir='ltr'><strong>iustitiae</strong></span> 
     </span>
     <span class='ocr_line' id='line_1_94' title="bbox 2599 3873 4545 3956; baseline -0.004 -15"><span class='ocrx_word' id='word_1_665' title='bbox 2599 3876 2993 3941; x_wconf 89' lang='lat' dir='ltr'><strong>doctrinam:</strong></span> <span class='ocrx_word' id='word_1_666' title='bbox 3042 3874 3186 3953; x_wconf 91' lang='lat' dir='ltr'><strong>sed,</strong></span> <span class='ocrx_word' id='word_1_667' title='bbox 3244 3882 3318 3939; x_wconf 89' lang='lat' dir='ltr'><strong>ut</strong></span> <span class='ocrx_word' id='word_1_668' title='bbox 3362 3873 3533 3956; x_wconf 87' lang='lat' dir='ltr'><strong>apud</strong></span> <span class='ocrx_word' id='word_1_669' title='bbox 3580 3884 3873 3956; x_wconf 89' lang='lat' dir='ltr'><strong>posteros</strong></span> <span class='ocrx_word' id='word_1_670' title='bbox 3917 3882 4248 3954; x_wconf 88' lang='lat' dir='ltr'><strong>superstes</strong></span> <span class='ocrx_word' id='word_1_671' title='bbox 4296 3875 4545 3956; x_wconf 87' lang='lat' dir='ltr'><strong>vigeret</strong></span> 
     </span>
     <span class='ocr_line' id='line_1_95' title="bbox 2598 3960 4544 4046; baseline -0.004 -19"><span class='ocrx_word' id='word_1_672' title='bbox 2598 3964 2742 4028; x_wconf 85' lang='lat' dir='ltr'><strong>eius</strong></span> <span class='ocrx_word' id='word_1_673' title='bbox 2785 3960 3094 4046; x_wconf 87' lang='lat' dir='ltr'><strong>cogniti0,</strong></span> <span class='ocrx_word' id='word_1_674' title='bbox 3150 3982 3293 4024; x_wconf 88' lang='lat' dir='ltr'><strong>eam</strong></span> <span class='ocrx_word' id='word_1_675' title='bbox 3340 3960 3592 4024; x_wconf 89' lang='lat' dir='ltr'><strong>solenni</strong></span> <span class='ocrx_word' id='word_1_676' title='bbox 3635 3963 3765 4025; x_wconf 92' lang='lat' dir='ltr'><strong>ritu</strong></span> <span class='ocrx_word' id='word_1_677' title='bbox 3810 3960 4237 4044; x_wconf 88' lang='lat' dir='ltr'><strong>consignavit.</strong></span> <span class='ocrx_word' id='word_1_678' title='bbox 4333 3962 4544 4041; x_wconf 89' lang='lat' dir='ltr'><strong>Atque</strong></span> 
     </span>
     <span class='ocr_line' id='line_1_96' title="bbox 2597 4045 4543 4130; baseline -0.003 -17"><span class='ocrx_word' id='word_1_679' title='bbox 2597 4048 2719 4113; x_wconf 89' lang='grc'><strong>1100</strong></span> <span class='ocrx_word' id='word_1_680' title='bbox 2762 4049 2828 4111; x_wconf 88' lang='grc'><strong>111</strong></span> <span class='ocrx_word' id='word_1_681' title='bbox 2877 4047 3096 4130; x_wconf 90' lang='lat' dir='ltr'><strong>populi</strong></span> <span class='ocrx_word' id='word_1_682' title='bbox 3142 4046 3587 4129; x_wconf 90' lang='lat' dir='ltr'><strong>redemptione</strong></span> <span class='ocrx_word' id='word_1_683' title='bbox 3624 4046 3984 4110; x_wconf 85' lang='lat' dir='ltr'><strong>maximum</strong></span> <span class='ocrx_word' id='word_1_684' title='bbox 4021 4058 4087 4110; x_wconf 90' lang='lat' dir='ltr'><strong>et</strong></span> <span class='ocrx_word' id='word_1_685' title='bbox 4121 4045 4543 4128; x_wconf 88' lang='lat' dir='ltr'><strong>praecipuum</strong></span> 
     </span>
     <span class='ocr_line' id='line_1_97' title="bbox 2597 4129 4545 4217; baseline -0.003 -18"><span class='ocrx_word' id='word_1_686' title='bbox 2597 4134 2931 4199; x_wconf 90' lang='lat' dir='ltr'><strong>celebrant</strong></span> <span class='ocrx_word' id='word_1_687' title='bbox 2968 4132 3345 4217; x_wconf 87' lang='lat' dir='ltr'><strong>prophetae,</strong></span> <span class='ocrx_word' id='word_1_688' title='bbox 3382 4141 3448 4196; x_wconf 89' lang='lat' dir='ltr'><strong>et</strong></span> <span class='ocrx_word' id='word_1_689' title='bbox 3471 4134 3538 4195; x_wconf 89' lang='lat' dir='ltr'><strong>in</strong></span> <span class='ocrx_word' id='word_1_690' title='bbox 3568 4132 3689 4195; x_wconf 92' lang='lat' dir='ltr'><strong>hoc</strong></span> <span class='ocrx_word' id='word_1_691' title='bbox 3712 4131 3977 4214; x_wconf 88' lang='lat' dir='ltr'><strong>speculo</strong></span> <span class='ocrx_word' id='word_1_692' title='bbox 4001 4129 4545 4195; x_wconf 88' lang='lat' dir='ltr'><strong>considerandam</strong></span> 
     </span>
     <span class='ocr_line' id='line_1_98' title="bbox 2599 4217 4542 4304; baseline -0.002 -21"><span class='ocrx_word' id='word_1_693' title='bbox 2599 4230 2975 4304; x_wconf 90' lang='lat' dir='ltr'><strong>proponunt</strong></span> <span class='ocrx_word' id='word_1_694' title='bbox 3020 4218 3424 4283; x_wconf 85' lang='lat' dir='ltr'><strong>renascentis</strong></span> <span class='ocrx_word' id='word_1_695' title='bbox 3483 4218 3796 4283; x_wconf 89' lang='lat' dir='ltr'><strong>ecelesiae</strong></span> <span class='ocrx_word' id='word_1_696' title='bbox 3854 4217 4168 4300; x_wconf 89' lang='lat' dir='ltr'><strong>speciem,</strong></span> <span class='ocrx_word' id='word_1_697' title='bbox 4225 4217 4404 4299; x_wconf 92' lang='lat' dir='ltr'><strong>quod</strong></span> <span class='ocrx_word' id='word_1_698' title='bbox 4447 4237 4542 4280; x_wconf 92' lang='lat' dir='ltr'><strong>re-</strong></span> 
     </span>
     <span class='ocr_line' id='line_1_99' title="bbox 2600 4303 4544 4388; baseline -0.003 -18"><span class='ocrx_word' id='word_1_699' title='bbox 2600 4307 2881 4388; x_wconf 89' lang='lat' dir='ltr'><strong>demptis</strong></span> <span class='ocrx_word' id='word_1_700' title='bbox 2925 4304 3232 4388; x_wconf 82' lang='lat' dir='ltr'><strong>patefecit</strong></span> <span class='ocrx_word' id='word_1_701' title='bbox 3279 4306 3458 4369; x_wconf 91' lang='lat' dir='ltr'><strong>Deus</strong></span> <span class='ocrx_word' id='word_1_702' title='bbox 3503 4326 3621 4370; x_wconf 89' lang='lat' dir='ltr'><strong>sua</strong></span> <span class='ocrx_word' id='word_1_703' title='bbox 3668 4304 4069 4378; x_wconf 86' lang='lat' dir='ltr'><strong>testimonia,</strong></span> <span class='ocrx_word' id='word_1_704' title='bbox 4122 4315 4189 4366; x_wconf 91' lang='lat' dir='ltr'><strong>et</strong></span> <span class='ocrx_word' id='word_1_705' title='bbox 4232 4303 4544 4385; x_wconf 87' lang='lat' dir='ltr'><strong>populum</strong></span> 
     </span>
     <span class='ocr_line' id='line_1_100' title="bbox 2599 4387 4544 4475; baseline -0.003 -19"><span class='ocrx_word' id='word_1_706' title='bbox 2599 4413 2789 4475; x_wconf 89' lang='lat' dir='ltr'><strong>quem</strong></span> <span class='ocrx_word' id='word_1_707' title='bbox 2828 4391 3220 4474; x_wconf 87' lang='lat' dir='ltr'><strong>acquisierat</strong></span> <span class='ocrx_word' id='word_1_708' title='bbox 3259 4411 3430 4456; x_wconf 92' lang='lat' dir='ltr'><strong>novo</strong></span> <span class='ocrx_word' id='word_1_709' title='bbox 3464 4389 3727 4456; x_wconf 89' lang='lat' dir='ltr'><strong>foedere</strong></span> <span class='ocrx_word' id='word_1_710' title='bbox 3766 4389 3890 4453; x_wconf 91' lang='lat' dir='ltr'><strong>sibi</strong></span> <span class='ocrx_word' id='word_1_711' title='bbox 3913 4389 4232 4453; x_wconf 77' lang='lat' dir='ltr'><strong>devinxit.</strong></span> <span class='ocrx_word' id='word_1_712' title='bbox 4283 4387 4544 4454; x_wconf 83' lang='lat' dir='ltr'><strong>Foedus</strong></span> 
     </span>
     <span class='ocr_line' id='line_1_101' title="bbox 2605 4475 4543 4561; baseline -0.003 -20"><span class='ocrx_word' id='word_1_713' title='bbox 2605 4478 2864 4561; x_wconf 87' lang='lat' dir='ltr'><strong>quidem</strong></span> <span class='ocrx_word' id='word_1_714' title='bbox 2933 4487 3276 4541; x_wconf 90' lang='lat' dir='ltr'><strong>aeternum</strong></span> <span class='ocrx_word' id='word_1_715' title='bbox 3344 4485 3410 4541; x_wconf 90' lang='lat' dir='ltr'><strong>et</strong></span> <span class='ocrx_word' id='word_1_716' title='bbox 3473 4475 3851 4541; x_wconf 90' lang='lat' dir='ltr'><strong>inviolabile</strong></span> <span class='ocrx_word' id='word_1_717' title='bbox 3911 4487 4327 4558; x_wconf 90' lang='lat' dir='ltr'><strong>percusserat</strong></span> <span class='ocrx_word' id='word_1_718' title='bbox 4398 4494 4543 4540; x_wconf 92' lang='lat' dir='ltr'><strong>cum</strong></span> 
     </span>
     <span class='ocr_line' id='line_1_102' title="bbox 2604 4560 4542 4646; baseline -0.003 -18"><span class='ocrx_word' id='word_1_719' title='bbox 2604 4563 2966 4628; x_wconf 87' lang='lat' dir='ltr'><strong>Abraham:</strong></span> <span class='ocrx_word' id='word_1_720' title='bbox 3013 4562 3127 4627; x_wconf 90' lang='lat' dir='ltr'><strong>sed</strong></span> <span class='ocrx_word' id='word_1_721' title='bbox 3172 4563 3326 4645; x_wconf 90' lang='lat' dir='ltr'><strong>quia</strong></span> <span class='ocrx_word' id='word_1_722' title='bbox 3370 4563 3564 4646; x_wconf 89' lang='lat' dir='ltr'><strong>longo</strong></span> <span class='ocrx_word' id='word_1_723' title='bbox 3609 4572 3902 4646; x_wconf 90' lang='lat' dir='ltr'><strong>tempore</strong></span> <span class='ocrx_word' id='word_1_724' title='bbox 3946 4573 4014 4625; x_wconf 90' lang='lat' dir='ltr'><strong>et</strong></span> <span class='ocrx_word' id='word_1_725' title='bbox 4050 4561 4303 4625; x_wconf 90' lang='lat' dir='ltr'><strong>incuria</strong></span> <span class='ocrx_word' id='word_1_726' title='bbox 4341 4560 4542 4626; x_wconf 90' lang='lat' dir='ltr'><strong>homi·</strong></span> 
     </span>
     <span class='ocr_line' id='line_1_103' title="bbox 2601 4648 4540 4727; baseline -0.003 -14"><span class='ocrx_word' id='word_1_727' title='bbox 2601 4671 2758 4714; x_wconf 88' lang='lat' dir='ltr'><strong>num</strong></span> <span class='ocrx_word' id='word_1_728' title='bbox 2841 4648 3278 4727; x_wconf 87' lang='lat' dir='ltr'><strong>obsoleverat,</strong></span> <span class='ocrx_word' id='word_1_729' title='bbox 3357 4649 3594 4713; x_wconf 88' lang='lat' dir='ltr'><strong>iterum</strong></span> <span class='ocrx_word' id='word_1_730' title='bbox 3674 4648 3979 4714; x_wconf 89' lang='lat' dir='ltr'><strong>renovari</strong></span> <span class='ocrx_word' id='word_1_731' title='bbox 4058 4667 4322 4712; x_wconf 88' lang='lat' dir='ltr'><strong>neeesse</strong></span> <span class='ocrx_word' id='word_1_732' title='bbox 4388 4655 4540 4711; x_wconf 88' lang='lat' dir='ltr'><strong>erat.</strong></span> 
     </span>
     <span class='ocr_line' id='line_1_104' title="bbox 2602 4731 4543 4818; baseline -0.004 -17"><span class='ocrx_word' id='word_1_733' title='bbox 2602 4739 2820 4818; x_wconf 89' lang='lat' dir='ltr'><strong>Atque</strong></span> <span class='ocrx_word' id='word_1_734' title='bbox 2864 4734 2932 4798; x_wconf 88' lang='lat' dir='ltr'><strong>in</strong></span> <span class='ocrx_word' id='word_1_735' title='bbox 2980 4734 3156 4800; x_wconf 91' lang='grc'><strong>1111110</strong></span> <span class='ocrx_word' id='word_1_736' title='bbox 3201 4736 3397 4799; x_wconf 90' lang='lat' dir='ltr'><strong>finem</strong></span> <span class='ocrx_word' id='word_1_737' title='bbox 3454 4733 3855 4816; x_wconf 89' lang='lat' dir='ltr'><strong>insculptum</strong></span> <span class='ocrx_word' id='word_1_738' title='bbox 3914 4733 4037 4797; x_wconf 90' lang='lat' dir='ltr'><strong>fuit</strong></span> <span class='ocrx_word' id='word_1_739' title='bbox 4086 4733 4329 4797; x_wconf 87' lang='lat' dir='ltr'><strong>tabulis</strong></span> <span class='ocrx_word' id='word_1_740' title='bbox 4388 4731 4543 4814; x_wconf 82' lang='lat' dir='ltr'><strong>lapi·</strong></span> 
     </span>
     <span class='ocr_line' id='line_1_105' title="bbox 2602 4820 4544 4904; baseline -0.004 -18"><span class='ocrx_word' id='word_1_741' title='bbox 2602 4822 2769 4900; x_wconf 87' lang='lat' dir='ltr'><strong>deis,</strong></span> <span class='ocrx_word' id='word_1_742' title='bbox 2840 4834 2905 4885; x_wconf 90' lang='lat' dir='ltr'><strong>et</strong></span> <span class='ocrx_word' id='word_1_743' title='bbox 2971 4822 3377 4904; x_wconf 88' lang='lat' dir='ltr'><strong>conscriptus</strong></span> <span class='ocrx_word' id='word_1_744' title='bbox 3439 4821 3630 4900; x_wconf 74' lang='lat' dir='ltr'><strong>liber,</strong></span> <span class='ocrx_word' id='word_1_745' title='bbox 3700 4841 3784 4884; x_wconf 91' lang='lat' dir='ltr'><strong>ne</strong></span> <span class='ocrx_word' id='word_1_746' title='bbox 3850 4840 4139 4902; x_wconf 89' lang='lat' dir='ltr'><strong>unquam</strong></span> <span class='ocrx_word' id='word_1_747' title='bbox 4207 4820 4544 4901; x_wconf 90' lang='lat' dir='ltr'><strong>obreperet</strong></span> 
     </span>
     <span class='ocr_line' id='line_1_106' title="bbox 2601 4904 4542 4990; baseline -0.004 -19"><span class='ocrx_word' id='word_1_748' title='bbox 2601 4907 2842 4972; x_wconf 89' lang='lat' dir='ltr'><strong>oblivio</strong></span> <span class='ocrx_word' id='word_1_749' title='bbox 2887 4907 3240 4990; x_wconf 88' lang='lat' dir='ltr'><strong>singularis</strong></span> <span class='ocrx_word' id='word_1_750' title='bbox 3284 4906 3553 4990; x_wconf 87' lang='lat' dir='ltr'><strong>gratiae,</strong></span> <span class='ocrx_word' id='word_1_751' title='bbox 3599 4928 3792 4989; x_wconf 88' lang='lat' dir='ltr'><strong>quam</strong></span> <span class='ocrx_word' id='word_1_752' title='bbox 3839 4906 4021 4970; x_wconf 93' lang='lat' dir='ltr'><strong>Deus</strong></span> <span class='ocrx_word' id='word_1_753' title='bbox 4066 4905 4290 4989; x_wconf 88' lang='lat' dir='ltr'><strong>generi</strong></span> <span class='ocrx_word' id='word_1_754' title='bbox 4337 4904 4542 4970; x_wconf 88' lang='lat' dir='ltr'><strong>Abra-</strong></span> 
     </span>
     <span class='ocr_line' id='line_1_107' title="bbox 2601 4988 4545 5073; baseline -0.003 -16"><span class='ocrx_word' id='word_1_755' title='bbox 2601 4993 2757 5057; x_wconf 89' lang='lat' dir='ltr'><strong>ham</strong></span> <span class='ocrx_word' id='word_1_756' title='bbox 2780 4993 3164 5059; x_wconf 88' lang='lat' dir='ltr'><strong>contulerat.</strong></span> <span class='ocrx_word' id='word_1_757' title='bbox 3236 4992 3432 5057; x_wconf 90' lang='lat' dir='ltr'><strong>Initio</strong></span> <span class='ocrx_word' id='word_1_758' title='bbox 3456 5003 3674 5056; x_wconf 89' lang='lat' dir='ltr'><strong>autem</strong></span> <span class='ocrx_word' id='word_1_759' title='bbox 3700 4991 4055 5056; x_wconf 89' lang='lat' dir='ltr'><strong>notandum</strong></span> <span class='ocrx_word' id='word_1_760' title='bbox 4094 4999 4213 5069; x_wconf 88' lang='lat' dir='ltr'><strong>est,</strong></span> <span class='ocrx_word' id='word_1_761' title='bbox 4251 4988 4545 5073; x_wconf 85' lang='lat' dir='ltr'><strong>quamvis</strong></span> 
     </span>
     <span class='ocr_line' id='line_1_108' title="bbox 2601 5076 4545 5163; baseline -0.003 -21"><span class='ocrx_word' id='word_1_762' title='bbox 2601 5078 2707 5144; x_wconf 81' lang='lat' dir='ltr'><strong>lex</strong></span> <span class='ocrx_word' id='word_1_763' title='bbox 2755 5079 3201 5144; x_wconf 85' lang='lat' dir='ltr'><strong>testimonium</strong></span> <span class='ocrx_word' id='word_1_764' title='bbox 3248 5079 3334 5143; x_wconf 89' lang='lat' dir='ltr'><strong>sit</strong></span> <span class='ocrx_word' id='word_1_765' title='bbox 3378 5077 3704 5163; x_wconf 88' lang='lat' dir='ltr'><strong>gratuitae</strong></span> <span class='ocrx_word' id='word_1_766' title='bbox 3738 5076 4122 5160; x_wconf 88' lang='lat' dir='ltr'><strong>adoptionis,</strong></span> <span class='ocrx_word' id='word_1_767' title='bbox 4167 5086 4234 5142; x_wconf 92' lang='lat' dir='ltr'><strong>et</strong></span> <span class='ocrx_word' id='word_1_768' title='bbox 4267 5076 4545 5141; x_wconf 85' lang='lat' dir='ltr'><strong>salutem</strong></span> 
     </span>
    </p>
   </div>
   <div class='ocr_carea' id='block_1_12' title="bbox 2601 5220 3014 5228">
    <p class='ocr_par' dir='ltr' id='par_1_13' title="bbox 2601 5220 3014 5228">
     <span class='ocr_line' id='line_1_109' title="bbox 2601 5220 3014 5228; baseline 0 0"><span class='ocrx_word' id='word_1_769' title='bbox 2601 5220 3014 5228; x_wconf 95' lang='lat' dir='ltr'><strong> </strong></span> 
     </span>
    </p>
   </div>
   <div class='ocr_carea' id='block_1_13' title="bbox 2776 5283 3781 5423">
    <p class='ocr_par' dir='ltr' id='par_1_14' title="bbox 2776 5283 3781 5423">
     <span class='ocr_line' id='line_1_110' title="bbox 2776 5283 3781 5422; baseline -0.001 -86"><span class='ocrx_word' id='word_1_770' title='bbox 2776 5283 2837 5422; x_wconf 63' lang='lat'><strong>13</strong></span> <span class='ocrx_word' id='word_1_771' title='bbox 2871 5283 2948 5338; x_wconf 81' lang='lat' dir='ltr'><strong>In</strong></span> <span class='ocrx_word' id='word_1_772' title='bbox 2984 5286 3258 5353; x_wconf 75' lang='lat' dir='ltr'><strong>maryine:</strong></span> <span class='ocrx_word' id='word_1_773' title='bbox 3297 5284 3415 5350; x_wconf 84' lang='lat' dir='ltr'><strong>Vel,</strong></span> <span class='ocrx_word' id='word_1_774' title='bbox 3450 5283 3781 5336; x_wconf 87' lang='lat' dir='ltr'><strong>thesaurum.</strong></span> 
     </span>
     <span class='ocr_line' id='line_1_111' title="bbox 2777 5352 3773 5423; baseline 0 -18"><span class='ocrx_word' id='word_1_775' title='bbox 2777 5353 2813 5406; x_wconf 88' lang='grc'><strong>2</strong></span> <span class='ocrx_word' id='word_1_776' title='bbox 2877 5353 3051 5408; x_wconf 66' lang='lat' dir='ltr'><strong>Ibat..-</strong></span> <span class='ocrx_word' id='word_1_777' title='bbox 3090 5354 3209 5422; x_wconf 85' lang='lat' dir='ltr'><strong>Vel,</strong></span> <span class='ocrx_word' id='word_1_778' title='bbox 3245 5353 3494 5423; x_wconf 83' lang='lat' dir='ltr'><strong>quamvis</strong></span> <span class='ocrx_word' id='word_1_779' title='bbox 3529 5368 3650 5406; x_wconf 87' lang='lat' dir='ltr'><strong>mea</strong></span> <span class='ocrx_word' id='word_1_780' title='bbox 3684 5352 3773 5405; x_wconf 86' lang='lat' dir='ltr'><strong>sit.</strong></span> 
     </span>
    </p>
   </div>
   <div class='ocr_carea' id='block_1_14' title="bbox 4812 2652 4845 6100">
    <p class='ocr_par' dir='ltr' id='par_1_15' title="bbox 4812 2652 4845 6100">
     <span class='ocr_line' id='line_1_112' title="bbox 4812 2652 4845 6100; baseline 0 0"><span class='ocrx_word' id='word_1_781' title='bbox 4812 2652 4845 6100; x_wconf 95' lang='lat' dir='ltr'><strong> </strong></span> 
     </span>
    </p>
   </div>
  </div>
 </body>
</html>
