4867 6150
1783 455 2317 523 PRAEFATIO
2361 458 2463 525 IN
2505 457 2858 525 LEGEM.

4211 455 4342 521 210

1719 857 2335 937 PRAEFATIO
2378 859 2495 935 IN
2540 858 2935 937 LEGEM.

971 1058 1104 1126 EX
1149 1059 1448 1127 EXODI
1490 1058 1651 1126 XX.

510 1234 569 1298 1.
605 1226 698 1297 Et
719 1232 1007 1314 loquutus
1027 1236 1117 1297 est
1140 1231 1322 1297 Deus
1340 1231 1553 1298 omnia
1574 1229 1759 1296 verba
1794 1229 1974 1296 haec:
2009 1229 2281 1307 dicende,

339 1319 396 1472 Ξ.
411 1316 825 1471 ᾱξζιὲῐεῆουα
847 1316 1026 1469 Deus
1058 1322 1222 1397 tuus,
1261 1319 1375 1400 qui
1409 1317 1602 1385 eduxi
1633 1320 1690 1382 te
1723 1336 1756 1382 e
1799 1321 1971 1382 terra
1991 1314 2285 1399 Aegypti,

743 1694 874 1760 EX
919 1694 1187 1762 DEU'I'.
1233 1694 1320 1762 V.
1366 1692 1889 1761 REPE‘PI'PIO.

514 1835 571 1898 1.
631 1831 1004 1913 Vecaeitque
1028 1829 1240 1896 Moses
1272 1830 1638 1897 universum
1660 1828 1981 1910 Israelem,
2027 1834 2085 1896 et
2116 1831 2285 1897 dixit

334 1921 459 1986 eis:
517 1918 699 1984 Audi
754 1915 965 1983 Israel
1014 1920 1248 1981 statuta
1290 1920 1347 1981 et
1388 1917 1663 1997 iudicia,
1715 1937 1878 2000 quae
1935 1936 2043 2000 eye
2103 1916 2284 1982 hodie

331 2006 550 2089 loquor
589 2005 661 2070 iu
703 2004 969 2068 auribus
1010 2002 1249 2079 vestris,
1293 2006 1364 2068 ut
1405 2001 1669 2091 discatis
1709 2023 1787 2068 ea
1826 2007 1883 2069 et
1915 2003 2283 2069 custodiatis

333 2093 418 2157 ad
476 2089 952 2173 praestandum.
1055 2088 1115 2153 2.
1184 2087 1414 2154 Iehova
1473 2087 1651 2153 Deus
1711 2094 1917 2155 noster
1968 2089 2285 2171 percussit

331 2178 654 2243 nobiscum
711 2175 931 2257 foedus
993 2175 1066 2239 in
1121 2172 1347 2240 Horeb.
1449 2174 1510 2239 3.
1580 2174 1727 2240 Non
1790 2194 1930 2240 cum
1988 2173 2281 2258 patribus

331 2264 569 2329 nostris
601 2262 918 2343 percussit
963 2259 1142 2325 Deus
1179 2259 1401 2342 foedus
1442 2258 1584 2340 hoc,
1628 2261 1741 2325 sed
1781 2259 2127 2340 nobiscum,
2171 2261 2282 2342 qui

331 2349 466 2431 ipsi
488 2349 666 2413 hodie
685 2367 891 2413 omnes
925 2346 1218 2412 vivimus.
1283 2345 1342 2408 4.
1385 2343 1581 2413 Facie
1615 2346 1700 2410 ad
1730 2346 1960 2427 faciem
1992 2346 2283 2428 loquutus

333 2441 424 2500 est
472 2434 703 2501 Iehova
741 2433 1060 2499 nobiscum
1100 2433 1173 2496 in
1209 2436 1441 2496 monte.-
1525 2431 1584 2496 5.
1630 2428 1794 2517 (Eyo
1836 2431 2080 2496 stabam
2121 2433 2283 2497 inter

335 2521 633 2587 Iehovam
674 2525 731 2586 et
769 2520 931 2585 inter
972 2538 1078 2583 vos
1132 2521 1397 2601 tempore
1460 2517 1573 2583 illo
1629 2517 1716 2582 ad
1771 2518 2280 2583 annunciandum

330 2607 508 2674 vobis
549 2626 885 2672 sermonem
930 2604 1226 2670 Iehovae:
1267 2603 1422 2685 quia
1463 2604 1765 2668 timuistis
1807 2624 1850 2668 a
1889 2603 2052 2686 facie
2094 2604 2280 2687 iynis,

332 2700 392 2759 et
431 2713 562 2759 non
603 2692 971 2759 ascendistis
1004 2691 1074 2756 in
1120 2687 1408 2775 matera)
1457 2689 1730 2769 dicendo,
1796 2690 1854 2754 6.
1892 2688 2029 2772 Eyo
2053 2689 2283 2754 Iehova

331 2778 521 2845 Deus
561 2784 709 2844 tuus
748 2779 864 2860 qui
903 2776 1095 2842 eduxi
1134 2780 1192 2842 te
1234 2797 1267 2841 e
1308 2781 1477 2840 terra
1523 2776 1792 2860 Aegypti
1807 2824 1823 2854 ‚
1868 2796 1901 2841 e
1942 2775 2117 2840 domo
2158 2795 2286 2840 ser-

329 2885 575 2933 vorum.

1088 3152 1356 3220 DEU'P.
1408 3151 1530 3218 IV.

507 3294 612 3359 20.
665 3292 788 3359 Vos
808 3295 1010 3357 autem
1031 3289 1176 3355 tulit
1197 3287 1441 3370 Iehova,
1477 3293 1536 3354 et
1568 3288 1789 3354 eduxit
1822 3309 1927 3353 vos
1960 3311 1991 3353 e
2022 3289 2279 3370 fornace

319 3382 659 3533 meaa&
675 3379 988 3530 aegypto,
1021 3382 1092 3442 ut
1120 3376 1267 3442 sitis
1300 3377 1359 3442 ei
1400 3375 1473 3440 in
1503 3374 1813 3459 populum
1853 3374 2275 3457 haereditatis,

501 3636 720 3704 Exodi
765 3636 1017 3702 2o.--1.
1064 3632 1156 3699 Et
1196 3632 1481 3715 loquutus
1522 3636 1628 3697 est.
1709 3631 2074 3697 Multorum
2118 3653 2271 3698 con-

320 3746 529 3791 sensu
573 3733 903 3807 receptum
950 3741 1092 3785 esse
1136 3719 1269 3785 scio
1314 3729 1386 3782 ut
1423 3717 1528 3782 hic
1566 3727 1630 3782 et
1665 3717 2002 3800 proximus
2041 3739 2273 3784 versus

320 3832 466 3876 uno
509 3818 822 3877 contextu
864 3807 1202 3890 legantur,
1249 3814 1443 3888 atque
1487 3805 1580 3868 ita
1622 3803 1815 3868 simul
1856 3804 2139 3887 primum
2189 3826 2271 3869 ex

322 3897 556 3963 decem
603 3894 966 3979 praeceptis
1007 3892 1310 3957 efficiant.
1382 3889 1517 3954 Alii
1561 3891 1914 3972 separatim
1959 3891 2270 3974 legentes,

319 3982 833 4048 affirmationem
881 3978 1080 4043 unius
1123 3976 1365 4060 integri
1410 3976 1742 4059 praecepti
1790 3976 1926 4042 loco
1971 3997 2113 4041 esse
2159 3997 2273 4042 ve-

318 4068 497 4135 lunt.
567 4067 775 4150 Atqui
817 4086 1016 4150 quum
1065 4063 1226 4128 nibil
1272 4062 1495 4127 iubeat
1537 4062 1645 4128 hic
1690 4062 1872 4127 Deus
1916 4071 2032 4127 aut
2078 4072 2270 4140 vetet,

317 4154 443 4220 sed
505 4162 761 4218 tantum
822 4152 1095 4235 prodeat
1153 4169 1302 4215 cum
1362 4170 1482 4213 suo
1539 4148 1810 4230 imperio
1855 4149 1919 4212 in
1968 4145 2274 4228 medium,

317 4248 399 4305 ut
448 4240 575 4306 sibi
619 4238 932 4323 populum
981 4235 1273 4312 addicat,
1340 4243 1406 4297 et
1450 4254 1643 4318 quam
1691 4243 1983 4299 meretur
2027 4234 2271 4299 auteri-

314 4337 535 4392 tatem
594 4324 928 4401 vendicet,
991 4320 1162 4405 quod
1222 4331 1441 4384 autem
1502 4317 1659 4384 dicit
1730 4319 2124 4385 extendatur
2189 4320 2271 4385 ad

311 4434 555 4478 omnes
615 4411 779 4496 legis
833 4419 1087 4493 partes:
1148 4427 1281 4480 non
1337 4403 1561 4471 dubito
1614 4405 1767 4488 quin
1860 4406 2140 4471 eneralis
2185 4407 2272 4472 sit

310 4499 666 4585 praefatis,
703 4518 833 4581 qua
868 4502 1217 4579 praeparat
1247 4492 1468 4575 pepuli
1492 4492 1741 4557 animos
1765 4513 1802 4556 a
1869 4490 2268 4574 obsequium.

309 4588 414 4652 Et
453 4595 632 4653 certe
666 4581 952 4667 oportuit
985 4591 1140 4647 ante
1175 4578 1396 4643 omnia
1429 4580 1534 4644 ius
1567 4577 1961 4662 legislatoris
2005 4578 2266 4656 sanciri,

309 4695 406 4738 ne
482 4679 897 4755 sperneretur
961 4666 1068 4732 vel
1132 4666 1557 4748 contemptim
1620 4665 2031 4746 exciperetur
2096 4664 2266 4746 quod

307 4758 588 4826 volebat
622 4755 953 4822 mandare.
1032 4752 1161 4817 His
1196 4771 1353 4834 ergo
1397 4747 1616 4816 verbis
1658 4748 2095 4815 reverentiam
2140 4750 2265 4816 sibi

308 4844 628 4912 conciliat
683 4841 869 4906 Deus
926 4848 1270 4920 antequam
1326 4835 1435 4919 pie
1490 4837 1784 4918 iusteque
1844 4833 2107 4899 vivendi
2162 4856 2261 4899 re-

306 4932 552 5018 gulam
596 4925 1016 5013 praescribat.
1084 4925 1292 4989 Porro
1336 4943 1465 4986 non
1512 4921 1701 4986 modo
1745 4942 1817 4986 se
1839 4920 2154 4986 Iehovam
2198 4932 2265 4986 et

305 5018 596 5083 unicum
640 5016 855 5081 Deum
899 5032 1041 5078 esse
1083 5008 1503 5093 pronunciat,
1564 5009 1671 5091 qui
1728 5008 1873 5071 iure
1917 5007 2264 5072 creationis

304 5103 627 5170 homines
670 5101 793 5165 sibi
838 5106 1062 5163 teneat
1102 5094 1465 5173 obstrictos,
1509 5092 1743 5177 quibus
1777 5113 1919 5158 esse
1955 5091 2150 5172 dedit,
2195 5101 2262 5157 et

305 5210 606 5275 quorum
653 5187 856 5251 vitam
908 5192 1164 5261 tuetur,
1221 5182 1356 5246 imo
1414 5179 1528 5263 qui
1582 5179 1877 5244 omnium
1932 5186 2033 5243 est
2090 5179 2258 5245 vita:

305 5275 435 5343 sed
489 5272 666 5339 addit
709 5294 779 5339 se
820 5269 1217 5355 peculiarem
1262 5287 1402 5332 esse
1448 5265 1662 5331 Deum
1701 5265 2051 5345 Israelitis,
2108 5267 2260 5349 quia

304 5380 562 5447 operae
603 5359 890 5444 pretium
935 5356 1089 5434 fuit,
1154 5375 1288 5419 non
1332 5362 1589 5418 tantum
1652 5351 1888 5417 terreri
1943 5353 2256 5435 populum

528 5462 748 5518 Caluini
774 5474 962 5529 opera.
1041 5455 1145 5513 Vol
1189 5452 1417 5511 XXIV.

2378 1056 2506 1123 Dei
2565 1059 2939 1135 maiestate,
3007 1058 3122 1123 sed
3192 1056 3487 1125 suaviter
3540 1058 3739 1124 etiam
3796 1057 4002 1140 allici,
4070 1067 4142 1123 ut
4208 1061 4329 1126 lex

2374 1144 2660 1226 pretiosa
2702 1152 2878 1209 esset
2917 1164 3116 1226 super
3157 1165 3390 1211 aurum
3436 1156 3503 1210 et
3557 1152 3938 1228 argentum,
3994 1151 4063 1210 et
4115 1145 4314 1211 simul

2373 1229 2570 1294 melle
2609 1229 2863 1295 dulcior
2900 1227 3035 1316 (Ps.
3085 1230 3229 1310 119,
3277 1230 3450 1316 103).
3518 1231 3742 1314 Neque
3776 1230 3951 1295 enim
3989 1230 4324 1299 sufficeret

2371 1324 2554 1380 metu
2610 1315 2833 1380 servili
2893 1315 3038 1399 cogi
3098 1316 3401 1382 homines
3460 1314 3542 1381 ad
3600 1314 4015 1382 subeundum
4063 1316 4318 1401 iugum,

2370 1400 2502 1465 nisi
2541 1399 2884 1467 dulcedine
2919 1422 3174 1484 queque
3196 1400 3480 1481 adducti,
3505 1402 3785 1467 libenter
3807 1401 3970 1467 illud
3995 1403 4316 1470 subirent.

2369 1486 2613 1553 Postea
2656 1498 3123 1553 commemorat
3164 1487 3500 1572 singulare
3555 1486 3715 1552 illud
3764 1488 4151 1553 beneficium
4195 1510 4323 1572 quo

2370 1573 2680 1655 populum
2729 1572 3037 1658 dignatus
3080 1574 3310 1653 fuerat,
3356 1584 3421 1638 et
3464 1594 3592 1656 quo
3628 1582 3902 1637 testatus
3939 1574 4152 1639 fuerat
4185 1596 4317 1640 non

2370 1658 2617 1724 frustra
2652 1659 2852 1724 fuisse
2890 1681 2929 1722 a
2965 1681 3035 1724 se
3071 1658 3367 1725 electum.
3426 1658 3818 1742 Redemptio
3853 1660 4028 1723 enim
4063 1669 4319 1727 certum

2369 1752 2517 1809 erat
2571 1743 2941 1827 adeptionis
3001 1744 3272 1828 pignus:
3343 1744 3454 1810 sed
3512 1765 3641 1827 quo
3697 1745 3935 1809 melius
4000 1746 4318 1828 populum

2370 1829 2496 1895 sibi
2562 1830 2923 1907 devinciat,
3003 1831 3199 1896 simul
3266 1829 3575 1896 admonet
3641 1830 3852 1913 qualis
3917 1830 4115 1896 fuerit
4175 1834 4319 1898 eius

2368 1915 2669 1982 conditio.
2739 1917 3081 2002 Aegyptus
3102 1917 3279 1982 enim
3304 1925 3611 1999 tanquam
3636 1917 3881 1981 servile
3911 1917 4316 2001 ergastulum

2369 2001 2602 2082 fuerat,
2647 1990 2820 2068 unde
2863 2003 3122 2068 liberati
3166 2003 3424 2067 fuerant
3466 2001 3824 2067 Israelitae.
3915 2000 4137 2083 Quare
4183 2025 4316 2069 nen

2369 2087 2499 2151 iam
2544 2088 2647 2153 sui
2691 2089 2856 2154 iuris
2891 2096 3099 2167 erant,
3135 2108 3339 2171 quum
3370 2108 3480 2153 eos
3514 2087 3640 2151 sibi
3664 2088 3845 2153 Deus
3885 2087 4314 2170 acquisiisset.

2369 2172 2517 2238 Hoc
2583 2173 2847 2257 quidem
2911 2174 2981 2238 in
3051 2194 3168 2239 nes
3228 2173 3488 2257 proprie
3566 2194 3700 2237 non
3779 2174 4117 2255 competit:
4199 2174 4317 2241 sed

2371 2261 2693 2325 sanctiore
2760 2260 3025 2325 vinculo
3090 2258 3214 2324 sibi
3283 2281 3397 2325 nos
3475 2258 3793 2342 obligavit
3870 2279 3987 2341 per
4047 2281 4318 2327 manum

2369 2345 2693 2428 unigeniti
2739 2346 2890 2410 filii:
2938 2367 3128 2428 quem
3174 2342 3319 2409 ideo
3364 2356 3693 2409 mortuum
3737 2365 3880 2411 esse
3924 2353 3992 2410 et
4026 2366 4321 2413 resurre-

2370 2430 2547 2495 xisse
2593 2431 2839 2497 Paulus
2899 2431 3087 2497 docet
3144 2440 3221 2495 ut
3280 2430 3446 2495 vivis
3505 2429 3876 2495 dominetur
3931 2440 4000 2495 et
4040 2432 4322 2498 mortuis

2367 2514 2592 2600 (Rom.
2644 2516 2740 2597 14,
2788 2516 2873 2604 9).
2964 2517 3069 2582 Ita
3124 2536 3258 2580 non
3319 2515 3519 2582 unius
3573 2522 3829 2581 tantum
3876 2516 4102 2599 populi
4144 2539 4321 2585 nunc

2369 2612 2470 2666 est
2519 2601 2734 2682 Deus,
2781 2602 2895 2667 sed
2935 2600 3234 2688 gentium
3281 2601 3610 2676 omnium,
3664 2622 3825 2685 quas
3868 2602 3937 2667 in
3981 2603 4319 2669 eeclesiam

2372 2707 2555 2753 suam
2603 2688 2936 2754 communi
2979 2686 3327 2769 adoptione
3369 2688 3653 2752 vocavit.

2544 2775 2738 2839 Deut.
2778 2773 2838 2853 5,
2889 2775 2946 2838 1.
3022 2773 3388 2856 Vocavitque
3425 2772 3636 2839 Moses
3680 2773 4059 2839 universum.
4143 2774 4322 2856 Quia

2373 2860 2676 2943 poscebat
2732 2858 3006 2925 docendi
3061 2858 3261 2937 ratio,
3321 2879 3517 2942 quam
3576 2867 3801 2923 tenere
3859 2861 4195 2942 proposui,
4253 2870 4320 2926 et

2371 2946 2591 3023 series,
2627 2956 2702 3010 ut
2736 2945 2896 3010 haec
2932 2944 3160 3010 eadem
3195 2943 3531 3028 praefatis,
3570 2945 3761 3010 sicuti
3798 2944 4071 3009 totidem
4102 2945 4321 3014 verbis

2368 3032 2439 3095 in
2481 3032 2984 3098 Deuteronomio
3018 3031 3300 3114 repetita
3338 3040 3468 3111 est,
3529 3030 3930 3096 coniunctim
3964 3029 4070 3096 hic
4114 3033 4319 3100 etiam

2371 3116 2728 3202 legeretur:
2766 3119 3055 3201 quinque
3092 3138 3327 3182 versus
3361 3116 3475 3200 qui
3511 3116 3578 3181 in
3617 3137 3693 3181 eo
3728 3116 3867 3182 loco
3888 3117 4315 3199 praecedunt:

2368 3204 2524 3287 quia
2566 3203 2649 3268 ad
2693 3203 2965 3269 eandem
3009 3222 3334 3269 summam
3380 3203 3743 3284 pertinent,
3789 3203 3982 3267 simul
4026 3203 4318 3272 inserere

2365 3289 2632 3371 placuit.
2723 3290 2947 3354 Primo
2991 3309 3184 3354 versu
3232 3287 3535 3353 hortatur
3578 3288 3798 3353 Moses
3842 3287 4190 3372 populum,
4241 3298 4318 3357 ut

2366 3373 2593 3439 audiat
2635 3395 2801 3459 quae
2846 3374 3147 3458 proponit
3179 3374 3304 3438 Dei
3350 3372 3586 3439 iudicia
3630 3381 3696 3438 et
3736 3382 4004 3439 statuta.
4072 3375 4314 3443 Finem

2408 3481 2617 3543 uoque
2674 3461 2904 3541 tradit,
2971 3468 3045 3526 ut
3101 3460 3452 3526 observent
3509 3459 3590 3524 ad
3651 3458 4055 3525 faciendum:
4122 3482 4198 3528 ae
4256 3462 4315 3528 si

2361 3481 2606 3613 diceret
2648 3568 2719 3612 se
2763 3568 2896 3612 non
2940 3547 3173 3612 inanes
3216 3544 3699 3629 speculationes
3753 3546 4079 3629 proferre,
4147 3568 4315 3632 quas

2362 3641 2584 3698 mente
2628 3633 2998 3716 concipere,
3058 3641 3128 3697 et
3184 3630 3265 3696 de
3323 3631 3557 3714 quibus
3611 3631 3790 3714 loqui
3833 3632 4147 3699 sufficiat:
4195 3633 4309 3702 sed

2361 3718 2655 3801 regulam
2717 3718 3092 3783 formandae
3154 3718 3327 3783 vitae
3369 3718 3440 3781 in
3486 3737 3607 3782 sua
3662 3717 3959 3783 doctrina
4017 3740 4311 3802 compre·

2361 3802 2582 3880 hendi,
2628 3806 2850 3887 itaque
2896 3804 3132 3870 seriam
3180 3803 3673 3874 meditationem
3718 3803 3989 3886 flagitat.

2532 3890 2591 3956 2.
2641 3889 2872 3956 Ielwva
2914 3890 3094 3956 Deus
3136 3894 3359 3955 noster.
3447 3889 3574 3955 His
3620 3888 3836 3954 verbis
3881 3889 4094 3973 legem
4138 3910 4312 3958 com-

2358 3976 2631 4041 mendat
2672 3977 2823 4060 quia
2867 3974 3220 4060 singularis
3271 3974 3571 4040 beneficii
3628 3974 3996 4056 summique
4040 3975 4310 4044 honeris

2360 4061 2500 4127 loco
2544 4061 2913 4127 ducendum
2973 4063 3093 4137 sit,
3154 4061 3355 4144 recipi
3401 4083 3440 4126 a
3485 4061 3626 4125 Deo
3668 4061 3738 4124 in
3785 4059 4031 4125 foedus.
4124 4062 4306 4147 Ergo

2361 4155 2435 4211 ut
2501 4147 2732 4230 cupide
2797 4169 2866 4213 se
2933 4147 3014 4210 ad
3082 4146 3290 4231 legem
3359 4145 3861 4230 amplexandam
3941 4147 4306 4232 accingant,

2360 4233 2534 4298 ultro
2586 4233 2714 4298 illis
2750 4234 2969 4298 offerri
3008 4231 3162 4296 dicit
3197 4232 3363 4315 qued
3405 4253 3817 4315 summopere
3862 4233 4305 4315 expetendum

2361 4331 2529 4396 erat,
2576 4329 2651 4384 ut
2694 4318 2952 4384 foedere
2997 4318 3327 4383 coniuncti
3373 4319 3509 4383 sint
3551 4338 3695 4383 cum
3741 4318 3904 4383 Dee.
3991 4319 4304 4386 Proximo

2358 4416 2581 4469 autem
2651 4426 2839 4470 versu
2909 4403 3433 4489 magnitudinem
3499 4402 3698 4467 huius
3769 4404 3917 4468 beni
3954 4402 4002 4491 ¹)
4080 4404 4303 4472 addita

2355 4492 2836 4574 comparatione
2881 4491 3270 4574 amplificat:
3331 4489 3502 4571 quod
3562 4489 3708 4571 plus
3754 4490 3909 4571 ipsis
3954 4492 4305 4558 contulerit

2357 4578 2539 4642 Deus
2616 4598 2809 4659 quam
2888 4576 3199 4659 patribus.
3318 4574 3466 4655 Quo
3544 4574 3675 4639 illis
3755 4576 4011 4640 tollitur
4087 4578 4303 4646 omnis

2353 4663 2706 4741 excusatis,
2777 4664 2900 4727 nisi
2942 4661 3279 4727 testandae
3315 4660 3744 4746 gratitudinis
3782 4683 3980 4727 causa
4024 4671 4193 4729 totos
4228 4685 4299 4730 se

2354 4747 2497 4813 Deo
2542 4748 2836 4826 tradant,
2905 4770 2979 4814 ac
3022 4768 3214 4832 quem
3259 4747 3516 4829 experti
3561 4756 3718 4812 sunt
3759 4755 3897 4811 tam
3934 4748 4298 4815 beneficum

2353 4843 2603 4916 patrem
2653 4833 2937 4899 vicissim
2983 4834 3200 4898 colant
3243 4833 3498 4899 sincero
3540 4833 3800 4899 affectu.
3869 4833 4006 4914 Qui
4052 4835 4294 4901 subau-

2350 4920 2541 4985 diunt
2584 4921 2653 4985 in
2708 4919 2832 4985 hac
2887 4919 3243 4996 sententia,
3309 4940 3438 4983 non
3500 4928 3757 4983 tantum
3804 4940 3952 4985 cum
3997 4920 4297 5002 patribus

2349 5007 2623 5085 nostris,
2686 5006 2796 5071 sed
2860 5006 3052 5069 etiam
3113 5005 3481 5085 nobiscum,
3537 5015 3787 5070 rectum
3833 5025 4097 5070 sensum
4144 5026 4293 5088 per-

2346 5102 2636 5156 vertunt.
2742 5090 2906 5155 Inde
2975 5100 3191 5156 autem
3259 5091 3391 5155 illis
3456 5091 3721 5155 errandi
3786 5091 4071 5169 eccesie,
4138 5091 4292 5173 quia

2346 5178 2526 5242 Deus
2571 5176 2726 5243 olim
2772 5176 2996 5243 foedus
3039 5178 3380 5262 pepigerat
3414 5198 3558 5241 cum
3585 5176 3958 5243 Abraham:
3999 5175 4189 5241 Isaac
4224 5187 4296 5241 et

2513 5366 2572 5436 1)
2611 5366 2875 5436 Princeps
2887 5389 2902 5417 .·
2937 5367 3057 5420 leci.
3813 5446 3881 5503 14
