4867 6150
372 444 453 510 81
1562 441 2303 512 COMMENTARIUS
2343 442 2441 510 IN
2483 443 2786 512 EXODI
2829 447 3027 513 OAP.
3075 445 3196 513 VI.

370 633 660 703 dicendo:
701 632 891 713 Eece,
931 631 1060 715 filii
1106 632 1314 700 Israel
1355 653 1479 698 non
1521 633 1856 700 audierunt
1896 652 2026 698 me.-
2073 637 2128 697 et
2170 653 2320 715 quo-

370 721 550 787 modo
585 720 800 786 audiet
832 739 930 784 me
958 718 1212 786 Pharao
1247 721 1361 802 qui
1393 738 1535 784 sum
1569 719 2046 784 incircumcisus
2083 718 2272 784 labiis
2287 719 2323 782 ,9

375 809 477 874 13.
543 806 866 889 Loquutus
930 810 1133 871 autem
1207 804 1423 888 fuerat
1487 804 1718 870 Iehova
1783 806 1869 871 ad
1935 803 2191 886 Mosen,
2266 810 2325 870 et

369 893 643 961 Aharon
658 943 674 970 ,
733 892 1100 975 dederatque
1156 893 1248 957 eis
1302 892 1607 957 mandata
1662 891 1750 956 ad
1802 886 1970 973 filios
2014 890 2228 957 Israel
2268 896 2324 956 et

368 982 457 1047 ad
483 978 883 1131 Phar-Zonem
920 997 1123 1062 reqem
1144 978 1430 1062 Aeqypti,
1472 982 1541 1042 ut
1582 977 1876 1043 emitteret
1912 977 2081 1059 filios
2115 976 2325 1043 Israel

369 1089 405 1133 e
445 1072 618 1133 terra
722 1063 941 1148 eyypti.

543 1237 603 1304 9.
663 1234 751 1302 Et
808 1237 899 1301 ita
954 1235 1242 1317 loquutus
1299 1238 1389 1300 est
1445 1232 1675 1300 Moses'.
1780 1233 1885 1299 Ex
1937 1234 2064 1300 hoc
2122 1256 2318 1300 versu

369 1333 647 1407 apparot
705 1320 784 1387 de
841 1321 1126 1387 secunda
1183 1320 1507 1404 legatione
1571 1320 1708 1406 agi,
1776 1340 1985 1403 quam.
2032 1320 2320 1403 perferre

369 1412 589 1476 iussus
654 1417 756 1474 est
811 1408 1050 1473 Moses.
1143 1408 1318 1472 Ante
1384 1406 1561 1471 enim
1629 1425 1872 1490 magna
1936 1406 2190 1471 laetitia
2253 1419 2320 1472 et

368 1496 693 1579 applausu
738 1493 1084 1559 audierant
1125 1492 1353 1560 adesse
1398 1490 1861 1574 redemptionis
1908 1502 2191 1573 tempus,
2253 1502 2318 1557 et

370 1583 621 1665 gratias
666 1589 941 1664 egerant
984 1580 1157 1645 Deo:
1206 1600 1381 1644 nunc
1422 1578 1621 1643 refert
1669 1578 1887 1643 Moses
1932 1578 2316 1645 constrictos

361 1668 567 1733 fuisse
611 1667 888 1743 animos,
950 1685 1035 1729 ne
1094 1665 1519 1729 admitterent
1560 1685 1767 1747 -quem
1826 1664 2192 1746 perferebat
2237 1664 2318 1729 de

355 1753 728 1838 propinqua
770 1752 983 1836 gratia
1027 1751 1361 1816 nuncium.
1447 1749 1556 1814 Ita
1610 1769 1804 1832 saepe
1856 1750 2079 1815 miseri
2126 1770 2316 1815 aures

357 1837 761 1905 obstruendo
828 1840 1091 1902 ianuam
1170 1837 1488 1903 claudunt
1553 1834 1678 1900 Dei
1759 1835 2314 1918 promissionibus.

358 1924 558 2008 Quod
606 1925 741 1989 fere
785 1933 1083 2007 portento
1127 1923 1342 1989 simile
1387 1931 1519 2003 est,
1576 1943 1727 1986 nam
1775 1921 1946 2005 quod
1997 1922 2118 1985 Dei
2165 1943 2313 2005 gra·

359 2014 521 2077 tiam
570 2021 889 2093 respuunt
930 2010 1039 2092 qui
1085 2009 1291 2074 saturi
1336 2018 1499 2073 sunt
1532 2018 1727 2090 atque
1761 2009 1959 2073 etiam
1997 2006 2157 2072 ebrii
2194 2029 2317 2074 sua

356 2097 692 2175 felicitate,
739 2096 905 2161 nihil
941 2097 1214 2160 mirum:
1263 2094 1373 2161 sed
1412 2114 1797 2171 moerorem,
1836 2095 1945 2177 qui
1982 2093 2313 2160 famelicos

356 2182 636 2249 reddere
714 2182 1029 2247 debuerat
1107 2181 1218 2265 qui
1285 2181 1405 2247 sub
1470 2180 1662 2245 malis
1728 2178 2012 2245 demersi
2079 2181 2311 2259 iacent,

358 2270 699 2336 obstaculo
777 2290 920 2333 esse
985 2290 1068 2332 ne
1132 2267 1437 2333 solatium
1505 2267 1829 2350 recipiant
1894 2265 2065 2349 quod
2140 2266 2313 2331 ultro

358 2356 549 2422 Deus
591 2356 812 2432 offert,
858 2353 926 2417 id
974 2375 1127 2418 vero
1170 2362 1447 2418 naturae
1503 2362 1847 2438 repugnat.
1939 2353 2142 2435 Atqui
2193 2373 2312 2417 usu

363 2442 595 2507 tritum
643 2451 760 2519 est,
803 2451 876 2505 ut
919 2460 1045 2522 quo
1090 2440 1302 2523 magis
1338 2439 1583 2523 singuli
1629 2449 1983 2523 anguntur,
2027 2458 2097 2502 se
2133 2440 2312 2522 ipsos

362 2527 691 2593 obdurent
748 2549 831 2593 ne
889 2526 1104 2592 locum
1162 2525 1548 2608 permittant
1602 2525 1728 2591 Dei
1796 2524 2061 2590 auxilio.
2165 2524 2312 2590 Hoc

359 2614 590 2679 morbo
653 2613 822 2678 filios
886 2611 1093 2677 Israel
1160 2610 1491 2677 laborasse
1555 2618 1786 2677 narrat
1837 2611 2084 2689 Moses,
2152 2610 2307 2675 dum

357 2699 578 2765 surdis
622 2698 892 2764 auribus
936 2698 1199 2781 repulsa
1241 2698 1321 2762 ab
1365 2698 1497 2763 illis
1541 2697 1662 2761 fuit
1708 2711 1840 2762 tam
1899 2696 2142 2762 blanda
2182 2698 2306 2762 Dei

358 2786 689 2862 invitatio,
735 2784 903 2868 quod
951 2786 1246 2849 anxietas
1290 2804 1513 2849 eorum
1561 2804 1793 2850 sensus
1838 2782 2306 2865 occupavisset.

359 2869 544 2953 Quia
586 2892 739 2937 vero
785 2870 1084 2936 naturale
1129 2883 1229 2935 est
1271 2868 1491 2934 dolore
1548 2879 1613 2933 et
1656 2869 1927 2935 tristitia
1983 2889 2100 2933 nos
2156 2890 2307 2934 con-

351 2957 564 3023 trahi:
612 2957 939 3023 discamus
985 2956 1107 3022 hoc
1150 2956 1448 3039 exemplo
1493 2956 1879 3020 luctandum
1914 2975 2056 3019 esse
2101 2954 2307 3020 donec

349 3044 558 3111 animi
602 3051 943 3130 emergant
986 3064 1066 3108 ex
1113 3043 1248 3108 suis
1293 3041 1645 3128 angustiis,
1700 3062 1830 3126 quo
1888 3040 2118 3106 saltem
2166 3062 2306 3106 am·

348 3130 720 3215 plexandae
786 3131 1038 3213 gratiae
1105 3128 1241 3194 Dei'
1301 3130 1432 3195 sint
1497 3150 1783 3212 capaces,
1872 3128 2073 3193 Nulla
2127 3129 2302 3193 enim

348 3216 640 3283 deterior
662 3218 864 3300 pestis
901 3236 1098 3299 quam
1133 3215 1398 3280 hebetes
1440 3215 1629 3280 malis
1664 3229 1743 3282 ac·
1773 3213 2067 3298 stupidos
2096 3212 2301 3292 reddi,

345 3313 429 3369 ut
476 3302 1012 3369 obsurdescamus
1057 3299 1138 3366 ad
1186 3302 1309 3366 Dei
1357 3300 1836 3384 promissiones.

531 3388 631 3454 10.
670 3388 993 3471 Loquutus
1029 3392 1236 3453 autem
1271 3392 1361 3453 est
1382 3387 1613 3453 Iehova
1634 3387 1720 3452 acl
1740 3385 1976 3452 Mosen.
2042 3386 2303 3452 Clarius

343 3476 626 3559 exponit
669 3475 886 3539 Moses
945 3493 1138 3557 quam
1194 3474 1612 3559 indulgenter
1660 3473 1889 3538 tulerit
1933 3473 2117 3538 Deus
2162 3495 2300 3537 ma-

345 3562 603 3646 lignam
650 3560 867 3645 populi
912 3560 1270 3643 repulsam:
1318 3562 1503 3625 cuius
1549 3560 1722 3624 iusta
1766 3559 1997 3624 fuisset
2030 3580 2300 3639 matese,

346 3649 402 3713 si
450 3668 685 3731 passus
730 3646 960 3712 fuisset
1004 3647 1249 3712 centies
1283 3646 1351 3710 in
1404 3645 1682 3710 miseriis
1728 3644 1865 3710 suis
1909 3653 2299 3729 putrescere,

391 3733 614 3799 uando
640 3731 978 3798 obstinatis
1016 3732 1253 3800 animis
1276 3731 1354 3798 ad
1392 3732 1735 3797 interitum
1771 3752 1964 3797 suum
2003 3731 2298 3797 ruebant.

344 3754 553 3900 Quod
589 3839 744 3903 ergo
778 3820 993 3901 perire
1032 3817 1401 3883 volentibus
1436 3839 1625 3902 opem
1662 3817 1835 3882 ferre
1871 3839 2002 3882 non
2040 3817 2300 3894 desinit,

348 3905 713 3989 singularis
770 3916 869 3969 est
928 3903 1425 3970 misericordiae.
1516 3904 1723 3968 Porro
1782 3903 2143 3968 notandum
2205 3913 2305 3968 est

348 3991 588 4056 Mosen
635 3991 831 4055 fuisse
877 4009 1049 4054 novo
1095 3991 1218 4056 hoc
1258 3989 1563 4072 mandato
1608 3991 2103 4055 confirmatum:
2148 3990 2303 4073 quia

346 4078 579 4161 populi
644 4076 1098 4158 desperatione
1172 4077 1505 4159 perculsus
1585 4085 1744 4141 erat.
1855 4076 2014 4140 Fuit
2080 4085 2298 4140 autem

349 4184 493 4227 non
539 4163 683 4227 leve
728 4165 1010 4238 crimen,
1078 4162 1313 4228 callum
1358 4164 1645 4245 stuporis
1689 4163 1782 4225 ita
1827 4162 1893 4226 in
1943 4161 2134 4227 malis
2176 4161 2300 4226 sibi

345 4248 708 4326 obducere,
775 4261 851 4312 nt
904 4247 1265 4312 remedium
1326 4270 1364 4313 a
1419 4270 1489 4313 se
1546 4246 1983 4331 prohiberent.
2074 4247 2302 4313 Potuit

350 4334 562 4420 igitur
606 4336 840 4399 merito
884 4333 1189 4417 colligere
1225 4356 1353 4399 non
1394 4356 1536 4401 esse
1581 4334 1838 4417 longius
1876 4332 2300 4418 pergendum,

351 4443 439 4486 ne
484 4430 583 4484 tot
624 4421 954 4485 molestias
999 4440 1145 4484 cum
1194 4441 1448 4485 summo
1495 4421 1779 4502 periculo
1824 4433 1890 4484 et
1925 4419 2107 4484 nullo
2154 4441 2297 4502 pro·

348 4507 530 4572 fectu
575 4506 773 4571 stulte
817 4506 1043 4571 obiret.
1136 4505 1383 4570 Verum
1429 4505 1582 4570 huic
1625 4507 1973 4572 tentationi
2018 4507 2301 4571 occurrit

350 4593 575 4669 Deus,
655 4603 721 4658 et
807 4613 950 4658 cum
1033 4592 1399 4657 Pharaonis
1485 4592 1844 4674 pervicacia
1923 4602 2302 4657 constanter

351 4679 786 4743 nihilominus
821 4689 1073 4744 certare
1110 4678 1309 4743 iubet.
1382 4679 1809 4742 Demonstrat
1843 4687 2064 4742 autem
2095 4677 2300 4743 Mosis

350 4765 721 4847 responsio,
781 4786 864 4828 ex
907 4786 1033 4846 quo
1079 4764 1302 4848 populi
1357 4784 1614 4828 moeror
1660 4765 1829 4826 viam
1875 4763 2127 4846 gratiae
2177 4764 2298 4827 Dei

346 4851 699 4928 clauserat,
743 4850 805 4914 le
850 4851 1129 4915 ationem
1177 4851 1345 4915 hanc
1393 4851 1594 4915 fuisse
1630 4858 1855 4914 sancto
1892 4849 2032 4913 viro
2070 4870 2297 4913 rursus

350 4937 739 5001 iniunctam.
805 4872 977 5000 &am
1007 4958 1203 5018 quum
1251 4937 1436 4999 initio
1482 4935 1757 5020 populus
1802 4935 2011 5017 primo
2056 4934 2297 5000 nuncio

351 5024 425 5086 in
474 5043 655 5106 spem
700 5021 1165 5105 redemptionis
1211 5022 1515 5087 alacriter
1571 5035 1824 5086 erectus
1878 5029 2076 5098 esset,
2128 5021 2295 5085 Mosi

351 5130 438 5173 ex
486 5109 779 5174 felicibus
831 5108 1118 5173 exordiis
1173 5121 1532 5174 accesserat
1589 5131 1716 5173 non
1781 5108 2072 5190 vulgaris
2130 5119 2295 5171 stre-

354 5195 579 5260 nuitas
638 5194 718 5260 ad
780 5193 1263 5276 exsequendum
1326 5216 1518 5260 suum
1565 5215 1842 5270 munus,
1908 5213 2074 5275 quae
2122 5212 2297 5257 nunc

355 5279 532 5346 tristi
598 5290 841 5348 eventu
908 5282 1140 5345 merito
1206 5279 1545 5346 concidere
1623 5282 1865 5363 potuit,
1942 5277 2146 5344 donec
2212 5277 2291 5342 ad

353 5369 908 5451 perseverantiam
973 5365 1052 5430 de
1110 5368 1363 5447 integro
1424 5368 1750 5433 excitatus
1826 5363 1972 5431 fuit.
2062 5365 2295 5449 Itaque

501 5467 719 5525 Caluini
748 5484 932 5539 opera.
1009 5468 1121 5524 Vol.
1163 5467 1317 5524 XXI
1334 5471 1383 5523 V.

4289 447 4384 514 82

2427 636 2689 701 veniam
2736 636 2962 720 poscit,
3008 658 3092 703 ne
3137 636 3463 700 inutiliter
3499 636 3784 701 laboret:
3830 644 3898 701 et
3939 637 4380 703 ratiocinatur

2426 743 2467 787 a
2504 723 2740 787 minori
2777 722 2858 787 ad
2898 722 3127 803 mains,
3165 724 3316 805 quia
3356 723 3552 805 longe
3589 721 3920 788 difficilius
3955 723 4043 788 sit
4076 722 4374 789 animum

2426 807 2794 873 Pharaonis
2829 809 3178 887 inflectere,
3220 822 3293 874 ut
3326 810 3575 874 invitus
3611 811 3752 873 iure
3775 830 3893 875 suo
3928 807 4134 884 cedat,
4174 830 4376 892 quam

2425 895 2683 959 miseris
2705 895 3097 978 persuadere
3120 903 3196 960 ut
3229 895 3547 960 auxilium
3588 893 3907 961 divinitus
3932 895 4058 961 sibi
4080 895 4372 961 oblatum

2425 981 2764 1064 recipiant.
2833 981 3034 1063 Atqui
3072 982 3200 1045 iam
3240 981 3692 1064 experimento
3728 982 4044 1048 didicerat
4079 981 4372 1048 clausam

2424 1086 2569 1131 esse
2591 1065 2735 1131 Deo
2778 1067 3044 1130 ianuam
3089 1066 3259 1148 apud
3307 1066 3645 1150 populum.
3710 1065 3889 1148 Quid
3935 1087 4092 1151 ergo
4136 1086 4374 1151 rupem

2426 1151 2846 1217 durissimam
2888 1152 3029 1216 loco
3072 1172 3338 1217 movere
3382 1151 3708 1218 tentaret?
3756 1153 3903 1218 Etsi
3949 1162 4170 1218 autem
4215 1175 4372 1220 con-

2422 1237 2642 1302 silium
2689 1238 2831 1302 eius
2876 1258 3010 1301 non
3053 1238 3176 1303 fuit
3219 1240 3578 1304 vocationis
3613 1259 3776 1304 onus
3820 1238 3946 1305 sibi
3987 1239 4374 1321 impositum

2423 1335 2760 1404 excutere,
2821 1323 3104 1388 libenter
3159 1333 3378 1388 tamen
3435 1324 3926 1407 tergiversando
3982 1346 4053 1390 se
4112 1323 4373 1410 oblique

2422 1409 2860 1475 subduxisset.
2952 1409 3058 1473 Ita
3100 1410 3397 1475 videmus
3440 1410 3926 1479 cordatissimos
3974 1410 4098 1475 Dei
4146 1432 4372 1477 servos

2420 1496 2753 1561 interdum
2798 1496 2868 1560 in
2913 1494 3127 1561 medio
3172 1516 3368 1560 cursu
3411 1494 3743 1560 fatiscere:
3814 1497 4191 1579 praesertim
4256 1496 4372 1563 ubi

2419 1591 2773 1648 occurrunt
2806 1581 3101 1647 salebrae
3141 1592 3208 1646 et
3242 1581 3372 1646 alia
3406 1581 3760 1660 obstacula,
3807 1591 3874 1646 et
3915 1582 4025 1647 via
4061 1584 4369 1664 opinione

2421 1671 2714 1751 asperior
2777 1667 3070 1733 offendit.
3180 1667 3332 1748 Quo
3412 1669 3622 1751 magis
3687 1668 3961 1733 sollicite
4039 1666 4368 1752 rogandus

2420 1754 2609 1819 nobis
2653 1763 2756 1819 est
2798 1755 2981 1819 Dens
3028 1776 3112 1818 ne
3156 1773 3444 1836 unquam
3490 1755 3662 1817 inter
3707 1755 3921 1818 varios
3967 1754 4201 1837 quibus
4246 1775 4367 1820 nos

2420 1852 2760 1906 exerceret
2794 1840 3153 1918 conflictus,
3187 1838 3501 1904 destituat
3541 1840 3805 1903 virtutis
3841 1861 3998 1904 suae
4043 1839 4368 1905 subsidio:

2418 1926 2575 2008 quin
2624 1927 2838 2011 potius
2881 1947 2997 2008 pro
3043 1926 3459 1991 vehementia
3502 1926 3933 1991 certaminum
3972 1946 4175 1991 novas
4211 1926 4368 1991 sub·

2416 2012 2568 2077 inde
2629 2014 2804 2077 vires
2861 2012 3158 2096 inspiret.
3248 2010 3392 2079 Iam
3459 2033 3610 2077 vero
3655 2032 3822 2094 quae
3877 2033 4024 2093 spes
4070 2010 4371 2096 redemp-

2420 2099 2617 2163 tionis
2653 2099 2996 2181 superfuit,
3032 2101 3216 2162 cuius
3246 2098 3543 2162 minister
3579 2110 3715 2162 tam
3741 2097 3947 2163 fracto
3971 2107 4116 2161 erat
4151 2100 4371 2163 animo

2416 2185 2525 2251 vel
2595 2186 2900 2259 remisso,
2946 2193 3035 2249 ‘et
3092 2205 3286 2267 quam
3346 2184 3622 2267 populus
3686 2183 3825 2267 ipse
3883 2184 4100 2266 palam
4156 2185 4373 2248 fuerat

2417 2280 2825 2355 aspernatus,
2850 2270 2980 2334 nisi
3008 2270 3188 2335 Deus
3220 2290 3336 2352 per
3370 2291 3442 2335 se
3463 2269 3686 2334 omnia
3710 2269 4189 2353 praestitisset?
4227 2269 4294 2334 N
4296 2291 4369 2336 ec

2417 2356 2689 2421 dubium
2754 2365 2856 2422 est
2913 2357 3075 2439 quin
3135 2356 3249 2419 tali
3310 2354 3649 2419 hominum
3709 2355 3966 2420 defectu
4026 2354 4369 2422 ostendere

2416 2443 2697 2509 voluerit
2740 2463 3006 2507 manum
3045 2462 3235 2507 suam
3271 2440 3395 2505 sibi
3430 2440 3752 2506 sufficere.
3823 2440 4015 2522 Quod
4052 2462 4123 2506 se
4145 2442 4366 2508 Moses

2415 2538 2612 2596 vocat
2628 2528 3155 2604 ‚incircumcisum
3182 2527 3390 2606 labiis,
3428 2525 3509 2591 ad
3533 2526 3888 2592 balbutiem
3915 2528 4141 2606 refero,
4168 2548 4365 2611 quam

2414 2617 2596 2699 prius
2641 2614 2762 2680 sibi
2807 2613 3274 2697 impedimento
3318 2634 3459 2678 esse
3511 2611 3927 2678 obtendet-at:
3989 2634 4366 2697 quanquam

2415 2703 2473 2767 si
2510 2701 2654 2784 quis
2691 2700 2882 2765 aliter
2917 2701 3209 2783 accipere
3245 2700 3446 2777 malit,
3484 2720 3613 2764 non
3662 2698 4010 2765 admodum
4050 2721 4362 2784 repugno.

2589 2786 2690 2852 13.
2752 2787 3081 2868 Loquutus
3145 2791 3354 2852 autem
3413 2786 3627 2868 fuerat
3684 2785 3911 2851 Iehova
3979 2786 4065 2851 ad
4121 2785 4361 2852 Mosen.

2412 2871 2581 2938 Alii:
2630 2874 2977 2956 Loquutus
3021 2884 3141 2938 est.
3231 2871 3479 2936 Verum
3537 2873 3689 2953 quia
3740 2868 3850 2936 hic
3894 2869 3973 2935 ad
4019 2871 4361 2936 exordium

2413 2979 2571 3024 suae
2616 2959 2977 3025 vocationis
3021 2957 3412 3037 revertitur,
3479 2956 3623 3023 ideo
3680 2977 3910 3023 sensus
3961 2958 4365 3024 commodius

2411 3043 2722 3111 reddetur
2756 3056 3047 3127 tempore
3074 3043 3258 3111 verbi
3294 3042 3947 3128 plusquamperfectO‚
3980 3043 4172 3110 sicuti
4215 3043 4359 3112 feei.

2409 3132 2681 3214 Repetit
2725 3132 2901 3196 enim
2949 3130 3120 3214 quod
3167 3131 3297 3195 iam
3345 3129 3634 3206 dixerat,
3688 3149 3757 3194 se
3802 3143 3869 3194 et
3917 3129 4185 3194 Aharon
4234 3132 4362 3196 fra-

2411 3226 2581 3282 trem
2628 3217 2794 3283 nihil
2840 3231 3084 3282 temere
3129 3237 3471 3301 aggressos
3516 3235 3677 3294 esse,
3721 3215 3830 3281 sed
3882 3216 4008 3280 Dei
4052 3216 4360 3284 mandato

2408 3301 2614 3369 fuisse
2679 3303 3054 3368 instructos.
3167 3302 3447 3368 Summa
3523 3313 3657 3382 est,
3735 3302 4034 3384 quamvis
4099 3304 4359 3387 saepius

2408 3390 2854 3473 interruptum
2891 3387 3362 3472 quodammodo
3399 3388 3598 3451 suerit
3636 3408 3831 3470 opus,
3880 3398 4098 3452 ratum
4135 3398 4358 3454 tamen

2408 3474 2609 3542 fuisse
2632 3475 2759 3540 Dei
2798 3474 3143 3542 consilium
3183 3473 3263 3538 de
3300 3474 3540 3557 populo
3576 3473 3931 3539 liberando.
4000 3475 4104 3538 De
4148 3475 4359 3560 primo

2409 3569 2629 3627 autem
2679 3562 2858 3627 iussu
2906 3562 3117 3644 ipsum
3167 3561 3344 3643 loqui
3402 3566 3611 3641 patet,
3668 3560 3820 3641 quia
3862 3581 3933 3625 se
3977 3569 4043 3623 et
4089 3560 4359 3625 fratrem

2408 3655 2544 3710 tam
2605 3647 2684 3712 ad
2752 3647 2922 3712 filios
2981 3646 3187 3713 Israel
3252 3665 3448 3729 quam
3503 3645 3585 3728 ad
3642 3646 4058 3711 Pharaonem
4124 3647 4358 3713 missos

2407 3733 2608 3800 fuisse
2652 3733 2870 3799 refert.

2582 3904 2680 3969 14.
2723 3904 2862 3970 Ista
2895 3908 3043 3971 sunt
3075 3904 3286 3985 capita
3319 3904 3537 3970 domus
3716 3924 3826 3967 um
3844 3922 4124 3968 suorum.
4188 3902 4358 3970 Filii

2406 3989 2659 4057 Reuben
2697 3991 3104 4074 primoyeniti
3139 3990 3351 4056 Israel
3364 4015 3381 4053 :
3420 3989 3670 4055 Henoeh
3703 3994 3760 4055 et
3794 3989 4065 4066 Phallu,
4102 3989 4354 4056 Hesron

2402 4082 2460 4142 et
2484 4076 2761 4143 Charmi.
2832 4078 2974 4141 Hae
3008 4078 3394 4160 aequatione-5*
3418 4075 3687 4140 Reuben.
3760 4074 3859 4140 15.
3889 4074 4055 4140 Filii
4082 4073 4349 4154 Simeon,

2403 4162 2660 4242 Iemuel,
2704 4169 2759 4228 et
2803 4163 3054 4241 Iamin,
3101 4161 3307 4239 obad,
3354 4167 3408 4227 et
3446 4161 3672 4227 Iachin
3716 4165 3770 4225 et
3808 4160 4045 4237 Sohar,
4091 4165 4147 4224 et
4187 4160 4350 4227 Saul

2396 4247 2573 4330 filius
2620 4247 3048 4314 Chananaeae.
3142 4248 3284 4313 Hae
3324 4250 3710 4331 coquationes
3758 4247 4025 4311 Simeon.
4118 4245 4219 4312 16.
4264 4244 4355 4312 Et

2401 4334 2552 4400 haec
2616 4337 2872 4400 nomina
2929 4335 3209 4417 filiorum
3264 4333 3421 4398 Levi
3484 4335 3553 4398 in
3612 4332 4113 4417 qenai-attonitus
4176 4334 4352 4399 suis:

2375 4420 2652 4490 ,Ger-son
2696 4427 2752 4485 et
2785 4419 3034 4487 Kehath
3077 4425 3135 4484 et
3172 4419 3439 4485 Mercari.
3522 4420 3704 4484 Anni
3743 4423 3950 4483 autem
3995 4418 4160 4484 vitae
4195 4420 4352 4485 Levi

2399 4506 2663 4589 triyinta
2716 4511 2945 4587 septem
3000 4512 3055 4570 et
3112 4514 3351 4571 centum
3412 4507 3585 4571 anni.
3679 4506 3780 4570 17.
3845 4502 4007 4569 Filii
4072 4504 4312 4571 Gerson
4330 4532 4350 4571 .-

2402 4591 2597 4657 Libni
2639 4597 2695 4657 et
2735 4592 2933 4658 Simei
2974 4593 3313 4658 secundum
3357 4592 3741 4675 eoquationes
3781 4611 3953 4656 suas.
4037 4590 4136 4656 18.
4185 4591 4350 4656 Filii

2401 4676 2682 4757 Kehatm
2731 4680 3003 4743 Amo-am
3059 4682 3115 4742 et
3170 4677 3393 4756 Ishar,
3456 4677 3703 4742 Hebron
3762 4682 3818 4741 et
3885 4675 4075 4742 Uziel.
4163 4677 4347 4742 Anni

2400 4769 2605 4829 autem
2669 4765 2830 4829 vitae
2893 4763 3144 4829 Kehath
3221 4763 3483 4846 triyinta
3560 4770 3685 4828 tres
3748 4768 3804 4827 ct
3864 4767 4104 4826 centum
4168 4763 4342 4827 antei.

2402 4849 2504 4916 19.
2555 4850 2720 4915 Filii
2751 4871 2895 4915 vero
2933 4850 3208 4916 Meretri:
3246 4847 3458 4915 Mahli
3489 4856 3549 4914 et
3584 4849 3784 4914 Masi.
3875 4848 4016 4910 Hae
4054 4847 4346 4929 familiae

2399 4936 2555 5002 Levi
2595 4937 2933 5002 seeundum
2967 4937 3392 5021 generationes
3431 4954 3609 5000 suae.
3688 4936 3791 5000 20.
3840 4934 4092 5013 Accepit
4133 4938 4344 4998 autem

2398 5023 2670 5087 Amr-am
2696 5022 2986 5089 Ioekebcd
3013 5022 3274 5089 amitam
3307 5041 3492 5085 suam
3526 5021 3596 5086 in
3630 5041 3902 5096 uxorem,
3937 5039 4099 5100 quae
4124 5020 4344 5102 yenuit

2395 5109 2454 5171 ei
2498 5108 2762 5174 Aharon
2803 5115 2859 5174 et
2905 5108 3146 5174 Mosen.
3240 5107 3438 5172 Porro
3495 5107 3653 5171 anni,
3707 5107 3871 5171 vitae
3916 5107 4185 5169 Amo-am
4227 5105 4340 5169 tri-

2390 5193 2569 5276 9inta
2611 5199 2836 5274 septem
2878 5201 2935 5259 et
2977 5199 3216 5259 centum
3259 5192 3434 5257 avani.
3502 5192 3606 5257 21.
3654 5191 3820 5256 Filii
3863 5189 4087 5255 Iskar:
4134 5189 4340 5256 Gorah

2392 5284 2448 5345 et
2497 5278 2747 5363 Nepheq
2802 5285 2861 5344 et
2904 5279 3139 5345 Ziehri.
3227 5279 3331 5343 22.
3391 5272 3481 5344 Et
3532 5279 3661 5361 filii
3732 5275 3933 5353 (faiel,
4005 5274 4242 5343 Misael
4284 5281 4366 5340 et.

2394 5365 2726 5448 Elsaphan
2784 5371 2839 5430 et
2885 5365 3106 5432 Sithri.
3194 5366 3299 5430 23.
3345 5364 3437 5430 Et
3487 5365 3717 5447 aceepit
3760 5362 4020 5427 Aharon
4073 5361 4342 5431 Eliseba
