4867 6150
351 459 480 527 453

355 651 714 737 ingluviem
758 660 1095 734 utcunque
1140 652 1351 717 sedat:
1409 650 1675 736 potandi
1739 653 1962 719 nullus
2022 664 2122 718 est
2168 674 2306 718 mo-

356 739 477 804 dus
524 737 633 802 ubi
684 746 917 821 regnat
962 739 1102 802 vini
1147 738 1490 821 cupiditas.
1557 740 1740 825 Ergo
1786 740 1923 805 vini
1970 739 2305 805 abstinen-

354 825 448 889 tia
490 823 787 889 iniuncta
829 823 959 887 fuit
1002 824 1471 903 sacerdotibus,
1535 846 1670 889 non
1719 826 1912 890 modo
1963 826 2043 890 ad
2097 825 2308 891 ebrie·

353 920 559 976 tatem
617 908 1009 989 cavendam,
1069 910 1184 974 sed
1228 910 1308 974 ad
1358 912 1863 995 temperantiam
1911 913 2161 985 victus,
2225 932 2310 977 ne

353 997 426 1061 in
484 1016 604 1060 sua
673 997 858 1079 copia
927 997 1437 1062 luxuriarentur.
1543 996 1676 1063 Sed
1740 997 1892 1081 quia
1957 998 2311 1080 praecipua

352 1104 507 1166 pars
553 1079 869 1147 moderati
905 1082 1123 1148 victus
1159 1095 1260 1147 est
1296 1082 1631 1163 sobrietas,
1674 1085 1746 1148 in
1784 1104 1862 1148 ea
1898 1084 2307 1167 potissimum

353 1167 685 1233 continuit
726 1168 911 1233 Deus
955 1190 1108 1235 suos
1153 1170 1557 1235 sacerdotes:
1606 1191 1692 1233 ne
1735 1169 1922 1253 vigor
1968 1170 2207 1234 mentis
2243 1179 2309 1233 et

352 1253 582 1320 iudicii
621 1253 939 1320 rectitudo
977 1266 1043 1319 et
1066 1256 1411 1339 integritas
1433 1267 1592 1339 potu
1633 1255 2066 1321 hebetaretur.
2113 1255 2307 1322 Unde

349 1348 628 1424 apparet
684 1349 932 1423 quanta
989 1340 1076 1405 sit
1121 1340 1200 1405 ad
1247 1362 1475 1406 omnes
1521 1341 1923 1424 corruptelas
1968 1341 2304 1406 hominnm

347 1426 723 1510 propensio,
771 1426 958 1490 Inter
1003 1427 1316 1493 alimenta
1357 1427 1864 1492 saluberrimum
1901 1436 2000 1493 est
2034 1428 2305 1492 vinum:

347 1513 536 1595 atqui
599 1512 805 1576 nimia
869 1513 1012 1577 eius
1076 1514 1597 1598 ingurgitatione
1663 1514 1853 1578 multi
1922 1515 2096 1578 vires
2154 1534 2306 1578 suas

349 1606 692 1676 enervant,
740 1608 1026 1664 mentem
1075 1600 1427 1677 suffocant,
1483 1610 1549 1664 et
1606 1599 1742 1664 sere
1785 1600 2308 1683 obstupefaciant

350 1704 582 1750 omnes
624 1705 858 1749 sensus
903 1693 976 1749 ut
1018 1685 1274 1749 iaceant
1316 1686 1563 1769 ignavi.
1614 1685 1748 1749 Alii
1790 1688 1987 1750 etiam
2034 1685 2309 1769 degene-

350 1780 508 1835 rant
548 1770 617 1834 in
660 1770 913 1835 foedam
960 1779 1026 1834 et
1070 1771 1423 1837 belluinam
1463 1772 1840 1854 socordiam,
1884 1773 1991 1836 vel
2029 1774 2096 1836 in
2134 1774 2308 1836 furo-

351 1877 494 1921 rem
535 1866 840 1939 aguntur.
889 1856 1013 1921 Ita»
1029 1858 1375 1923 oblectatio
1398 1878 1562 1941 quae
1586 1859 1760 1940 ipsos
1781 1856 1866 1921 ¹ad
1890 1860 2139 1941 gratias
2165 1858 2307 1921 Deo

352 1942 644 2026 agendas
709 1942 984 2008 incitare
1051 1942 1384 2021 debuerat,
1448 1942 1529 2009 ob
1596 1944 1901 2009 vitiosum
1963 1963 2307 2010 excessum

349 2030 658 2112 eripitur:
708 2049 839 2092 non
886 2028 1028 2094 sine
1073 2031 1326 2113 probro,
1372 2031 1526 2113 quia
1562 2031 1688 2096 Dei
1725 2029 2056 2095 beneficiis
2090 2028 2308 2095 mode-

345 2123 496 2180 rate
537 2114 665 2178 frui
712 2115 1031 2180 nesciunt.
1123 2114 1491 2181 Confirmat
1534 2128 1759 2200 postea
1803 2118 2003 2192 Deus,
2049 2138 2121 2181 se
2161 2114 2307 2179 ideo

344 2202 586 2265 vinum
630 2201 1072 2266 sacerdotibus
1117 2201 1539 2282 interdicere,
1595 2223 1795 2285 quum
1856 2202 2110 2266 vicibus
2170 2201 2307 2266 suis

342 2287 727 2372 fungentur,
782 2296 860 2351 ut
906 2287 1280 2353 discernant
1323 2289 1498 2353 inter
1544 2288 1977 2353 mundum-et
2020 2289 2306 2352 immun-

345 2373 530 2449 dum,
576 2384 642 2436 et
685 2374 831 2438 sani
875 2373 1012 2437 sint
1055 2393 1131 2439 ac
1175 2374 1416 2440 sinceri
1460 2374 1627 2457 legis
1670 2375 2079 2456 interpretes.
2160 2373 2309 2437 Hac

343 2456 613 2542 quidem
650 2460 902 2523 ratione
938 2469 1076 2523 tota
1101 2461 1237 2524 vita
1273 2460 1545 2525 decebat
1580 2481 1721 2525 esse
1744 2461 2117 2537 abstemios,
2155 2460 2310 2542 quia

344 2545 657 2627 magistri
679 2545 760 2609 ad
785 2545 1100 2629 populum
1127 2546 1488 2611 docendum
1526 2566 1785 2629 semper
1819 2547 2083 2610 fuerunt
2119 2565 2307 2627 prae-

344 2630 529 2697 fecti.
577 2628 712 2697 Sed
755 2653 848 2696 ne
885 2632 1272 2698 immodicus
1318 2632 1497 2715 rigor
1532 2633 1828 2697 taedium
1865 2634 2186 2716 gigneret,
2234 2640 2310 2695 ut

344 2718 575 2781 minus
619 2727 843 2782 essent
886 2718 968 2781 ad
1014 2717 1176 2783 alias
1220 2718 1419 2783 officii
1465 2728 1682 2801 partes
1728 2717 2104 2794 voluntarii,
2144 2717 2306 2782 satis

344 2801 587 2868 habuit
629 2802 811 2869 Deus
857 2804 1005 2869 illos
1050 2804 1397 2886 temporali
1442 2805 1846 2870 abstinentia
1890 2825 2175 2881 monere,
2236 2810 2309 2867 ut

343 2890 424 2953 in
471 2888 795 2971 reliquum
839 2897 1096 2973 tempus
1140 2891 1478 2955 sobrietati
1522 2890 1882 2956 studerent.
1976 2888 2088 2955 Sic
2132 2889 2305 2955 enim

345 2973 737 3039 habendum
803 2984 942 3052 est,
1012 2976 1224 3041 nullos
1291 2997 1433 3041 esse
1505 2977 1769 3042 idoneos
1831 2975 2128 3042 doctores
2195 2977 2307 3058 qui

345 3061 666 3145 crapulae
725 3060 929 3127 dediti
993 3073 1178 3140 sunt,
1246 3084 1412 3146 quae
1468 3065 1707 3129 mentis
1751 3062 2102 3128 sanitatem
2163 3083 2306 3127 cor-

346 3149 622 3231 rumpit,
659 3156 728 3213 et
769 3148 989 3214 obruit
1025 3151 1336 3233 vigorem.
1405 3150 1669 3214 Puerile
1706 3150 1966 3233 quidem
2004 3159 2108 3214 est
2141 3146 2308 3213 illud

345 3234 669 3300 cavillum
737 3235 1194 3320 Hieronymiz'
1252 3237 1530 3319 Pinguis
1597 3246 1832 3301 venter
1897 3257 2030 3300 non
2093 3235 2311 3320 gignit

347 3341 619 3386 sensum
665 3328 964 3386 tenuem:
1033 3323 1188 3404 quia
1247 3323 1439 3386 multi
1486 3323 1903 3405 reperiuntur
1945 3320 2310 3387 succulenti

349 3405 656 3471 homines
700 3416 932 3491 vegeto
975 3416 1045 3472 et
1086 3409 1286 3474 alacri
1328 3409 1629 3490 ingenio,
1690 3418 1757 3473 et
1814 3407 2055 3473 macies
2114 3426 2310 3488 saepe

349 3515 440 3558 ex
477 3493 762 3576 largiore
808 3502 965 3576 potu
1009 3495 1443 3560 contrahitur.
1520 3492 1656 3559 Sed
1702 3495 1812 3576 qui
1856 3514 2092 3577 corpus
2137 3493 2309 3576 sagi-

348 3587 539 3660 nant,
575 3600 913 3662 nunquam
937 3580 1140 3644 animi
1165 3580 1456 3664 agilitate
1480 3578 1820 3663 pollebunt
1842 3578 1924 3643 ad
1949 3599 2309 3662 exsequen-

346 3663 512 3729 dum
558 3663 835 3730 docendi
878 3687 1136 3732 munus.
1230 3666 1585 3732 Caeterum
1630 3665 2004 3749 colligimus
2059 3687 2141 3729 ex
2190 3665 2311 3729 hoc

345 3749 494 3815 loco
551 3749 723 3834 quod
784 3752 940 3818 dicit
993 3752 1356 3817 Malachiae
1400 3750 1487 3838 (2,
1551 3751 1635 3839 7),
1682 3751 2050 3817 sacerdotes
2107 3751 2310 3816 fuisse

348 3834 520 3919 legis
563 3838 990 3920 interpretes,
1050 3846 1119 3901 et
1173 3840 1450 3904 nuncios
1495 3838 1622 3902 Dei
1669 3837 2114 3914 exercituum,
2175 3858 2310 3904 non

347 3932 573 3987 autem
615 3933 850 3989 mutas·
879 3922 1117 3989 larvas.
1164 3924 1458 3990 Tametsi
1507 3925 1683 3988 enim
1722 3924 1968 4005 scripta
2004 3924 2115 3988 lex
2151 3930 2309 4003 erat,

346 4009 563 4073 voluit
607 4017 832 4075 tamen
876 4008 1060 4074 Deus
1103 4030 1364 4092 semper
1408 4011 1629 4077 vivam
1673 4029 1903 4077 vocem
1963 4029 2196 4074 sonare
2239 4010 2309 4073 in

345 4113 474 4158 sua
527 4096 830 4176 ecclesia,
888 4093 1434 4179 quemadmodum
1494 4096 1689 4161 hodie
1750 4095 2112 4178 scripturae
2157 4116 2309 4160 con-

348 4180 576 4246 iuncta
621 4191 721 4246 est
765 4181 1180 4266 praedicatio,
1228 4182 1413 4265 quasi
1462 4182 1806 4247 individuo
1851 4203 2049 4246 nexu.

959 4525 1091 4591 EX
1134 4526 1439 4593 LEVIT.
1487 4524 1683 4590 XXI.

527 4697 584 4761 7.
635 4695 968 4763 Mulierem
1021 4698 1397 4763 meretricem
1459 4702 1569 4763 aut
1600 4696 1944 4778 profanam
1988 4715 2107 4760 non
2146 4696 2304 4761 aeci-

338 4782 546 4864 pient,
601 4802 798 4866 neque
852 4784 1180 4850 mulierem
1231 4784 1634 4865 repudiatam
1693 4801 1734 4847 a
1792 4784 1927 4847 viro
1985 4802 2101 4847 suo
2145 4783 2304 4846 aeci-

337 4868 553 4950 pient.-
597 4870 752 4950 quia
794 4876 1050 4936 sanctus
1092 4876 1183 4935 est
1225 4870 1360 4936 Deo
1401 4890 1532 4935 suo.
1621 4868 1680 4934 8.
1742 4868 1831 4933 Et
1887 4866 2305 4948 sanctificabis

352 4973 513 5034 eum,
555 4955 711 5038 quia
741 4976 977 5038 panem
998 4955 1128 5022 Dei
1169 4957 1263 5021 tui
1298 4956 1491 5038 offert,
1535 4959 1791 5020 sanetus
1822 4953 1942 5020 erit
1973 4952 2107 5033 tibi,
2149 4955 2306 5036 quia

343 5045 605 5105 sanctas
645 5060 788 5107 sum
827 5062 931 5126 eqo
976 5042 1205 5107 Iehova
1248 5042 1650 5125 sanctificans
1690 5061 1813 5107 vos.

1741 461 2253 530 SECUNDUM
2309 448 2955 535 PRAEOEPTUM.

4229 474 4365 541 454

2827 657 2954 723 DE
2992 657 3328 726 SUMMO
3375 658 3951 729 SAOERDOTE.

2936 777 3068 843 EX
3114 777 3448 844 EODEM
3493 779 3853 848 CAPITE.

2590 964 2690 1030 13.
2759 965 2911 1048 Ipse
2974 987 3234 1033 uxorem
3297 969 3368 1032 in
3444 970 3653 1053 viryin
3662 973 3807 1034 itate
3886 991 4008 1036 sua
4087 972 4363 1053 accipiet.

2415 1051 2517 1116 14.
2579 1050 2858 1117 Viduam
2898 1058 2955 1119 et
3007 1053 3441 1134 repudiatam.
3487 1061 3546 1119 et
3575 1056 3935 1137 profanam,
3982 1062 4039 1121 et
4080 1060 4360 1124 meretri·

2411 1157 2556 1215 cem,
2614 1137 2765 1203 illas
2822 1160 2947 1203 non
3003 1140 3285 1221 accipiet.
3330 1141 3441 1205 sed
3495 1142 3803 1224 vifryinem
3858 1164 3890 1207 e
3920 1144 4181 1224 populis
4222 1145 4363 1209 suis

2412 1223 2672 1303 accipiet
2714 1243 2990 1291 uxorem,
3060 1224 3159 1290 15.
3214 1225 3428 1308 Neque
3467 1227 3907 1292 contaminabit
3947 1248 4154 1293 semen
4172 1249 4361 1295 suum

2410 1310 2485 1373 in
2515 1308 2778 1390 populis
2819 1313 2993 1376 suis:
3034 1312 3188 1392 quia
3231 1332 3336 1394 eyo
3381 1311 3616 1378 Iehova
3657 1313 4060 1394 sanctificans
4101 1336 4260 1381 eum.

2934 1670 3065 1735 EX
3106 1668 3439 1736 EODEM
3484 1670 3844 1737 CAPITE.

2584 1860 2645 1925 9.
2694 1859 2875 1925 Filia
2929 1858 3201 1925 hominis
3255 1859 3595 1925 sacerdotis
3636 1860 3697 1923 si
3736 1861 3997 1941 coeperit
4031 1861 4358 1944 fornicari,

2403 1951 2658 2030 patrem
2699 1965 2890 2011 saum
2932 1946 3325 2026 contaminat,
3368 1947 3504 2028 tyni
3546 1945 3950 2011 comburetur.

2585 2119 2642 2183 7.
2691 2115 3030 2182 Mulierem
3070 2118 3468 2182 meretricem.
3517 2116 3739 2181 Tertia
3770 2117 4019 2199 species
4054 2118 4361 2200 puritatis

2408 2212 2511 2271 est
2553 2204 2621 2267 in
2668 2205 2808 2287 ipso
2853 2203 3173 2286 coniugio,
3229 2210 3304 2267 ut
3349 2210 3529 2267 casta
3564 2204 3651 2267 sit
3699 2199 4054 2267 sacerdotis
4106 2201 4360 2284 domne,

2409 2302 2478 2355 et
2521 2289 2837 2354 immunis
2882 2290 2964 2354 ab
3008 2288 3188 2353 omni
3235 2287 3561 2354 dedecore.
3630 2287 3846 2352 Hodie
3890 2309 4143 2371 quoque
4179 2290 4363 2356 Deus

2410 2397 2529 2460 per
2570 2397 2642 2441 os
2690 2374 2881 2440 Pauli
2926 2375 3107 2439 iubet
3146 2374 3299 2458 eligi
3345 2382 3659 2461 pastores,
3705 2374 3815 2456 qui
3860 2372 4024 2439 bene
4069 2376 4363 2457 praesint

2411 2463 2552 2527 suis
2587 2462 2872 2540 familiis,
2918 2460 3157 2544 quibus
3197 2458 3469 2542 pudicae
3506 2460 3642 2525 sint
3663 2480 3904 2524 uxores
3929 2470 3996 2524 et
4029 2459 4365 2528 modestae

2411 2560 2478 2613 et
2542 2548 2732 2612 liberi
2799 2546 2961 2612 bene
3028 2548 3263 2612 morati
3324 2544 3409 2631 (1.
3471 2547 3639 2612 Tim.
3689 2544 3764 2624 3,
3821 2546 3880 2609 2.
3971 2545 4098 2610 Tit.
4151 2545 4221 2625 1,
4280 2546 4368 2634 6).

2411 2632 2663 2699 Eadem
2704 2632 2913 2697 valuit
2932 2632 3054 2698 sub
3079 2633 3222 2717 lege
3266 2634 3462 2698 ratio:
3511 2654 3593 2696 ne
3629 2631 3711 2696 ob
3749 2630 3988 2713 probra
4010 2630 4367 2699 domestica

2413 2720 2580 2785 viles
2624 2730 2693 2784 et
2727 2718 2962 2785 abiecti
3008 2728 3223 2784 essent
3269 2716 3581 2802 praefecti
3624 2716 3952 2783 ecclesiae.
4045 2717 4177 2783 Sed
4222 2740 4362 2785 ma-

2414 2807 2594 2870 xime
2640 2805 2929 2887 respexit
2975 2803 3159 2870 Deus
3203 2803 3284 2868 ad
3331 2804 3582 2870 Christi
3626 2803 4083 2882 sacerdotium,
4131 2826 4213 2868 ne
4249 2827 4366 2870 ex-

2413 2892 2703 2975 positum
2742 2897 2915 2955 esset
2957 2891 3385 2973 contemptui.
3474 2889 3819 2954 Feminam
3881 2909 3920 2953 a
3962 2889 4112 2954 viro
4169 2911 4364 2974 repu-

2415 2978 2656 3042 diatam
2717 2976 2955 3041 ducere
3012 2977 3284 3059 impune
3336 2973 3600 3058 quidem
3659 2973 3923 3052 licebat,
3985 2974 4097 3040 sed
4144 2995 4364 3042 coram

2414 3063 2561 3129 Deo
2602 3062 2903 3128 illicitum
2949 3073 3094 3126 erat
3129 3062 3258 3127 tale
3302 3061 3701 3145 coniugium.
3795 3058 4182 3144 Stupratam
4241 3062 4363 3127 du·

2413 3170 2560 3215 cere
2605 3150 2896 3234 privatos
2941 3149 3241 3215 homines
3284 3146 3467 3212 nulla
3513 3149 3678 3211 ratio
3725 3149 3962 3211 vetuit:
4021 3145 4135 3212 sed
4190 3148 4367 3231 quod

2415 3237 2614 3320 vulgo
2680 3236 3073 3319 permissum
3129 3243 3301 3310 erat,
3369 3234 3442 3298 in
3510 3232 3954 3299 sacerdotibus
4021 3231 4367 3299 damnavit

2416 3324 2618 3398 Deus,
2676 3330 2749 3385 ut
2791 3342 2902 3387 eos
2946 3322 3266 3385 eximeret
3310 3318 3392 3384 ab
3434 3318 3615 3383 omni
3657 3318 3965 3383 infamiae
4008 3329 4182 3384 nota.
4271 3321 4364 3385 Et

2414 3408 2578 3472 haec
2620 3408 2820 3472 etiam
2865 3426 3061 3472 causa
3104 3406 3528 3489 exprimitur,
3588 3404 3697 3469 ubi
3744 3405 3887 3469 vult
3928 3414 4187 3471 sanctos
4244 3406 4363 3471 ha-

2412 3494 2555 3559 beri
2620 3493 3019 3570 sacerdotes,
3104 3495 3256 3575 quia
3334 3493 3509 3574 ipsos
3583 3491 3708 3556 sibi
3775 3491 4106 3574 delegerit.
4214 3492 4362 3557 Nisi

2412 3582 2591 3646 enim
2634 3589 2986 3646 veneratus
3030 3579 3267 3644 fuisset
3299 3578 3476 3660 ipsos
3511 3578 3808 3660 populus,
3853 3576 4363 3659 contemptibilis

2413 3675 2553 3732 tota
2612 3666 2843 3749 religio
2897 3665 3151 3729 fuisset.
3243 3664 3421 3747 Ergo
3480 3674 3552 3728 ut
3609 3663 3896 3746 dignitas
3955 3663 4116 3744 ipsis
4180 3664 4367 3730 salva

2413 3762 2711 3831 maneat,
2776 3750 3122 3835 diligenter
3180 3749 3545 3815 cavendum
3591 3768 3735 3814 esse
3778 3748 4117 3830 praecipit,
4162 3770 4247 3814 ne
4292 3769 4364 3816 se

2414 3839 2495 3903 ad
2537 3838 2967 3922 ignominiam
3011 3837 3428 3920 prostituant.
3502 3836 3706 3899 Porro
3750 3855 3878 3918 quo
3922 3834 4159 3901 melius
4195 3853 4367 3901 com-

2413 3924 2678 3990 mendet
2722 3924 2889 3989 sacri
2933 3922 3131 3988 officii
3173 3922 3632 3994 reverentiam,
3679 3920 3986 3985 admonet
4025 3919 4107 3984 ad
4157 3923 4362 3988 totius

2414 4009 2642 4094 populi
2687 4009 2969 4074 salutem
3013 4019 3341 4090 spectare:
3385 4007 3547 4090 Ego,
3585 4008 3817 4089 inquit,
3856 4027 3999 4070 sum
4044 4007 4224 4072 Deus
4248 4007 4360 4090 qui

2413 4116 2532 4162 vos
2577 4097 2927 4161 sanctifico.
3013 4095 3142 4159 His
3187 4103 3403 4157 autem
3448 4092 3666 4158 verbis
3710 4093 4038 4176 significat
4081 4093 4363 4174 gratiam

2414 4182 2804 4264 adoptionis,
2851 4201 2978 4263 qua
3021 4179 3245 4246 selecti
3290 4187 3479 4243 erant
3522 4178 3591 4242 in
3636 4179 3979 4261 peculium,
4035 4177 4104 4241 in
4149 4197 4363 4245 sacer-

2364 4277 2370 4346 l
2413 4268 2591 4333 dotio
2633 4266 2979 4332 fundatam
3021 4287 3184 4332 esse.

2587 4353 2686 4418 13.
2727 4353 2879 4434 Ipse
2909 4372 3185 4417 uxorem.
3225 4350 3386 4415 Plus
3421 4371 3460 4413 a
3496 4369 3751 4415 summo
3788 4349 4122 4415 sacerdote
4157 4349 4365 4434 exigi-

2411 4446 2553 4516 tur,
2612 4461 2697 4504 ne
2754 4439 3000 4505 scilicet
3058 4436 3323 4502 viduam
3370 4435 3565 4501 ducat
3625 4435 3728 4502 vel
3776 4435 3971 4498 aliam
4023 4456 4221 4518 quam
4275 4457 4359 4501 ex

2410 4525 2588 4591 tribu
2626 4546 2765 4591 sua.
2848 4523 3241 4606 Quanquam
3278 4521 3357 4587 de
3400 4521 3756 4604 posteriore
3800 4521 4095 4586 membro
4140 4531 4362 4605 posset

2409 4612 2659 4677 moveri
2701 4610 3010 4694 quaestio,
3053 4629 3138 4673 an
3186 4608 3501 4691 restringi
3545 4607 3777 4672 debeat
3818 4628 4059 4671 nomen
4105 4608 4361 4690 plurale

2408 4697 2491 4762 ad
2537 4696 2784 4761 tribum
2829 4716 3052 4772 unam,
3121 4714 3321 4778 quum
3367 4694 3522 4758 alibi
3566 4693 3646 4758 de
3689 4693 3994 4758 omnibus
4038 4703 4356 4759 sumatur.

2409 4783 2665 4848 Verum
2708 4784 2763 4847 si
2830 4781 3096 4865 propius
3158 4779 3616 4863 expendimus:
3675 4789 3925 4844 certum
3989 4788 4092 4844 est
4156 4799 4360 4862 popu·

2408 4869 2505 4934 los
2551 4868 2937 4933 tantundem
2986 4866 3204 4932 valere
3246 4886 3321 4931 ac
3364 4867 3727 4949 populares.
3816 4865 3948 4931 Hic
3991 4885 4148 4930 vero
4190 4865 4360 4929 nihil

2407 4955 2744 5039 singulare
2800 4974 2838 5018 a
2893 4951 3229 5019 sacerdote
3273 4955 3607 5036 exigetur,
3666 4954 3721 5019 si
3768 4958 4030 5016 tantum
4076 4972 4160 5015 ex
4205 4950 4360 5016 filiis

2410 5040 2717 5105 Abrahae
2772 5061 2941 5105 uxor
2999 5039 3317 5105 sumenda
3360 5042 3464 5103 sit.
3556 5038 3802 5103 Fateor
3842 5036 4105 5120 quidem
4150 5056 4357 5101 sacer-

2410 5126 2593 5191 dotes
2617 5127 2911 5210 primarii
2937 5126 3187 5191 ordinis
3212 5147 3293 5189 ex
3330 5124 3569 5209 populo
3608 5125 3875 5188 duxisse
3899 5143 4140 5187 uxores
4165 5122 4358 5188 sicuti

2408 5212 2752 5278 Elizabeth
2811 5233 2893 5276 ex
2953 5211 3131 5276 tribu
3174 5210 3345 5276 Iuda
3390 5212 3667 5275 oriunda
3711 5209 4068 5273 Zachariae
4113 5210 4356 5291 nupsit.

2411 5297 2546 5365 Sed
2592 5298 2746 5381 quia
2788 5297 2894 5363 hic
2940 5298 3022 5362 ab
3068 5297 3213 5362 aliis
3257 5298 3558 5361 omnibus
3585 5294 4013 5377 distinguitur
4059 5314 4359 5360 summus

2410 5383 2743 5462 sacerdos,
2819 5382 3041 5449 nescio
3099 5403 3183 5448 an
3228 5384 3575 5449 conveniat
3632 5382 3844 5464 legem
3906 5380 3985 5445 de
4044 5401 4121 5445 eo
4180 5381 4358 5458 ferri,

3841 5481 3941 5535 29*
