<?xml version="1.0" encoding="UTF-8"?>
<!DOCTYPE html PUBLIC "-//W3C//DTD XHTML 1.0 Transitional//EN"
    "http://www.w3.org/TR/xhtml1/DTD/xhtml1-transitional.dtd">
<html xmlns="http://www.w3.org/1999/xhtml" xml:lang="en" lang="en">
 <head>
  <title>
</title>
<meta http-equiv="Content-Type" content="text/html;charset=utf-8" />
  <meta name='ocr-system' content='tesseract 3.04.00' />
  <meta name='ocr-capabilities' content='ocr_page ocr_carea ocr_par ocr_line ocrx_word'/>
</head>
<body>
  <div class='ocr_page' id='page_1' title='image "./ioanniscalvinio04unkngoog_0209.png"; bbox 0 0 4867 6150; ppageno 0'>
   <div class='ocr_carea' id='block_1_1' title="bbox 314 451 4313 557">
    <p class='ocr_par' dir='ltr' id='par_1_1' title="bbox 314 451 4313 557">
     <span class='ocr_line' id='line_1_1' title="bbox 314 451 4313 557; baseline 0.002 -39"><span class='ocrx_word' id='word_1_1' title='bbox 314 451 441 519; x_wconf 87' lang='lat'>393</span> <span class='ocrx_word' id='word_1_2' title='bbox 1705 451 2218 521; x_wconf 76' lang='lat' dir='ltr'>SECUNDUM</span> <span class='ocrx_word' id='word_1_3' title='bbox 2261 452 2814 522; x_wconf 75' lang='lat' dir='ltr'>PRAECEPTU</span> <span class='ocrx_word' id='word_1_4' title='bbox 2818 455 2910 521; x_wconf 83' lang='lat' dir='ltr'>M.</span> <span class='ocrx_word' id='word_1_5' title='bbox 3096 550 3105 557; x_wconf 95' lang='lat'>.</span> <span class='ocrx_word' id='word_1_6' title='bbox 4183 459 4313 525; x_wconf 85' lang='lat'>394</span> 
     </span>
    </p>
   </div>
   <div class='ocr_carea' id='block_1_2' title="bbox 274 639 2266 4596">
    <p class='ocr_par' dir='ltr' id='par_1_2' title="bbox 274 639 2266 4596">
     <span class='ocr_line' id='line_1_2' title="bbox 317 639 2266 711; baseline -0.002 -2"><span class='ocrx_word' id='word_1_7' title='bbox 317 641 520 709; x_wconf 81' lang='lat' dir='ltr'>mitti:</span> <span class='ocrx_word' id='word_1_8' title='bbox 581 654 772 711; x_wconf 65' lang='grc' dir='ltr'>ΠΒὉΠ</span> <span class='ocrx_word' id='word_1_9' title='bbox 827 650 1048 709; x_wconf 88' lang='lat' dir='ltr'>autem</span> <span class='ocrx_word' id='word_1_10' title='bbox 1116 642 1309 706; x_wconf 85' lang='lat' dir='ltr'>simul</span> <span class='ocrx_word' id='word_1_11' title='bbox 1380 643 1628 707; x_wconf 88' lang='lat' dir='ltr'>versari</span> <span class='ocrx_word' id='word_1_12' title='bbox 1699 642 1769 705; x_wconf 92' lang='lat' dir='ltr'>in</span> <span class='ocrx_word' id='word_1_13' title='bbox 1838 639 2138 706; x_wconf 80' lang='lat' dir='ltr'><strong>dextram</strong></span> <span class='ocrx_word' id='word_1_14' title='bbox 2199 651 2266 706; x_wconf 90' lang='lat' dir='ltr'>et</span> 
     </span>
     <span class='ocr_line' id='line_1_3' title="bbox 318 728 2261 811; baseline -0.002 -17"><span class='ocrx_word' id='word_1_15' title='bbox 318 729 651 794; x_wconf 78' lang='lat' dir='ltr'>sinistram</span> <span class='ocrx_word' id='word_1_16' title='bbox 702 737 986 811; x_wconf 90' lang='lat' dir='ltr'>partem:</span> <span class='ocrx_word' id='word_1_17' title='bbox 1048 748 1418 811; x_wconf 73' lang='lat' dir='ltr'>quanquam</span> <span class='ocrx_word' id='word_1_18' title='bbox 1467 728 1576 792; x_wconf 87' lang='lat' dir='ltr'>alii</span> <span class='ocrx_word' id='word_1_19' title='bbox 1623 737 1862 810; x_wconf 86' lang='lat' dir='ltr'>putant</span> <span class='ocrx_word' id='word_1_20' title='bbox 1905 728 2261 811; x_wconf 77' lang='lat' dir='ltr'><strong>circumagi</strong></span> 
     </span>
     <span class='ocr_line' id='line_1_4' title="bbox 319 813 2265 898; baseline -0.001 -18"><span class='ocrx_word' id='word_1_21' title='bbox 319 816 401 881; x_wconf 89' lang='lat' dir='ltr'>ad</span> <span class='ocrx_word' id='word_1_22' title='bbox 446 827 727 896; x_wconf 86' lang='lat' dir='ltr'>quatuor</span> <span class='ocrx_word' id='word_1_23' title='bbox 771 815 1003 879; x_wconf 89' lang='lat' dir='ltr'>mundi</span> <span class='ocrx_word' id='word_1_24' title='bbox 1048 815 1294 898; x_wconf 87' lang='lat' dir='ltr'>plagas.</span> <span class='ocrx_word' id='word_1_25' title='bbox 1361 813 1551 878; x_wconf 72' lang='lat' dir='ltr'>Inter</span> <span class='ocrx_word' id='word_1_26' title='bbox 1593 826 1746 879; x_wconf 89' lang='lat' dir='ltr'>vota</span> <span class='ocrx_word' id='word_1_27' title='bbox 1793 825 1858 878; x_wconf 88' lang='lat' dir='ltr'>et</span> <span class='ocrx_word' id='word_1_28' title='bbox 1902 826 2265 898; x_wconf 87' lang='lat' dir='ltr'>spontanea</span> 
     </span>
     <span class='ocr_line' id='line_1_5' title="bbox 316 898 2263 982; baseline -0.001 -16"><span class='ocrx_word' id='word_1_29' title='bbox 316 902 636 967; x_wconf 89' lang='lat' dir='ltr'>sacrificia</span> <span class='ocrx_word' id='word_1_30' title='bbox 662 900 992 965; x_wconf 89' lang='lat' dir='ltr'>distinctio</span> <span class='ocrx_word' id='word_1_31' title='bbox 1028 911 1144 974; x_wconf 84' lang='lat' dir='ltr'>est,</span> <span class='ocrx_word' id='word_1_32' title='bbox 1182 900 1352 982; x_wconf 91' lang='lat' dir='ltr'>quod</span> <span class='ocrx_word' id='word_1_33' title='bbox 1393 901 1652 964; x_wconf 88' lang='lat' dir='ltr'>tametsi</span> <span class='ocrx_word' id='word_1_34' title='bbox 1690 910 1917 966; x_wconf 89' lang='lat' dir='ltr'>votum</span> <span class='ocrx_word' id='word_1_35' title='bbox 1954 900 2034 963; x_wconf 91' lang='lat' dir='ltr'>ab</span> <span class='ocrx_word' id='word_1_36' title='bbox 2070 898 2263 964; x_wconf 90' lang='lat' dir='ltr'>initio</span> 
     </span>
     <span class='ocr_line' id='line_1_6' title="bbox 315 984 2260 1072; baseline -0.003 -16"><span class='ocrx_word' id='word_1_37' title='bbox 315 997 549 1072; x_wconf 88' lang='lat' dir='ltr'>sponte</span> <span class='ocrx_word' id='word_1_38' title='bbox 607 988 1005 1069; x_wconf 87' lang='lat' dir='ltr'>concipitur,</span> <span class='ocrx_word' id='word_1_39' title='bbox 1063 996 1278 1069; x_wconf 89' lang='lat' dir='ltr'>potest</span> <span class='ocrx_word' id='word_1_40' title='bbox 1338 996 1554 1051; x_wconf 89' lang='lat' dir='ltr'>tamen</span> <span class='ocrx_word' id='word_1_41' title='bbox 1616 985 1841 1050; x_wconf 87' lang='lat' dir='ltr'>offerri</span> <span class='ocrx_word' id='word_1_42' title='bbox 1899 984 2069 1068; x_wconf 90' lang='lat' dir='ltr'>quod</span> <span class='ocrx_word' id='word_1_43' title='bbox 2130 1006 2260 1050; x_wconf 91' lang='lat' dir='ltr'>non</span> 
     </span>
     <span class='ocr_line' id='line_1_7' title="bbox 317 1070 2187 1156; baseline -0.003 -16"><span class='ocrx_word' id='word_1_44' title='bbox 317 1074 637 1140; x_wconf 88' lang='lat' dir='ltr'>vovimus.</span> <span class='ocrx_word' id='word_1_45' title='bbox 731 1073 831 1137; x_wconf 90' lang='lat' dir='ltr'>De</span> <span class='ocrx_word' id='word_1_46' title='bbox 874 1073 1334 1156; x_wconf 86' lang='lat' dir='ltr'>primogenitis</span> <span class='ocrx_word' id='word_1_47' title='bbox 1377 1073 1507 1136; x_wconf 88' lang='lat' dir='ltr'>iam</span> <span class='ocrx_word' id='word_1_48' title='bbox 1554 1086 1707 1136; x_wconf 81' lang='lat' dir='ltr'>ante</span> <span class='ocrx_word' id='word_1_49' title='bbox 1751 1071 1994 1136; x_wconf 89' lang='lat' dir='ltr'>dictum</span> <span class='ocrx_word' id='word_1_50' title='bbox 2044 1070 2187 1136; x_wconf 85' lang='lat' dir='ltr'>fuit.</span> 
     </span>
     <span class='ocr_line' id='line_1_8' title="bbox 491 1157 2255 1240; baseline -0.002 -16"><span class='ocrx_word' id='word_1_51' title='bbox 491 1160 549 1224; x_wconf 82' lang='lat'>7.</span> <span class='ocrx_word' id='word_1_52' title='bbox 599 1157 1054 1240; x_wconf 76' lang='lat' dir='ltr'>Comedetisque</span> <span class='ocrx_word' id='word_1_53' title='bbox 1111 1158 1215 1223; x_wconf 80' lang='lat' dir='ltr'>ibi.</span> <span class='ocrx_word' id='word_1_54' title='bbox 1305 1158 1651 1236; x_wconf 88' lang='lat' dir='ltr'>Videmus,</span> <span class='ocrx_word' id='word_1_55' title='bbox 1696 1157 2140 1223; x_wconf 89' lang='lat' dir='ltr'>sanctuarium</span> <span class='ocrx_word' id='word_1_56' title='bbox 2185 1157 2255 1221; x_wconf 91' lang='lat' dir='ltr'>in</span> 
     </span>
     <span class='ocr_line' id='line_1_9' title="bbox 315 1243 2256 1330; baseline -0.002 -19"><span class='ocrx_word' id='word_1_57' title='bbox 315 1268 441 1330; x_wconf 93' lang='lat' dir='ltr'>quo</span> <span class='ocrx_word' id='word_1_58' title='bbox 486 1267 557 1311; x_wconf 88' lang='lat' dir='ltr'>se</span> <span class='ocrx_word' id='word_1_59' title='bbox 592 1246 772 1310; x_wconf 91' lang='lat' dir='ltr'>Deus</span> <span class='ocrx_word' id='word_1_60' title='bbox 816 1244 1293 1320; x_wconf 84' lang='lat' dir='ltr'>manifestabat,</span> <span class='ocrx_word' id='word_1_61' title='bbox 1341 1244 1559 1310; x_wconf 88' lang='lat' dir='ltr'>vocari</span> <span class='ocrx_word' id='word_1_62' title='bbox 1606 1243 1745 1309; x_wconf 90' lang='lat' dir='ltr'>eius</span> <span class='ocrx_word' id='word_1_63' title='bbox 1791 1244 2043 1308; x_wconf 82' lang='lat' dir='ltr'>faciem.</span> <span class='ocrx_word' id='word_1_64' title='bbox 2110 1243 2256 1308; x_wconf 86' lang='lat' dir='ltr'>Etsi</span> 
     </span>
     <span class='ocr_line' id='line_1_10' title="bbox 314 1330 2256 1413; baseline -0.002 -15"><span class='ocrx_word' id='word_1_65' title='bbox 314 1334 491 1398; x_wconf 92' lang='lat' dir='ltr'>enim</span> <span class='ocrx_word' id='word_1_66' title='bbox 555 1330 855 1396; x_wconf 90' lang='lat' dir='ltr'>fidelibus</span> <span class='ocrx_word' id='word_1_67' title='bbox 924 1332 1321 1413; x_wconf 89' lang='lat' dir='ltr'>praecipitur</span> <span class='ocrx_word' id='word_1_68' title='bbox 1379 1339 1453 1395; x_wconf 89' lang='lat' dir='ltr'>ut</span> <span class='ocrx_word' id='word_1_69' title='bbox 1509 1351 1796 1413; x_wconf 87' lang='lat' dir='ltr'>semper,</span> <span class='ocrx_word' id='word_1_70' title='bbox 1869 1349 2256 1412; x_wconf 89' lang='lat' dir='ltr'>quocunque</span> 
     </span>
     <span class='ocr_line' id='line_1_11' title="bbox 312 1415 2255 1498; baseline -0.002 -15"><span class='ocrx_word' id='word_1_71' title='bbox 312 1420 379 1484; x_wconf 93' lang='lat' dir='ltr'>in</span> <span class='ocrx_word' id='word_1_72' title='bbox 452 1417 591 1483; x_wconf 92' lang='lat' dir='ltr'>loco</span> <span class='ocrx_word' id='word_1_73' title='bbox 660 1416 996 1495; x_wconf 84' lang='lat' dir='ltr'>habitent,</span> <span class='ocrx_word' id='word_1_74' title='bbox 1063 1438 1282 1482; x_wconf 88' lang='lat' dir='ltr'>coram</span> <span class='ocrx_word' id='word_1_75' title='bbox 1339 1416 1484 1481; x_wconf 92' lang='lat' dir='ltr'>Deo</span> <span class='ocrx_word' id='word_1_76' title='bbox 1541 1415 1908 1482; x_wconf 82' lang='lat' dir='ltr'><strong>ambulent:</strong></span> <span class='ocrx_word' id='word_1_77' title='bbox 1986 1416 2255 1498; x_wconf 90' lang='lat' dir='ltr'>propius</span> 
     </span>
     <span class='ocr_line' id='line_1_12' title="bbox 313 1500 2255 1585; baseline -0.003 -15"><span class='ocrx_word' id='word_1_78' title='bbox 313 1516 536 1570; x_wconf 88' lang='lat' dir='ltr'>tamen</span> <span class='ocrx_word' id='word_1_79' title='bbox 575 1514 641 1571; x_wconf 90' lang='lat' dir='ltr'>et</span> <span class='ocrx_word' id='word_1_80' title='bbox 677 1503 949 1585; x_wconf 90' lang='lat' dir='ltr'>speciali</span> <span class='ocrx_word' id='word_1_81' title='bbox 990 1501 1469 1584; x_wconf 84' lang='lat' dir='ltr'>quodammodo</span> <span class='ocrx_word' id='word_1_82' title='bbox 1515 1500 1842 1567; x_wconf 78' lang='lat' dir='ltr'>sistebant</span> <span class='ocrx_word' id='word_1_83' title='bbox 1884 1521 1954 1565; x_wconf 92' lang='lat' dir='ltr'>se</span> <span class='ocrx_word' id='word_1_84' title='bbox 1996 1502 2064 1565; x_wconf 91' lang='lat' dir='ltr'>in</span> <span class='ocrx_word' id='word_1_85' title='bbox 2111 1501 2255 1565; x_wconf 90' lang='lat' dir='ltr'>eius</span> 
     </span>
     <span class='ocr_line' id='line_1_13' title="bbox 309 1586 2250 1674; baseline -0.004 -18"><span class='ocrx_word' id='word_1_86' title='bbox 309 1599 728 1674; x_wconf 89' lang='lat' dir='ltr'>conspectum</span> <span class='ocrx_word' id='word_1_87' title='bbox 775 1610 977 1672; x_wconf 91' lang='lat' dir='ltr'>quum</span> <span class='ocrx_word' id='word_1_88' title='bbox 1023 1586 1104 1653; x_wconf 91' lang='lat' dir='ltr'>ad</span> <span class='ocrx_word' id='word_1_89' title='bbox 1150 1590 1593 1654; x_wconf 88' lang='lat' dir='ltr'>sanctuarium</span> <span class='ocrx_word' id='word_1_90' title='bbox 1639 1586 2038 1653; x_wconf 74' lang='lat' dir='ltr'>accederent.</span> <span class='ocrx_word' id='word_1_91' title='bbox 2130 1589 2250 1651; x_wconf 88' lang='lat' dir='ltr'>At-</span> 
     </span>
     <span class='ocr_line' id='line_1_14' title="bbox 310 1671 2254 1760; baseline -0.004 -18"><span class='ocrx_word' id='word_1_92' title='bbox 310 1698 435 1760; x_wconf 87' lang='lat' dir='ltr'>que</span> <span class='ocrx_word' id='word_1_93' title='bbox 480 1675 601 1741; x_wconf 89' lang='lat' dir='ltr'>hac</span> <span class='ocrx_word' id='word_1_94' title='bbox 646 1674 954 1757; x_wconf 90' lang='lat' dir='ltr'>loquendi</span> <span class='ocrx_word' id='word_1_95' title='bbox 998 1674 1210 1739; x_wconf 84' lang='lat' dir='ltr'>forma</span> <span class='ocrx_word' id='word_1_96' title='bbox 1253 1676 1585 1758; x_wconf 79' lang='lat' dir='ltr'>pigritiam</span> <span class='ocrx_word' id='word_1_97' title='bbox 1635 1673 1741 1738; x_wconf 92' lang='lat' dir='ltr'>vel</span> <span class='ocrx_word' id='word_1_98' title='bbox 1788 1671 2102 1738; x_wconf 78' lang='lat' dir='ltr'>desidiam</span> <span class='ocrx_word' id='word_1_99' title='bbox 2145 1692 2254 1755; x_wconf 87' lang='lat' dir='ltr'>po·</span> 
     </span>
     <span class='ocr_line' id='line_1_15' title="bbox 305 1758 2253 1847; baseline -0.002 -21"><span class='ocrx_word' id='word_1_100' title='bbox 305 1763 449 1847; x_wconf 89' lang='lat' dir='ltr'>puli</span> <span class='ocrx_word' id='word_1_101' title='bbox 485 1764 729 1827; x_wconf 84' lang='lat' dir='ltr'>excitat</span> <span class='ocrx_word' id='word_1_102' title='bbox 749 1760 952 1831; x_wconf 88' lang='lat' dir='ltr'>Deus.</span> <span class='ocrx_word' id='word_1_103' title='bbox 978 1782 1063 1824; x_wconf 92' lang='lat' dir='ltr'>ne</span> <span class='ocrx_word' id='word_1_104' title='bbox 1098 1761 1443 1826; x_wconf 87' lang='lat' dir='ltr'>molestum</span> <span class='ocrx_word' id='word_1_105' title='bbox 1483 1762 1570 1826; x_wconf 89' lang='lat' dir='ltr'>sit</span> <span class='ocrx_word' id='word_1_106' title='bbox 1603 1758 2012 1825; x_wconf 85' lang='lat' dir='ltr'>sacrificandi</span> <span class='ocrx_word' id='word_1_107' title='bbox 2055 1779 2253 1824; x_wconf 84' lang='lat' dir='ltr'>causa</span> 
     </span>
     <span class='ocr_line' id='line_1_16' title="bbox 306 1846 2247 1930; baseline -0.003 -17"><span class='ocrx_word' id='word_1_108' title='bbox 306 1849 391 1914; x_wconf 89' lang='lat' dir='ltr'>ad</span> <span class='ocrx_word' id='word_1_109' title='bbox 428 1870 645 1914; x_wconf 89' lang='lat' dir='ltr'>arcam</span> <span class='ocrx_word' id='word_1_110' title='bbox 682 1847 960 1912; x_wconf 86' lang='lat' dir='ltr'>foederis</span> <span class='ocrx_word' id='word_1_111' title='bbox 1001 1847 1238 1923; x_wconf 87' lang='lat' dir='ltr'>venire,</span> <span class='ocrx_word' id='word_1_112' title='bbox 1285 1847 1436 1930; x_wconf 89' lang='lat' dir='ltr'>quia</span> <span class='ocrx_word' id='word_1_113' title='bbox 1472 1846 1761 1910; x_wconf 89' lang='lat' dir='ltr'>laborem</span> <span class='ocrx_word' id='word_1_114' title='bbox 1799 1856 1866 1910; x_wconf 92' lang='lat' dir='ltr'>et</span> <span class='ocrx_word' id='word_1_115' title='bbox 1910 1854 2247 1927; x_wconf 89' lang='lat' dir='ltr'>sumptum</span> 
     </span>
     <span class='ocr_line' id='line_1_17' title="bbox 305 1930 2249 2014; baseline -0.003 -15"><span class='ocrx_word' id='word_1_116' title='bbox 305 1935 561 2001; x_wconf 86' lang='lat' dir='ltr'>itineris</span> <span class='ocrx_word' id='word_1_117' title='bbox 596 1933 1071 1998; x_wconf 80' lang='lat' dir='ltr'>inaestimabile</span> <span class='ocrx_word' id='word_1_118' title='bbox 1106 1932 1280 1998; x_wconf 90' lang='lat' dir='ltr'>istud</span> <span class='ocrx_word' id='word_1_119' title='bbox 1325 1935 1564 1998; x_wconf 89' lang='lat' dir='ltr'>bonum</span> <span class='ocrx_word' id='word_1_120' title='bbox 1611 1940 2001 2014; x_wconf 78' lang='lat' dir='ltr'>compenset.</span> <span class='ocrx_word' id='word_1_121' title='bbox 2073 1930 2249 1995; x_wconf 87' lang='lat' dir='ltr'>Alibi</span> 
     </span>
     <span class='ocr_line' id='line_1_18' title="bbox 302 2016 2248 2101; baseline -0.004 -15"><span class='ocrx_word' id='word_1_122' title='bbox 302 2030 527 2086; x_wconf 81' lang='lat' dir='ltr'>autem</span> <span class='ocrx_word' id='word_1_123' title='bbox 590 2019 809 2097; x_wconf 82' lang='lat' dir='ltr'>docui,</span> <span class='ocrx_word' id='word_1_124' title='bbox 873 2020 982 2084; x_wconf 90' lang='lat' dir='ltr'>ubi</span> <span class='ocrx_word' id='word_1_125' title='bbox 1040 2039 1252 2084; x_wconf 90' lang='lat' dir='ltr'>coram</span> <span class='ocrx_word' id='word_1_126' title='bbox 1306 2018 1437 2083; x_wconf 90' lang='lat' dir='ltr'>Deo</span> <span class='ocrx_word' id='word_1_127' title='bbox 1482 2018 1734 2101; x_wconf 90' lang='lat' dir='ltr'>epulari</span> <span class='ocrx_word' id='word_1_128' title='bbox 1782 2017 2090 2084; x_wconf 88' lang='lat' dir='ltr'>dicuntur</span> <span class='ocrx_word' id='word_1_129' title='bbox 2136 2016 2248 2080; x_wconf 90' lang='lat' dir='ltr'>ho-</span> 
     </span>
     <span class='ocr_line' id='line_1_19' title="bbox 297 2101 2250 2187; baseline -0.004 -14"><span class='ocrx_word' id='word_1_130' title='bbox 297 2109 550 2183; x_wconf 88' lang='lat' dir='ltr'>mines,</span> <span class='ocrx_word' id='word_1_131' title='bbox 609 2106 733 2172; x_wconf 85' lang='lat' dir='ltr'>hac</span> <span class='ocrx_word' id='word_1_132' title='bbox 791 2118 946 2171; x_wconf 88' lang='lat' dir='ltr'>nota</span> <span class='ocrx_word' id='word_1_133' title='bbox 991 2106 1269 2171; x_wconf 86' lang='lat' dir='ltr'>discerni</span> <span class='ocrx_word' id='word_1_134' title='bbox 1315 2125 1533 2171; x_wconf 88' lang='lat' dir='ltr'>sacras</span> <span class='ocrx_word' id='word_1_135' title='bbox 1579 2104 1802 2187; x_wconf 90' lang='lat' dir='ltr'>epulas</span> <span class='ocrx_word' id='word_1_136' title='bbox 1848 2124 1886 2167; x_wconf 88' lang='lat' dir='ltr'>a</span> <span class='ocrx_word' id='word_1_137' title='bbox 1930 2101 2250 2186; x_wconf 88' lang='lat' dir='ltr'>quotidia-</span> 
     </span>
     <span class='ocr_line' id='line_1_20' title="bbox 296 2187 2246 2274; baseline -0.005 -15"><span class='ocrx_word' id='word_1_138' title='bbox 296 2195 410 2259; x_wconf 83' lang='lat' dir='ltr'>nis</span> <span class='ocrx_word' id='word_1_139' title='bbox 452 2195 700 2269; x_wconf 89' lang='lat' dir='ltr'>coenis,</span> <span class='ocrx_word' id='word_1_140' title='bbox 766 2192 867 2256; x_wconf 92' lang='lat' dir='ltr'>vel</span> <span class='ocrx_word' id='word_1_141' title='bbox 912 2190 1222 2274; x_wconf 83' lang='lat' dir='ltr'>prandiis.</span> <span class='ocrx_word' id='word_1_142' title='bbox 1314 2191 1475 2256; x_wconf 84' lang='lat' dir='ltr'>Fuit</span> <span class='ocrx_word' id='word_1_143' title='bbox 1518 2193 1692 2254; x_wconf 90' lang='lat' dir='ltr'>enim</span> <span class='ocrx_word' id='word_1_144' title='bbox 1740 2188 1899 2255; x_wconf 89' lang='lat' dir='ltr'>haec</span> <span class='ocrx_word' id='word_1_145' title='bbox 1945 2187 2246 2253; x_wconf 88' lang='lat' dir='ltr'>sacrificii</span> 
     </span>
     <span class='ocr_line' id='line_1_21' title="bbox 294 2272 2241 2360; baseline -0.004 -14"><span class='ocrx_word' id='word_1_146' title='bbox 294 2279 607 2359; x_wconf 77' lang='lat' dir='ltr'>accessio,</span> <span class='ocrx_word' id='word_1_147' title='bbox 653 2278 823 2360; x_wconf 88' lang='lat' dir='ltr'>quod</span> <span class='ocrx_word' id='word_1_148' title='bbox 872 2277 1206 2343; x_wconf 87' lang='lat' dir='ltr'>residuum</span> <span class='ocrx_word' id='word_1_149' title='bbox 1251 2288 1392 2342; x_wconf 90' lang='lat' dir='ltr'>erat</span> <span class='ocrx_word' id='word_1_150' title='bbox 1434 2298 1517 2342; x_wconf 90' lang='lat' dir='ltr'>ex</span> <span class='ocrx_word' id='word_1_151' title='bbox 1562 2277 1828 2341; x_wconf 87' lang='lat' dir='ltr'>victima</span> <span class='ocrx_word' id='word_1_152' title='bbox 1873 2272 2241 2340; x_wconf 87' lang='lat' dir='ltr'>comedere:</span> 
     </span>
     <span class='ocr_line' id='line_1_22' title="bbox 293 2360 2240 2443; baseline -0.004 -12"><span class='ocrx_word' id='word_1_153' title='bbox 293 2375 372 2432; x_wconf 79' lang='lat' dir='ltr'>et</span> <span class='ocrx_word' id='word_1_154' title='bbox 414 2365 538 2431; x_wconf 86' lang='lat' dir='ltr'>hoc</span> <span class='ocrx_word' id='word_1_155' title='bbox 582 2363 775 2429; x_wconf 90' lang='lat' dir='ltr'>modo</span> <span class='ocrx_word' id='word_1_156' title='bbox 818 2364 1062 2429; x_wconf 88' lang='lat' dir='ltr'>fiebant</span> <span class='ocrx_word' id='word_1_157' title='bbox 1107 2367 1425 2429; x_wconf 88' lang='lat' dir='ltr'>convivae</span> <span class='ocrx_word' id='word_1_158' title='bbox 1468 2361 1815 2428; x_wconf 89' lang='lat' dir='ltr'>oblationis</span> <span class='ocrx_word' id='word_1_159' title='bbox 1859 2360 2240 2443; x_wconf 87' lang='lat' dir='ltr'>participes:</span> 
     </span>
     <span class='ocr_line' id='line_1_23' title="bbox 291 2448 2240 2535; baseline -0.003 -19"><span class='ocrx_word' id='word_1_160' title='bbox 291 2472 499 2535; x_wconf 87' lang='lat' dir='ltr'>quem</span> <span class='ocrx_word' id='word_1_161' title='bbox 555 2472 802 2515; x_wconf 89' lang='lat' dir='ltr'>morem</span> <span class='ocrx_word' id='word_1_162' title='bbox 862 2451 1152 2514; x_wconf 85' lang='lat' dir='ltr'>imitatae</span> <span class='ocrx_word' id='word_1_163' title='bbox 1194 2459 1350 2515; x_wconf 87' lang='lat' dir='ltr'>sunt</span> <span class='ocrx_word' id='word_1_164' title='bbox 1393 2450 1587 2514; x_wconf 85' lang='lat' dir='ltr'>etiam</span> <span class='ocrx_word' id='word_1_165' title='bbox 1634 2448 1946 2530; x_wconf 85' lang='lat' dir='ltr'>profanae</span> <span class='ocrx_word' id='word_1_166' title='bbox 1988 2456 2240 2530; x_wconf 88' lang='lat' dir='ltr'>gentes,</span> 
     </span>
     <span class='ocr_line' id='line_1_24' title="bbox 291 2532 2236 2621; baseline -0.004 -17"><span class='ocrx_word' id='word_1_167' title='bbox 291 2538 416 2604; x_wconf 79' lang='lat' dir='ltr'>sed</span> <span class='ocrx_word' id='word_1_168' title='bbox 472 2557 838 2621; x_wconf 86' lang='lat' dir='ltr'>perperam.</span> <span class='ocrx_word' id='word_1_169' title='bbox 927 2537 1188 2601; x_wconf 84' lang='lat' dir='ltr'>Rursus</span> <span class='ocrx_word' id='word_1_170' title='bbox 1246 2536 1520 2600; x_wconf 89' lang='lat' dir='ltr'>comiter</span> <span class='ocrx_word' id='word_1_171' title='bbox 1573 2556 1682 2600; x_wconf 85' lang='lat' dir='ltr'>eos</span> <span class='ocrx_word' id='word_1_172' title='bbox 1736 2533 1977 2599; x_wconf 89' lang='lat' dir='ltr'>invitat</span> <span class='ocrx_word' id='word_1_173' title='bbox 2032 2532 2236 2610; x_wconf 90' lang='lat' dir='ltr'>Deus,</span> 
     </span>
     <span class='ocr_line' id='line_1_25' title="bbox 289 2619 2238 2708; baseline -0.003 -19"><span class='ocrx_word' id='word_1_174' title='bbox 289 2645 502 2708; x_wconf 90' lang='lat' dir='ltr'>quum</span> <span class='ocrx_word' id='word_1_175' title='bbox 539 2621 720 2688; x_wconf 89' lang='lat' dir='ltr'>dicit:</span> <span class='ocrx_word' id='word_1_176' title='bbox 750 2621 1191 2687; x_wconf 88' lang='lat' dir='ltr'>Laetabimini</span> <span class='ocrx_word' id='word_1_177' title='bbox 1226 2621 1297 2685; x_wconf 91' lang='lat' dir='ltr'>in</span> <span class='ocrx_word' id='word_1_178' title='bbox 1334 2620 1511 2685; x_wconf 87' lang='lat' dir='ltr'>omni</span> <span class='ocrx_word' id='word_1_179' title='bbox 1548 2619 1982 2704; x_wconf 78' lang='lat' dir='ltr'>applicatione</span> <span class='ocrx_word' id='word_1_180' title='bbox 2006 2637 2238 2683; x_wconf 90' lang='lat' dir='ltr'>manus</span> 
     </span>
     <span class='ocr_line' id='line_1_26' title="bbox 291 2702 2234 2790; baseline -0.006 -13"><span class='ocrx_word' id='word_1_181' title='bbox 291 2724 576 2777; x_wconf 88' lang='lat' dir='ltr'>vestrae.</span> <span class='ocrx_word' id='word_1_182' title='bbox 644 2708 775 2773; x_wconf 87' lang='lat' dir='ltr'>Pro</span> <span class='ocrx_word' id='word_1_183' title='bbox 812 2728 941 2790; x_wconf 92' lang='lat' dir='ltr'>quo</span> <span class='ocrx_word' id='word_1_184' title='bbox 979 2708 1087 2772; x_wconf 87' lang='lat' dir='ltr'>alii</span> <span class='ocrx_word' id='word_1_185' title='bbox 1125 2707 1438 2772; x_wconf 81' lang='lat' dir='ltr'>reddunt.-</span> <span class='ocrx_word' id='word_1_186' title='bbox 1476 2707 1561 2772; x_wconf 90' lang='lat' dir='ltr'>In</span> <span class='ocrx_word' id='word_1_187' title='bbox 1597 2705 1779 2771; x_wconf 91' lang='lat' dir='ltr'>omni</span> <span class='ocrx_word' id='word_1_188' title='bbox 1814 2725 1885 2769; x_wconf 90' lang='lat' dir='ltr'>re</span> <span class='ocrx_word' id='word_1_189' title='bbox 1920 2702 2001 2768; x_wconf 89' lang='lat' dir='ltr'>ad</span> <span class='ocrx_word' id='word_1_190' title='bbox 2039 2724 2234 2787; x_wconf 90' lang='lat' dir='ltr'>quam</span> 
     </span>
     <span class='ocr_line' id='line_1_27' title="bbox 288 2789 2235 2861; baseline -0.004 -1"><span class='ocrx_word' id='word_1_191' title='bbox 288 2795 607 2861; x_wconf 87' lang='lat' dir='ltr'>miseritis</span> <span class='ocrx_word' id='word_1_192' title='bbox 643 2815 911 2859; x_wconf 87' lang='lat' dir='ltr'>manum</span> <span class='ocrx_word' id='word_1_193' title='bbox 947 2804 1256 2859; x_wconf 86' lang='lat' dir='ltr'>vestram.</span> <span class='ocrx_word' id='word_1_194' title='bbox 1305 2792 1408 2858; x_wconf 89' lang='lat' dir='ltr'>Ad</span> <span class='ocrx_word' id='word_1_195' title='bbox 1447 2792 1724 2858; x_wconf 89' lang='lat' dir='ltr'>verbum</span> <span class='ocrx_word' id='word_1_196' title='bbox 1761 2799 1887 2858; x_wconf 85' lang='lat' dir='ltr'>est:</span> <span class='ocrx_word' id='word_1_197' title='bbox 1927 2789 2010 2854; x_wconf 91' lang='lat' dir='ltr'>In</span> <span class='ocrx_word' id='word_1_198' title='bbox 2047 2789 2235 2854; x_wconf 90' lang='lat' dir='ltr'>emis·</span> 
     </span>
     <span class='ocr_line' id='line_1_28' title="bbox 289 2874 2235 2961; baseline -0.004 -14"><span class='ocrx_word' id='word_1_199' title='bbox 289 2884 479 2948; x_wconf 91' lang='lat' dir='ltr'>sione</span> <span class='ocrx_word' id='word_1_200' title='bbox 556 2900 809 2945; x_wconf 89' lang='lat' dir='ltr'>manus.</span> <span class='ocrx_word' id='word_1_201' title='bbox 919 2879 999 2944; x_wconf 92' lang='lat' dir='ltr'>In</span> <span class='ocrx_word' id='word_1_202' title='bbox 1066 2901 1265 2944; x_wconf 87' lang='lat' dir='ltr'>sensu</span> <span class='ocrx_word' id='word_1_203' title='bbox 1329 2878 1513 2943; x_wconf 91' lang='lat' dir='ltr'>nulla</span> <span class='ocrx_word' id='word_1_204' title='bbox 1576 2877 1998 2961; x_wconf 86' lang='lat' dir='ltr'>ambiguitas:</span> <span class='ocrx_word' id='word_1_205' title='bbox 2078 2874 2235 2958; x_wconf 90' lang='lat' dir='ltr'>quia</span> 
     </span>
     <span class='ocr_line' id='line_1_29' title="bbox 288 2963 2229 3051; baseline -0.005 -18"><span class='ocrx_word' id='word_1_206' title='bbox 288 2989 494 3051; x_wconf 89' lang='lat' dir='ltr'>opera</span> <span class='ocrx_word' id='word_1_207' title='bbox 548 2966 875 3050; x_wconf 89' lang='lat' dir='ltr'>significat</span> <span class='ocrx_word' id='word_1_208' title='bbox 926 2986 1093 3049; x_wconf 89' lang='lat' dir='ltr'>quae</span> <span class='ocrx_word' id='word_1_209' title='bbox 1139 2976 1390 3030; x_wconf 89' lang='lat' dir='ltr'>motum</span> <span class='ocrx_word' id='word_1_210' title='bbox 1435 2977 1502 3030; x_wconf 89' lang='lat' dir='ltr'>et</span> <span class='ocrx_word' id='word_1_211' title='bbox 1547 2963 2044 3047; x_wconf 88' lang='lat' dir='ltr'>applicationem</span> <span class='ocrx_word' id='word_1_212' title='bbox 2093 2981 2229 3025; x_wconf 91' lang='lat' dir='ltr'>ma-</span> 
     </span>
     <span class='ocr_line' id='line_1_30' title="bbox 284 3047 2230 3136; baseline -0.004 -16"><span class='ocrx_word' id='word_1_213' title='bbox 284 3077 497 3120; x_wconf 89' lang='lat' dir='ltr'>nuum</span> <span class='ocrx_word' id='word_1_214' title='bbox 565 3053 926 3136; x_wconf 88' lang='lat' dir='ltr'>requirunt.</span> <span class='ocrx_word' id='word_1_215' title='bbox 1042 3051 1248 3118; x_wconf 87' lang='lat' dir='ltr'>Paulo</span> <span class='ocrx_word' id='word_1_216' title='bbox 1315 3059 1461 3135; x_wconf 90' lang='lat' dir='ltr'>post</span> <span class='ocrx_word' id='word_1_217' title='bbox 1526 3051 1635 3118; x_wconf 90' lang='lat' dir='ltr'>ubi</span> <span class='ocrx_word' id='word_1_218' title='bbox 1703 3051 1902 3116; x_wconf 86' lang='lat' dir='ltr'>verti:</span> <span class='ocrx_word' id='word_1_219' title='bbox 1973 3047 2230 3129; x_wconf 80' lang='lat' dir='ltr'>Quibus</span> 
     </span>
     <span class='ocr_line' id='line_1_31' title="bbox 285 3133 2227 3223; baseline -0.005 -17"><span class='ocrx_word' id='word_1_220' title='bbox 285 3140 739 3219; x_wconf 84' lang='lat' dir='ltr'>benedixerit,</span> <span class='ocrx_word' id='word_1_221' title='bbox 781 3139 1084 3204; x_wconf 89' lang='lat' dir='ltr'>inserunt</span> <span class='ocrx_word' id='word_1_222' title='bbox 1127 3138 1673 3223; x_wconf 86' lang='lat' dir='ltr'>praepositionem</span> <span class='ocrx_word' id='word_1_223' title='bbox 1719 3136 1831 3216; x_wconf 93' lang='lat' dir='ltr'>In,</span> <span class='ocrx_word' id='word_1_224' title='bbox 1879 3146 1945 3201; x_wconf 85' lang='lat' dir='ltr'>et</span> <span class='ocrx_word' id='word_1_225' title='bbox 1988 3133 2227 3200; x_wconf 86' lang='lat' dir='ltr'>subau-</span> 
     </span>
     <span class='ocr_line' id='line_1_32' title="bbox 286 3218 2226 3309; baseline -0.005 -17"><span class='ocrx_word' id='word_1_226' title='bbox 286 3227 482 3292; x_wconf 86' lang='lat' dir='ltr'>diunt</span> <span class='ocrx_word' id='word_1_227' title='bbox 518 3226 683 3291; x_wconf 82' lang='lat' dir='ltr'>Tibi.</span> <span class='ocrx_word' id='word_1_228' title='bbox 747 3225 1000 3290; x_wconf 88' lang='lat' dir='ltr'>Verum</span> <span class='ocrx_word' id='word_1_229' title='bbox 1038 3226 1281 3309; x_wconf 90' lang='lat' dir='ltr'>optime</span> <span class='ocrx_word' id='word_1_230' title='bbox 1325 3224 1652 3302; x_wconf 88' lang='lat' dir='ltr'>convenit,</span> <span class='ocrx_word' id='word_1_231' title='bbox 1699 3221 1916 3288; x_wconf 92' lang='lat' dir='ltr'>Deum</span> <span class='ocrx_word' id='word_1_232' title='bbox 1963 3218 2226 3286; x_wconf 81' lang='lat' dir='ltr'>benedi-</span> 
     </span>
     <span class='ocr_line' id='line_1_33' title="bbox 283 3306 2223 3395; baseline -0.005 -16"><span class='ocrx_word' id='word_1_233' title='bbox 283 3334 439 3380; x_wconf 87' lang='lat' dir='ltr'>cere</span> <span class='ocrx_word' id='word_1_234' title='bbox 497 3311 831 3394; x_wconf 87' lang='lat' dir='ltr'>operibus,</span> <span class='ocrx_word' id='word_1_235' title='bbox 885 3332 1255 3395; x_wconf 88' lang='lat' dir='ltr'>quanquam</span> <span class='ocrx_word' id='word_1_236' title='bbox 1313 3319 1379 3375; x_wconf 89' lang='lat' dir='ltr'>et</span> <span class='ocrx_word' id='word_1_237' title='bbox 1432 3310 1512 3374; x_wconf 89' lang='lat' dir='ltr'>de</span> <span class='ocrx_word' id='word_1_238' title='bbox 1558 3309 1822 3375; x_wconf 87' lang='lat' dir='ltr'>familiis</span> <span class='ocrx_word' id='word_1_239' title='bbox 1865 3316 2080 3392; x_wconf 90' lang='lat' dir='ltr'>potest</span> <span class='ocrx_word' id='word_1_240' title='bbox 2122 3306 2223 3369; x_wconf 91' lang='lat' dir='ltr'>in-</span> 
     </span>
     <span class='ocr_line' id='line_1_34' title="bbox 284 3394 2223 3485; baseline -0.004 -22"><span class='ocrx_word' id='word_1_241' title='bbox 284 3397 589 3485; x_wconf 80' lang='lat' dir='ltr'>telngi1).</span> <span class='ocrx_word' id='word_1_242' title='bbox 659 3396 855 3478; x_wconf 80' lang='lat' dir='ltr'>Quod</span> <span class='ocrx_word' id='word_1_243' title='bbox 890 3396 1174 3463; x_wconf 88' lang='lat' dir='ltr'>decimas</span> <span class='ocrx_word' id='word_1_244' title='bbox 1209 3395 1459 3461; x_wconf 90' lang='lat' dir='ltr'>comedi</span> <span class='ocrx_word' id='word_1_245' title='bbox 1495 3396 1677 3461; x_wconf 92' lang='lat' dir='ltr'>iubet</span> <span class='ocrx_word' id='word_1_246' title='bbox 1720 3396 1789 3461; x_wconf 92' lang='lat' dir='ltr'>in</span> <span class='ocrx_word' id='word_1_247' title='bbox 1835 3394 1975 3459; x_wconf 89' lang='lat' dir='ltr'>loco</span> <span class='ocrx_word' id='word_1_248' title='bbox 2020 3412 2223 3468; x_wconf 88' lang='lat' dir='ltr'>sacro,</span> 
     </span>
     <span class='ocr_line' id='line_1_35' title="bbox 280 3481 2225 3566; baseline -0.005 -16"><span class='ocrx_word' id='word_1_249' title='bbox 280 3506 421 3550; x_wconf 91' lang='lat' dir='ltr'>non</span> <span class='ocrx_word' id='word_1_250' title='bbox 458 3483 738 3549; x_wconf 86' lang='lat' dir='ltr'>extendo</span> <span class='ocrx_word' id='word_1_251' title='bbox 775 3481 856 3547; x_wconf 91' lang='lat' dir='ltr'>ad</span> <span class='ocrx_word' id='word_1_252' title='bbox 902 3505 1110 3566; x_wconf 87' lang='lat' dir='ltr'>genus</span> <span class='ocrx_word' id='word_1_253' title='bbox 1154 3484 1398 3566; x_wconf 91' lang='lat' dir='ltr'>ipsum:</span> <span class='ocrx_word' id='word_1_254' title='bbox 1446 3484 1599 3566; x_wconf 91' lang='lat' dir='ltr'>quia</span> <span class='ocrx_word' id='word_1_255' title='bbox 1642 3482 1911 3547; x_wconf 91' lang='lat' dir='ltr'>minime</span> <span class='ocrx_word' id='word_1_256' title='bbox 1953 3498 2225 3546; x_wconf 88' lang='lat' dir='ltr'>consen·</span> 
     </span>
     <span class='ocr_line' id='line_1_36' title="bbox 279 3567 2227 3652; baseline -0.004 -17"><span class='ocrx_word' id='word_1_257' title='bbox 279 3579 554 3635; x_wconf 83' lang='lat' dir='ltr'>tansum</span> <span class='ocrx_word' id='word_1_258' title='bbox 610 3569 840 3634; x_wconf 82' lang='lat' dir='ltr'>fuisset</span> <span class='ocrx_word' id='word_1_259' title='bbox 896 3571 1139 3636; x_wconf 90' lang='lat' dir='ltr'>victum</span> <span class='ocrx_word' id='word_1_260' title='bbox 1186 3590 1412 3634; x_wconf 90' lang='lat' dir='ltr'>eorum</span> <span class='ocrx_word' id='word_1_261' title='bbox 1458 3570 1571 3652; x_wconf 91' lang='lat' dir='ltr'>qui</span> <span class='ocrx_word' id='word_1_262' title='bbox 1615 3589 1732 3651; x_wconf 92' lang='lat' dir='ltr'>per</span> <span class='ocrx_word' id='word_1_263' title='bbox 1775 3567 2073 3631; x_wconf 89' lang='lat' dir='ltr'>diversas</span> <span class='ocrx_word' id='word_1_264' title='bbox 2116 3585 2227 3629; x_wconf 91' lang='lat' dir='ltr'>ur·</span> 
     </span>
     <span class='ocr_line' id='line_1_37' title="bbox 278 3652 2228 3739; baseline -0.005 -17"><span class='ocrx_word' id='word_1_265' title='bbox 278 3656 403 3722; x_wconf 88' lang='lat' dir='ltr'>bes</span> <span class='ocrx_word' id='word_1_266' title='bbox 458 3655 667 3739; x_wconf 86' lang='lat' dir='ltr'>sparsi</span> <span class='ocrx_word' id='word_1_267' title='bbox 727 3665 917 3719; x_wconf 88' lang='lat' dir='ltr'>erant</span> <span class='ocrx_word' id='word_1_268' title='bbox 968 3656 1039 3720; x_wconf 88' lang='lat' dir='ltr'>in</span> <span class='ocrx_word' id='word_1_269' title='bbox 1102 3655 1391 3724; x_wconf 87' lang='lat' dir='ltr'>alienum</span> <span class='ocrx_word' id='word_1_270' title='bbox 1449 3654 1662 3720; x_wconf 90' lang='lat' dir='ltr'>locum</span> <span class='ocrx_word' id='word_1_271' title='bbox 1723 3652 2094 3730; x_wconf 84' lang='lat' dir='ltr'>transferri,</span> <span class='ocrx_word' id='word_1_272' title='bbox 2155 3656 2228 3714; x_wconf 92' lang='lat' dir='ltr'>ut</span> 
     </span>
     <span class='ocr_line' id='line_1_38' title="bbox 277 3735 2228 3825; baseline -0.005 -16"><span class='ocrx_word' id='word_1_273' title='bbox 277 3743 503 3809; x_wconf 88' lang='lat' dir='ltr'>esurie</span> <span class='ocrx_word' id='word_1_274' title='bbox 539 3742 856 3824; x_wconf 91' lang='lat' dir='ltr'>perirent:</span> <span class='ocrx_word' id='word_1_275' title='bbox 902 3741 1015 3807; x_wconf 88' lang='lat' dir='ltr'>sed</span> <span class='ocrx_word' id='word_1_276' title='bbox 1061 3741 1459 3825; x_wconf 89' lang='lat' dir='ltr'>interpretor</span> <span class='ocrx_word' id='word_1_277' title='bbox 1506 3740 1585 3805; x_wconf 94' lang='lat' dir='ltr'>de</span> <span class='ocrx_word' id='word_1_278' title='bbox 1621 3737 1924 3805; x_wconf 89' lang='lat' dir='ltr'>secundis</span> <span class='ocrx_word' id='word_1_279' title='bbox 1960 3735 2228 3803; x_wconf 86' lang='lat' dir='ltr'>decimis</span> 
     </span>
     <span class='ocr_line' id='line_1_39' title="bbox 278 3822 2225 3913; baseline -0.005 -19"><span class='ocrx_word' id='word_1_280' title='bbox 278 3850 450 3913; x_wconf 87' lang='lat' dir='ltr'>quas</span> <span class='ocrx_word' id='word_1_281' title='bbox 495 3827 881 3910; x_wconf 87' lang='lat' dir='ltr'>separabant</span> <span class='ocrx_word' id='word_1_282' title='bbox 905 3827 1183 3893; x_wconf 85' lang='lat' dir='ltr'>Levitae</span> <span class='ocrx_word' id='word_1_283' title='bbox 1227 3837 1302 3892; x_wconf 91' lang='lat' dir='ltr'>ut</span> <span class='ocrx_word' id='word_1_284' title='bbox 1344 3838 1566 3892; x_wconf 89' lang='lat' dir='ltr'>essent</span> <span class='ocrx_word' id='word_1_285' title='bbox 1608 3847 1792 3891; x_wconf 87' lang='lat' dir='ltr'>sacra</span> <span class='ocrx_word' id='word_1_286' title='bbox 1836 3836 1902 3889; x_wconf 93' lang='lat' dir='ltr'>et</span> <span class='ocrx_word' id='word_1_287' title='bbox 1945 3822 2225 3907; x_wconf 89' lang='lat' dir='ltr'>peculia-</span> 
     </span>
     <span class='ocr_line' id='line_1_40' title="bbox 277 3908 2225 3995; baseline -0.004 -17"><span class='ocrx_word' id='word_1_288' title='bbox 277 3916 380 3979; x_wconf 87' lang='lat' dir='ltr'>ris</span> <span class='ocrx_word' id='word_1_289' title='bbox 440 3913 702 3979; x_wconf 82' lang='lat' dir='ltr'>oblatio,</span> <span class='ocrx_word' id='word_1_290' title='bbox 793 3912 968 3977; x_wconf 86' lang='lat' dir='ltr'>Alibi</span> <span class='ocrx_word' id='word_1_291' title='bbox 1028 3913 1204 3977; x_wconf 88' lang='lat' dir='ltr'>enim</span> <span class='ocrx_word' id='word_1_292' title='bbox 1264 3912 1629 3978; x_wconf 87' lang='lat' dir='ltr'>videbimus</span> <span class='ocrx_word' id='word_1_293' title='bbox 1675 3911 1844 3995; x_wconf 88' lang='lat' dir='ltr'>quod</span> <span class='ocrx_word' id='word_1_294' title='bbox 1893 3908 2225 3975; x_wconf 89' lang='lat' dir='ltr'>residuum</span> 
     </span>
     <span class='ocr_line' id='line_1_41' title="bbox 279 3994 2228 4080; baseline -0.005 -14"><span class='ocrx_word' id='word_1_295' title='bbox 279 4010 430 4066; x_wconf 88' lang='lat' dir='ltr'>erat</span> <span class='ocrx_word' id='word_1_296' title='bbox 452 3999 792 4065; x_wconf 79' lang='lat' dir='ltr'>transiisse</span> <span class='ocrx_word' id='word_1_297' title='bbox 814 4000 883 4062; x_wconf 90' lang='lat' dir='ltr'>in</span> <span class='ocrx_word' id='word_1_298' title='bbox 910 4009 1211 4064; x_wconf 89' lang='lat' dir='ltr'>naturam</span> <span class='ocrx_word' id='word_1_299' title='bbox 1237 4000 1606 4065; x_wconf 86' lang='lat' dir='ltr'>communis</span> <span class='ocrx_word' id='word_1_300' title='bbox 1626 4009 2019 4080; x_wconf 90' lang='lat' dir='ltr'>proventus:</span> <span class='ocrx_word' id='word_1_301' title='bbox 2060 4015 2136 4059; x_wconf 92' lang='lat' dir='ltr'>ac</span> <span class='ocrx_word' id='word_1_302' title='bbox 2170 3994 2228 4058; x_wconf 91' lang='lat' dir='ltr'>si</span> 
     </span>
     <span class='ocr_line' id='line_1_42' title="bbox 275 4082 2223 4167; baseline -0.004 -15"><span class='ocrx_word' id='word_1_303' title='bbox 275 4087 565 4152; x_wconf 86' lang='lat' dir='ltr'>Levitae</span> <span class='ocrx_word' id='word_1_304' title='bbox 584 4107 667 4149; x_wconf 91' lang='lat' dir='ltr'>ex</span> <span class='ocrx_word' id='word_1_305' title='bbox 690 4087 825 4151; x_wconf 92' lang='lat' dir='ltr'>suis</span> <span class='ocrx_word' id='word_1_306' title='bbox 847 4085 1366 4167; x_wconf 86' lang='lat' dir='ltr'>possessionibus</span> <span class='ocrx_word' id='word_1_307' title='bbox 1391 4101 1769 4167; x_wconf 87' lang='lat' dir='ltr'>perceptum</span> <span class='ocrx_word' id='word_1_308' title='bbox 1792 4082 2223 4148; x_wconf 87' lang='lat' dir='ltr'>comederent.</span> 
     </span>
     <span class='ocr_line' id='line_1_43' title="bbox 460 4166 2226 4254; baseline -0.005 -17"><span class='ocrx_word' id='word_1_309' title='bbox 460 4172 518 4238; x_wconf 87' lang='grc'>8.</span> <span class='ocrx_word' id='word_1_310' title='bbox 572 4172 712 4236; x_wconf 83' lang='lat' dir='ltr'>Non</span> <span class='ocrx_word' id='word_1_311' title='bbox 744 4171 993 4254; x_wconf 80' lang='lat' dir='ltr'>facietis</span> <span class='ocrx_word' id='word_1_312' title='bbox 1024 4171 1360 4236; x_wconf 74' lang='lat' dir='ltr'>secundum</span> <span class='ocrx_word' id='word_1_313' title='bbox 1405 4171 1636 4236; x_wconf 82' lang='lat' dir='ltr'>omnia.</span> <span class='ocrx_word' id='word_1_314' title='bbox 1704 4170 1844 4234; x_wconf 88' lang='lat' dir='ltr'>Iam</span> <span class='ocrx_word' id='word_1_315' title='bbox 1884 4181 2042 4233; x_wconf 89' lang='lat' dir='ltr'>tunc</span> <span class='ocrx_word' id='word_1_316' title='bbox 2086 4166 2226 4249; x_wconf 90' lang='lat' dir='ltr'>qui-</span> 
     </span>
     <span class='ocr_line' id='line_1_44' title="bbox 277 4254 2225 4339; baseline -0.004 -16"><span class='ocrx_word' id='word_1_317' title='bbox 277 4256 434 4323; x_wconf 91' lang='lat' dir='ltr'>dem</span> <span class='ocrx_word' id='word_1_318' title='bbox 458 4260 657 4321; x_wconf 89' lang='lat' dir='ltr'>ritum</span> <span class='ocrx_word' id='word_1_319' title='bbox 682 4256 1090 4323; x_wconf 89' lang='lat' dir='ltr'>sacrificandi</span> <span class='ocrx_word' id='word_1_320' title='bbox 1117 4279 1154 4321; x_wconf 93' lang='lat' dir='ltr'>a</span> <span class='ocrx_word' id='word_1_321' title='bbox 1178 4258 1471 4339; x_wconf 90' lang='lat' dir='ltr'>patribus</span> <span class='ocrx_word' id='word_1_322' title='bbox 1495 4257 1809 4321; x_wconf 88' lang='lat' dir='ltr'>traditum</span> <span class='ocrx_word' id='word_1_323' title='bbox 1848 4254 2225 4320; x_wconf 87' lang='lat' dir='ltr'>servabant:</span> 
     </span>
     <span class='ocr_line' id='line_1_45' title="bbox 275 4339 2224 4426; baseline -0.004 -16"><span class='ocrx_word' id='word_1_324' title='bbox 275 4343 401 4410; x_wconf 88' lang='lat' dir='ltr'>sed</span> <span class='ocrx_word' id='word_1_325' title='bbox 461 4345 613 4426; x_wconf 88' lang='lat' dir='ltr'>quia</span> <span class='ocrx_word' id='word_1_326' title='bbox 664 4342 878 4408; x_wconf 86' lang='lat' dir='ltr'>adhuc</span> <span class='ocrx_word' id='word_1_327' title='bbox 935 4343 1242 4407; x_wconf 87' lang='lat' dir='ltr'>errabant</span> <span class='ocrx_word' id='word_1_328' title='bbox 1285 4343 1352 4407; x_wconf 89' lang='lat' dir='ltr'>in</span> <span class='ocrx_word' id='word_1_329' title='bbox 1406 4343 1691 4421; x_wconf 88' lang='lat' dir='ltr'>deserto,</span> <span class='ocrx_word' id='word_1_330' title='bbox 1753 4342 1938 4406; x_wconf 89' lang='lat' dir='ltr'>licuit</span> <span class='ocrx_word' id='word_1_331' title='bbox 1983 4339 2224 4423; x_wconf 90' lang='lat' dir='ltr'>passim</span> 
     </span>
     <span class='ocr_line' id='line_1_46' title="bbox 275 4426 2226 4512; baseline -0.004 -17"><span class='ocrx_word' id='word_1_332' title='bbox 275 4430 520 4495; x_wconf 88' lang='lat' dir='ltr'>altaria</span> <span class='ocrx_word' id='word_1_333' title='bbox 562 4441 920 4508; x_wconf 87' lang='lat' dir='ltr'>exstruere,</span> <span class='ocrx_word' id='word_1_334' title='bbox 969 4428 1172 4494; x_wconf 91' lang='lat' dir='ltr'>donec</span> <span class='ocrx_word' id='word_1_335' title='bbox 1209 4450 1436 4494; x_wconf 89' lang='lat' dir='ltr'>eorum</span> <span class='ocrx_word' id='word_1_336' title='bbox 1472 4426 1985 4512; x_wconf 87' lang='lat' dir='ltr'>peregrinationi</span> <span class='ocrx_word' id='word_1_337' title='bbox 2021 4429 2226 4508; x_wconf 90' lang='lat' dir='ltr'>impo-</span> 
     </span>
     <span class='ocr_line' id='line_1_47' title="bbox 274 4512 2228 4596; baseline -0.004 -14"><span class='ocrx_word' id='word_1_338' title='bbox 274 4516 454 4582; x_wconf 90' lang='lat' dir='ltr'>situs</span> <span class='ocrx_word' id='word_1_339' title='bbox 519 4528 690 4581; x_wconf 89' lang='lat' dir='ltr'>essct</span> <span class='ocrx_word' id='word_1_340' title='bbox 756 4517 926 4580; x_wconf 87' lang='lat' dir='ltr'>finis.</span> <span class='ocrx_word' id='word_1_341' title='bbox 1036 4515 1126 4579; x_wconf 86' lang='lat' dir='ltr'>Et</span> <span class='ocrx_word' id='word_1_342' title='bbox 1192 4515 1315 4581; x_wconf 92' lang='lat' dir='ltr'>hoc</span> <span class='ocrx_word' id='word_1_343' title='bbox 1377 4516 1573 4579; x_wconf 84' lang='lat' dir='ltr'>etiam</span> <span class='ocrx_word' id='word_1_344' title='bbox 1641 4513 1882 4579; x_wconf 89' lang='lat' dir='ltr'>diserte</span> <span class='ocrx_word' id='word_1_345' title='bbox 1940 4512 2228 4596; x_wconf 84' lang='lat' dir='ltr'>explicat</span> 
     </span>
    </p>
   </div>
   <div class='ocr_carea' id='block_1_3' title="bbox 273 4597 2266 4683">
    <p class='ocr_par' dir='ltr' id='par_1_3' title="bbox 273 4597 2266 4683">
     <span class='ocr_line' id='line_1_48' title="bbox 273 4597 2266 4683; baseline -0.002 -16"><span class='ocrx_word' id='word_1_346' title='bbox 273 4604 526 4683; x_wconf 76' lang='lat' dir='ltr'>MoseS,</span> <span class='ocrx_word' id='word_1_347' title='bbox 558 4604 807 4666; x_wconf 86' lang='lat' dir='ltr'>ratione</span> <span class='ocrx_word' id='word_1_348' title='bbox 848 4600 1088 4679; x_wconf 90' lang='lat' dir='ltr'>addita,</span> <span class='ocrx_word' id='word_1_349' title='bbox 1134 4600 1302 4683; x_wconf 89' lang='lat' dir='ltr'>quod</span> <span class='ocrx_word' id='word_1_350' title='bbox 1339 4599 1626 4667; x_wconf 90' lang='lat' dir='ltr'>nondum</span> <span class='ocrx_word' id='word_1_351' title='bbox 1673 4600 1953 4683; x_wconf 87' lang='lat' dir='ltr'>ingressi</span> <span class='ocrx_word' id='word_1_352' title='bbox 1988 4598 2121 4664; x_wconf 91' lang='lat' dir='ltr'>sint</span> <span class='ocrx_word' id='word_1_353' title='bbox 2158 4597 2226 4660; x_wconf 87' lang='lat' dir='ltr'>in</span> <span class='ocrx_word' id='word_1_354' title='bbox 2257 4657 2266 4664; x_wconf 85' lang='lat'>.</span> 
     </span>
    </p>
   </div>
   <div class='ocr_carea' id='block_1_4' title="bbox 270 4686 2228 5201">
    <p class='ocr_par' dir='ltr' id='par_1_4' title="bbox 270 4686 2228 5201">
     <span class='ocr_line' id='line_1_49' title="bbox 274 4686 2223 4771; baseline -0.004 -19"><span class='ocrx_word' id='word_1_355' title='bbox 274 4688 577 4771; x_wconf 88' lang='lat' dir='ltr'>requiem</span> <span class='ocrx_word' id='word_1_356' title='bbox 623 4709 819 4770; x_wconf 88' lang='lat' dir='ltr'>quam</span> <span class='ocrx_word' id='word_1_357' title='bbox 867 4686 1052 4752; x_wconf 90' lang='lat' dir='ltr'>Deus</span> <span class='ocrx_word' id='word_1_358' title='bbox 1095 4686 1224 4752; x_wconf 88' lang='lat' dir='ltr'>illis</span> <span class='ocrx_word' id='word_1_359' title='bbox 1270 4687 1679 4770; x_wconf 88' lang='lat' dir='ltr'>promiserat.</span> <span class='ocrx_word' id='word_1_360' title='bbox 1750 4688 1960 4751; x_wconf 89' lang='lat' dir='ltr'>Docet</span> <span class='ocrx_word' id='word_1_361' title='bbox 2002 4686 2223 4768; x_wconf 87' lang='lat' dir='ltr'>igitur,</span> 
     </span>
     <span class='ocr_line' id='line_1_50' title="bbox 270 4771 2227 4857; baseline -0.003 -18"><span class='ocrx_word' id='word_1_362' title='bbox 270 4774 402 4840; x_wconf 85' lang='lat' dir='ltr'>ubi</span> <span class='ocrx_word' id='word_1_363' title='bbox 452 4773 799 4856; x_wconf 85' lang='lat' dir='ltr'>contigerit</span> <span class='ocrx_word' id='word_1_364' title='bbox 844 4773 1198 4855; x_wconf 88' lang='lat' dir='ltr'>tranquilla</span> <span class='ocrx_word' id='word_1_365' title='bbox 1244 4782 1457 4839; x_wconf 90' lang='lat' dir='ltr'>terrae</span> <span class='ocrx_word' id='word_1_366' title='bbox 1501 4774 1849 4857; x_wconf 85' lang='lat' dir='ltr'>possessio,</span> <span class='ocrx_word' id='word_1_367' title='bbox 1915 4793 2044 4835; x_wconf 92' lang='lat' dir='ltr'>non</span> <span class='ocrx_word' id='word_1_368' title='bbox 2091 4771 2227 4834; x_wconf 86' lang='lat' dir='ltr'>fore</span> 
     </span>
     <span class='ocr_line' id='line_1_51' title="bbox 275 4856 2225 4942; baseline -0.003 -17"><span class='ocrx_word' id='word_1_369' title='bbox 275 4859 565 4942; x_wconf 85' lang='lat' dir='ltr'>amplius</span> <span class='ocrx_word' id='word_1_370' title='bbox 631 4860 1036 4925; x_wconf 81' lang='lat' dir='ltr'>excusationi</span> <span class='ocrx_word' id='word_1_371' title='bbox 1103 4860 1353 4937; x_wconf 89' lang='lat' dir='ltr'>locum,</span> <span class='ocrx_word' id='word_1_372' title='bbox 1418 4860 1474 4925; x_wconf 77' lang='lat' dir='ltr'>si</span> <span class='ocrx_word' id='word_1_373' title='bbox 1534 4859 1908 4942; x_wconf 90' lang='lat' dir='ltr'>ubicunque</span> <span class='ocrx_word' id='word_1_374' title='bbox 1965 4856 2225 4921; x_wconf 88' lang='lat' dir='ltr'>libitum</span> 
     </span>
     <span class='ocr_line' id='line_1_52' title="bbox 271 4943 2228 5029; baseline -0.002 -20"><span class='ocrx_word' id='word_1_375' title='bbox 271 4945 484 5010; x_wconf 83' lang='lat' dir='ltr'>fucrit</span> <span class='ocrx_word' id='word_1_376' title='bbox 526 4946 915 5011; x_wconf 88' lang='lat' dir='ltr'>sacrificent.</span> <span class='ocrx_word' id='word_1_377' title='bbox 981 4946 1160 5029; x_wconf 86' lang='lat' dir='ltr'>Ergo</span> <span class='ocrx_word' id='word_1_378' title='bbox 1207 4945 1315 5010; x_wconf 91' lang='lat' dir='ltr'>ubi</span> <span class='ocrx_word' id='word_1_379' title='bbox 1364 4945 1602 5011; x_wconf 91' lang='lat' dir='ltr'>dicitur</span> <span class='ocrx_word' id='word_1_380' title='bbox 1647 4967 1755 5011; x_wconf 88' lang='lat' dir='ltr'>eos</span> <span class='ocrx_word' id='word_1_381' title='bbox 1800 4955 1957 5009; x_wconf 89' lang='lat' dir='ltr'>tunc</span> <span class='ocrx_word' id='word_1_382' title='bbox 2002 4943 2228 5007; x_wconf 88' lang='lat' dir='ltr'>fecisse</span> 
     </span>
     <span class='ocr_line' id='line_1_53' title="bbox 275 5027 2227 5114; baseline -0.002 -18"><span class='ocrx_word' id='word_1_383' title='bbox 275 5044 356 5096; x_wconf 87' lang='lat' dir='ltr'>ut</span> <span class='ocrx_word' id='word_1_384' title='bbox 395 5033 666 5114; x_wconf 89' lang='lat' dir='ltr'>quisque</span> <span class='ocrx_word' id='word_1_385' title='bbox 704 5045 952 5097; x_wconf 90' lang='lat' dir='ltr'>rectum</span> <span class='ocrx_word' id='word_1_386' title='bbox 989 5033 1265 5114; x_wconf 89' lang='lat' dir='ltr'>putavit,</span> <span class='ocrx_word' id='word_1_387' title='bbox 1313 5054 1440 5096; x_wconf 93' lang='lat' dir='ltr'>non</span> <span class='ocrx_word' id='word_1_388' title='bbox 1479 5031 1860 5096; x_wconf 86' lang='lat' dir='ltr'>extenditur</span> <span class='ocrx_word' id='word_1_389' title='bbox 1904 5027 1986 5095; x_wconf 90' lang='lat' dir='ltr'>ad</span> <span class='ocrx_word' id='word_1_390' title='bbox 2031 5048 2227 5112; x_wconf 86' lang='lat' dir='ltr'>quae-</span> 
     </span>
     <span class='ocr_line' id='line_1_54' title="bbox 274 5115 2228 5201; baseline -0.003 -18"><span class='ocrx_word' id='word_1_391' title='bbox 274 5118 448 5183; x_wconf 89' lang='lat' dir='ltr'>libet</span> <span class='ocrx_word' id='word_1_392' title='bbox 507 5122 826 5201; x_wconf 84' lang='lat' dir='ltr'>figmenta</span> <span class='ocrx_word' id='word_1_393' title='bbox 885 5137 1050 5201; x_wconf 89' lang='lat' dir='ltr'>quae</span> <span class='ocrx_word' id='word_1_394' title='bbox 1106 5119 1228 5182; x_wconf 85' lang='lat' dir='ltr'>sibi</span> <span class='ocrx_word' id='word_1_395' title='bbox 1285 5118 1872 5184; x_wconf 86' lang='lat' dir='ltr'>comminiscuntur</span> <span class='ocrx_word' id='word_1_396' title='bbox 1927 5115 2228 5181; x_wconf 89' lang='lat' dir='ltr'>homines</span> 
     </span>
    </p>
   </div>
   <div class='ocr_carea' id='block_1_5' title="bbox 272 5257 690 5267">
    <p class='ocr_par' dir='ltr' id='par_1_5' title="bbox 272 5257 690 5267">
     <span class='ocr_line' id='line_1_55' title="bbox 272 5257 690 5267; baseline 0 883"><span class='ocrx_word' id='word_1_397' title='bbox 272 5257 690 5267; x_wconf 95' lang='lat' dir='ltr'> </span> 
     </span>
    </p>
   </div>
   <div class='ocr_carea' id='block_1_6' title="bbox 269 5322 2231 5464">
    <p class='ocr_par' dir='ltr' id='par_1_6' title="bbox 269 5322 2231 5464">
     <span class='ocr_line' id='line_1_56' title="bbox 424 5322 2231 5393; baseline 0.001 -18"><span class='ocrx_word' id='word_1_398' title='bbox 424 5322 483 5391; x_wconf 94' lang='lat'>1)</span> <span class='ocrx_word' id='word_1_399' title='bbox 519 5322 814 5391; x_wconf 75' lang='lat' dir='ltr'>Princeps.-</span> <span class='ocrx_word' id='word_1_400' title='bbox 858 5324 1321 5393; x_wconf 82' lang='lat' dir='ltr'>praepositionem</span> <span class='ocrx_word' id='word_1_401' title='bbox 1372 5324 1460 5391; x_wconf 89' lang='lat' dir='ltr'>in,</span> <span class='ocrx_word' id='word_1_402' title='bbox 1521 5341 1583 5376; x_wconf 86' lang='lat' dir='ltr'>ac</span> <span class='ocrx_word' id='word_1_403' title='bbox 1630 5324 1678 5376; x_wconf 88' lang='lat' dir='ltr'>si</span> <span class='ocrx_word' id='word_1_404' title='bbox 1726 5340 1908 5377; x_wconf 87' lang='lat' dir='ltr'>sermo</span> <span class='ocrx_word' id='word_1_405' title='bbox 1961 5331 2109 5376; x_wconf 82' lang='lat' dir='ltr'>esset</span> <span class='ocrx_word' id='word_1_406' title='bbox 2161 5323 2231 5377; x_wconf 89' lang='lat' dir='ltr'>de</span> 
     </span>
     <span class='ocr_line' id='line_1_57' title="bbox 269 5392 1886 5464; baseline -0.002 -16"><span class='ocrx_word' id='word_1_407' title='bbox 269 5392 566 5464; x_wconf 84' lang='lat' dir='ltr'>operibus.</span> <span class='ocrx_word' id='word_1_408' title='bbox 607 5409 706 5462; x_wconf 81' lang='lat' dir='ltr'>ego</span> <span class='ocrx_word' id='word_1_409' title='bbox 742 5398 922 5448; x_wconf 86' lang='lat' dir='ltr'>autem</span> <span class='ocrx_word' id='word_1_410' title='bbox 960 5393 1028 5446; x_wconf 90' lang='lat' dir='ltr'>de</span> <span class='ocrx_word' id='word_1_411' title='bbox 1063 5392 1281 5445; x_wconf 78' lang='lat' dir='ltr'>familiis</span> <span class='ocrx_word' id='word_1_412' title='bbox 1317 5392 1499 5461; x_wconf 85' lang='lat' dir='ltr'>potius</span> <span class='ocrx_word' id='word_1_413' title='bbox 1534 5393 1886 5461; x_wconf 79' lang='lat' dir='ltr'>interpretor.</span> 
     </span>
    </p>
   </div>
   <div class='ocr_carea' id='block_1_7' title="bbox 2276 672 2328 5453">
    <p class='ocr_par' dir='ltr' id='par_1_7' title="bbox 2276 672 2328 5453">
     <span class='ocr_line' id='line_1_58' title="bbox 2276 672 2328 5453; baseline 0 0"><span class='ocrx_word' id='word_1_414' title='bbox 2276 672 2328 5453; x_wconf 95' lang='lat' dir='ltr'> </span> 
     </span>
    </p>
   </div>
   <div class='ocr_carea' id='block_1_8' title="bbox 2357 642 4309 1504">
    <p class='ocr_par' dir='ltr' id='par_1_8' title="bbox 2362 642 4309 899">
     <span class='ocr_line' id='line_1_59' title="bbox 2362 642 4306 713; baseline 0.004 -7"><span class='ocrx_word' id='word_1_415' title='bbox 2362 643 2430 706; x_wconf 88' lang='lat' dir='ltr'>in</span> <span class='ocrx_word' id='word_1_416' title='bbox 2492 642 2760 708; x_wconf 89' lang='lat' dir='ltr'>colendo</span> <span class='ocrx_word' id='word_1_417' title='bbox 2805 644 2975 710; x_wconf 90' lang='lat' dir='ltr'>Deo:</span> <span class='ocrx_word' id='word_1_418' title='bbox 3040 644 3153 710; x_wconf 86' lang='lat' dir='ltr'>sed</span> <span class='ocrx_word' id='word_1_419' title='bbox 3215 652 3474 710; x_wconf 89' lang='lat' dir='ltr'>tantum</span> <span class='ocrx_word' id='word_1_420' title='bbox 3519 654 3790 712; x_wconf 84' lang='lat' dir='ltr'>notatur</span> <span class='ocrx_word' id='word_1_421' title='bbox 3833 647 4096 712; x_wconf 81' lang='lat' dir='ltr'>liberior</span> <span class='ocrx_word' id='word_1_422' title='bbox 4142 649 4306 713; x_wconf 86' lang='lat' dir='ltr'>ratio</span> 
     </span>
     <span class='ocr_line' id='line_1_60' title="bbox 2366 730 4309 816; baseline 0.004 -23"><span class='ocrx_word' id='word_1_423' title='bbox 2366 737 2432 793; x_wconf 91' lang='lat' dir='ltr'>et</span> <span class='ocrx_word' id='word_1_424' title='bbox 2498 731 2706 795; x_wconf 86' lang='lat' dir='ltr'>forma</span> <span class='ocrx_word' id='word_1_425' title='bbox 2775 730 3176 796; x_wconf 83' lang='lat' dir='ltr'>exercendae</span> <span class='ocrx_word' id='word_1_426' title='bbox 3232 733 3522 816; x_wconf 90' lang='lat' dir='ltr'>pietatis,</span> <span class='ocrx_word' id='word_1_427' title='bbox 3599 740 3948 815; x_wconf 80' lang='lat' dir='ltr'>antequam</span> <span class='ocrx_word' id='word_1_428' title='bbox 4006 742 4309 800; x_wconf 89' lang='lat' dir='ltr'>ostensus</span> 
     </span>
     <span class='ocr_line' id='line_1_61' title="bbox 2365 814 3771 899; baseline 0.003 -19"><span class='ocrx_word' id='word_1_429' title='bbox 2365 824 2537 880; x_wconf 87' lang='lat' dir='ltr'>esset</span> <span class='ocrx_word' id='word_1_430' title='bbox 2580 816 2762 881; x_wconf 90' lang='lat' dir='ltr'>locus</span> <span class='ocrx_word' id='word_1_431' title='bbox 2805 814 2916 881; x_wconf 87' lang='lat' dir='ltr'>ubi</span> <span class='ocrx_word' id='word_1_432' title='bbox 2962 817 3163 899; x_wconf 87' lang='lat' dir='ltr'>figere</span> <span class='ocrx_word' id='word_1_433' title='bbox 3207 816 3439 899; x_wconf 90' lang='lat' dir='ltr'>pedem</span> <span class='ocrx_word' id='word_1_434' title='bbox 3485 817 3771 884; x_wconf 90' lang='lat' dir='ltr'>decebat.</span> 
     </span>
    </p>

    <p class='ocr_par' dir='ltr' id='par_1_9' title="bbox 2357 901 4309 1504">
     <span class='ocr_line' id='line_1_62' title="bbox 2544 901 4309 982; baseline 0.004 -17"><span class='ocrx_word' id='word_1_435' title='bbox 2544 901 2638 966; x_wconf 89' lang='lat'>10.</span> <span class='ocrx_word' id='word_1_436' title='bbox 2693 901 2898 982; x_wconf 77' lang='lat' dir='ltr'>Quum</span> <span class='ocrx_word' id='word_1_437' title='bbox 2936 923 3078 968; x_wconf 82' lang='lat' dir='ltr'>vero</span> <span class='ocrx_word' id='word_1_438' title='bbox 3112 904 3499 969; x_wconf 72' lang='lat' dir='ltr'>transieritis</span> <span class='ocrx_word' id='word_1_439' title='bbox 3522 904 3874 971; x_wconf 72' lang='lat' dir='ltr'>Iordanem</span> <span class='ocrx_word' id='word_1_440' title='bbox 3936 903 4309 972; x_wconf 85' lang='lat' dir='ltr'>Confirmat</span> 
     </span>
     <span class='ocr_line' id='line_1_63' title="bbox 2364 986 4303 1075; baseline 0.004 -25"><span class='ocrx_word' id='word_1_441' title='bbox 2364 986 2471 1053; x_wconf 88' lang='lat' dir='ltr'>bic</span> <span class='ocrx_word' id='word_1_442' title='bbox 2528 1008 2760 1051; x_wconf 89' lang='lat' dir='ltr'>versus</span> <span class='ocrx_word' id='word_1_443' title='bbox 2815 988 2981 1071; x_wconf 90' lang='lat' dir='ltr'>quod</span> <span class='ocrx_word' id='word_1_444' title='bbox 3041 1002 3195 1052; x_wconf 88' lang='lat' dir='ltr'>ante</span> <span class='ocrx_word' id='word_1_445' title='bbox 3256 989 3429 1053; x_wconf 86' lang='lat' dir='ltr'>dixi:</span> <span class='ocrx_word' id='word_1_446' title='bbox 3501 989 3776 1055; x_wconf 89' lang='lat' dir='ltr'>Iudaeos</span> <span class='ocrx_word' id='word_1_447' title='bbox 3836 991 4155 1075; x_wconf 81' lang='lat' dir='ltr'>obstringi</span> <span class='ocrx_word' id='word_1_448' title='bbox 4222 993 4303 1058; x_wconf 90' lang='lat' dir='ltr'>ad</span> 
     </span>
     <span class='ocr_line' id='line_1_64' title="bbox 2361 1073 4302 1161; baseline 0.004 -25"><span class='ocrx_word' id='word_1_449' title='bbox 2361 1082 2606 1137; x_wconf 89' lang='lat' dir='ltr'>certam</span> <span class='ocrx_word' id='word_1_450' title='bbox 2654 1073 2949 1156; x_wconf 84' lang='lat' dir='ltr'>regulam</span> <span class='ocrx_word' id='word_1_451' title='bbox 2974 1123 2988 1151; x_wconf 94' lang='lat'>,</span> <span class='ocrx_word' id='word_1_452' title='bbox 3047 1074 3322 1140; x_wconf 91' lang='lat' dir='ltr'>simulac</span> <span class='ocrx_word' id='word_1_453' title='bbox 3368 1077 3780 1141; x_wconf 87' lang='lat' dir='ltr'>constiterint</span> <span class='ocrx_word' id='word_1_454' title='bbox 3823 1077 3892 1141; x_wconf 90' lang='lat' dir='ltr'>in</span> <span class='ocrx_word' id='word_1_455' title='bbox 3938 1087 4111 1142; x_wconf 81' lang='lat' dir='ltr'>terra</span> <span class='ocrx_word' id='word_1_456' title='bbox 4155 1099 4302 1161; x_wconf 89' lang='lat' dir='ltr'>pro-</span> 
     </span>
     <span class='ocr_line' id='line_1_65' title="bbox 2360 1158 4303 1246; baseline 0.005 -25"><span class='ocrx_word' id='word_1_457' title='bbox 2360 1160 2588 1224; x_wconf 89' lang='lat' dir='ltr'>missa:</span> <span class='ocrx_word' id='word_1_458' title='bbox 2634 1168 2702 1223; x_wconf 90' lang='lat' dir='ltr'>et</span> <span class='ocrx_word' id='word_1_459' title='bbox 2738 1171 2959 1224; x_wconf 87' lang='lat' dir='ltr'>tamen</span> <span class='ocrx_word' id='word_1_460' title='bbox 2997 1158 3210 1226; x_wconf 90' lang='lat' dir='ltr'>locum</span> <span class='ocrx_word' id='word_1_461' title='bbox 3257 1162 3326 1224; x_wconf 88' lang='lat' dir='ltr'>in</span> <span class='ocrx_word' id='word_1_462' title='bbox 3370 1183 3496 1245; x_wconf 90' lang='lat' dir='ltr'>quo</span> <span class='ocrx_word' id='word_1_463' title='bbox 3541 1172 3855 1246; x_wconf 90' lang='lat' dir='ltr'>perpetua</span> <span class='ocrx_word' id='word_1_464' title='bbox 3899 1172 4070 1228; x_wconf 89' lang='lat' dir='ltr'>esset</span> <span class='ocrx_word' id='word_1_465' title='bbox 4114 1185 4303 1231; x_wconf 84' lang='lat' dir='ltr'>arcae</span> 
     </span>
     <span class='ocr_line' id='line_1_66' title="bbox 2359 1245 4301 1330; baseline 0.004 -23"><span class='ocrx_word' id='word_1_466' title='bbox 2359 1246 2592 1323; x_wconf 87' lang='lat' dir='ltr'>statio,</span> <span class='ocrx_word' id='word_1_467' title='bbox 2637 1266 2769 1309; x_wconf 95' lang='lat' dir='ltr'>non</span> <span class='ocrx_word' id='word_1_468' title='bbox 2812 1246 3118 1328; x_wconf 88' lang='lat' dir='ltr'>protinus</span> <span class='ocrx_word' id='word_1_469' title='bbox 3163 1245 3305 1311; x_wconf 85' lang='lat' dir='ltr'>fore</span> <span class='ocrx_word' id='word_1_470' title='bbox 3348 1248 3787 1314; x_wconf 89' lang='lat' dir='ltr'>manifestum.</span> <span class='ocrx_word' id='word_1_471' title='bbox 3878 1248 4074 1330; x_wconf 78' lang='lat' dir='ltr'>Quod</span> <span class='ocrx_word' id='word_1_472' title='bbox 4120 1251 4301 1316; x_wconf 90' lang='lat' dir='ltr'>enim</span> 
     </span>
     <span class='ocr_line' id='line_1_67' title="bbox 2360 1331 4300 1418; baseline 0.004 -24"><span class='ocrx_word' id='word_1_473' title='bbox 2360 1331 2751 1413; x_wconf 88' lang='lat' dir='ltr'>exprimitur</span> <span class='ocrx_word' id='word_1_474' title='bbox 2793 1332 2862 1394; x_wconf 93' lang='lat' dir='ltr'>in</span> <span class='ocrx_word' id='word_1_475' title='bbox 2909 1333 3038 1397; x_wconf 88' lang='lat' dir='ltr'>fine</span> <span class='ocrx_word' id='word_1_476' title='bbox 3086 1353 3332 1411; x_wconf 86' lang='lat' dir='ltr'>versus,</span> <span class='ocrx_word' id='word_1_477' title='bbox 3380 1331 3593 1400; x_wconf 89' lang='lat' dir='ltr'>Deum</span> <span class='ocrx_word' id='word_1_478' title='bbox 3641 1337 3709 1399; x_wconf 89' lang='lat' dir='ltr'>in</span> <span class='ocrx_word' id='word_1_479' title='bbox 3751 1335 4026 1401; x_wconf 88' lang='lat' dir='ltr'>circuitu</span> <span class='ocrx_word' id='word_1_480' title='bbox 4074 1356 4300 1418; x_wconf 89' lang='lat' dir='ltr'>pacem</span> 
     </span>
     <span class='ocr_line' id='line_1_68' title="bbox 2357 1413 4300 1504; baseline 0.004 -25"><span class='ocrx_word' id='word_1_481' title='bbox 2357 1413 2668 1481; x_wconf 84' lang='lat' dir='ltr'>daturum</span> <span class='ocrx_word' id='word_1_482' title='bbox 2719 1427 2795 1482; x_wconf 89' lang='lat' dir='ltr'>ut</span> <span class='ocrx_word' id='word_1_483' title='bbox 2832 1436 3076 1482; x_wconf 76' lang='lat' dir='ltr'>secure</span> <span class='ocrx_word' id='word_1_484' title='bbox 3122 1418 3453 1496; x_wconf 84' lang='lat' dir='ltr'>habitent,</span> <span class='ocrx_word' id='word_1_485' title='bbox 3510 1440 3582 1483; x_wconf 89' lang='lat' dir='ltr'>re</span> <span class='ocrx_word' id='word_1_486' title='bbox 3626 1420 3772 1503; x_wconf 90' lang='lat' dir='ltr'>ipsa</span> <span class='ocrx_word' id='word_1_487' title='bbox 3814 1443 3943 1486; x_wconf 86' lang='lat' dir='ltr'>non</span> <span class='ocrx_word' id='word_1_488' title='bbox 3983 1421 4107 1486; x_wconf 88' lang='lat' dir='ltr'>fuit</span> <span class='ocrx_word' id='word_1_489' title='bbox 4151 1443 4300 1504; x_wconf 90' lang='lat' dir='ltr'>per-</span> 
     </span>
    </p>
   </div>
   <div class='ocr_carea' id='block_1_9' title="bbox 2356 1501 4383 1588">
    <p class='ocr_par' dir='ltr' id='par_1_10' title="bbox 2356 1501 4383 1588">
     <span class='ocr_line' id='line_1_69' title="bbox 2356 1501 4383 1588; baseline 0.004 -23"><span class='ocrx_word' id='word_1_490' title='bbox 2356 1502 2522 1567; x_wconf 83' lang='lat' dir='ltr'>fecte</span> <span class='ocrx_word' id='word_1_491' title='bbox 2559 1501 2922 1568; x_wconf 88' lang='lat' dir='ltr'>exhibitum</span> <span class='ocrx_word' id='word_1_492' title='bbox 2965 1513 3117 1568; x_wconf 89' lang='lat' dir='ltr'>ante</span> <span class='ocrx_word' id='word_1_493' title='bbox 3151 1512 3415 1588; x_wconf 88' lang='lat' dir='ltr'>tempus</span> <span class='ocrx_word' id='word_1_494' title='bbox 3444 1506 3732 1572; x_wconf 88' lang='lat' dir='ltr'>Davidis.</span> <span class='ocrx_word' id='word_1_495' title='bbox 3801 1506 4030 1572; x_wconf 85' lang='lat' dir='ltr'>Voluit</span> <span class='ocrx_word' id='word_1_496' title='bbox 4074 1520 4298 1573; x_wconf 89' lang='lat' dir='ltr'>tamen</span> <span class='ocrx_word' id='word_1_497' title='bbox 4376 1512 4383 1529; x_wconf 80' lang='lat'><strong><em>⁴</em></strong></span> 
     </span>
    </p>
   </div>
   <div class='ocr_carea' id='block_1_10' title="bbox 2352 1587 4297 2016">
    <p class='ocr_par' dir='ltr' id='par_1_11' title="bbox 2352 1587 4297 2016">
     <span class='ocr_line' id='line_1_70' title="bbox 2357 1587 4297 1675; baseline 0.005 -24"><span class='ocrx_word' id='word_1_498' title='bbox 2357 1587 2574 1667; x_wconf 91' lang='lat' dir='ltr'>Deus,</span> <span class='ocrx_word' id='word_1_499' title='bbox 2630 1588 2903 1655; x_wconf 86' lang='lat' dir='ltr'>simulac</span> <span class='ocrx_word' id='word_1_500' title='bbox 2946 1600 3125 1655; x_wconf 88' lang='lat' dir='ltr'>terra</span> <span class='ocrx_word' id='word_1_501' title='bbox 3167 1591 3577 1671; x_wconf 88' lang='lat' dir='ltr'>fruerentur,</span> <span class='ocrx_word' id='word_1_502' title='bbox 3641 1591 3929 1675; x_wconf 89' lang='lat' dir='ltr'>undique</span> <span class='ocrx_word' id='word_1_503' title='bbox 3972 1594 4166 1658; x_wconf 89' lang='lat' dir='ltr'>etiam</span> <span class='ocrx_word' id='word_1_504' title='bbox 4213 1616 4297 1660; x_wconf 90' lang='lat' dir='ltr'>ex</span> 
     </span>
     <span class='ocr_line' id='line_1_71' title="bbox 2355 1675 4296 1760; baseline 0.005 -23"><span class='ocrx_word' id='word_1_505' title='bbox 2355 1675 2623 1738; x_wconf 82' lang='lat' dir='ltr'>remotis</span> <span class='ocrx_word' id='word_1_506' title='bbox 2689 1675 2934 1740; x_wconf 91' lang='lat' dir='ltr'>finibus</span> <span class='ocrx_word' id='word_1_507' title='bbox 2998 1677 3174 1760; x_wconf 91' lang='lat' dir='ltr'>ipsos</span> <span class='ocrx_word' id='word_1_508' title='bbox 3241 1698 3629 1743; x_wconf 89' lang='lat' dir='ltr'>concurrere</span> <span class='ocrx_word' id='word_1_509' title='bbox 3684 1678 3762 1743; x_wconf 92' lang='lat' dir='ltr'>ad</span> <span class='ocrx_word' id='word_1_510' title='bbox 3826 1679 4296 1747; x_wconf 88' lang='lat' dir='ltr'>sanctuarium.</span> 
     </span>
     <span class='ocr_line' id='line_1_72' title="bbox 2357 1757 4297 1848; baseline 0.002 -21"><span class='ocrx_word' id='word_1_511' title='bbox 2357 1757 2625 1842; x_wconf 85' lang='lat' dir='ltr'>Species</span> <span class='ocrx_word' id='word_1_512' title='bbox 2680 1761 2993 1844; x_wconf 90' lang='lat' dir='ltr'>quasdam</span> <span class='ocrx_word' id='word_1_513' title='bbox 3053 1761 3455 1828; x_wconf 86' lang='lat' dir='ltr'>oblationum</span> <span class='ocrx_word' id='word_1_514' title='bbox 3515 1763 3595 1828; x_wconf 91' lang='lat' dir='ltr'>de</span> <span class='ocrx_word' id='word_1_515' title='bbox 3652 1764 3889 1847; x_wconf 89' lang='lat' dir='ltr'>quibus</span> <span class='ocrx_word' id='word_1_516' title='bbox 3941 1784 4151 1848; x_wconf 90' lang='lat' dir='ltr'>nuper</span> <span class='ocrx_word' id='word_1_517' title='bbox 4203 1766 4297 1831; x_wconf 91' lang='lat' dir='ltr'>lo-</span> 
     </span>
     <span class='ocr_line' id='line_1_73' title="bbox 2354 1848 4297 1934; baseline 0.004 -24"><span class='ocrx_word' id='word_1_518' title='bbox 2354 1854 2598 1928; x_wconf 86' lang='lat' dir='ltr'>quutus</span> <span class='ocrx_word' id='word_1_519' title='bbox 2633 1848 2866 1930; x_wconf 86' lang='lat' dir='ltr'>fuerat,</span> <span class='ocrx_word' id='word_1_520' title='bbox 2902 1848 3161 1927; x_wconf 88' lang='lat' dir='ltr'>omittit,</span> <span class='ocrx_word' id='word_1_521' title='bbox 3205 1859 3273 1914; x_wconf 91' lang='lat' dir='ltr'>et</span> <span class='ocrx_word' id='word_1_522' title='bbox 3308 1871 3425 1932; x_wconf 91' lang='lat' dir='ltr'>pro</span> <span class='ocrx_word' id='word_1_523' title='bbox 3468 1850 3641 1915; x_wconf 89' lang='lat' dir='ltr'>votis</span> <span class='ocrx_word' id='word_1_524' title='bbox 3683 1850 3874 1934; x_wconf 90' lang='lat' dir='ltr'>ponit</span> <span class='ocrx_word' id='word_1_525' title='bbox 3915 1850 4297 1917; x_wconf 91' lang='lat' dir='ltr'>electionem</span> 
     </span>
     <span class='ocr_line' id='line_1_74' title="bbox 2352 1934 4291 2016; baseline 0.004 -21"><span class='ocrx_word' id='word_1_526' title='bbox 2352 1942 2678 2013; x_wconf 88' lang='lat' dir='ltr'>votorum,</span> <span class='ocrx_word' id='word_1_527' title='bbox 2722 1953 2844 2016; x_wconf 91' lang='lat' dir='ltr'>pro</span> <span class='ocrx_word' id='word_1_528' title='bbox 2889 1954 3019 2016; x_wconf 93' lang='lat' dir='ltr'>quo</span> <span class='ocrx_word' id='word_1_529' title='bbox 3064 1934 3174 1999; x_wconf 83' lang='lat' dir='ltr'>alii</span> <span class='ocrx_word' id='word_1_530' title='bbox 3221 1945 3490 2000; x_wconf 89' lang='lat' dir='ltr'>vertunt</span> <span class='ocrx_word' id='word_1_531' title='bbox 3533 1935 3926 2001; x_wconf 87' lang='lat' dir='ltr'>electissima</span> <span class='ocrx_word' id='word_1_532' title='bbox 3968 1945 4141 2015; x_wconf 87' lang='lat' dir='ltr'>vota,</span> <span class='ocrx_word' id='word_1_533' title='bbox 4188 1938 4291 2004; x_wconf 91' lang='lat' dir='ltr'>vel</span> 
     </span>
    </p>
   </div>
   <div class='ocr_carea' id='block_1_11' title="bbox 2329 2019 4294 2106">
    <p class='ocr_par' dir='ltr' id='par_1_12' title="bbox 2329 2019 4294 2106">
     <span class='ocr_line' id='line_1_75' title="bbox 2329 2019 4294 2106; baseline 0.003 -24"><span class='ocrx_word' id='word_1_534' title='bbox 2329 2019 2701 2101; x_wconf 71' lang='lat' dir='ltr'>praecipua</span> <span class='ocrx_word' id='word_1_535' title='bbox 2750 2020 2822 2083; x_wconf 93' lang='lat' dir='ltr'>in</span> <span class='ocrx_word' id='word_1_536' title='bbox 2881 2020 3082 2099; x_wconf 88' lang='lat' dir='ltr'>votis,</span> <span class='ocrx_word' id='word_1_537' title='bbox 3143 2019 3317 2104; x_wconf 89' lang='lat' dir='ltr'>quod</span> <span class='ocrx_word' id='word_1_538' title='bbox 3377 2041 3507 2087; x_wconf 91' lang='lat' dir='ltr'>non</span> <span class='ocrx_word' id='word_1_539' title='bbox 3555 2020 3858 2105; x_wconf 90' lang='lat' dir='ltr'>repudio:</span> <span class='ocrx_word' id='word_1_540' title='bbox 3918 2043 4294 2106; x_wconf 87' lang='lat' dir='ltr'>quanquam</span> 
     </span>
    </p>
   </div>
   <div class='ocr_carea' id='block_1_12' title="bbox 2333 2104 4295 3376">
    <p class='ocr_par' dir='ltr' id='par_1_13' title="bbox 2344 2104 4295 2706">
     <span class='ocr_line' id='line_1_76' title="bbox 2350 2104 4295 2191; baseline 0.005 -24"><span class='ocrx_word' id='word_1_541' title='bbox 2350 2104 2709 2188; x_wconf 89' lang='lat' dir='ltr'>simplicior</span> <span class='ocrx_word' id='word_1_542' title='bbox 2742 2113 2843 2170; x_wconf 89' lang='lat' dir='ltr'>est</span> <span class='ocrx_word' id='word_1_543' title='bbox 2879 2105 3046 2170; x_wconf 88' lang='lat' dir='ltr'>alter</span> <span class='ocrx_word' id='word_1_544' title='bbox 3081 2127 3332 2186; x_wconf 88' lang='lat' dir='ltr'>sensus,</span> <span class='ocrx_word' id='word_1_545' title='bbox 3380 2116 3531 2173; x_wconf 91' lang='lat' dir='ltr'>vota</span> <span class='ocrx_word' id='word_1_546' title='bbox 3565 2109 3784 2173; x_wconf 90' lang='lat' dir='ltr'>omnia</span> <span class='ocrx_word' id='word_1_547' title='bbox 3829 2108 4295 2191; x_wconf 82' lang='lat' dir='ltr'>comprehendi</span> 
     </span>
     <span class='ocr_line' id='line_1_77' title="bbox 2348 2189 4289 2278; baseline 0.004 -25"><span class='ocrx_word' id='word_1_548' title='bbox 2348 2210 2514 2271; x_wconf 87' lang='lat' dir='ltr'>quae</span> <span class='ocrx_word' id='word_1_549' title='bbox 2582 2189 2780 2255; x_wconf 81' lang='lat' dir='ltr'>libero</span> <span class='ocrx_word' id='word_1_550' title='bbox 2850 2189 3087 2257; x_wconf 88' lang='lat' dir='ltr'>iudicio</span> <span class='ocrx_word' id='word_1_551' title='bbox 3133 2203 3199 2257; x_wconf 86' lang='lat' dir='ltr'>et·</span> <span class='ocrx_word' id='word_1_552' title='bbox 3244 2193 3498 2259; x_wconf 90' lang='lat' dir='ltr'>delectu</span> <span class='ocrx_word' id='word_1_553' title='bbox 3565 2194 3835 2277; x_wconf 87' lang='lat' dir='ltr'>quisque</span> <span class='ocrx_word' id='word_1_554' title='bbox 3893 2209 4289 2278; x_wconf 85' lang='lat' dir='ltr'>susceperat.</span> 
     </span>
     <span class='ocr_line' id='line_1_78' title="bbox 2347 2274 4290 2363; baseline 0.003 -24"><span class='ocrx_word' id='word_1_555' title='bbox 2347 2274 2558 2340; x_wconf 90' lang='lat' dir='ltr'>Paulo</span> <span class='ocrx_word' id='word_1_556' title='bbox 2622 2287 2772 2359; x_wconf 87' lang='lat' dir='ltr'>post</span> <span class='ocrx_word' id='word_1_557' title='bbox 2839 2287 3124 2343; x_wconf 90' lang='lat' dir='ltr'>mentem</span> <span class='ocrx_word' id='word_1_558' title='bbox 3195 2300 3379 2344; x_wconf 87' lang='lat' dir='ltr'>suam</span> <span class='ocrx_word' id='word_1_559' title='bbox 3447 2279 3687 2345; x_wconf 87' lang='lat' dir='ltr'>clarius</span> <span class='ocrx_word' id='word_1_560' title='bbox 3752 2281 4050 2363; x_wconf 84' lang='lat' dir='ltr'>exponit,</span> <span class='ocrx_word' id='word_1_561' title='bbox 4137 2279 4290 2345; x_wconf 91' lang='lat' dir='ltr'>dum</span> 
     </span>
     <span class='ocr_line' id='line_1_79' title="bbox 2346 2361 4293 2450; baseline 0.003 -25"><span class='ocrx_word' id='word_1_562' title='bbox 2346 2361 2657 2444; x_wconf 89' lang='lat' dir='ltr'>prohibet</span> <span class='ocrx_word' id='word_1_563' title='bbox 2721 2384 2806 2427; x_wconf 91' lang='lat' dir='ltr'>ne</span> <span class='ocrx_word' id='word_1_564' title='bbox 2877 2383 2995 2427; x_wconf 88' lang='lat' dir='ltr'>suo</span> <span class='ocrx_word' id='word_1_565' title='bbox 3052 2362 3321 2429; x_wconf 90' lang='lat' dir='ltr'>arbitrio</span> <span class='ocrx_word' id='word_1_566' title='bbox 3380 2366 3444 2429; x_wconf 94' lang='lat' dir='ltr'>in</span> <span class='ocrx_word' id='word_1_567' title='bbox 3509 2365 3667 2431; x_wconf 90' lang='lat' dir='ltr'>locis</span> <span class='ocrx_word' id='word_1_568' title='bbox 3723 2386 3888 2450; x_wconf 90' lang='lat' dir='ltr'>quae</span> <span class='ocrx_word' id='word_1_569' title='bbox 3946 2367 4293 2431; x_wconf 88' lang='lat' dir='ltr'>arriserint</span> 
     </span>
     <span class='ocr_line' id='line_1_80' title="bbox 2344 2448 4289 2534; baseline 0.004 -23"><span class='ocrx_word' id='word_1_570' title='bbox 2344 2448 2627 2513; x_wconf 84' lang='lat' dir='ltr'>offerant</span> <span class='ocrx_word' id='word_1_571' title='bbox 2662 2450 2997 2515; x_wconf 89' lang='lat' dir='ltr'>sacrificia.</span> <span class='ocrx_word' id='word_1_572' title='bbox 3065 2450 3237 2514; x_wconf 88' lang='lat' dir='ltr'>Nam</span> <span class='ocrx_word' id='word_1_573' title='bbox 3281 2449 3494 2517; x_wconf 90' lang='lat' dir='ltr'>locum</span> <span class='ocrx_word' id='word_1_574' title='bbox 3543 2453 3852 2534; x_wconf 90' lang='lat' dir='ltr'>aspicere,</span> <span class='ocrx_word' id='word_1_575' title='bbox 3898 2451 4289 2518; x_wconf 86' lang='lat' dir='ltr'>tantundem</span> 
     </span>
     <span class='ocr_line' id='line_1_81' title="bbox 2345 2534 4287 2632; baseline 0.003 -34"><span class='ocrx_word' id='word_1_576' title='bbox 2345 2534 2453 2598; x_wconf 91' lang='lat' dir='ltr'>hic</span> <span class='ocrx_word' id='word_1_577' title='bbox 2500 2535 2675 2598; x_wconf 87' lang='lat' dir='ltr'>valet</span> <span class='ocrx_word' id='word_1_578' title='bbox 2717 2545 2911 2617; x_wconf 89' lang='lat' dir='ltr'>atque</span> <span class='ocrx_word' id='word_1_579' title='bbox 2956 2534 3114 2599; x_wconf 84' lang='lat' dir='ltr'>ferri</span> <span class='ocrx_word' id='word_1_580' title='bbox 3159 2537 3492 2602; x_wconf 90' lang='lat' dir='ltr'>oculorum</span> <span class='ocrx_word' id='word_1_581' title='bbox 3538 2558 3758 2616; x_wconf 90' lang='lat' dir='ltr'>sensu,</span> <span class='ocrx_word' id='word_1_582' title='bbox 3803 2549 3878 2603; x_wconf 88' lang='lat' dir='ltr'>ut</span> <span class='ocrx_word' id='word_1_583' title='bbox 3922 2538 4287 2632; x_wconf 54' lang='lat' dir='ltr'>pulchritu-</span> 
     </span>
     <span class='ocr_line' id='line_1_82' title="bbox 2344 2619 3993 2706; baseline 0.004 -23"><span class='ocrx_word' id='word_1_584' title='bbox 2344 2619 2486 2683; x_wconf 89' lang='lat' dir='ltr'>dini</span> <span class='ocrx_word' id='word_1_585' title='bbox 2531 2629 2597 2684; x_wconf 91' lang='lat' dir='ltr'>et</span> <span class='ocrx_word' id='word_1_586' title='bbox 2640 2622 2889 2687; x_wconf 82' lang='lat' dir='ltr'>formae</span> <span class='ocrx_word' id='word_1_587' title='bbox 2934 2621 3241 2704; x_wconf 86' lang='lat' dir='ltr'>affigatur</span> <span class='ocrx_word' id='word_1_588' title='bbox 3282 2623 3512 2706; x_wconf 87' lang='lat' dir='ltr'>religio</span> <span class='ocrx_word' id='word_1_589' title='bbox 3556 2633 3624 2688; x_wconf 89' lang='lat' dir='ltr'>et</span> <span class='ocrx_word' id='word_1_590' title='bbox 3662 2623 3993 2689; x_wconf 82' lang='lat' dir='ltr'>sanctitas.</span> 
     </span>
    </p>

    <p class='ocr_par' dir='ltr' id='par_1_14' title="bbox 2333 2705 4286 3376">
     <span class='ocr_line' id='line_1_83' title="bbox 2516 2705 4286 2791; baseline 0.004 -21"><span class='ocrx_word' id='word_1_591' title='bbox 2516 2705 2980 2773; x_wconf 89' lang='lat' dir='ltr'>Deuteronom.</span> <span class='ocrx_word' id='word_1_592' title='bbox 3057 2708 3155 2787; x_wconf 94' lang='grc'>12,</span> <span class='ocrx_word' id='word_1_593' title='bbox 3222 2708 3308 2773; x_wconf 88' lang='grc'>26</span> <span class='ocrx_word' id='word_1_594' title='bbox 3380 2709 3783 2791; x_wconf 75' lang='lat' dir='ltr'>Sanctificata</span> <span class='ocrx_word' id='word_1_595' title='bbox 3835 2715 3966 2778; x_wconf 77' lang='lat' dir='ltr'>tua.</span> <span class='ocrx_word' id='word_1_596' title='bbox 4067 2709 4286 2777; x_wconf 89' lang='lat' dir='ltr'>Locus</span> 
     </span>
     <span class='ocr_line' id='line_1_84' title="bbox 2340 2791 4286 2878; baseline 0.003 -23"><span class='ocrx_word' id='word_1_597' title='bbox 2340 2791 2448 2859; x_wconf 92' lang='lat' dir='ltr'>hic</span> <span class='ocrx_word' id='word_1_598' title='bbox 2509 2792 2750 2858; x_wconf 85' lang='lat' dir='ltr'>clarius</span> <span class='ocrx_word' id='word_1_599' title='bbox 2811 2793 3096 2876; x_wconf 88' lang='lat' dir='ltr'>explicat</span> <span class='ocrx_word' id='word_1_600' title='bbox 3153 2796 3308 2877; x_wconf 90' lang='lat' dir='ltr'>quid</span> <span class='ocrx_word' id='word_1_601' title='bbox 3368 2795 3494 2861; x_wconf 87' lang='lat' dir='ltr'>sibi</span> <span class='ocrx_word' id='word_1_602' title='bbox 3554 2796 3886 2861; x_wconf 89' lang='lat' dir='ltr'>voluerint</span> <span class='ocrx_word' id='word_1_603' title='bbox 3949 2797 4286 2878; x_wconf 87' lang='lat' dir='ltr'>superiora</span> 
     </span>
     <span class='ocr_line' id='line_1_85' title="bbox 2340 2880 4284 2963; baseline 0.003 -21"><span class='ocrx_word' id='word_1_604' title='bbox 2340 2888 2716 2963; x_wconf 86' lang='lat' dir='ltr'>praecepta:</span> <span class='ocrx_word' id='word_1_605' title='bbox 2792 2900 3030 2962; x_wconf 90' lang='lat' dir='ltr'>nempe</span> <span class='ocrx_word' id='word_1_606' title='bbox 3096 2890 3169 2945; x_wconf 88' lang='lat' dir='ltr'>ut</span> <span class='ocrx_word' id='word_1_607' title='bbox 3233 2880 3411 2946; x_wconf 87' lang='lat' dir='ltr'>locus</span> <span class='ocrx_word' id='word_1_608' title='bbox 3480 2902 3651 2947; x_wconf 89' lang='lat' dir='ltr'>unus</span> <span class='ocrx_word' id='word_1_609' title='bbox 3717 2902 3901 2947; x_wconf 90' lang='lat' dir='ltr'>sacer</span> <span class='ocrx_word' id='word_1_610' title='bbox 3965 2889 4137 2947; x_wconf 87' lang='lat' dir='ltr'>esset</span> <span class='ocrx_word' id='word_1_611' title='bbox 4202 2880 4284 2947; x_wconf 90' lang='lat' dir='ltr'>ad</span> 
     </span>
     <span class='ocr_line' id='line_1_86' title="bbox 2338 2963 4283 3051; baseline 0.001 -23"><span class='ocrx_word' id='word_1_612' title='bbox 2338 2963 2747 3048; x_wconf 88' lang='lat' dir='ltr'>peragendos</span> <span class='ocrx_word' id='word_1_613' title='bbox 2782 2985 2999 3031; x_wconf 87' lang='lat' dir='ltr'>sacros</span> <span class='ocrx_word' id='word_1_614' title='bbox 3036 2964 3232 3030; x_wconf 88' lang='lat' dir='ltr'>ritus:</span> <span class='ocrx_word' id='word_1_615' title='bbox 3273 2987 3356 3031; x_wconf 91' lang='lat' dir='ltr'>ne</span> <span class='ocrx_word' id='word_1_616' title='bbox 3392 2966 3447 3031; x_wconf 92' lang='lat' dir='ltr'>si</span> <span class='ocrx_word' id='word_1_617' title='bbox 3484 2966 3755 3049; x_wconf 89' lang='lat' dir='ltr'>quisque</span> <span class='ocrx_word' id='word_1_618' title='bbox 3791 2967 4051 3032; x_wconf 81' lang='lat' dir='ltr'>offerret</span> <span class='ocrx_word' id='word_1_619' title='bbox 4090 2976 4283 3051; x_wconf 90' lang='lat' dir='ltr'>prout</span> 
     </span>
     <span class='ocr_line' id='line_1_87' title="bbox 2339 3050 4282 3137; baseline 0.002 -22"><span class='ocrx_word' id='word_1_620' title='bbox 2339 3063 2510 3117; x_wconf 86' lang='lat' dir='ltr'>esset</span> <span class='ocrx_word' id='word_1_621' title='bbox 2547 3050 2826 3128; x_wconf 88' lang='lat' dir='ltr'>libitum,</span> <span class='ocrx_word' id='word_1_622' title='bbox 2874 3050 3218 3117; x_wconf 87' lang='lat' dir='ltr'>vitiaretur</span> <span class='ocrx_word' id='word_1_623' title='bbox 3263 3052 3510 3137; x_wconf 84' lang='lat' dir='ltr'>religio,</span> <span class='ocrx_word' id='word_1_624' title='bbox 3558 3063 3624 3117; x_wconf 92' lang='lat' dir='ltr'>et</span> <span class='ocrx_word' id='word_1_625' title='bbox 3668 3053 3981 3135; x_wconf 88' lang='lat' dir='ltr'>paulatim</span> <span class='ocrx_word' id='word_1_626' title='bbox 4018 3053 4282 3118; x_wconf 87' lang='lat' dir='ltr'>diversa</span> 
     </span>
     <span class='ocr_line' id='line_1_88' title="bbox 2337 3137 4279 3223; baseline 0.002 -22"><span class='ocrx_word' id='word_1_627' title='bbox 2337 3137 2571 3201; x_wconf 89' lang='lat' dir='ltr'>altaria</span> <span class='ocrx_word' id='word_1_628' title='bbox 2608 3137 2882 3202; x_wconf 88' lang='lat' dir='ltr'>totidem</span> <span class='ocrx_word' id='word_1_629' title='bbox 2920 3138 3268 3222; x_wconf 86' lang='lat' dir='ltr'>gignerent</span> <span class='ocrx_word' id='word_1_630' title='bbox 3307 3137 3480 3204; x_wconf 90' lang='lat' dir='ltr'>deos.</span> <span class='ocrx_word' id='word_1_631' title='bbox 3543 3138 3739 3204; x_wconf 89' lang='lat' dir='ltr'>Iubet</span> <span class='ocrx_word' id='word_1_632' title='bbox 3778 3160 3933 3223; x_wconf 88' lang='lat' dir='ltr'>ergo</span> <span class='ocrx_word' id='word_1_633' title='bbox 3981 3140 4279 3204; x_wconf 90' lang='lat' dir='ltr'>victimas</span> 
     </span>
     <span class='ocr_line' id='line_1_89' title="bbox 2333 3223 4280 3374; baseline 0.002 -87"><span class='ocrx_word' id='word_1_634' title='bbox 2333 3243 2564 3374; x_wconf 40' lang='lat' dir='ltr'>temises</span> <span class='ocrx_word' id='word_1_635' title='bbox 2609 3223 2962 3290; x_wconf 88' lang='lat' dir='ltr'>sacrificari</span> <span class='ocrx_word' id='word_1_636' title='bbox 3007 3244 3207 3306; x_wconf 89' lang='lat' dir='ltr'>super</span> <span class='ocrx_word' id='word_1_637' title='bbox 3251 3245 3456 3290; x_wconf 91' lang='lat' dir='ltr'>unum</span> <span class='ocrx_word' id='word_1_638' title='bbox 3503 3224 3730 3302; x_wconf 86' lang='lat' dir='ltr'>altare,</span> <span class='ocrx_word' id='word_1_639' title='bbox 3776 3224 3968 3291; x_wconf 90' lang='lat' dir='ltr'>modo</span> <span class='ocrx_word' id='word_1_640' title='bbox 4014 3225 4280 3309; x_wconf 79' lang='lat' dir='ltr'>sanguis</span> 
     </span>
     <span class='ocr_line' id='line_1_90' title="bbox 2361 3321 2671 3376; baseline 0.006 -3"><span class='ocrx_word' id='word_1_641' title='bbox 2361 3332 2451 3373; x_wconf 90' lang='lat' dir='ltr'>un</span> <span class='ocrx_word' id='word_1_642' title='bbox 2499 3321 2671 3376; x_wconf 84' lang='lat' dir='ltr'>atur.</span> 
     </span>
    </p>
   </div>
   <div class='ocr_carea' id='block_1_13' title="bbox 2970 3600 3655 3668">
    <p class='ocr_par' dir='ltr' id='par_1_15' title="bbox 2970 3600 3655 3668">
     <span class='ocr_line' id='line_1_91' title="bbox 2970 3600 3655 3668; baseline 0 -2"><span class='ocrx_word' id='word_1_643' title='bbox 2970 3601 3103 3666; x_wconf 86' lang='lat' dir='ltr'>EX</span> <span class='ocrx_word' id='word_1_644' title='bbox 3143 3600 3414 3668; x_wconf 79' lang='lat' dir='ltr'>DEU&#39;I‘.</span> <span class='ocrx_word' id='word_1_645' title='bbox 3462 3600 3655 3667; x_wconf 86' lang='lat' dir='ltr'>XIV.</span> 
     </span>
    </p>
   </div>
   <div class='ocr_carea' id='block_1_14' title="bbox 2327 3736 4286 5020">
    <p class='ocr_par' dir='ltr' id='par_1_16' title="bbox 2327 3736 4286 5020">
     <span class='ocr_line' id='line_1_92' title="bbox 2501 3736 4283 3807; baseline 0.003 -5"><span class='ocrx_word' id='word_1_646' title='bbox 2501 3737 2604 3804; x_wconf 86' lang='grc'>23.</span> <span class='ocrx_word' id='word_1_647' title='bbox 2662 3737 2750 3803; x_wconf 89' lang='lat' dir='ltr'>Et</span> <span class='ocrx_word' id='word_1_648' title='bbox 2805 3739 3075 3805; x_wconf 80' lang='lat' dir='ltr'>comedes</span> <span class='ocrx_word' id='word_1_649' title='bbox 3130 3758 3338 3804; x_wconf 84' lang='lat' dir='ltr'>coram</span> <span class='ocrx_word' id='word_1_650' title='bbox 3392 3737 3623 3804; x_wconf 78' lang='lat' dir='ltr'>Ielzova</span> <span class='ocrx_word' id='word_1_651' title='bbox 3681 3736 3818 3804; x_wconf 84' lang='lat' dir='ltr'>Deo</span> <span class='ocrx_word' id='word_1_652' title='bbox 3875 3744 3980 3805; x_wconf 82' lang='lat' dir='ltr'>tuo</span> <span class='ocrx_word' id='word_1_653' title='bbox 4037 3740 4107 3804; x_wconf 79' lang='lat' dir='ltr'>in</span> <span class='ocrx_word' id='word_1_654' title='bbox 4154 3740 4283 3807; x_wconf 81' lang='lat' dir='ltr'>loco</span> 
     </span>
     <span class='ocr_line' id='line_1_93' title="bbox 2327 3823 4282 3908; baseline 0.002 -20"><span class='ocrx_word' id='word_1_655' title='bbox 2327 3845 2509 3905; x_wconf 77' lang='lat' dir='ltr'>quem</span> <span class='ocrx_word' id='word_1_656' title='bbox 2553 3823 2796 3908; x_wconf 76' lang='lat' dir='ltr'>eleyerit</span> <span class='ocrx_word' id='word_1_657' title='bbox 2835 3830 2907 3889; x_wconf 84' lang='lat' dir='ltr'>ut</span> <span class='ocrx_word' id='word_1_658' title='bbox 2949 3824 3230 3890; x_wconf 78' lang='lat' dir='ltr'>habitare</span> <span class='ocrx_word' id='word_1_659' title='bbox 3270 3824 3471 3907; x_wconf 81' lang='lat' dir='ltr'>faciat</span> <span class='ocrx_word' id='word_1_660' title='bbox 3515 3844 3733 3889; x_wconf 83' lang='lat' dir='ltr'>nomen</span> <span class='ocrx_word' id='word_1_661' title='bbox 3776 3844 3966 3890; x_wconf 79' lang='lat' dir='ltr'>suum</span> <span class='ocrx_word' id='word_1_662' title='bbox 4007 3825 4127 3902; x_wconf 80' lang='lat' dir='ltr'>ibi,</span> <span class='ocrx_word' id='word_1_663' title='bbox 4178 3827 4282 3891; x_wconf 88' lang='lat' dir='ltr'>de-</span> 
     </span>
     <span class='ocr_line' id='line_1_94' title="bbox 2329 3910 4280 3994; baseline 0.002 -20"><span class='ocrx_word' id='word_1_664' title='bbox 2329 3910 2555 3975; x_wconf 83' lang='lat' dir='ltr'>cimam</span> <span class='ocrx_word' id='word_1_665' title='bbox 2596 3911 2895 3992; x_wconf 77' lang='lat' dir='ltr'>frumenti</span> <span class='ocrx_word' id='word_1_666' title='bbox 2938 3911 3065 3988; x_wconf 84' lang='lat' dir='ltr'>tui,</span> <span class='ocrx_word' id='word_1_667' title='bbox 3112 3912 3248 3974; x_wconf 81' lang='lat' dir='ltr'>vini</span> <span class='ocrx_word' id='word_1_668' title='bbox 3290 3910 3415 3985; x_wconf 83' lang='lat' dir='ltr'>tui,</span> <span class='ocrx_word' id='word_1_669' title='bbox 3461 3916 3517 3976; x_wconf 86' lang='lat' dir='ltr'>et</span> <span class='ocrx_word' id='word_1_670' title='bbox 3558 3910 3676 3975; x_wconf 84' lang='lat' dir='ltr'>olei</span> <span class='ocrx_word' id='word_1_671' title='bbox 3717 3910 3841 3985; x_wconf 76' lang='lat' dir='ltr'>tui,</span> <span class='ocrx_word' id='word_1_672' title='bbox 3888 3916 3943 3974; x_wconf 81' lang='lat' dir='ltr'>et</span> <span class='ocrx_word' id='word_1_673' title='bbox 3961 3913 4280 3994; x_wconf 75' lang='lat' dir='ltr'>primoye-</span> 
     </span>
     <span class='ocr_line' id='line_1_95' title="bbox 2328 3996 4281 4076; baseline 0.002 -16"><span class='ocrx_word' id='word_1_674' title='bbox 2328 3997 2467 4061; x_wconf 78' lang='lat' dir='ltr'>nita</span> <span class='ocrx_word' id='word_1_675' title='bbox 2521 3996 2700 4060; x_wconf 81' lang='lat' dir='ltr'>boum</span> <span class='ocrx_word' id='word_1_676' title='bbox 2749 4002 2999 4062; x_wconf 80' lang='lat' dir='ltr'>tuorum</span> <span class='ocrx_word' id='word_1_677' title='bbox 3016 4048 3031 4074; x_wconf 93' lang='lat'>‚</span> <span class='ocrx_word' id='word_1_678' title='bbox 3105 4002 3161 4061; x_wconf 81' lang='lat' dir='ltr'>et</span> <span class='ocrx_word' id='word_1_679' title='bbox 3210 3998 3520 4076; x_wconf 78' lang='lat' dir='ltr'>pecudum</span> <span class='ocrx_word' id='word_1_680' title='bbox 3577 4002 3868 4061; x_wconf 76' lang='lat' dir='ltr'>tuarum.-</span> <span class='ocrx_word' id='word_1_681' title='bbox 3934 4002 4004 4060; x_wconf 80' lang='lat' dir='ltr'>ut</span> <span class='ocrx_word' id='word_1_682' title='bbox 4067 3999 4281 4064; x_wconf 81' lang='lat' dir='ltr'>discas</span> 
     </span>
     <span class='ocr_line' id='line_1_96' title="bbox 2330 4081 4281 4165; baseline 0.001 -19"><span class='ocrx_word' id='word_1_683' title='bbox 2330 4083 2547 4146; x_wconf 82' lang='lat' dir='ltr'>timere</span> <span class='ocrx_word' id='word_1_684' title='bbox 2572 4081 2866 4148; x_wconf 82' lang='lat' dir='ltr'>Iehovam</span> <span class='ocrx_word' id='word_1_685' title='bbox 2887 4082 3103 4148; x_wconf 75' lang='lat' dir='ltr'>Deum</span> <span class='ocrx_word' id='word_1_686' title='bbox 3137 4088 3313 4149; x_wconf 77' lang='lat' dir='ltr'>tuum</span> <span class='ocrx_word' id='word_1_687' title='bbox 3350 4081 3633 4147; x_wconf 77' lang='lat' dir='ltr'>omnibus</span> <span class='ocrx_word' id='word_1_688' title='bbox 3666 4082 3897 4146; x_wconf 78' lang='lat' dir='ltr'>diebus.</span> <span class='ocrx_word' id='word_1_689' title='bbox 3956 4082 4059 4147; x_wconf 86' lang='lat'>24.</span> <span class='ocrx_word' id='word_1_690' title='bbox 4106 4083 4281 4165; x_wconf 72' lang='lat' dir='ltr'>Quod</span> 
     </span>
     <span class='ocr_line' id='line_1_97' title="bbox 2329 4168 4280 4254; baseline 0.002 -22"><span class='ocrx_word' id='word_1_691' title='bbox 2329 4170 2389 4232; x_wconf 86' lang='lat' dir='ltr'>si</span> <span class='ocrx_word' id='word_1_692' title='bbox 2447 4169 2687 4254; x_wconf 71' lang='lat' dir='ltr'>lonyior</span> <span class='ocrx_word' id='word_1_693' title='bbox 2740 4168 2935 4251; x_wconf 81' lang='lat' dir='ltr'>fuerit</span> <span class='ocrx_word' id='word_1_694' title='bbox 2996 4171 3102 4233; x_wconf 86' lang='lat' dir='ltr'>via</span> <span class='ocrx_word' id='word_1_695' title='bbox 3157 4189 3346 4251; x_wconf 71' lang='lat' dir='ltr'>quam</span> <span class='ocrx_word' id='word_1_696' title='bbox 3399 4173 3468 4233; x_wconf 80' lang='lat' dir='ltr'>ut</span> <span class='ocrx_word' id='word_1_697' title='bbox 3509 4189 3632 4250; x_wconf 79' lang='lat' dir='ltr'>per</span> <span class='ocrx_word' id='word_1_698' title='bbox 3684 4187 3824 4233; x_wconf 84' lang='lat' dir='ltr'>eam</span> <span class='ocrx_word' id='word_1_699' title='bbox 3863 4168 4035 4250; x_wconf 78' lang='lat' dir='ltr'>ferre</span> <span class='ocrx_word' id='word_1_700' title='bbox 4064 4169 4280 4250; x_wconf 81' lang='lat' dir='ltr'>possis</span> 
     </span>
     <span class='ocr_line' id='line_1_98' title="bbox 2328 4253 4282 4337; baseline 0.001 -18"><span class='ocrx_word' id='word_1_701' title='bbox 2328 4253 2482 4320; x_wconf 83' lang='lat' dir='ltr'>illas</span> <span class='ocrx_word' id='word_1_702' title='bbox 2498 4305 2513 4334; x_wconf 90' lang='lat'>,</span> <span class='ocrx_word' id='word_1_703' title='bbox 2565 4254 2727 4335; x_wconf 76' lang='lat' dir='ltr'>quod</span> <span class='ocrx_word' id='word_1_704' title='bbox 2779 4255 2963 4320; x_wconf 82' lang='lat' dir='ltr'>distet</span> <span class='ocrx_word' id='word_1_705' title='bbox 3006 4277 3047 4324; x_wconf 90' lang='lat' dir='ltr'>a</span> <span class='ocrx_word' id='word_1_706' title='bbox 3093 4260 3149 4320; x_wconf 88' lang='lat' dir='ltr'>te</span> <span class='ocrx_word' id='word_1_707' title='bbox 3183 4255 3350 4320; x_wconf 81' lang='lat' dir='ltr'>locus</span> <span class='ocrx_word' id='word_1_708' title='bbox 3391 4254 3499 4320; x_wconf 82' lang='lat' dir='ltr'>ille</span> <span class='ocrx_word' id='word_1_709' title='bbox 3542 4274 3720 4335; x_wconf 78' lang='lat' dir='ltr'>quem</span> <span class='ocrx_word' id='word_1_710' title='bbox 3764 4253 4008 4337; x_wconf 76' lang='lat' dir='ltr'>eleyerit</span> <span class='ocrx_word' id='word_1_711' title='bbox 4049 4253 4282 4320; x_wconf 75' lang='lat' dir='ltr'>Iehova</span> 
     </span>
     <span class='ocr_line' id='line_1_99' title="bbox 2332 4339 4280 4421; baseline -0.002 -13"><span class='ocrx_word' id='word_1_712' title='bbox 2332 4340 2511 4408; x_wconf 82' lang='lat' dir='ltr'>Deus</span> <span class='ocrx_word' id='word_1_713' title='bbox 2553 4345 2700 4405; x_wconf 76' lang='lat' dir='ltr'>tuus</span> <span class='ocrx_word' id='word_1_714' title='bbox 2744 4346 2816 4405; x_wconf 82' lang='lat' dir='ltr'>ut</span> <span class='ocrx_word' id='word_1_715' title='bbox 2847 4345 3046 4421; x_wconf 78' lang='lat' dir='ltr'>ponat</span> <span class='ocrx_word' id='word_1_716' title='bbox 3087 4360 3303 4407; x_wconf 80' lang='lat' dir='ltr'>nomen</span> <span class='ocrx_word' id='word_1_717' title='bbox 3346 4360 3534 4405; x_wconf 79' lang='lat' dir='ltr'>suum</span> <span class='ocrx_word' id='word_1_718' title='bbox 3577 4339 3684 4419; x_wconf 82' lang='lat' dir='ltr'>ibi,</span> <span class='ocrx_word' id='word_1_719' title='bbox 3729 4359 3920 4420; x_wconf 77' lang='lat' dir='ltr'>quum</span> <span class='ocrx_word' id='word_1_720' title='bbox 3965 4339 4280 4406; x_wconf 78' lang='lat' dir='ltr'>benedixe-</span> 
     </span>
     <span class='ocr_line' id='line_1_100' title="bbox 2328 4424 4282 4510; baseline 0 -19"><span class='ocrx_word' id='word_1_721' title='bbox 2328 4427 2414 4491; x_wconf 84' lang='lat' dir='ltr'>rit</span> <span class='ocrx_word' id='word_1_722' title='bbox 2455 4425 2569 4492; x_wconf 70' lang='lat' dir='ltr'>tibi</span> <span class='ocrx_word' id='word_1_723' title='bbox 2616 4426 2846 4491; x_wconf 77' lang='lat' dir='ltr'>Iehova</span> <span class='ocrx_word' id='word_1_724' title='bbox 2894 4426 3071 4492; x_wconf 80' lang='lat' dir='ltr'>Deus</span> <span class='ocrx_word' id='word_1_725' title='bbox 3109 4432 3287 4491; x_wconf 79' lang='lat' dir='ltr'>tuus:</span> <span class='ocrx_word' id='word_1_726' title='bbox 3351 4426 3456 4491; x_wconf 80' lang='grc'>25.</span> <span class='ocrx_word' id='word_1_727' title='bbox 3511 4426 3683 4490; x_wconf 80' lang='lat' dir='ltr'>Tunc</span> <span class='ocrx_word' id='word_1_728' title='bbox 3725 4424 3908 4491; x_wconf 78' lang='lat' dir='ltr'>dabis</span> <span class='ocrx_word' id='word_1_729' title='bbox 3936 4447 4063 4510; x_wconf 81' lang='lat' dir='ltr'>pro</span> <span class='ocrx_word' id='word_1_730' title='bbox 4095 4447 4282 4508; x_wconf 77' lang='lat' dir='ltr'>pecu-</span> 
     </span>
     <span class='ocr_line' id='line_1_101' title="bbox 2327 4511 4278 4596; baseline 0.001 -19"><span class='ocrx_word' id='word_1_731' title='bbox 2327 4514 2444 4577; x_wconf 77' lang='lat' dir='ltr'>nia</span> <span class='ocrx_word' id='word_1_732' title='bbox 2464 4562 2478 4588; x_wconf 87' lang='lat'>,</span> <span class='ocrx_word' id='word_1_733' title='bbox 2535 4518 2592 4578; x_wconf 89' lang='lat' dir='ltr'>et</span> <span class='ocrx_word' id='word_1_734' title='bbox 2647 4511 2962 4596; x_wconf 72' lang='lat' dir='ltr'>colliyabis</span> <span class='ocrx_word' id='word_1_735' title='bbox 3001 4515 3345 4594; x_wconf 77' lang='lat' dir='ltr'>pecuniam</span> <span class='ocrx_word' id='word_1_736' title='bbox 3391 4513 3461 4577; x_wconf 81' lang='lat' dir='ltr'>in</span> <span class='ocrx_word' id='word_1_737' title='bbox 3503 4531 3697 4575; x_wconf 79' lang='lat' dir='ltr'>manu</span> <span class='ocrx_word' id='word_1_738' title='bbox 3740 4516 3850 4576; x_wconf 80' lang='lat' dir='ltr'>tua</span> <span class='ocrx_word' id='word_1_739' title='bbox 3861 4562 3876 4593; x_wconf 89' lang='grc'><strong><em>,</em></strong></span> <span class='ocrx_word' id='word_1_740' title='bbox 3923 4518 3979 4578; x_wconf 86' lang='lat' dir='ltr'>et</span> <span class='ocrx_word' id='word_1_741' title='bbox 4021 4512 4147 4577; x_wconf 81' lang='lat' dir='ltr'>ibis</span> <span class='ocrx_word' id='word_1_742' title='bbox 4190 4512 4278 4578; x_wconf 82' lang='lat' dir='ltr'>ad</span> 
     </span>
     <span class='ocr_line' id='line_1_102' title="bbox 2329 4596 4286 4683; baseline 0 -19"><span class='ocrx_word' id='word_1_743' title='bbox 2329 4597 2993 4683; x_wconf 71' lang='lat' dir='ltr'>locumquemezeyerit</span> <span class='ocrx_word' id='word_1_744' title='bbox 3014 4597 3240 4663; x_wconf 70' lang='lat' dir='ltr'>Iehova</span> <span class='ocrx_word' id='word_1_745' title='bbox 3265 4597 3445 4663; x_wconf 82' lang='lat' dir='ltr'>Deus</span> <span class='ocrx_word' id='word_1_746' title='bbox 3466 4596 3768 4662; x_wconf 78' lang='lat' dir='ltr'>tuus:26.</span> <span class='ocrx_word' id='word_1_747' title='bbox 3797 4598 3884 4663; x_wconf 88' lang='lat' dir='ltr'>Et</span> <span class='ocrx_word' id='word_1_748' title='bbox 3905 4598 4087 4664; x_wconf 83' lang='lat' dir='ltr'>dabis</span> <span class='ocrx_word' id='word_1_749' title='bbox 4099 4617 4286 4682; x_wconf 77' lang='lat' dir='ltr'>pecu-</span> 
     </span>
     <span class='ocr_line' id='line_1_103' title="bbox 2329 4685 4279 4768; baseline 0.001 -20"><span class='ocrx_word' id='word_1_750' title='bbox 2329 4686 2507 4750; x_wconf 80' lang='lat' dir='ltr'>niam</span> <span class='ocrx_word' id='word_1_751' title='bbox 2531 4705 2657 4765; x_wconf 77' lang='lat' dir='ltr'>pro</span> <span class='ocrx_word' id='word_1_752' title='bbox 2691 4686 2865 4749; x_wconf 78' lang='lat' dir='ltr'>omni</span> <span class='ocrx_word' id='word_1_753' title='bbox 2899 4706 2965 4751; x_wconf 89' lang='lat' dir='ltr'>eo</span> <span class='ocrx_word' id='word_1_754' title='bbox 2999 4686 3164 4767; x_wconf 79' lang='lat' dir='ltr'>quod</span> <span class='ocrx_word' id='word_1_755' title='bbox 3196 4685 3509 4750; x_wconf 79' lang='lat' dir='ltr'>desiderat</span> <span class='ocrx_word' id='word_1_756' title='bbox 3543 4685 3761 4749; x_wconf 82' lang='lat' dir='ltr'>anima</span> <span class='ocrx_word' id='word_1_757' title='bbox 3781 4689 3909 4767; x_wconf 83' lang='lat' dir='ltr'>tua,</span> <span class='ocrx_word' id='word_1_758' title='bbox 3931 4706 4055 4768; x_wconf 80' lang='lat' dir='ltr'>pro</span> <span class='ocrx_word' id='word_1_759' title='bbox 4077 4685 4279 4765; x_wconf 77' lang='lat' dir='ltr'>bobus,</span> 
     </span>
     <span class='ocr_line' id='line_1_104' title="bbox 2329 4770 4282 4853; baseline 0.001 -18"><span class='ocrx_word' id='word_1_760' title='bbox 2329 4776 2386 4835; x_wconf 88' lang='lat' dir='ltr'>et</span> <span class='ocrx_word' id='word_1_761' title='bbox 2402 4791 2531 4851; x_wconf 77' lang='lat' dir='ltr'>pro</span> <span class='ocrx_word' id='word_1_762' title='bbox 2564 4770 2797 4848; x_wconf 69' lang='lat' dir='ltr'>ovibus,</span> <span class='ocrx_word' id='word_1_763' title='bbox 2841 4776 2897 4834; x_wconf 87' lang='lat' dir='ltr'>et</span> <span class='ocrx_word' id='word_1_764' title='bbox 2930 4791 3053 4852; x_wconf 79' lang='lat' dir='ltr'>pro</span> <span class='ocrx_word' id='word_1_765' title='bbox 3094 4771 3255 4846; x_wconf 77' lang='lat' dir='ltr'>vinc,</span> <span class='ocrx_word' id='word_1_766' title='bbox 3300 4775 3356 4835; x_wconf 83' lang='lat' dir='ltr'>et</span> <span class='ocrx_word' id='word_1_767' title='bbox 3385 4790 3511 4851; x_wconf 77' lang='lat' dir='ltr'>pro</span> <span class='ocrx_word' id='word_1_768' title='bbox 3544 4772 3766 4850; x_wconf 84' lang='lat' dir='ltr'>sicera,</span> <span class='ocrx_word' id='word_1_769' title='bbox 3812 4777 3869 4836; x_wconf 85' lang='lat' dir='ltr'>et</span> <span class='ocrx_word' id='word_1_770' title='bbox 3889 4792 4014 4853; x_wconf 80' lang='lat' dir='ltr'>pro</span> <span class='ocrx_word' id='word_1_771' title='bbox 4049 4772 4282 4838; x_wconf 77' lang='lat' dir='ltr'>cunctis</span> 
     </span>
     <span class='ocr_line' id='line_1_105' title="bbox 2328 4856 4280 4939; baseline 0.001 -18"><span class='ocrx_word' id='word_1_772' title='bbox 2328 4857 2593 4939; x_wconf 78' lang='lat' dir='ltr'>denique</span> <span class='ocrx_word' id='word_1_773' title='bbox 2635 4876 2793 4939; x_wconf 79' lang='lat' dir='ltr'>quae</span> <span class='ocrx_word' id='word_1_774' title='bbox 2823 4856 3241 4938; x_wconf 79' lang='lat' dir='ltr'>postulaverit</span> <span class='ocrx_word' id='word_1_775' title='bbox 3282 4879 3326 4922; x_wconf 89' lang='lat' dir='ltr'>a</span> <span class='ocrx_word' id='word_1_776' title='bbox 3367 4862 3423 4922; x_wconf 88' lang='lat' dir='ltr'>te</span> <span class='ocrx_word' id='word_1_777' title='bbox 3465 4857 3684 4921; x_wconf 81' lang='lat' dir='ltr'>anima</span> <span class='ocrx_word' id='word_1_778' title='bbox 3729 4863 3871 4923; x_wconf 83' lang='lat' dir='ltr'>tua:</span> <span class='ocrx_word' id='word_1_779' title='bbox 3912 4863 3968 4924; x_wconf 88' lang='lat' dir='ltr'>et</span> <span class='ocrx_word' id='word_1_780' title='bbox 4009 4858 4280 4924; x_wconf 82' lang='lat' dir='ltr'>comedes</span> 
     </span>
     <span class='ocr_line' id='line_1_106' title="bbox 2327 4941 4275 5020; baseline 0 -13"><span class='ocrx_word' id='word_1_781' title='bbox 2327 4941 2419 5007; x_wconf 85' lang='lat' dir='ltr'>ibi</span> <span class='ocrx_word' id='word_1_782' title='bbox 2455 4961 2664 5009; x_wconf 80' lang='lat' dir='ltr'>eoram</span> <span class='ocrx_word' id='word_1_783' title='bbox 2688 4942 2919 5008; x_wconf 76' lang='lat' dir='ltr'>Iehova</span> <span class='ocrx_word' id='word_1_784' title='bbox 2943 4942 3080 5007; x_wconf 87' lang='lat' dir='ltr'>Deo</span> <span class='ocrx_word' id='word_1_785' title='bbox 3114 4948 3233 5020; x_wconf 77' lang='lat' dir='ltr'>tuo,</span> <span class='ocrx_word' id='word_1_786' title='bbox 3272 4949 3328 5008; x_wconf 85' lang='lat' dir='ltr'>et</span> <span class='ocrx_word' id='word_1_787' title='bbox 3360 4941 3689 5008; x_wconf 80' lang='lat' dir='ltr'>laetaberis</span> <span class='ocrx_word' id='word_1_788' title='bbox 3725 4949 3794 5008; x_wconf 80' lang='lat' dir='ltr'>tu</span> <span class='ocrx_word' id='word_1_789' title='bbox 3828 4949 3885 5010; x_wconf 86' lang='lat' dir='ltr'>et</span> <span class='ocrx_word' id='word_1_790' title='bbox 3904 4945 4126 5010; x_wconf 79' lang='lat' dir='ltr'>domus</span> <span class='ocrx_word' id='word_1_791' title='bbox 4147 4948 4275 5007; x_wconf 80' lang='lat' dir='ltr'>tua.</span> 
     </span>
    </p>
   </div>
   <div class='ocr_carea' id='block_1_15' title="bbox 2332 5113 4278 5457">
    <p class='ocr_par' dir='ltr' id='par_1_17' title="bbox 2332 5113 4278 5457">
     <span class='ocr_line' id='line_1_107' title="bbox 2503 5113 4278 5181; baseline 0 -1"><span class='ocrx_word' id='word_1_792' title='bbox 2503 5115 2607 5180; x_wconf 86' lang='grc'>23.</span> <span class='ocrx_word' id='word_1_793' title='bbox 2655 5113 2743 5181; x_wconf 87' lang='lat' dir='ltr'>Et</span> <span class='ocrx_word' id='word_1_794' title='bbox 2785 5115 3058 5180; x_wconf 85' lang='lat' dir='ltr'>comedes</span> <span class='ocrx_word' id='word_1_795' title='bbox 3099 5135 3309 5179; x_wconf 85' lang='lat' dir='ltr'>coram</span> <span class='ocrx_word' id='word_1_796' title='bbox 3351 5113 3600 5181; x_wconf 76' lang='lat' dir='ltr'>Iehova.</span> <span class='ocrx_word' id='word_1_797' title='bbox 3676 5115 3926 5181; x_wconf 87' lang='lat' dir='ltr'>Iterum</span> <span class='ocrx_word' id='word_1_798' title='bbox 3978 5116 4278 5180; x_wconf 87' lang='lat' dir='ltr'>victimas</span> 
     </span>
     <span class='ocr_line' id='line_1_108' title="bbox 2332 5200 4275 5284; baseline -0.001 -17"><span class='ocrx_word' id='word_1_799' title='bbox 2332 5202 2553 5267; x_wconf 87' lang='lat' dir='ltr'>afferri</span> <span class='ocrx_word' id='word_1_800' title='bbox 2589 5201 2775 5266; x_wconf 86' lang='lat' dir='ltr'>iubet</span> <span class='ocrx_word' id='word_1_801' title='bbox 2811 5200 2891 5265; x_wconf 85' lang='lat' dir='ltr'>ad</span> <span class='ocrx_word' id='word_1_802' title='bbox 2930 5202 3139 5266; x_wconf 88' lang='lat' dir='ltr'>locum</span> <span class='ocrx_word' id='word_1_803' title='bbox 3178 5201 3568 5267; x_wconf 90' lang='lat' dir='ltr'>sanctuarii:</span> <span class='ocrx_word' id='word_1_804' title='bbox 3619 5221 3987 5284; x_wconf 87' lang='lat' dir='ltr'>quanquam</span> <span class='ocrx_word' id='word_1_805' title='bbox 4020 5200 4275 5266; x_wconf 90' lang='lat' dir='ltr'>Ieroso-</span> 
     </span>
     <span class='ocr_line' id='line_1_109' title="bbox 2332 5285 4273 5372; baseline 0 -21"><span class='ocrx_word' id='word_1_806' title='bbox 2332 5288 2584 5372; x_wconf 84' lang='lat' dir='ltr'>lymam</span> <span class='ocrx_word' id='word_1_807' title='bbox 2651 5285 2951 5371; x_wconf 83' lang='lat' dir='ltr'>designat</span> <span class='ocrx_word' id='word_1_808' title='bbox 3016 5308 3133 5370; x_wconf 91' lang='lat' dir='ltr'>per</span> <span class='ocrx_word' id='word_1_809' title='bbox 3198 5288 3412 5353; x_wconf 91' lang='lat' dir='ltr'>locum</span> <span class='ocrx_word' id='word_1_810' title='bbox 3482 5308 3674 5369; x_wconf 91' lang='lat' dir='ltr'>quem</span> <span class='ocrx_word' id='word_1_811' title='bbox 3739 5286 4011 5369; x_wconf 88' lang='lat' dir='ltr'>elegerit</span> <span class='ocrx_word' id='word_1_812' title='bbox 4073 5286 4273 5365; x_wconf 86' lang='lat' dir='ltr'>Deus,</span> 
     </span>
     <span class='ocr_line' id='line_1_110' title="bbox 2334 5369 4276 5457; baseline -0.001 -17"><span class='ocrx_word' id='word_1_813' title='bbox 2334 5374 2523 5440; x_wconf 87' lang='lat' dir='ltr'>sicuti</span> <span class='ocrx_word' id='word_1_814' title='bbox 2562 5375 2861 5456; x_wconf 89' lang='lat' dir='ltr'>proximo</span> <span class='ocrx_word' id='word_1_815' title='bbox 2897 5376 2967 5438; x_wconf 91' lang='lat' dir='ltr'>in</span> <span class='ocrx_word' id='word_1_816' title='bbox 3006 5369 3143 5440; x_wconf 83' lang='lat' dir='ltr'>lo&#39;co</span> <span class='ocrx_word' id='word_1_817' title='bbox 3179 5374 3408 5457; x_wconf 87' lang='lat' dir='ltr'>capitis</span> <span class='ocrx_word' id='word_1_818' title='bbox 3449 5373 3547 5437; x_wconf 87' lang='grc'>12.</span> <span class='ocrx_word' id='word_1_819' title='bbox 3596 5372 3840 5438; x_wconf 90' lang='lat' dir='ltr'>dictum</span> <span class='ocrx_word' id='word_1_820' title='bbox 3887 5372 4032 5438; x_wconf 86' lang='lat' dir='ltr'>fuit.</span> <span class='ocrx_word' id='word_1_821' title='bbox 4103 5376 4276 5438; x_wconf 90' lang='lat' dir='ltr'>Arca</span> 
     </span>
    </p>
   </div>
  </div>
 </body>
</html>
