4867 6150
603 440 729 506 183

602 638 909 710 expertes
950 648 1092 693 esse
1128 627 1614 710 redemptionis,
1659 626 1846 691 cuius
1880 628 2021 710 ipse
2057 634 2200 690 erat
2235 625 2553 705 minister,

604 734 726 779 nec
769 724 1280 780 consentaneum
1324 713 1574 793 fuisset,
1619 710 1989 779 sacerdotes
2034 711 2267 777 deindo
2325 712 2553 791 creari,

605 820 886 883 quorum
951 821 1086 866 non
1147 801 1374 865 fuisset
1418 800 1605 865 Deus
1651 798 2041 881 redemptor.
2133 796 2323 863 Adde
2368 798 2556 881 quod,

605 886 664 952 si
708 906 913 951 uxore
956 895 1022 951 et
1065 885 1288 951 liberis
1322 886 1393 950 in
1429 895 1575 951 tuto
1612 884 1941 968 depositis,
1987 884 2162 950 solus
2204 906 2275 949 se
2309 885 2380 948 in
2415 904 2551 949 cer·

605 978 831 1036 tamen
876 971 1255 1050 obtulisset,
1316 972 1551 1037 merito
1595 980 1936 1053 suspectus
1977 969 2215 1035 fuisset
2254 972 2552 1048 astutiae,

603 1056 713 1123 vel
758 1057 997 1124 nimiae
1040 1057 1430 1123 timiditatis.
1517 1058 1749 1140 Itaque
1806 1078 1937 1121 non
1994 1055 2219 1122 dubito
2262 1057 2418 1139 quin
2465 1056 2552 1121 si-

605 1144 744 1207 mul
810 1165 957 1210 cum
1015 1142 1268 1209 familia
1310 1144 1621 1209 miserum
1677 1140 1842 1208 illud
1900 1142 2243 1208 servitutis
2300 1143 2550 1226 iugum,

653 1250 737 1293 uo
794 1228 1045 1313 pridem
1111 1229 1404 1313 oppressi
1464 1228 1759 1307 fuerant,
1815 1229 2122 1305 subierit,
2181 1239 2373 1310 atque
2430 1228 2552 1294 boc

605 1250 993 1380 documento
1051 1316 1247 1381 fidem
1307 1337 1496 1381 suam
1541 1313 1947 1397 probaverit,
2008 1328 2083 1378 ut
2129 1315 2336 1379 maior
2381 1323 2553 1379 esset

605 1402 926 1467 vocationi
974 1402 1308 1467 autoritas,
1399 1399 1594 1481 Quod
1652 1421 1810 1484 ergo
1856 1399 2095 1465 dicitur
2152 1402 2221 1464 in
2266 1399 2552 1466 secundo

608 1507 837 1565 versu,
904 1488 1269 1569 Postquam
1313 1487 1586 1551 miserat
1649 1508 1814 1567 eam,
1881 1485 1962 1550 ad
2024 1487 2258 1551 Mosen
2323 1487 2552 1565 refer0,

604 1572 781 1656 quod
823 1573 1075 1639 scilicet
1117 1595 1153 1638 6
1198 1572 1457 1639 deserto
1501 1594 1776 1638 uxorem
1821 1593 2006 1637 suam
2054 1572 2324 1650 miserit,
2386 1593 2553 1654 quae

602 1665 864 1741 patrem
929 1659 1276 1733 inviseret:
1356 1660 1495 1724 sive
1574 1659 1696 1723 hoc
1774 1658 2170 1724 concesserit
2246 1658 2552 1722 muliebri

605 1743 959 1821 desiderio,
1040 1746 1181 1810 sive
1261 1746 1523 1828 pietatis
1607 1745 1845 1810 affectu
1926 1742 2249 1809 adductus
2327 1764 2551 1809 senem

602 1831 970 1914 propinqua
1062 1831 1384 1896 affinitate
1472 1830 1854 1897 devinctum
1934 1829 2057 1895 hac
2132 1827 2553 1894 observantia

603 1915 818 1980 colere
891 1917 1192 1981 voluerit.
1317 1917 1488 1981 Nam
1553 1915 1723 2000 quod
1801 1914 2202 1981 subaudiunt
2268 1915 2551 1998 quidam,

600 2014 1030 2084 posteaquam
1099 2003 1270 2067 dona
1338 2003 1656 2080 misisset,
1738 2002 2051 2086 frigidum
2120 2021 2195 2066 ac
2260 2014 2550 2067 coactum

603 2100 722 2153 est.
834 2086 1101 2170 Optime
1182 2097 1401 2154 autem
1481 2089 1635 2153 fluit
1707 2088 1829 2154 hoc
1906 2088 2099 2152 modo
2164 2094 2549 2153 contextus:

602 2170 958 2256 Postquam
1043 2175 1313 2239 miserat
1397 2175 1616 2240 Moses
1687 2193 1960 2238 uxorem
1985 2224 2000 2250 ,
2088 2174 2426 2239 reductam
2513 2195 2553 2238 a

601 2280 824 2325 socero
870 2260 1088 2338 fuisse,
1148 2272 1226 2325 ut
1269 2272 1566 2325 mutuam
1631 2260 1840 2325 vicem
1900 2259 2394 2325 benevolentiae
2453 2281 2551 2325 re-

598 2345 933 2429 penderet.

773 2431 833 2496 3.
889 2431 1076 2497 Duos
1111 2452 1347 2513 quoque
1382 2431 1568 2514 filios,
1659 2431 1877 2513 Quam
1921 2433 2178 2497 illustre
2222 2453 2353 2496 non
2399 2431 2550 2497 fidei

602 2513 793 2582 modo
833 2516 948 2582 sed
992 2518 1468 2601 magnitudinis
1513 2518 1720 2583 animi
1763 2528 1830 2583 et
1879 2519 2286 2584 constantiae
2352 2517 2548 2583 docu-

602 2610 898 2666 mentum
969 2600 1247 2668 ediderit
1303 2604 1521 2668 Moses
1588 2604 1750 2668 haec
1807 2605 1961 2670 filiis
2021 2605 2287 2669 nomina
2338 2605 2548 2687 impo-

599 2709 784 2765 nens,
831 2688 1077 2754 dictum
1125 2699 1224 2753 est
1271 2711 1389 2755 suo
1433 2690 1593 2755 loco,
1683 2688 1929 2756 Odium
1974 2692 2150 2755 enim
2194 2688 2317 2755 sibi
2366 2689 2546 2755 baud

604 2772 797 2838 dubie
841 2773 1013 2857 apud
1071 2775 1303 2840 affines
1363 2776 1702 2855 conflabat,
1768 2798 1843 2842 ac
1886 2776 1943 2841 si
1989 2778 2271 2859 patriam
2319 2778 2546 2842 uxoris

601 2874 976 2941 sperneret,
1067 2858 1362 2927 vocando
1450 2870 1688 2926 terram
1772 2863 2055 2927 alienam
2075 2881 2100 2947 :⁸
2171 2873 2239 2926 et
2306 2884 2545 2926 nomen

601 2945 721 3010 filii
781 2945 1042 3011 assidue
1100 2947 1459 3024 clamabat,
1525 2948 1825 3030 quamvis
1889 2949 2226 3032 regionem
2272 2948 2543 3013 Madian

599 3032 935 3111 incoleret,
983 3032 1202 3099 animo
1246 3042 1470 3099 tamen
1516 3054 1658 3099 esse
1701 3034 2132 3117 inquilinum,
2201 3045 2269 3100 et
2326 3036 2419 3099 ita
2463 3034 2545 3100 ad

595 3129 859 3203 tempus
904 3121 1327 3204 peregrinari,
1395 3133 1470 3186 ut
1516 3121 1712 3186 aliam
1760 3119 2228 3185 habitationem
2273 3142 2544 3204 quaere·

594 3213 716 3271 ret.
821 3204 1014 3272 Unde
1072 3206 1270 3271 etiam
1329 3207 1648 3272 coniicere
1706 3207 1858 3271 licet
1914 3229 2022 3272 eos
2061 3209 2280 3290 potius
2322 3228 2545 3273 secum

594 3289 863 3356 duxisse
895 3292 967 3355 in
1005 3294 1408 3375 Aegyptum,
1457 3313 1654 3375 quam
1700 3291 1780 3357 ob
1824 3291 2107 3358 subitam
2137 3293 2545 3359 iracundiam

596 3396 672 3442 ac
717 3377 1007 3461 iurgium
1042 3379 1268 3442 uxoris
1306 3378 1640 3462 ablegasse
1683 3379 1810 3443 duo
1833 3378 2094 3462 pietatis
2130 3400 2287 3443 suae
2323 3380 2549 3462 pigno-

598 3484 707 3543 ra,
768 3484 1046 3545 quorum
1103 3462 1480 3529 nominibus
1539 3464 1832 3546 quotidie
1896 3464 2369 3530 admonebatur
2411 3466 2546 3529 foe-

600 3548 760 3699 dusd
785 3550 914 3615 Dei
979 3550 1259 3615 terrenis
1313 3549 1616 3616 omnibus
1670 3548 2027 3617 commodis
2088 3572 2230 3616 6666
2297 3551 2549 3633 praefe-

594 3655 714 3701 ren
764 3656 876 3698 um

770 3721 831 3786 5.
893 3721 1074 3786 Venit
1112 3721 1325 3804 itaque
1369 3721 1593 3786 Iethro.
1644 3719 1882 3787 Senem
1931 3733 2144 3787 aetate
2178 3722 2547 3788 confectum

599 3828 730 3871 non
804 3816 939 3871 tam
1006 3807 1211 3872 Mosis
1290 3810 1527 3872 caritas
1584 3828 1781 3889 quam
1847 3809 2310 3874 miraculorum
2381 3810 2551 3873 fama

601 3892 794 3957 domo
839 3895 1146 3973 extraxit,
1190 3905 1266 3958 ut
1308 3894 1377 3958 in
1422 3892 1753 3958 desertum
1801 3895 2074 3960 veniret.
2133 3895 2304 3959 Nam
2349 3895 2552 3960 ambi-

599 3978 776 4044 tione
820 4000 952 4043 non
997 3979 1198 4045 fuisse
1241 3980 1620 4062 impulsum,
1681 4001 1832 4044 mox
1877 4003 1959 4046 ex
2005 3991 2321 4047 contextu
2367 3993 2548 4064 pate-

599 4063 728 4130 bit:
775 4067 928 4148 quia
972 4076 1312 4148 postquam
1360 4064 1598 4129 obtulit
1643 4066 1783 4131 Deo
1843 4067 2265 4133 sacrificium:
2327 4081 2392 4131 et
2446 4089 2548 4133 so-

598 4151 781 4216 lenni
847 4151 1206 4235 gratiarum
1254 4152 1510 4216 actione
1554 4161 1835 4216 testatus
1877 4164 1977 4217 est
2022 4163 2223 4217 totam
2271 4153 2549 4235 gloriam

601 4259 672 4301 se
713 4238 829 4301 uni
877 4236 1018 4301 Deo
1062 4235 1459 4317 adscribere,
1521 4236 1787 4302 domum
1832 4237 2057 4302 eadem
2104 4261 2233 4322 qua
2278 4247 2552 4304 venerat

601 4323 1024 4406 simplicitate
1079 4345 1383 4389 reversus
1440 4334 1558 4388 est.
1657 4323 1749 4388 Et
1806 4324 2223 4406 profectionis
2283 4346 2549 4390 causam

605 4409 827 4473 Moses
891 4409 1080 4473 initio
1147 4409 1379 4493 capitis
1438 4410 1792 4491 expressit,
1860 4432 2070 4492 neque
2140 4412 2315 4475 enim
2386 4409 2552 4474 dixit

602 4492 863 4559 audisse
919 4494 999 4559 (16
1058 4493 1347 4559 adventu
1416 4497 1674 4579 generi:
1747 4496 1860 4560 sed
1934 4518 2132 4580 quam
2198 4497 2549 4562 admirabi-

601 4581 683 4644 lis
740 4581 972 4644 fuisset
1017 4581 1144 4644 Dei
1187 4580 1442 4646 bonitas
1488 4594 1556 4646 et
1603 4583 1808 4660 virtus
1864 4583 1931 4646 in
1989 4581 2328 4648 liberando
2374 4583 2550 4647 Mose

603 4678 669 4730 et
713 4666 968 4748 populo.
1029 4665 1280 4730 Eorum
1326 4688 1483 4750 ergo
1528 4689 1694 4750 quae
1739 4668 2038 4733 audierat
2080 4670 2289 4734 voluit
2333 4669 2553 4750 aliqua

604 4773 691 4816 ex
775 4765 961 4834 parte
1028 4772 1170 4816 esse
1236 4766 1591 4833 spectator,
1675 4775 1757 4817 ne
1826 4768 1955 4818 tam
2024 4755 2358 4838 praeclara
2423 4756 2550 4819 Dei

600 4838 949 4914 beneficia,
1011 4836 1183 4901 domi
1228 4838 1543 4917 sedend0,
1604 4840 1987 4924 negligeret.
2077 4842 2216 4905 Cur
2258 4850 2551 4905 montem

600 4922 781 4990 Oreb
849 4923 973 4987 Dei
1033 4924 1300 4989 nomine
1364 4924 1679 5009 insigniat
1746 4928 1924 5006 prius
1984 4929 2275 5008 exposui.
2366 4926 2552 4991 Visio

598 5009 863 5093 quidem
907 5009 1045 5074 illic
1090 5019 1244 5074 ante
1302 5010 1475 5074 Mosi
1523 5011 1739 5075 oblata
1787 5012 1908 5075 hoc
1950 5012 2311 5078 honorifico
2358 5014 2547 5078 titulo

601 5096 805 5180 digna
861 5106 1034 5159 erat:
1097 5097 1210 5160 sed
1258 5096 1466 5180 magis
1516 5096 1623 5162 hic
1669 5095 1884 5182 (sicuti
1927 5097 2147 5185 antea)
2204 5101 2550 5182 respicitur

595 5181 764 5266 legis
813 5182 1320 5265 promulgatio,
1396 5204 1526 5265 qua
1589 5182 1774 5247 Deus
1853 5184 1975 5248 sibi
2043 5197 2330 5250 montem
2398 5208 2550 5251 con-

597 5269 898 5335 secravit.

775 5355 832 5421 7.
879 5353 1195 5439 Eyressus
1239 5358 1444 5419 autem
1487 5351 1719 5419 Moses.
1801 5354 2028 5420 Primo
2072 5378 2267 5422 versu
2317 5378 2547 5421 narra-

1717 436 2465 512 COMMENTARIUS
2508 438 2609 502 IN
2652 437 2956 505 EXODI
3000 438 3196 505 OAP.
3241 437 3506 504 XVIII.

4470 440 4577 506 184

2656 627 2758 692 vit
2801 626 2972 711 quod
3012 626 3241 693 ordine
3275 628 3602 711 posterius
3638 637 3796 708 erat,
3838 627 4067 694 Iethro
4105 627 4381 693 dixisse:
4426 629 4576 695 Ecce

2657 713 2886 778 adsum
2932 724 2997 778 et
3042 711 3291 780 adduco
3352 714 3468 778 tibi
3529 734 3801 778 uxorem
3859 726 3927 780 et
3968 713 4235 781 liberos:
4283 716 4393 780 sed
4438 718 4578 785 baec

2658 800 3000 866 conversio
3021 799 3344 865 Hebraeis
3366 803 3520 864 trita
3556 810 3675 866 est.
3718 800 3910 866 Nunc
3954 821 4110 885 ergo
4133 799 4332 879 addit,
4368 803 4577 872 Mosen

2662 887 2916 951 venisse
2959 884 3217 951 obviam
3279 887 3544 952 honoris
3587 906 3800 965 causa,
3853 896 3922 951 et
3964 887 4189 953 ambos
4226 886 4581 956 humaniter

2657 972 2833 1037 inter
2887 993 2958 1037 se
3016 992 3429 1055 congressos,
3497 981 3563 1037 et
3607 973 3779 1037 ultro
3823 973 4114 1055 citroque
4157 974 4414 1040 functos
4455 998 4581 1042 esse

2659 1058 3157 1124 benevolentiae
3230 1058 3482 1123 officiis.
3593 1057 4016 1144 Interrogare
4081 1059 4162 1123 de
4228 1081 4387 1142 pace
4452 1073 4582 1127 tan-

2658 1143 2934 1208 tundem
3003 1144 3179 1208 valet
3235 1165 3310 1209 ac
3363 1144 3681 1210 sciscitari
3745 1164 3828 1210 an
3889 1166 3994 1210 res
4048 1145 4272 1211 salvae
4330 1148 4459 1211 sint
4517 1171 4583 1214 ac

2657 1250 3023 1314 prosperae.
3113 1228 3250 1295 Sed
3309 1229 3430 1295 hoc
3484 1230 3905 1313 praecipuum
3950 1241 4146 1314 caput
4190 1240 4309 1310 est,
4368 1235 4583 1301 Mosen

2658 1318 2967 1381 recitasse
3022 1337 3217 1399 quam
3276 1316 3607 1381 beneficus
3657 1318 3885 1382 fuisset
3946 1318 4130 1382 Deus
4183 1339 4342 1403 erga
4398 1342 4583 1405 popu·

2657 1402 2814 1468 lum.
2903 1401 3058 1467 Huc
3126 1412 3343 1466 autem
3411 1402 3748 1485 spectabat
3814 1414 3952 1467 tota
4004 1404 4241 1482 oratio,
4307 1427 4505 1488 quum
4551 1432 4584 1474 a

2657 1509 2879 1553 socero
2916 1487 3321 1568 discesserat,
3367 1509 3497 1552 non
3534 1489 3731 1553 fuisse
3766 1488 4036 1553 levitate
4071 1489 4448 1572 impulsum,
4484 1494 4584 1559 sed

2661 1573 2785 1638 Dei
2843 1574 3165 1639 vocationi
3225 1573 3725 1657 obtemperasse,
3795 1596 3961 1657 quae
4018 1575 4251 1641 deinde
4308 1579 4584 1663 singula·

2660 1661 2840 1724 ribus
2926 1660 3189 1725 auxiliis
3278 1673 3342 1724 et
3428 1659 3817 1726 coelestibus
3917 1661 4231 1747 prodigiis
4335 1668 4583 1747 probata

2655 1747 2887 1811 fuerat.

2834 1832 2932 1896 10.
2994 1831 3083 1896 Et
3133 1832 3226 1896 ait
3284 1831 3526 1897 Iethro:
3589 1830 3982 1899 Bemdiotus.
4089 1834 4268 1901 Hinc
4313 1852 4582 1920 apparet,

2658 1918 2958 2001 quamvis
2997 1918 3122 1981 Dei
3156 1917 3372 1982 cultus
3410 1918 3654 2000 passim
3689 1926 3846 1983 tunc
3885 1919 4153 1985 vitiatus
4178 1934 4353 1987 esset
4375 1924 4585 1989 alienis

2659 2004 2984 2079 mixturis,
3036 2003 3261 2067 Iethro
3319 2014 3540 2067 tamen
3577 2025 3707 2067 non
3746 2004 3840 2069 ita
3882 2004 4080 2070 fuisse
4123 2009 4585 2091 superstitioni·

2658 2089 2780 2155 bus
2825 2089 3117 2154 deditum
3155 2092 3311 2172 quin
3362 2111 3592 2154 verum
3631 2088 3850 2154 Deum
3888 2106 4271 2174 agnosceret
4315 2115 4392 2159 ac
4433 2098 4586 2163 6016·

2657 2186 2775 2241 ret.
2869 2176 3093 2258 Neque
3155 2186 3374 2240 tamen
3423 2196 3691 2259 prorsus
3747 2176 3828 2241 ab
3873 2178 4054 2242 omni
4098 2200 4320 2244 errore
4365 2204 4587 2265 purum

2656 2262 2857 2326 fuisse
2903 2283 2978 2327 ac
3016 2282 3317 2335 vacuum,
3365 2260 3737 2328 subindicat
3772 2266 4168 2344 comparatio
4217 2287 4414 2349 quam
4450 2268 4587 2333 sub·

2657 2348 2813 2424 iicit,
2876 2347 3189 2413 Iehovam
3252 2368 3395 2413 6666
3448 2349 3763 2412 maiorem
3832 2347 3956 2413 diis
4021 2352 4352 2418 omnibus.
4456 2355 4586 2421 Etsi

2658 2435 2833 2497 enim
2893 2456 3086 2518 saepe
3143 2436 3236 2499 ita
3285 2435 3645 2516 loquuntur
3690 2434 4066 2517 prophetae,
4133 2459 4337 2503 sensu
4385 2449 4587 2506 tamen

2657 2518 2988 2585 differunt.
3090 2518 3434 2585 Interdum
3507 2521 3682 2585 enim
3748 2518 4088 2585 extollitur
4152 2524 4340 2593 Deus
4405 2549 4586 2609 supra

2655 2607 2942 2689 angelos,
2988 2615 3060 2669 ut
3103 2606 3281 2671 solus
3324 2606 3637 2680 emineat,
3691 2609 3868 2670 omni
3917 2608 4115 2673 etiam
4165 2612 4430 2677 coelesti
4484 2634 4584 2677 ex·

2651 2692 2956 2757 cellentia
3011 2691 3080 2755 in
3136 2691 3434 2756 ordinem
3479 2702 3731 2757 coacta:
3801 2692 4135 2760 interdum
4199 2707 4419 2764 autem
4475 2700 4585 2764 im·

2652 2778 2911 2861 proprie
2957 2778 3168 2841 maior
3209 2790 3521 2851 vocatur,
3585 2800 3716 2843 non
3776 2779 3930 2861 quia
3975 2783 4259 2863 gradum
4319 2785 4587 2868 aliquem

2654 2876 2918 2929 teneant
2961 2864 3053 2928 dii
3097 2864 3328 2941 fictitii,
3375 2862 3490 2929 sed
3529 2873 3600 2928 ut
3640 2866 3708 2928 in
3749 2864 4029 2933 nihilum
4058 2871 4404 2956 redigatur
4438 2892 4585 2954 quae

2651 2951 2780 3015 illis
2821 2949 2987 3016 fa'lso
3047 2960 3113 3013 et
3167 2951 3370 3014 stulte
3426 2951 3738 3014 tribuitur
3794 2953 3862 3015 in
3908 2958 4162 3022 mundo
4207 2958 4582 3037 sublimitas.

2649 3036 2782 3103 Hic
2825 3046 3045 3102 autem
3077 3035 3303 3101 Iethro
3347 3058 3432 3101 ex
3474 3036 3806 3103 communi
3840 3039 4150 3122 opinione
4184 3045 4450 3111 turbam
4485 3043 4587 3108 mi-

2650 3145 2886 3187 norum
2925 3124 3192 3188 deorum
3230 3122 3496 3188 subesse
3533 3124 3935 3207 imaginatur
3971 3150 4234 3197 summo
4265 3133 4429 3197 Deo.
4476 3131 4584 3204 Ita,

2652 3209 2763 3275 ubi
2806 3230 2937 3273 non
2984 3210 3231 3275 relucet
3285 3230 3452 3292 pura
3496 3209 3619 3273 Dei
3660 3211 3924 3289 veritas,
3973 3237 4310 3301 nunquam
4358 3214 4587 3300 liquida

2652 3307 2754 3360 est
2812 3305 2877 3359 et
2934 3297 3314 3377 incorrupta
3372 3294 3634 3377 religio,
3690 3295 3804 3360 sed
3864 3297 4111 3384 aliquid
4160 3304 4361 3370 faecis
4406 3302 4586 3368 habet

2652 3381 3042 3448 admixtum.
3144 3379 3357 3447 Simul
3418 3391 3637 3445 tamen
3696 3382 3956 3448 videtur
4014 3388 4241 3453 Iethro
4295 3386 4587 3454 nonnihil

2652 3468 3030 3552 profecisse:
3084 3469 3235 3549 quia
3281 3489 3459 3532 nunc
3508 3488 3579 3531 se
3631 3466 3759 3532 Dei
3806 3475 4171 3551 potentiam
4210 3495 4587 3559 cognoscere

2652 3554 3008 3633 affirmans,
3058 3551 3428 3618 subindicat
3471 3575 3540 3617 se
3585 3554 3826 3619 rectius
3871 3577 4066 3638 quam
4112 3571 4312 3626 antea
4354 3579 4585 3644 sapere.

2651 3639 2795 3704 Nisi
2833 3639 2996 3703 forte
3034 3637 3113 3702 de
3159 3639 3658 3720 experimentali
3705 3644 3976 3707 scientia
4028 3648 4325 3729 accipere
4383 3646 4585 3722 libeat,

2653 3745 2820 3809 quae
2878 3725 3053 3807 ipsos
3112 3746 3364 3808 quoque
3418 3724 3641 3791 fideles
3696 3730 4073 3810 confirmat,
4140 3743 4217 3797 ut
4262 3734 4408 3799 Deo
4468 3733 4587 3797 iam

2653 3824 2805 3875 ante
2842 3813 3103 3895 cognito
3140 3832 3211 3876 se
3247 3810 3553 3875 libentius
3589 3813 3955 3880 subiiciant.
4023 3819 4294 3883 Interea
4332 3818 4588 3884 dubium

2654 3919 2787 3961 non
2846 3906 2948 3961 est
2996 3898 3153 3981 quin
3211 3897 3332 3962 sub
3391 3895 3676 3964 Iehovae
3734 3902 4000 3967 nomine
4055 3903 4275 3970 Deum
4336 3903 4587 3971 Israelis

2655 3983 2987 4065 designet:
3047 3983 3199 4066 quia
3249 3983 3375 4046 etsi
3434 3983 3672 4065 ubique
3730 3985 4062 4054 iactabant
4107 4011 4177 4056 66
4221 3991 4441 4056 Β6616
4487 4011 4583 4054 ae·

2655 4079 2920 4134 ternum
2955 4069 3183 4147 colere,
3232 4089 3453 4134 veram
3501 4079 3720 4135 tamen
3768 4072 4074 4140 deitatem
4120 4097 4423 4142 asserens
4466 4075 4585 4151 uni,

2655 4154 2942 4237 reliquos
2982 4175 3209 4219 omnes
3253 4156 3483 4220 subtus
3527 4177 3675 4221 eum
3714 4158 3901 4225 locat.
3949 4161 4291 4246 Quidquid
4326 4166 4413 4228 sit
4445 4163 4589 4226 fate-

2658 4250 2768 4305 tur
2837 4240 3303 4324 redemptionis
3370 4242 3644 4307 historia
3708 4243 4009 4311 edoctum
4074 4249 4275 4313 fuisse
4341 4249 4422 4313 de
4475 4248 4586 4310 im·

2658 4346 2884 4391 mensa
2930 4328 3171 4392 virtute
3219 4326 3347 4390 Dei
3393 4328 3505 4410 qui
3545 4350 3614 4393 60
3659 4332 4056 4413 patefecerat
4098 4334 4165 4397 in
4223 4332 4467 4413 Israel,
4525 4339 4587 4397 ut

2657 4433 2813 4494 prae
2870 4413 3013 4496 ipso
3073 4422 3449 4477 contemnat
3507 4414 3826 4499 quidquid
3886 4418 4153 4485 deorum
4215 4421 4370 4485 alibi
4432 4418 4585 4485 6016·

2656 4499 2851 4563 batur
2893 4500 2964 4561 in
3010 4499 3275 4565 mundo,
3369 4499 3679 4566 Clausala
3723 4525 3954 4569 versus
3999 4506 4280 4588 abrupta
4330 4522 4457 4572 est:
4503 4504 4585 4569 sic

2658 4586 2833 4648 enim
2879 4584 3149 4668 legitur:
3199 4583 3578 4651 Secundum
3626 4589 3898 4654 verbum
3944 4588 4079 4676 (vel
4123 4593 4441 4657 rationem
4522 4590 4581 4652 in

2656 4691 2784 4753 quo
2843 4671 3169 4736 violenter
3227 4692 3297 4736 se
3354 4686 3699 4756 gesserunt
3766 4687 3994 4740 contra
4051 4699 4178 4744 eos.
4268 4678 4376 4743 Ita
4461 4687 4585 4741 eest

2658 4757 2929 4822 verbum
2974 4758 3363 4840 principale,
3424 4759 3595 4842 quod
3655 4760 3840 4826 Deus
3908 4765 4146 4829 iustam
4192 4761 4583 4829 crudelitatis

2655 4841 3025 4908 mercedem
3069 4844 3442 4926 rependerit
3486 4848 3549 4909 in
3602 4848 3981 4930 Aegyptiis:
4034 4850 4225 4915 sicuti
4284 4848 4580 4915 iudicium

2656 4928 2797 4993 sine
2858 4929 3303 4995 misericordia
3361 4932 3713 4998 denunciat
3768 4935 4073 5000 omnibus
4129 4937 4237 5018 qui
4282 4933 4581 5019 proximis

2656 5014 2934 5097 superbe
2993 5025 3059 5079 et
3117 5018 3261 5080 sine
3318 5016 3762 5083 misericordia
3819 5020 4144 5086 insultant
4185 5021 4341 5107 (Iac.
4389 5022 4447 5100 2,
4491 5016 4577 5103 8):

2657 5098 3013 5165 secundum
3060 5101 3240 5165 illam
3285 5102 3536 5168 Christi
3591 5107 4011 5171 sententiam:
4075 5106 4226 5188 Qua
4284 5127 4579 5171 mensura

2656 5189 2865 5250 mensi
2913 5186 3165 5252 fueritis
3211 5197 3276 5253 et
3316 5199 3507 5254 caett.
3564 5187 3784 5275 (Matt.
3845 5193 3904 5271 7,
3962 5192 4048 5279 2).
4140 5192 4328 5273 Quod
4376 5201 4575 5256 autem

2654 5270 2749 5334 ita
2793 5271 3057 5354 quidam
3102 5284 3466 5356 exponunt,
3538 5278 3897 5361 Aegyptios
3957 5280 4125 5344 mari
4184 5278 4377 5344 rubro
4436 5277 4572 5341 sub-

2656 5379 2920 5435 mersos,
2967 5358 3078 5442 qui
3122 5380 3359 5442 pueros
3402 5361 3685 5429 infantes
3732 5365 3805 5428 in
3849 5365 4051 5431 fluvio
4094 5366 4572 5434 suffocaverunt,
