4867 6150
323 447 412 514 25

326 658 464 704 uno
530 636 741 720 capite
801 644 1072 722 augeret
1136 637 1426 704 hostium
1484 659 1852 706 numerum.
1953 641 2048 706 Et
2105 647 2281 707 certe

326 721 641 791 credibile
676 723 790 791 vix
827 730 969 790 erat
1010 744 1199 808 posse
1236 723 1346 789 diu
1382 724 1651 790 tolerari
1686 726 1758 791 in
1794 726 1947 791 aula
1990 728 2277 812 tyranni,

328 818 397 877 et
439 809 618 876 inter
661 810 1078 876 saevissimos
1117 809 1384 875 Israelis
1425 810 1760 893 inimicos,
1808 812 1967 894 quin
2013 835 2083 878 se
2127 833 2278 896 pro-

327 898 636 963 fiteretur
677 895 967 961 eiusdem
1012 894 1143 961 odii
1186 897 1456 963 socium.
1547 896 1811 964 Scimus
1854 898 2093 981 quibus
2137 920 2278 965 cor-

329 981 609 1067 ruptelis
654 990 950 1048 scateant
995 981 1217 1063 aulae,
1265 990 1513 1065 quanta
1554 982 1754 1049 fuerit
1800 984 2278 1069 Aegyptiorum

336 1066 638 1151 superbia
682 1068 838 1133 satis
873 1075 1104 1132 notum
1149 1076 1266 1145 est,
1313 1089 1508 1151 quam
1545 1069 1834 1152 proclive
1878 1071 1963 1135 sit
1996 1072 2278 1154 optimas

335 1155 532 1221 etiam
569 1174 857 1238 quasque
904 1161 1174 1219 naturas
1219 1153 1468 1220 deliciis
1503 1155 1828 1235 fascinari,
1874 1157 2281 1240 experientia

332 1240 547 1307 docet:
617 1261 746 1323 quo
817 1240 1025 1324 magis
1082 1240 1324 1306 mirum
1383 1249 1485 1306 est
1541 1241 1772 1308 Mosen
1832 1242 1944 1308 ubi
2002 1243 2070 1308 in
2131 1241 2279 1308 illos

329 1327 628 1412 gurgites
673 1326 1009 1392 demersus
1051 1325 1209 1404 fuit,
1254 1335 1506 1393 rectum
1552 1327 2009 1412 integrumque
2055 1338 2277 1394 tamen

330 1413 713 1499 perstitisse.
825 1410 1014 1478 Certe
1082 1411 1189 1478 hic
1267 1434 1414 1495 spes
1492 1412 1959 1497 redemptionis
2036 1415 2276 1480 iterum

331 1500 547 1584 potuit
581 1499 763 1582 quasi
800 1519 1038 1564 novam
1076 1497 1348 1580 eclipsin
1385 1499 1541 1583 pati,
1588 1500 1742 1582 quia
1776 1501 1847 1564 in
1884 1501 2275 1566 contrariam

330 1594 584 1670 partem
630 1604 903 1651 aversus
937 1591 1078 1648 erat
1112 1602 1374 1651 cursus:
1421 1584 1534 1648 sed
1568 1586 1663 1649 ita
1683 1584 1810 1651 Dei
1845 1586 2276 1669 providentia,

327 1692 456 1755 quo
478 1671 687 1755 magis
709 1669 971 1735 videtur
1005 1690 1124 1752 per
1158 1668 1452 1754 obliquos
1474 1671 1686 1736 flexus
1721 1691 1790 1737 se
1815 1673 2275 1757 circumagere,

324 1779 403 1824 eo
464 1756 733 1822 tandem
794 1755 1182 1821 mirabiliter
1238 1767 1537 1839 apparet,
1600 1756 1756 1821 dum
1812 1778 1851 1822 a
1907 1767 2085 1824 recto
2146 1761 2278 1824 fine

320 1863 664 1927 nunquam
711 1842 989 1920 aberrat,
1036 1849 1150 1906 aut
1192 1850 1373 1907 caret
1404 1864 1523 1908 suo
1563 1842 1819 1921 effectu,
1861 1843 1972 1909 ubi
2016 1854 2278 1910 matura

322 1939 423 1996 est
485 1927 961 2012 opportunitas.
1068 1927 1460 2011 Quanquam
1519 1928 1703 1994 Deus
1758 1930 1945 2011 quasi
2009 1939 2276 1995 extenta

322 2036 526 2081 manu
574 2035 839 2080 servum
885 2033 1074 2079 suum
1113 2013 1196 2079 ad
1233 2034 1302 2079 se
1338 2023 1404 2078 et
1441 2014 1750 2079 ecelesiae
1790 2036 2024 2100 corpus
2066 2026 2274 2081 retra-

322 2102 439 2182 xit,
464 2101 580 2167 ubi
602 2102 670 2165 in
698 2099 961 2165 nomine
997 2100 1328 2184 suggessit
1363 2100 1636 2183 originis
1673 2121 1832 2167 suae
1867 2102 2271 2168 memoriam.

323 2188 558 2271 Neque
602 2186 775 2251 enim
830 2185 968 2251 filia
1022 2185 1196 2269 regis
1256 2187 1399 2251 sine
1450 2196 1805 2268 praeeunte
1852 2187 1981 2253 Dei
2037 2190 2272 2271 spiritu

321 2293 565 2339 nomen
602 2271 728 2338 hoe
763 2266 1031 2336 indidit:
1071 2271 1244 2336 unde
1280 2283 1695 2356 cognosceret
1721 2272 1939 2338 Moses
1968 2294 2038 2339 se
2073 2275 2273 2340 fuisse

322 2367 696 2426 extractum
732 2379 769 2423 e
803 2357 1009 2422 fluvio
1044 2357 1156 2422 ubi
1191 2378 1346 2422 mox
1389 2358 1724 2440 periturus
1762 2366 1923 2424 erat.
1995 2358 2272 2440 Quoties

324 2467 487 2530 ergo
520 2465 756 2511 nomen
794 2464 987 2509 suum
1022 2444 1294 2520 audivit,
1330 2443 1661 2509 reeordari
1702 2444 1990 2529 oportuit
2024 2467 2107 2510 ex
2143 2466 2272 2528 quo

324 2531 565 2617 populo
608 2539 780 2597 esset
825 2532 1100 2611 genitus.
1189 2529 1464 2596 Acriore
1513 2530 1706 2595 etiam
1754 2531 2022 2596 stimulo
2064 2533 2268 2616 pungi

323 2618 581 2697 debuit,
632 2637 832 2700 quum
878 2615 1180 2682 omnibus
1225 2616 1465 2699 passim
1509 2637 1617 2683 res
1659 2626 1817 2681 nota
1860 2627 2047 2683 esset.
2138 2618 2267 2682 Mi-

317 2704 502 2769 nime
544 2702 806 2787 quidem
863 2699 932 2766 id
986 2703 1303 2784 spectavit
1359 2702 1499 2767 filia
1554 2704 1762 2786 regis,
1831 2723 1995 2786 quae
2054 2705 2266 2786 potius

318 2789 645 2874 sepultam
706 2808 846 2854 esse
903 2788 1170 2872 generis
1226 2788 1607 2852 memoriam
1664 2797 1980 2872 optasset:
2036 2811 2261 2856 verum

319 2877 508 2942 Deus
542 2875 694 2958 quia
730 2874 927 2939 verba
962 2873 1236 2938 dietavit
1271 2895 1346 2940 ac
1378 2874 1686 2939 formavit
1721 2874 1944 2940 asinae
1967 2874 2262 2954 Balaam,

317 2961 496 3029 idem
563 2960 832 3045 impulit
894 2959 1191 3043 linguam
1258 2959 1454 3025 huius
1519 2960 1803 3027 feminae
1869 2969 1945 3026 ut
2024 2961 2262 3028 celebri

364 3046 666 3115 raeconio
722 3046 908 3114 testis
955 3044 1125 3113 foret
1168 3046 1313 3112 eius
1357 3046 1452 3112 rei
1494 3066 1689 3130 quam
1736 3046 2078 3115 maluisset
2120 3069 2263 3116 esse

316 3135 753 3220 mengnitam:
801 3142 869 3200 et
910 3133 1212 3215 quamvis
1255 3133 1490 3198 Mosen
1534 3133 1732 3200 vellet
1774 3135 1950 3217 apud
1992 3156 2063 3200 se
2106 3137 2263 3200 reti-

316 3242 509 3293 nere.
571 3220 880 3286 directrix
939 3230 1157 3285 tamen
1218 3218 1430 3285 eidem
1483 3229 1657 3286 esset
1698 3239 1774 3287 ao
1817 3221 2135 3304 magistra
2179 3219 2265 3286 ad

314 3307 744 3389 repetendum
782 3327 992 3389 genus
1027 3327 1241 3371 suum.
1310 3304 1453 3369 Iam
1488 3305 1547 3371 si
1582 3306 1728 3390 quis
1764 3306 2044 3371 miretur
2088 3307 2262 3390 quod

315 3393 525 3477 patris
580 3390 984 3458 iracundiam
1045 3410 1180 3456 non
1238 3391 1436 3457 fuerit
1495 3393 1733 3471 verita,
1790 3394 1976 3475 quasi
2030 3414 2260 3458 monu-

314 3488 617 3544 mentum
683 3477 1029 3543 statuendo
1095 3476 1320 3544 violati
1377 3477 1603 3558 edicti,
1658 3478 1866 3544 facilis
1924 3480 2261 3562 responsio

316 3573 436 3646 est,
483 3563 736 3629 nullam
783 3575 1064 3648 tyranno
1109 3563 1308 3628 fuisse
1360 3582 1621 3629 causam
1682 3563 2090 3644 offensionis,
2147 3565 2263 3648 qui

314 3651 600 3717 libenter
643 3648 901 3715 tulis'set
956 3649 1165 3713 multa
1211 3649 1335 3714 sibi
1375 3651 1553 3715 nasci
1613 3650 1967 3733 mancipia,
2022 3650 2263 3716 abolito

312 3736 582 3802 Israelis
654 3737 934 3800 nomine.
1039 3733 1370 3814 Quorsum
1433 3736 1605 3799 enim
1684 3737 1941 3800 feminis
2000 3759 2257 3800 conces-

312 3835 491 3889 serat
518 3822 738 3899 vitam,
775 3822 901 3887 nisi
941 3831 1015 3885 ut
1050 3843 1134 3886 ex
1168 3820 1421 3886 ancillis
1457 3831 1883 3888 nascerentur
1905 3822 2258 3908 Aegyptii?

314 3909 407 3974 Et
449 3910 600 3992 quia
646 3908 876 3973 Mosen
940 3907 1130 3972 duxit
1184 3905 1305 3971 hoc
1364 3906 1535 3985 1000,
1597 3928 1725 3972 non
1786 3910 2041 3991 putavit
2084 3908 2260 3973 filiae

314 3995 490 4061 facto
536 3993 846 4059 violatum
892 4014 1085 4060 suum
1132 3990 1444 4058 edictum:
1499 3994 1657 4075 quin
1718 3994 1933 4077 potius
1992 3996 2260 4077 gavisus

314 4092 419 4147 est
476 4080 568 4146 sic
625 4080 931 4144 imminui
987 4088 1252 4163 gentem
1308 4078 1741 4145 Israeliticam
1807 4091 1880 4144 ut
1939 4091 2262 4146 cresceret

312 4169 665 4252 Aegyptus
728 4186 1001 4230 numero
1057 4164 1419 4230 hominum.
1525 4165 1809 4229 Tantum
1866 4176 2070 4232 restat
2130 4188 2261 4232 una

313 4253 642 4336 quaestio,
688 4252 799 4332 qui
865 4251 1123 4315 venerit
1176 4251 1245 4314 in
1309 4261 1593 4316 mentem
1665 4251 1837 4316 filiae
1892 4252 2258 4318 Pharaonis

312 4360 552 4404 nomen
590 4338 991 4403 Hebraicum
1031 4336 1201 4402 Mosi
1248 4337 1600 4419 imponere,
1645 4358 1845 4420 quum
1883 4348 2134 4403 certum
2174 4338 2260 4403 sit

311 4446 397 4490 ex
443 4423 709 4490 Psalmo
754 4422 855 4500 81,
903 4423 944 4488 6
1011 4443 1319 4506 magnum
1368 4423 1540 4488 inter
1585 4421 1746 4488 duas
1812 4424 1956 4489 illas
2002 4424 2258 4508 linguas

308 4511 517 4576 fuisse
567 4509 935 4575 dissidium:
982 4508 1190 4573 Venit
1224 4509 1501 4591 populus
1537 4529 1722 4574 meus
1757 4511 1822 4573 in
1850 4512 2252 4594 Aegyptum:

308 4597 612 4682 linguam
655 4616 850 4678 quam
885 4617 1013 4660 non
1054 4609 1330 4660 noverat
1364 4594 1632 4660 audivit.
1704 4596 1805 4660 Ad
1843 4595 2021 4676 haec,
2057 4597 2258 4661 scitur

308 4682 554 4765 Ioseph
596 4681 954 4764 interprete
997 4682 1197 4746 fuisse
1241 4701 1430 4745 usum
1470 4681 1645 4764 apud
1690 4683 1947 4758 fratres,
1994 4680 2152 4745 dum
2189 4703 2259 4746 se

308 4768 719 4853 Aegyptium
765 4767 1118 4832 simulabat
1159 4764 1357 4852 (Gen.
1402 4765 1507 4843 42,
1553 4764 1682 4852 23).
1750 4767 2114 4832 Probabilis
2158 4778 2260 4833 est

304 4855 713 4931 coniectura,
794 4873 1017 4918 vocem
1101 4872 1265 4936 quae
1330 4852 1787 4936 significationi
1854 4852 2255 4932 conveniret,

307 4941 579 5025 petiisse
627 4961 665 5004 a
708 4948 917 5004 matre
964 4940 1183 5005 Mosis.
1271 4937 1416 5002 Nisi
1464 4939 1674 5023 magis
1726 4939 1993 5021 placeat,
2039 4938 2257 5003 reddi

309 5037 447 5091 tam
494 5027 699 5091 fuisse
734 5026 1203 5110 Aegyptiacam
1253 5045 1479 5089 vocem
1525 5036 1785 5090 servata
1831 5025 2253 5109 etymologia:

307 5112 484 5196 quod
553 5110 914 5177 secundum
982 5110 1191 5193 magis
1256 5111 1629 5193 amplector.
1732 5112 1942 5176 Exsul
2023 5109 2258 5176 deinde

301 5199 531 5265 Moses
576 5198 948 5281 impositum
997 5217 1036 5260 a
1070 5205 1281 5261 matre
1325 5217 1565 5262 nomen
1600 5198 1861 5281 recepit.

486 5370 587 5435 11.
637 5368 900 5435 Factum
942 5373 1152 5434 autem
1216 5373 1304 5434 est
1345 5367 1565 5434 diebus
1611 5368 1776 5449 illis,
1821 5389 2012 5451 quum
2055 5368 2257 5433 adole-

1529 448 2273 523 COMMENTARIUS
2319 452 2415 517 IN
2461 451 2763 520 EXODI
2806 451 3003 518 CAP.
3046 450 3137 517 II.
4249 460 4335 525 26

2383 642 2574 709 visset
2616 642 2857 722 Moses,
2898 645 2970 705 ut
3009 640 3393 724 eyrederetur
3433 642 3521 708 ad
3569 642 3806 725 fratres
3846 664 3998 711 suos
4011 695 4027 725 ,
4072 651 4130 711 et
4170 647 4334 714 vidit

2384 749 2572 794 onera
2606 729 2904 810 ipsorum,
2946 726 3220 809 viditque
3255 728 3464 793 virum
3486 729 3867 813 Aeqyptium
3890 733 4333 814 percutientem

2381 816 2696 896 quendam
2762 812 3117 878 Hebraeum
3182 833 3260 877 ex
3331 813 3650 896 fratribus
3708 817 3866 881 suis.
3983 817 4081 882 12.
4157 818 4333 885 Tunc

2381 901 2656 981 respexit
2695 898 2815 964 huc
2868 903 2925 963 et
2979 898 3162 975 illue,
3230 904 3287 964 et
3350 899 3568 966 videns
3621 902 3784 982 quod
3831 922 4006 969 nemo
4070 904 4329 982 adesset,

2370 987 2688 1068 percussit
2721 985 3113 1069 Aegyptium,
3159 989 3340 1066 atque
3359 985 3672 1053 abscondit
3704 989 3771 1051 in
3807 1009 4021 1054 arena.
4095 989 4194 1055 13.
4243 990 4332 1055 Et

2381 1071 3683 1241 qzexumbathgssutzxgsedtffiszidfflecc&
3728 1075 3850 1140 duo
3878 1075 4333 1226 -virg'utkiebraei

2380 1179 2418 1221 r
2491 1179 2532 1223 a
2773 1181 2791 1221 .-
3551 1183 3570 1222 .
3672 1180 3826 1226 aare
3922 1181 3990 1225 er
4087 1182 4150 1227 is
4269 1182 4330 1228 o-

2370 1244 2685 1325 pinquum
2717 1248 2898 1307 tuum
2912 1242 2948 1306 2
3018 1241 3118 1306 14.
3172 1242 3297 1323 Qui
3328 1244 3674 1325 respondit.-
3724 1181 3973 1327 Quispte
4013 1183 4331 1314 constfflit

2369 1330 2730 1412 principem
2768 1332 2823 1393 et
2863 1328 3133 1394 iudicem
3176 1348 3363 1410 super
3404 1329 3567 1394 nos?
3614 1351 3700 1395 au
3740 1335 3812 1395 ut
3844 1351 3941 1397 me
3984 1334 4229 1399 occidas
4261 1339 4329 1399 tu

2381 1415 2656 1495 loqueris
2671 1467 2686 1495 ,
2761 1415 2922 1480 sicut
3000 1414 3277 1479 occidisti
3339 1413 3766 1497 Aeyyptium?
3832 1416 4057 1499 Itaque
4121 1420 4329 1484 timuit

2368 1499 2609 1581 Moses
2653 1521 2728 1566 ac
2768 1500 2965 1566 dioeit:
3012 1499 3183 1565 Certe
3225 1500 3494 1564 innotuit
3533 1500 3683 1568 haec
3723 1522 3841 1567 res.
3916 1503 4016 1569 15.
4070 1503 4327 1572 Pharao

2378 1586 2566 1653 etiam
2608 1587 2824 1653 audito
2864 1585 2972 1651 hoc
3010 1604 3303 1663 sermone,
3350 1587 3678 1666 quaerebat
3713 1588 4046 1669 interficere
4081 1589 4322 1657 Mosen.

2380 1672 2469 1737 Et
2518 1673 2770 1757 fuyiens
2812 1670 3026 1736 Moses
3068 1693 3108 1736 a
3149 1670 3314 1752 facie
3361 1670 3725 1738 Pharaonis
3764 1675 3999 1741 mansit
4040 1675 4110 1739 in
4154 1682 4327 1742 terra

2381 1757 2678 1839 Madian,
2721 1757 2998 1839 seditque
3044 1757 3228 1822 iuxta
3259 1761 3540 1840 puteum.

2554 1928 2653 1993 11.
2703 1928 2968 1994 Factum
3024 1934 3227 1995 autem
3271 1933 3387 2007 est,
3442 1949 3634 2010 quum
3690 1929 4074 1996 adolevisset.
4175 1929 4320 1996 Iam

2376 2014 2703 2098 specimen
2751 2012 2913 2080 illud
2951 2013 3104 2080 fidei
3150 2014 3317 2098 quod
3342 2015 3630 2081 celebrat
3650 2017 3984 2097 apostolus
4028 2017 4317 2100 proferre

2375 2121 2448 2167 se
2501 2100 2779 2184 incepit,
2831 2121 3037 2183 quum
3103 2101 3342 2183 spretis
3415 2100 3605 2167 aulae
3663 2100 3902 2168 delitiis
3958 2112 4025 2168 et
4084 2101 4317 2186 opibus

2376 2187 2613 2252 maluit
2648 2186 2902 2252 Christi
2943 2187 3366 2271 opprobrium
3414 2186 3633 2252 subire
3667 2187 3906 2267 Moses,
3954 2209 4150 2271 quam
4198 2209 4312 2253 ex-

2374 2282 2482 2338 tra
2525 2273 2744 2356 populi
2789 2273 2978 2338 electi
3021 2274 3396 2339 societatem
3441 2274 3692 2339 censeri
3752 2272 4000 2339 beatus.
4089 2273 4319 2357 Neque

2374 2361 2548 2424 enim
2594 2359 2732 2424 solo
2767 2358 2983 2443 gentis
3027 2380 3186 2424 suae
3222 2379 3462 2437 amore,
3499 2357 3616 2426 sed
3648 2360 4150 2442 promissionum
4187 2360 4317 2426 fide

2374 2444 2715 2523 adductus,
2761 2466 2985 2511 curam
3033 2444 3201 2511 hanc
3238 2446 3540 2528 suscepit,
3586 2467 3716 2529 qua
3757 2446 3997 2512 sciebat
4044 2465 4318 2511 exosum

2372 2553 2445 2598 se
2486 2532 2624 2596 fore
2664 2531 2919 2597 cunetis
2968 2532 3330 2615 Aegyptiis.
3420 2530 3568 2598 Etsi
3626 2539 3844 2597 autem
3902 2552 4035 2597 non
4092 2533 4314 2598 statim

2373 2638 2444 2682 se
2487 2617 2814 2682 abdicavit
2849 2615 3118 2697 divitiis,
3155 2617 3418 2683 honoris
3453 2616 3681 2702 gradu,
3727 2617 3951 2683 favore
3986 2626 4052 2683 et
4085 2625 4315 2702 poten-

2371 2703 2484 2781 tia,
2529 2703 2655 2768 fuit
2699 2711 2918 2768 tamen
2966 2702 3293 2786 quoddam
3339 2701 3778 2787 praeludium,
3837 2725 3913 2769 ac
3969 2705 4024 2770 si
4083 2714 4315 2787 sponte

2369 2788 2710 2854 fallacibus
2754 2786 3076 2854 illecebris
3119 2810 3189 2854 se
3234 2800 3521 2855 exueret.
3611 2788 3805 2856 Unde
3861 2798 3930 2854 et
3983 2789 4314 2873 apostolus

2368 2873 2601 3028 &Hebn
2651 2876 2751 2954 11,
2796 2874 2908 2960 24)
2953 2873 3111 2940 dicit
3153 2874 3439 2941 noluisse
3463 2876 3716 2941 censeri
3752 2877 3821 2940 in
3846 2875 4028 2960 regia
4070 2875 4306 2942 sobole.

2427 2972 2567 3027 erte
2608 2982 2743 3027 non
2779 2960 3050 3026 dubium
3085 2972 3187 3027 est
3221 2961 3381 3045 quin
3418 2962 3747 3045 professus
3785 2962 3872 3028 sit
3906 2961 4196 3028 reditum
4240 2983 4312 3028 se

2368 3046 2451 3114 ad
2497 3067 2723 3113 veram
2767 3056 2836 3113 et
2878 3046 3231 3131 genuinam
3270 3047 3744 3132 cognationem,
3790 3068 3830 3113 a
3863 3068 3992 3131 qua
4036 3048 4311 3115 avulsus

2365 3135 2596 3213 fuerat,
2642 3143 2968 3217 appetere.
3041 3134 3147 3199 Ex
3191 3142 3503 3199 contextu
3539 3135 3735 3200 etiam
3773 3134 4140 3219 colligimus
4175 3155 4309 3200 non

2366 3221 2625 3287 venisse
2689 3219 2773 3285 ad
2830 3221 3064 3285 fratres
3121 3240 3271 3285 suos
3329 3229 3581 3285 tantum
3642 3226 3715 3285 ut
3782 3240 4006 3285 eorum
4065 3229 4309 3285 sortem

2366 3306 2809 3387 miseraretur,
2851 3306 2966 3372 sed
3010 3314 3087 3370 ut
3127 3306 3336 3372 solatii
3375 3306 3622 3389 aliquid
3669 3306 3973 3387 adferret,
4019 3305 4307 3390 adeoque

2366 3415 2437 3458 se
2482 3392 2868 3477 adiungeret
2911 3392 3179 3458 socium.
3270 3392 3495 3475 Neque
3540 3392 3712 3458 enim
3763 3402 3896 3456 tam
3942 3393 4308 3476 propinqua

2364 3490 2507 3543 erat
2550 3478 2721 3557 aula,
2766 3484 2842 3544 ut
2884 3478 3171 3561 quotidie
3208 3480 3393 3561 quasi
3428 3478 3632 3544 animi
3750 3478 3882 3544 atia
3915 3476 4309 3544 ambulando

2361 3565 2540 3648 ipsos
2615 3564 2882 3632 viseret.
2990 3563 3195 3647 Atqui
3262 3563 3419 3628 dicit
3494 3563 3803 3649 postridie
3877 3585 3948 3630 se
4015 3563 4302 3631 rediisse.

2362 3651 2545 3735 Ergo
2588 3650 2815 3716 furtim
2859 3671 2930 3715 se
2973 3672 3055 3715 ex
3101 3649 3253 3716 aula
3273 3650 3603 3728 subduxit,
3653 3650 3756 3716 vel
3779 3651 3982 3733 petito
4022 3670 4306 3717 comme

2361 3748 2475 3802 atu
2533 3736 2753 3802 subire
2810 3733 3123 3800 invidiam
3193 3736 3460 3814 maluit,
3516 3757 3714 3820 quam
3772 3757 3901 3801 non
3959 3734 4307 3819 aliquando

2364 3824 2543 3906 pium
2589 3820 2954 3888 dilectionis
2978 3842 3135 3905 erga
3178 3841 3330 3888 suos
3354 3823 3662 3888 affectum
3686 3820 4007 3906 detegere.
4077 3822 4308 3887 Refert

2363 3920 2583 3973 autem
2628 3930 2698 3973 se
2759 3906 3001 3972 vidisse
3059 3907 3316 3972 illorum
3380 3928 3581 3972 onera
3645 3910 3752 3973 vel
3810 3908 4173 3985 molestias,
4234 3918 4307 3973 ut

2362 3996 2598 4059 merito
2643 3992 2910 4058 deberet
2965 3994 3210 4058 iniusta
3262 3993 3597 4076 oppressio
3653 4016 3800 4059 eum
3860 3993 3941 4058 ad
3998 3994 4306 4059 ferendas

2361 4080 2696 4164 suppetias
2740 4100 3051 4165 pungere.
3132 4078 3339 4145 Addit
3398 4079 3676 4143 alterum
3721 4079 4094 4157 stimulum,
4134 4080 4304 4162 quod

2362 4166 2742 4231 Hebraeum
2787 4187 2992 4230 unum
3039 4164 3121 4229 ab
3167 4168 3494 4250 Aegyptio
3538 4166 3793 4247 percuti
3841 4164 4096 4230 viderit.
4184 4165 4310 4230 Est

2361 4260 2578 4317 autem
2627 4252 2982 4320 verisimile
3025 4251 3153 4316 nisi
3212 4251 3294 4315 ad
3354 4272 3516 4334 opus
3562 4262 3782 4317 essent
3824 4251 4099 4330 celeres,
4147 4252 4311 4316 dure

2360 4338 2562 4403 fuisse
2634 4337 2715 4403 ab
2776 4337 3186 4403 exactoribus
3243 4338 3624 4414 mulctatos,
3683 4335 3918 4401 deinde
3985 4348 4062 4401 ut
4120 4346 4311 4402 erant

2360 4425 2638 4507 expositi
2663 4422 3106 4506 improborum
3148 4423 3422 4504 libidini,
3450 4423 3689 4505 passim
3722 4422 4122 4506 quibuslibet
4158 4422 4309 4487 data

2359 4510 2484 4574 fuit
2526 4510 2763 4575 similis
2813 4509 3165 4573 violentiae
3211 4509 3588 4591 impunitas.

2535 4596 2635 4662 12.
2689 4596 2864 4662 Tunc
2922 4596 3198 4676 respexit
3259 4594 3377 4659 huc
3436 4600 3493 4658 et
3551 4594 3717 4660 illuc.
3822 4594 4000 4660 Hinc
4064 4593 4308 4659 clarius

2360 4690 2542 4764 patet
2585 4682 2848 4746 venisse
2895 4681 3117 4745 Mosen
3162 4701 3239 4745 eo
3273 4680 3542 4746 consilio
3586 4689 3661 4744 ut
3703 4681 3962 4746 miseris
3998 4678 4309 4745 fratribus

2360 4776 2789 4846 succurreret,
2836 4786 3074 4849 eosque
3114 4766 3372 4831 levaret
3427 4787 3545 4832 suo
3590 4765 3832 4832 auxilio
3886 4787 3962 4832 ac
4018 4766 4303 4832 iuvaret:

2402 4853 2618 4917 uando
2662 4851 2856 4919 caede
2903 4853 3215 4936 Aegyptii
3260 4852 3440 4917 ultus
3486 4863 3583 4917 est
3639 4852 3945 4917 iniuriam
4001 4852 4117 4916 uni
4164 4852 4303 4935 qui-

2358 4874 2507 5003 dem
2554 4939 2821 5014 illatam,
2869 4937 2980 5003 sed
3028 4939 3231 5003 totius
3276 4939 3492 5023 gentis
3535 4958 3965 5003 communem.
4054 4936 4305 5018 Quam-

2358 5026 2463 5091 vis
2503 5036 2721 5089 aut-em
2767 5024 2847 5088 ad
2896 5025 3018 5089 hoe
3063 5023 3319 5089 facinus
3340 5023 3663 5089 edendum
3710 5025 4072 5090 instructus
4107 5024 4308 5088 fuerit

2357 5130 2508 5175 rara
2568 5108 2948 5176 fortitudine
3021 5110 3327 5192 spiritus:
3409 5111 3603 5175 simul
3668 5120 3888 5176 tamen
3958 5110 4308 5176 coniuncta

2358 5196 2482 5261 fuit
2526 5197 2894 5275 infirmitas,
2941 5217 3107 5277 quae
3143 5199 3379 5281 arguit,
3423 5216 3552 5261 non
3591 5196 3833 5280 absque
3870 5193 4304 5261 haesitatione

2358 5302 2506 5346 eum
2561 5283 2761 5347 fuisse
2816 5302 3201 5366 aggressum
3246 5282 3417 5365 quod
3462 5293 3687 5347 tamen
3743 5304 3899 5348 suae
3946 5280 4305 5346 vocationis

2359 5388 2500 5433 esse
2547 5380 2836 5433 noverat.
2929 5368 3097 5433 Nam
3124 5368 3506 5452 Stephanus
3541 5369 3728 5435 testis
3773 5376 3873 5434 est
3896 5365 4068 5451 (Aet.
4097 5367 4153 5446 7,
4191 5364 4303 5453 25)
