4867 6150
418 475 544 543 29⁷

416 667 614 734 Nunc
656 686 813 732 vero
854 664 1168 730 admonet
1189 664 1395 744 Deus,
1440 685 1617 730 anno
1662 665 1747 730 ad
1793 667 1994 733 finem
2039 679 2381 752 vergente,

415 753 669 818 instare
712 752 884 816 diem
922 771 1114 834 quem
1151 750 1449 834 paschati
1489 752 1902 835 praefixerat,
1948 773 2079 836 quo
2123 757 2366 820 certius

419 839 746 905 discerent
808 837 1178 915 Israelitae,
1256 838 1605 920 quotannis
1683 858 2020 905 recurrere
2096 840 2366 906 solenne

417 922 594 990 istud
653 923 1076 1001 sacrificium,
1138 930 1334 1005 atque
1391 924 1484 987 ita
1544 923 1728 988 nefas
1785 944 1929 988 esse
1995 926 2365 992 intermitti.

420 1008 682 1075 Deinde
724 1010 907 1075 iubet
951 1009 1303 1092 diligenter
1346 1009 1594 1073 servari
1639 1029 1867 1074 omnes
1903 1014 2365 1090 caeremonias,

415 1118 502 1161 ne
574 1116 701 1178 quo
780 1103 1095 1160 extraneo
1173 1096 1489 1159 fermento
1567 1114 1799 1177 puram
1886 1096 2364 1162 institutionem

416 1189 857 1265 corrumpant.
945 1180 1240 1245 'I'andem
1307 1180 1616 1245 laudatur
1683 1200 1904 1244 eorum
1972 1182 2363 1262 obedientia,

416 1267 587 1351 quod
632 1266 798 1332 nihil
844 1266 970 1331 Dei
1013 1264 1325 1331 mandato
1369 1264 1775 1344 addiderint,
1822 1265 1930 1331 vel
1976 1267 2132 1331 inde
2176 1267 2362 1351 quid-

415 1374 609 1437 quam
656 1352 1012 1418 omiserint.

587 1439 647 1504 6.
695 1437 983 1504 Fuerunt
1022 1441 1225 1502 andem
1266 1436 1546 1518 quidam.
1612 1434 1745 1501 Hic
1787 1456 1907 1518 per
1949 1438 2362 1504 occasionem

413 1524 726 1590 inseritur
771 1523 1097 1607 quaestio,
1143 1523 1200 1586 si
1244 1541 1409 1605 quos
1453 1520 1770 1603 impediat
1812 1523 2031 1587 subita
2071 1524 2357 1589 immun-

414 1609 607 1676 dities
671 1631 756 1674 ne
813 1609 1062 1693 pascha
1118 1607 1313 1672 simul
1367 1628 1512 1673 cum
1573 1606 1721 1672 aliis
1778 1608 2147 1687 celebrent,
2206 1608 2361 1693 quid

415 1697 594 1762 factu
638 1717 801 1779 opus
844 1697 963 1761 sit:
1022 1714 1222 1778 quum
1266 1714 1304 1758 e
1347 1694 1584 1776 populo
1627 1712 1745 1757 suo
1791 1708 2130 1778 expungat
2174 1695 2359 1760 Deus

415 1782 782 1865 quicunque
845 1802 977 1846 non
1043 1779 1367 1845 coluerint
1430 1800 1574 1843 eam
1654 1777 2122 1862 redemptionis
2199 1801 2359 1846 suae

413 1868 818 1933 memoriam.
885 1866 1034 1931 Etsi
1070 1876 1285 1929 autem
1324 1864 1432 1930 hic
1475 1865 1830 1947 attingitur
1872 1866 2162 1943 historia,
2203 1868 2358 1949 quia

415 1965 636 2018 tamen
690 1953 1074 2037 praecipuas
1133 1960 1352 2035 partes
1411 1948 1661 2014 obtinet
1720 1949 2016 2015 doctrina
2060 1971 2226 2033 quae
2270 1952 2356 2018 ad

412 2060 641 2123 puram
688 2042 1053 2121 iustamque
1096 2034 1424 2120 paschatis
1467 2036 1989 2102 observationem
2046 2038 2350 2119 pertinet,

410 2127 544 2190 imo
600 2125 780 2191 locus
836 2124 944 2189 hic
1001 2122 1190 2206 quasi
1249 2121 1579 2204 appendix
1637 2134 1739 2185 est
1793 2123 2121 2203 generalis
2163 2143 2351 2205 prae-

411 2212 602 2296 cepti,
637 2212 707 2276 in
731 2210 1010 2275 eundem
1034 2218 1410 2276 contextum
1450 2210 1692 2272 referre
1729 2206 1948 2271 visum
1985 2220 2102 2273 est.
2171 2207 2352 2273 Dicit

409 2297 632 2362 Moses
695 2294 1008 2380 quosdam
1077 2302 1365 2378 repertos
1428 2293 1630 2358 fuisse
1695 2291 2071 2357 immundos
2148 2315 2349 2377 super

409 2385 630 2448 anima
672 2382 981 2458 hominis,
1029 2401 1262 2462 nempe
1304 2379 1458 2462 quia
1502 2379 1604 2445 vel
1649 2377 1929 2442 cadaver
1970 2378 2346 2462 attigerant,

407 2468 513 2534 vel
555 2469 835 2551 ingressi
876 2469 1136 2532 fuerant
1178 2466 1439 2530 domum
1486 2465 1836 2543 funestam,
1879 2463 1984 2527 vel
2027 2467 2346 2532 interfue-

395 2564 551 2620 rant
593 2553 832 2618 mortui
879 2552 1164 2618 hominis
1207 2550 1566 2634 exsequiis:
1614 2549 1781 2614 tales
1824 2550 1999 2613 enim
2047 2550 2152 2616 lex
2200 2552 2345 2633 pol-

395 2639 574 2705 lutos
634 2636 973 2716 censebat,
1039 2647 1115 2703 ut
1173 2635 1328 2701 alibi
1397 2636 1739 2702 videbitur.
1845 2632 2027 2701 Hinc
2089 2639 2337 2719 species

393 2726 898 2810 repugnantiae:
946 2724 1098 2808 quia
1138 2744 1261 2789 nec
1295 2724 1652 2787 immundis
1684 2720 1918 2785 licebat
1950 2720 2032 2785 ad
2067 2742 2326 2788 sacrum

396 2810 667 2895 epulum
689 2811 1012 2888 accedere,
1051 2820 1119 2874 et
1150 2809 1455 2874 omittere
1491 2807 1620 2873 tale
1653 2807 1919 2891 pietatis
1953 2810 2340 2873 exercitium

394 2899 582 2962 nefas
639 2907 801 2961 erat.
888 2896 981 2960 Et
1024 2896 1245 2960 Moses
1298 2895 1632 2959 confessus
1689 2903 1790 2958 est
1840 2912 1912 2957 se
1973 2892 2096 2959 hac
2153 2895 2221 2958 in
2267 2915 2343 2959 re

395 2983 782 3067 perplexum
804 3002 965 3062 esse,
989 3002 1192 3065 quum
1215 2991 1478 3062 tempus
1512 2978 1597 3045 ad
1621 2980 1835 3044 Deum
1867 2979 2338 3044 consulendum
2413 3012 2418 3027 =

395 3070 601 3154 petiit.
709 3067 794 3133 In
871 3089 998 3150 quo
1075 3065 1471 3151 perspicitur
1548 3063 1901 3150 singularis
1978 3066 2338 3149 prophetae

395 3154 749 3233 modestia,
795 3153 966 3237 quod
1011 3153 1090 3218 de
1136 3175 1207 3219 re
1252 3153 1448 3217 dubia
1485 3153 1917 3236 pronunciare
1959 3171 2160 3217 ausus
2205 3174 2336 3219 non

397 3250 513 3321 est,
550 3239 852 3323 quamvis
874 3238 1112 3304 fuisset
1132 3238 1485 3323 legislator.
1557 3237 1688 3306 Sed
1716 3239 1838 3302 hoc
1872 3236 2061 3301 modo
2095 3238 2337 3304 clarius

395 3326 684 3393 ostendit
727 3346 800 3391 se
844 3326 1113 3391 minime
1156 3346 1238 3391 ex
1285 3326 1546 3408 proprio
1588 3346 1784 3391 sensu
1826 3323 2039 3407 legem
2086 3325 2334 3403 tulisse,

395 3412 583 3480 cuius
617 3432 702 3476 ne
734 3413 1060 3494 interpres
1093 3409 1355 3494 quidem
1390 3431 1533 3476 esse
1566 3411 1851 3488 auderet,
1898 3409 2031 3473 nisi
2074 3424 2337 3494 accepto

395 3517 569 3565 novo
646 3497 975 3563 mandato.
1084 3498 1268 3582 Ergo
1348 3495 1532 3563 Deus
1610 3496 1876 3581 speciali
1954 3498 2339 3579 exceptione

395 3583 641 3668 posita,
686 3580 1024 3664 ἀντινομίαν
1067 3582 1257 3650 tollit.
1343 3583 1515 3648 Nam
1560 3604 1723 3666 quos
1764 3582 1939 3650 iusta
1983 3584 2336 3647 necessitas

395 3669 766 3749 excusabat,
782 3671 868 3735 iis
891 3671 1183 3754 assignat
1203 3670 1559 3735 secundum
1585 3690 1893 3748 mensem,
1912 3679 1985 3732 ut
2006 3669 2339 3750 paschatis

397 3757 531 3830 sint
587 3754 713 3839 ipsi
768 3777 1025 3839 quoque
1083 3757 1463 3839 participes,
1529 3776 1651 3821 nec
1706 3767 1926 3823 tamen
1985 3754 2155 3818 diem
2213 3775 2331 3819 suo

399 3841 669 3907 arbitrio
730 3849 1006 3908 mutent.
1094 3842 1241 3907 Hoc
1293 3842 1638 3925 privilegio
1702 3861 1838 3906 non
1903 3853 2158 3904 tantum
2216 3843 2337 3904 im-

397 3927 681 3992 mundos
738 3926 1068 4005 sublevat,
1124 3929 1239 3993 sed
1299 3928 1413 4012 qui
1466 3927 1690 4010 procul
1743 3927 1977 3992 remoti
2024 3937 2210 3990 erant
2253 3926 2337 3991 ab

399 4013 741 4079 hominum
820 4014 1244 4079 contubernio
1323 4015 1403 4079 de
1481 4014 1714 4097 quibus
1791 4014 2017 4078 eadem
2082 4012 2337 4078 moveri

395 4109 655 4182 poterat
688 4101 995 4182 quaestio.
1064 4100 1294 4182 Neque
1326 4100 1504 4164 enim
1547 4109 2060 4164 consentaneum
2107 4097 2339 4164 fuisset

397 4185 686 4268 aliquem
730 4205 1023 4251 seorsum
1067 4186 1315 4268 pascha
1360 4187 1582 4252 edere:
1627 4185 1792 4265 imo,
1838 4186 1892 4250 si
1937 4187 2152 4270 minor
2194 4193 2337 4249 erat

394 4271 674 4351 familia,
719 4271 1218 4337 accersebantur
1262 4271 1492 4348 vicini,
1546 4279 1622 4336 ut
1680 4271 1762 4336 ad
1823 4280 2032 4336 totum
2092 4290 2334 4354 agnum

395 4355 724 4423 edendum
769 4378 1084 4423 numerus
1127 4357 1473 4423 sufficeret.
1564 4357 1963 4440 Peregrinus
2020 4376 2177 4439 ergo
2221 4371 2338 4423 aut

393 4444 644 4521 viator,
702 4443 760 4507 si
817 4443 1043 4528 procul
1088 4466 1127 4508 a
1162 4443 1300 4509 suis
1344 4442 1632 4521 abesset,
1687 4464 1849 4525 opus
1908 4443 2190 4509 habebat
2233 4465 2335 4508 re-

390 4529 609 4593 medio
650 4548 736 4592 ne
770 4530 842 4593 in
877 4549 1153 4613 poenam
1187 4530 1523 4596 incideret.
1590 4529 1798 4594 Porro
1836 4528 2189 4596 tenendum
2237 4544 2338 4594 est

389 4615 520 4680 hoc
549 4635 679 4679 non
717 4614 857 4680 dari
892 4616 1466 4698 contemptoribus,
1513 4636 1724 4698 neque
1758 4616 1881 4682 hac
1922 4615 2335 4698 indulgentia

388 4700 604 4765 foveri
689 4702 1023 4782 profanam
1111 4703 1465 4781 incuriam,
1553 4703 1666 4767 sed
1747 4712 2003 4767 tantum
2082 4703 2335 4767 consuli

388 4806 618 4851 eorum
659 4788 1031 4854 necessitati
1066 4789 1176 4873 qui
1212 4788 1694 4853 immunditiem
1735 4809 1956 4853 errore
1990 4800 2335 4855 contraxe-

386 4882 578 4948 rant,
642 4871 747 4939 vel
806 4895 938 4938 non
998 4885 1349 4957 potuerant
1390 4877 1706 4958 effugere,
1766 4875 1874 4938 vel
1917 4876 2028 4956 qui
2075 4889 2334 4955 praeter

386 4979 573 5041 spem
617 4959 688 5022 in
732 4958 967 5024 itinere
1008 4960 1395 5043 deprehensi
1438 4960 1715 5025 fuerant.
1785 4960 2111 5025 Dicuntur
2154 4961 2331 5024 enim

384 5044 570 5111 ultro
647 5046 989 5127 conquesti
1065 5047 1265 5112 fuisse
1331 5045 1505 5129 apud
1569 5047 1805 5112 Mosen
1871 5047 1982 5128 qui
2064 5059 2334 5129 propter

319 5165 324 5169 ·
381 5130 870 5198 immunditiem
949 5132 1190 5216 privati
1263 5133 1480 5198 fuerat
1555 5134 1710 5215 agni
1789 5132 2118 5214 paschalis
2196 5152 2329 5196 esu.

381 5217 581 5285 Unde
657 5217 988 5301 colligitur
1063 5220 1171 5302 pia
1251 5239 1481 5284 eorum
1559 5217 1945 5284 sollicitudo.
2063 5218 2331 5282 Talibus

382 5324 547 5389 ergo
587 5302 991 5385 permittitur
1030 5306 1307 5370 alterum
1353 5305 1624 5389 pascha:
1671 5317 1745 5369 ut
1788 5304 2072 5370 secundo
2108 5324 2331 5368 mense

380 5399 779 5474 recuperent
854 5390 1025 5473 quod
1105 5390 1347 5475 absque
1425 5412 1547 5457 sua
1621 5390 1816 5474 culpa
1885 5388 2326 5474 perdiderant.

1880 480 2262 550 PRIMUM
2306 484 2952 555 PRAEOEPTUM.

4282 491 4412 561 298

2457 674 2741 741 Interea
2799 697 3028 742 severe
3082 677 3438 743 mandatur
3491 698 3576 743 ne
3631 677 3785 759 quid
3844 685 4102 743 mutent
4160 680 4226 744 in
4272 688 4409 746 toto

2469 762 2619 827 ritu.
2721 763 2811 828 Et
2878 762 3001 828 hac
3066 784 3263 828 causa
3325 763 3568 828 iterum
3635 766 3956 847 repetitur
4020 766 4189 848 quod
4256 776 4410 831 ante

2469 848 2682 912 visum
2730 849 2886 928 fuit,
2932 858 3007 913 ut
3049 870 3197 914 cum
3244 849 3464 914 herbis
3503 851 3744 915 amaris
3789 850 4161 928 comedant,
4208 872 4294 916 ne
4331 873 4407 919 os

2468 934 2904 1018 confringant,
2942 946 3008 999 et
3044 934 3304 1001 similia.
3373 933 3503 1002 Sed
3540 957 3626 1001 ne
3655 935 3912 1019 longius
3948 937 4410 1003 extenderetur

2470 1018 2753 1097 libertas,
2802 1041 3029 1086 rursus
3074 1040 3282 1104 poena
3325 1021 3604 1086 edicitur
3637 1021 3693 1086 si
3729 1023 4072 1104 quispiam,
4117 1023 4408 1106 exceptis

2468 1102 2721 1170 duabus
2759 1105 2862 1170 his
2897 1109 3127 1183 causis,
3165 1106 3407 1189 pascha
3442 1107 3656 1172 facere
3691 1108 4077 1191 neglexerit.
4145 1106 4407 1175 Scimus

2465 1191 2662 1268 enim,
2708 1191 2838 1255 nisi
2883 1208 3308 1257 coerceantur
3353 1192 3667 1267 homines,
3716 1195 3992 1257 nimium
4039 1193 4157 1258 sibi
4204 1194 4407 1260 licen-

2464 1277 2595 1340 tiae
2638 1277 2995 1342 concedere
3038 1277 3118 1342 ad
3167 1278 3522 1361 captandos
3575 1278 3730 1343 hinc
3786 1277 3941 1343 inde
3998 1290 4401 1362 praetextus.

2466 1361 2729 1427 Clarius
2773 1376 2993 1428 autem
3038 1363 3145 1429 hic
3189 1366 3580 1447 exprimitur
3622 1384 3814 1447 quam
3874 1374 4090 1443 antea,
4158 1386 4402 1450 agnum

2464 1448 2834 1528 paschalem
2882 1449 3080 1514 fuisse
3126 1450 3474 1515 victimam.
3546 1448 3657 1517 Sic
3700 1450 3876 1514 enim
3922 1449 4165 1515 dicitur
4204 1472 4404 1518 versu

2465 1533 2535 1597 7:
2601 1533 2738 1599 Gur
2801 1535 3290 1616 prohibebimur
3367 1557 3451 1600 ne
3528 1536 3878 1601 offeramus
3961 1536 4401 1602 oblationem?

2462 1617 2549 1683 Et
2574 1640 2635 1684 V.
2666 1618 2775 1685 13:
2823 1620 2995 1701 Quia
3028 1619 3421 1686 oblationem
3448 1621 3733 1686 Iebovae
3756 1642 3887 1685 non
3911 1622 4161 1687 obtulit.
4208 1621 4402 1704 Quod

2461 1705 2606 1768 ideo
2650 1706 3001 1787 admoneo,
3056 1708 3209 1790 quia
3253 1708 3634 1772 existimant
3674 1706 3934 1790 quidam
3981 1708 4076 1774 sic
4118 1711 4400 1774 occisum

2460 1790 2662 1855 fuisse
2737 1813 2980 1874 agnum
3060 1792 3431 1874 paschalem
3511 1801 3590 1857 ut
3660 1813 3791 1857 non
3859 1803 4033 1857 esset
4097 1793 4400 1860 sacrificii

2460 1876 2854 1942 immolatio:
2933 1899 3132 1961 quum
3199 1888 3417 1943 tamen
3487 1877 3793 1942 distincte
3859 1877 4110 1944 Paulus
4174 1881 4401 1945 doceat

2459 1963 2791 2027 victimam
2850 1963 2985 2029 illic
3040 1965 3242 2028 fuisse
3300 1964 3618 2041 oblatam,
3676 1974 3743 2028 et
3788 1962 4024 2029 deinde
4067 1985 4399 2030 annexum

2458 2047 2745 2130 epulum.
2856 2048 2967 2117 Sic
3043 2050 3220 2114 enim
3287 2060 3526 2115 sonant
3588 2049 3728 2114 eius
3795 2050 4026 2127 verba,
4094 2050 4399 2116 Christus

2456 2134 2698 2214 pascha
2734 2149 3031 2201 nostrum
3069 2135 3445 2201 immolatus
3480 2145 3598 2214 est,
3635 2136 3854 2217 itaque
3888 2136 4247 2218 epulemur.
4313 2137 4398 2202 In

2455 2220 2721 2283 nomine
2744 2224 3019 2299 animae,
3056 2222 3309 2305 quoties
3340 2242 3456 2304 pro
3491 2241 3759 2303 corpore
3795 2222 4082 2286 exanimi
4118 2224 4393 2306 capitur,

2450 2305 2867 2453 {antiphrasin
2935 2327 3079 2373 esse
3141 2307 3443 2373 existimo
3507 2307 3775 2391 linguae
3834 2305 4176 2374 hebraicae
4234 2309 4395 2375 satis

2477 2404 2877 2474 requentem.

2507 2678 2996 2749 APPENDIX
3042 2683 3414 2748 ALTERA
3461 2681 3589 2748 DE
3634 2681 4321 2750 PRIMOGENITIS

2636 2817 3372 2887 CONSECRANDIS.
3461 2818 3596 2885 EX
3639 2819 3943 2886 EXODI
3984 2818 4183 2884 XIII.

2619 2989 2675 3055 1.
2733 2989 2822 3054 Et
2876 2989 3171 3071 loquutus
3225 2995 3315 3056 est
3356 2989 3588 3055 Iehova
3641 2990 3727 3056 ad
3787 2989 4041 3067 Mosen,
4099 2990 4388 3057 dicendo:

2444 3074 2505 3140 2.
2550 3073 2885 3159 Sanctifiea
2926 3076 3086 3141 mihi
3114 3077 3627 3161 primoyenitum:
3668 3077 3981 3159 quidquid
4013 3078 4217 3159 aperit
4256 3077 4387 3143 oul-

2440 3163 2699 3327 missu
2724 3163 2929 3315 ,ξίιᾶῗκ
2942 3161 3169 3314 Ιέἔὲιεῑ,
3213 3168 3344 3228 tam
3399 3164 3469 3228 iu
3520 3162 3872 3228 hominibus
3926 3182 4116 3245 quam
4177 3164 4241 3228 in
4283 3164 4384 3228 iu-

2956 3589 3088 3655 Ex
3130 3587 3463 3654 EODEM
3507 3588 3864 3655 OAPI'PE.

2613 3760 2714 3826 11.
2780 3760 3103 3843 Quumque
3159 3760 3580 3825 introduxerit
3632 3765 3690 3825 te
3742 3757 3971 3825 Iehova
4022 3760 4093 3824 iu
4148 3765 4382 3825 terram

2442 3845 2973 3926 C'Itanauaeorum,
3016 3846 3533 3928 quemadmodum
3562 3847 3805 3911 iuravit
3845 3845 3960 3911 tibi
4000 3851 4056 3912 et
4092 3845 4382 3932 patribus

2438 3934 2585 4014 luia,
2629 3938 2688 3998 et
2728 3933 2959 3998 dederit
3000 3954 3141 3999 eam
3183 3931 3313 3997 tibi.
3407 3931 3506 3997 12.
3539 3933 3717 3997 Tunc
3756 3932 4099 4015 transferes
4142 3952 4381 3997 omnem

2438 4020 2817 4100 apertionem
2869 4019 3215 4118 vulvae-ad
3258 4016 3582 4083 Iehovam:
3636 4037 3876 4117 omnem
3930 4019 4304 4098 apertionem
4329 4015 4380 4103 ¹)

2439 4125 2654 4256 :1²:32²
2657 4125 2831 4255 Ἥ
2851 4110 3111 4256 Ἥέῗ
3132 4104 3341 4256 mi.
3360 4102 4074 4274 τὲἴεπὲὥᾞῖἵέ
4115 4103 4381 4254 {53:53

2439 4276 2655 4342 hoedo:
2712 4278 2876 4357 quod
2927 4278 2990 4341 si
3045 4296 3163 4340 non
3218 4275 3583 4355 redemeriS,
3638 4276 3924 4340 cervicem
3975 4274 4236 4358 franqes
4290 4276 4381 4342 ei.-

2437 4382 2635 4514 :zm
2653 4361 3870 4528 ffiiwfflffissmmafflssssffvsst
3903 4359 4382 4527 datius:

2435 4554 2595 4607 cros,
2639 4533 2928 4599 diceudo:
2978 4534 3144 4615 Quid
3185 4532 3345 4598 hoc?
3391 4533 3556 4597 Tum
3598 4533 3764 4599 dices
3807 4532 3894 4596 ad
3935 4552 4092 4611 eum,
4136 4532 4206 4597 iu
4246 4531 4380 4614 for·

2437 4621 2699 4685 titudine
2733 4638 2968 4685 manus
3006 4621 3221 4685 eduoeit
3259 4638 3373 4684 uos
3415 4618 3648 4684 Iehova
3690 4637 3768 4682 ecc
3811 4621 4089 4702 Aeyypto
4129 4638 4163 4682 e
4202 4618 4380 4684 domo

2437 4726 2774 4771 servorum.
2868 4704 2964 4770 15.
3025 4704 3115 4770 Et
3163 4705 3294 4788 fuit
3345 4723 3538 4787 quum
3596 4704 3960 4769 indurasset
4012 4723 4077 4769 se
4123 4702 4380 4768 Pharao

2434 4792 2769 4874 quominus
2811 4790 3142 4856 dimitteret
3182 4810 3296 4855 nos
3310 4839 3326 4869 ,
3382 4789 3603 4854 oceidit
3640 4789 3873 4854 Iehovo
3932 4809 4109 4854 omne
4140 4791 4378 4872 primo-

2431 4878 2708 4961 9euitum
2748 4878 2821 4941 in
2862 4881 3031 4942 terra
3073 4875 3341 4959 Aeyypti
3356 4925 3370 4951 ‚
3414 4897 3457 4940 a
3491 4875 3903 4960 primoyenito
3959 4875 4232 4940 hominis
4272 4893 4376 4939 us·

2433 4982 2549 5043 que
2605 4964 2689 5027 ad
2723 4963 3204 5046 primoyenitum
3258 4960 3594 5027 animalis:
3652 4962 3881 5028 idcireo
3934 4978 4040 5044 eqo
4096 4958 4378 5040 samfiw

2437 5047 2699 5113 Iekovae
2753 5067 2989 5112 ornnem
3057 5048 3428 5127 apertionem
3486 5048 3710 5112 vulvae
3779 5066 3971 5112 sexus
4024 5044 4376 5123 masculini,

2432 5154 2608 5199 omne
2661 5138 2865 5198 autem
2906 5133 3395 5217 primogenitum
3445 5131 3732 5213 filiorum
3789 5151 4066 5198 meorum
4113 5129 4373 5196 redimo.

2438 5218 2537 5284 16.
2596 5218 2687 5283 Et
2740 5219 2861 5283 erit
2921 5220 2992 5284 in
3054 5220 3307 5302 siquam
3368 5238 3561 5302 super
3624 5238 3882 5285 monum
3921 5221 4130 5293 tuam,
4195 5218 4250 5280 et
4304 5214 4377 5279 in

2605 5405 2664 5477 1)
2699 5405 2777 5462 Iu
2808 5408 3086 5477 momine.-
3121 5408 3209 5461 vel
3242 5408 3464 5474 foetum,
3500 5407 3589 5461 vel
3622 5405 4058 5476 primogenitum.
