4867 6150
525 422 662 489 591
713 440 719 447 ’

530 611 677 678 dies
741 610 943 677 festos
1012 617 1165 693 apte
1216 616 1624 675 numeratur.
1713 608 1806 673 Et
1861 612 2041 673 certe
2092 629 2222 673 non
2288 606 2496 672 alium

533 696 761 783 quarti
803 695 1133 780 praecepti
1171 694 1373 760 finem
1417 695 1527 761 vel
1578 715 1770 760 usum
1827 714 1971 759 esse
2028 693 2236 778 liquet
2292 714 2494 777 quam

535 793 615 852 ut
657 784 976 868 populum
1021 792 1322 847 exerceat
1363 780 1431 845 in
1478 780 1607 846 Dei
1641 780 1843 847 cultu.
1934 778 2070 845 Sed
2104 800 2305 863 quum
2351 781 2497 864 ipsa

540 871 700 956 agni
765 868 1074 935 mactatio
1146 875 1676 951 repraesentaret
1743 866 2113 948 adoptionis
2192 866 2494 950 gratiam,

533 977 670 1041 qua
714 954 899 1041 Deus
934 952 1247 1039 populum
1283 952 1408 1020 sibi
1444 952 1857 1031 devinxerat,
1902 951 2115 1036 primo
2147 957 2497 1035 praecepto

538 1042 815 1128 iungere
877 1039 1179 1125 oportuit.
1269 1038 1465 1106 Nunc
1530 1041 1751 1121 itaque
1814 1036 2022 1103 altera
2085 1046 2274 1122 parte
2339 1058 2495 1102 con-

537 1130 712 1193 tenti
756 1129 889 1192 sint
934 1127 1223 1204 lectores,
1269 1124 1443 1208 quod
1480 1146 1701 1190 annua
1743 1123 2087 1190 celebritas
2130 1122 2495 1189 subsidium

539 1214 742 1279 fuerit
806 1223 1109 1278 aeternae
1180 1211 1563 1290 memoriae,
1629 1231 1713 1276 ne
1791 1230 2081 1293 unquam
2163 1208 2499 1276 excideret

535 1299 860 1366 Israelitis
902 1318 1023 1364 sua
1066 1296 1445 1380 redemptio,

717 1384 818 1450 10.
871 1385 1077 1466 Quum
1132 1382 1405 1467 atys-essi
1456 1381 1728 1461 fueritis.
1815 1382 1881 1448 N
1885 1404 2013 1449 unc
2071 1381 2153 1447 de
2208 1380 2497 1446 secundo

537 1470 647 1537 die
691 1471 858 1537 festo
899 1468 1218 1553 praecipit
1259 1468 1480 1535 Moses
1522 1469 1632 1549 qui
1676 1466 1930 1535 dicatus
1978 1468 2102 1533 fuit
2147 1466 2497 1533 offerendis

539 1556 868 1643 primitiis.
922 1555 1127 1620 Ritus
1161 1554 1570 1633 describitur,
1614 1564 1690 1620 ut
1724 1555 1797 1619 in
1831 1574 2101 1619 manum
2140 1552 2498 1620 sacerdotis

540 1642 807 1710 tradant
864 1639 1307 1724 manipulum:
1374 1660 1751 1724 quanquam
1808 1639 1955 1706 aliis
2015 1640 2229 1724 placet
2280 1639 2497 1704 notari

540 1749 922 1796 mensuram
979 1747 1146 1811 quae
1204 1738 1345 1792 erat
1399 1725 1656 1792 decima
1713 1747 1868 1811 pars
1934 1726 2130 1810 epha:
2191 1738 2260 1791 et
2314 1746 2500 1791 omer

539 1824 895 1898 utrumque
945 1812 1291 1898 significat.
1383 1812 1640 1878 Verum
1699 1813 2036 1896 praesenti
2078 1813 2217 1877 loco
2261 1810 2499 1876 melius

537 1900 848 1987 convenit
882 1920 1122 1965 nomen
1158 1897 1496 1983 manipuli,
1533 1899 1691 1983 quia
1723 1899 1816 1965 sic
1852 1897 1935 1962 ad
1971 1898 2198 1964 vivum
2237 1916 2500 1979 reprae-

540 1986 895 2056 sentabant
927 1985 1188 2052 initium
1225 1985 1485 2052 messis:
1530 2005 1664 2050 non
1700 1984 1878 2050 enim
1914 1984 2153 2051 licebat
2189 1982 2296 2048 vel
2330 1990 2500 2049 tosta

540 2094 754 2159 grana
787 2083 1059 2158 gustare
1095 2079 1248 2136 ante
1283 2069 1535 2137 oblatas
1570 2071 1916 2156 primitias.
1983 2070 2161 2136 Eum
2197 2067 2500 2136 sacerdos

535 2159 843 2227 elevabat
885 2178 1105 2224 coram
1144 2157 1373 2237 altari,
1419 2156 1533 2222 sed
1587 2157 1660 2222 in
1704 2155 1975 2222 modum
2011 2155 2497 2223 ventilationis:

538 2246 635 2313 sic
699 2244 878 2311 enim
943 2243 1365 2327 distinguunt
1425 2242 1717 2309 Hebraei
1781 2242 1958 2308 inter
2014 2240 2178 2308 duas
2227 2242 2498 2324 species,

542 2331 713 2416 quod
757 2342 968 2400 ΠΟῚἾΠ
1014 2350 1275 2397 sursum
1320 2328 1689 2407 tolleretur,
1747 2341 1938 2398 noun
1997 2339 2218 2394 autem
2235 2378 2252 2406 ,
2312 2328 2501 2394 cuius

541 2417 653 2484 hic
714 2418 795 2482 fit
862 2416 1138 2495 mentio,
1192 2414 1560 2500 agitaretur
1625 2436 1857 2482 versus
1916 2423 2199 2497 quatuor
2268 2412 2500 2479 mundi

543 2504 809 2588 plagas:
856 2499 1094 2567 deinde
1136 2501 1334 2567 fiebat
1376 2500 1771 2566 sacrificium
1813 2512 1881 2566 et
1922 2500 2168 2567 libatio.
2236 2499 2500 2567 Scimus

542 2591 856 2673 profanas
900 2597 1132 2671 gentes
1175 2588 1270 2653 ita
1303 2585 1429 2653 sibi
1473 2584 1629 2653 deos
1672 2588 1941 2671 frugum
1985 2607 2062 2654 ac
2097 2586 2253 2652 deas
2296 2584 2499 2650 fabri-

543 2696 761 2752 casse,
810 2682 888 2739 ut
934 2683 1112 2739 terra
1153 2673 1521 2739 communis
1566 2680 1768 2753 esset,
1811 2686 1879 2738 et
1933 2691 2175 2757 magna
2225 2671 2498 2737 deorum

546 2761 1020 2842 hominumque
1056 2767 1283 2825 mater.
1330 2758 1416 2824 In
1450 2759 1629 2825 hunc
1662 2779 1950 2825 errorem
1987 2757 2211 2824 statim
2249 2756 2499 2839 delapsi

544 2846 827 2913 fuissent
858 2844 1108 2923 Iudaei,
1146 2845 1246 2911 vel
1293 2845 1439 2911 Deo
1474 2845 1827 2929 praeterito
1855 2867 1926 2910 se
1961 2843 2500 2928 ingurgitassent‚

545 2932 677 2998 nisi
723 2933 846 2999 hoc
888 2931 1024 2996 ritu
1071 2929 1393 2996 admoniti
1437 2929 1815 2997 didicissent
1856 2930 1928 2995 in
1965 2931 2143 2997 coelo
2188 2928 2315 2996 sibi
2356 2948 2502 2995 esse

545 3017 899 3086 nutritium
944 3024 1217 3101 patrem,
1263 3017 1448 3084 cuius
1481 3022 1661 3083 terra
1694 3016 2000 3083 ministra
2033 3025 2205 3083 esset
2238 3015 2309 3082 in
2345 3036 2498 3101 pro-

548 3105 809 3172 mendis
866 3103 1216 3170 alimentis.
1312 3103 1378 3169 N
1380 3125 1487 3169 am
1551 3125 1758 3187 quum
1824 3104 1894 3169 in
1964 3124 2097 3169 une
2162 3101 2501 3188 manipulo

545 3201 686 3257 tota
729 3192 959 3257 messis
1002 3198 1513 3269 consecraretur,
1558 3189 1833 3273 perinde
1888 3202 2032 3255 erat
2074 3210 2151 3255 ac
2186 3190 2244 3255 si
2287 3188 2359 3253 in
2396 3209 2502 3253 so-

546 3277 757 3343 lidum
824 3277 987 3343 iuris
1044 3296 1188 3343 esse
1240 3275 1454 3341 divini
1508 3275 1931 3343 ostenderent
1983 3273 2302 3357 quidquid
2352 3295 2502 3358 pro-

548 3363 795 3429 tulerat
858 3370 1055 3429 terra.
1158 3361 1295 3428 Sed
1359 3363 1428 3427 in
1494 3383 1572 3428 eo
1637 3360 2047 3445 resplenduit
2101 3359 2504 3426 admirabilis

548 3449 681 3517 Dei
725 3448 998 3524 bonitas,
1043 3447 1220 3531 quod
1265 3468 1462 3514 suum
1496 3448 1620 3514 sibi
1661 3447 2038 3524 vendicans,
2086 3447 2252 3513 nihil
2296 3445 2510 3512 detra-

551 3534 756 3601 hebat
819 3554 904 3600 ex
967 3533 1152 3600 victu
1219 3533 1471 3617 populi:
1549 3542 1773 3617 postea
1848 3541 2166 3617 tanquam
2232 3555 2315 3598 ex
2378 3531 2510 3597 Dei

551 3642 754 3687 manu
797 3619 1200 3702 recipiebant
1251 3619 1428 3702 quod
1483 3621 1584 3686 sin
1681 3619 1728 3684 li
1784 3619 2114 3686 habebant
2162 3618 2340 3684 domi
2406 3639 2509 3683 re·

551 3709 869 3789 positum,
927 3704 1201 3791 perinde
1266 3726 1342 3771 ac
1383 3707 1440 3772 si
1483 3726 1521 3772 e
1634 3707 1697 3771 ei
1759 3705 2131 3772 sanctuario
2195 3703 2507 3789 prodiret.

549 3793 728 3858 Nota
787 3793 964 3857 enim
1017 3798 1120 3857 est
1170 3791 1371 3858 Pauli
1436 3792 1769 3857 sententia
1822 3790 2041 3878 (Rom.
2089 3792 2191 3870 11,
2240 3790 2382 3878 16):
2431 3788 2510 3856 Si

550 3888 818 3945 sanctae
859 3889 1016 3944 sunt
1059 3877 1406 3961 primitiae,
1451 3887 1657 3944 totam
1707 3898 1965 3962 quoque
2021 3898 2305 3943 massam
2366 3897 2510 3942 esse

552 3974 881 4031 sanctam:
921 3962 1034 4028 ubi
1079 3962 1163 4030 ad
1212 3963 1390 4029 hunc
1444 3974 1734 4030 veterem
1790 3962 1959 4048 legis
2009 3965 2208 4028 ritum
2252 3962 2506 4028 alludit.

555 4049 756 4134 Quod
819 4057 1123 4117 vertunt:
1195 4049 1300 4114 Ad
1365 4048 1800 4133 placationem
1866 4050 2099 4126 vestri,
2164 4048 2342 4113 idem
2406 4059 2510 4113 est

554 4157 799 4203 nomen
826 4135 1000 4220 quod
1025 4135 1177 4201 alibi
1201 4149 1541 4221 exponunt
1581 4135 1972 4217 interpretes
2010 4134 2508 4218 beneplacitum,

557 4220 657 4309 [et
708 4221 792 4286 ad
846 4221 1157 4305 populum
1214 4220 1541 4299 referunt,
1591 4242 1667 4286 ac
1715 4222 1770 4287 si
1837 4219 2086 4287 dictum
2150 4233 2325 4286 esset
2389 4241 2509 4303 pro

556 4307 830 4374 arbitrio
887 4306 997 4374 vel
1055 4306 1137 4372 ad
1180 4306 1440 4372 libitum
1493 4316 1566 4372 ut
1607 4306 1966 4390 loquuntur
2021 4305 2330 4394 barbariJ.
2420 4310 2513 4371 At

558 4414 716 4459 vero
781 4392 939 4458 alibi
1005 4392 1229 4472 docui,
1295 4392 1376 4458 de
1433 4392 1660 4458 favore
1725 4401 1794 4459 et
1859 4393 2319 4459 benevolentia
2380 4392 2509 4457 Dei

556 4478 842 4561 intelligi
885 4477 1156 4559 debere,
1202 4499 1579 4562 quanquam
1624 4477 1708 4543 ad
1751 4480 2067 4563 populum
2110 4478 2511 4545 transfertur

556 4565 825 4650 passivo
892 4586 1125 4644 sensu,
1205 4563 1755 4648 quemadmodum
1820 4567 1891 4630 in
1973 4564 2244 4631 Psalmo
2331 4563 2508 4651 (106,

554 4650 649 4738 4.)
687 4663 815 4741 ῃΒἻ
855 4650 964 4716 vel
1008 4652 1481 4736 beneplacitum
1525 4651 1714 4717 electi
1758 4651 2012 4735 populi,
2049 4662 2321 4718 vocatur
2365 4672 2511 4734 gra·

559 4740 769 4803 tuitus
805 4757 988 4803 amor
1031 4758 1156 4819 quo
1199 4738 1383 4803 Deus
1439 4736 1779 4803 wclesiam
1827 4757 2012 4804 suam
2074 4738 2510 4821 prosequitur.

561 4823 910 4909 Significat
953 4835 1175 4888 autem
1219 4823 1441 4891 Moses
1490 4845 1624 4890 non
1668 4823 1859 4889 aliter
1903 4845 2092 4908 posse
2150 4822 2513 4907 tranquilla

559 4909 960 4977 conscientia
1004 4922 1218 4975 terrae
1251 4908 1549 4993 frugibus
1584 4909 1781 4989 vesci,
1817 4910 1971 4993 quia
2013 4931 2147 4975 non
2191 4910 2514 4976 sentirent

560 4994 782 5061 Deum
814 4997 939 5062 sibi
968 5017 1111 5061 esse
1141 4996 1511 5079 propitium,
1549 5004 1618 5061 et
1662 5007 1938 5079 paterno
1986 4997 2241 5062 affectu.
2296 4994 2514 5061 Hodie

562 5080 806 5147 abolita
829 5082 1256 5161 caeremonia,
1292 5092 1516 5148 manet
1560 5089 1784 5147 tamen
1827 5104 1903 5150 ac
1949 5082 2130 5167 viget
2174 5083 2348 5147 inter
2394 5103 2513 5147 nos

563 5169 705 5233 eius
742 5168 1014 5234 veritas:
1051 5167 1207 5250 quia
1240 5168 1505 5234 nonnisi
1538 5167 1783 5252 agnitio
1819 5169 2142 5253 largitatis
2187 5169 2311 5234 Dei
2347 5188 2514 5252 quae

564 5275 648 5318 ex
727 5252 854 5318 fide
928 5256 1250 5331 nascitur,
1331 5262 1401 5318 et
1475 5255 1839 5339 gratiarum
1921 5254 2086 5321 actio
2150 5255 2515 5320 sanctificat

565 5358 987 5423 quaecunque
1064 5362 1152 5405 ex
1228 5340 1358 5406 Dei
1430 5359 1633 5406 manu
1685 5340 2095 5424 percipimus.
2189 5340 2513 5406 Primitiis

1973 418 2435 503 QUARTUM
2478 420 3133 488 PRAEOEPTUM.

4411 423 4526 490 592

2599 606 2862 672 additur
2936 609 3140 675 festus
3221 607 3361 675 dies
3437 617 3688 694 septem
3772 609 4285 689 hebdomadum,
4349 631 4530 694 quem

2598 693 2840 793 Graeci
2867 701 3144 759 vertunt
3177 694 3616 774 Pentecostes‚
3665 699 3734 762 in
3778 697 4061 763 eundem
4105 698 4303 762 finem
4339 700 4535 782 respi-

2596 799 2807 845 ciens:
2853 787 3201 863 postquam
3255 782 3431 846 enim
3488 805 3573 848 ex
3630 782 3875 849 intacta
3939 790 4160 868 segete
4225 783 4536 867 primitias

2597 864 2991 945 obtulerant,
3037 865 3363 933 addebant
3395 867 3658 953 signum
3750 868 4131 935 ratitudinis
4162 870 4230 933 in
4269 870 4537 952 panibus

2596 961 2666 1018 et
2729 952 2975 1017 maiore
3041 952 3379 1019 sacrificio.
3468 953 3531 1019 N
3532 890 3846 1021 otancfum
3904 961 4124 1021 autem
4182 965 4284 1022 est
4348 976 4539 1038 panes

2598 1037 2761 1105 duos
2805 1058 2845 1103 a
2886 1038 3166 1121 singulis
3205 1038 3474 1105 familiis
3516 1041 3713 1125 exigi,
3757 1041 3870 1125 qui
3913 1049 4220 1107 constent
4260 1062 4345 1105 ex
4388 1040 4537 1107 dua-

2597 1123 2721 1190 bus
2795 1122 3094 1190 decimis:
3173 1124 3565 1193 sacrificium
3635 1147 3788 1192 vero
3867 1135 4120 1210 septem
4202 1147 4538 1210 agnorum,

2597 1209 2864 1276 iuvenci
2922 1210 3154 1289 unius,
3213 1222 3280 1276 et
3325 1212 3605 1278 duorum
3651 1214 3964 1292 arietum,
4010 1223 4079 1277 et
4142 1213 4340 1288 hirci,
4389 1212 4540 1278 duo·

2599 1315 2879 1380 rumque
2915 1317 3254 1381 agnorum,
3295 1297 3418 1363 toti
3463 1297 3701 1380 populo
3734 1299 4009 1383 iniungi,
4056 1298 4240 1364 Haec
4285 1297 4545 1363 demum

2599 1390 2743 1447 erat
2786 1382 3081 1466 legitima
3124 1383 3377 1468 agnitio
3413 1383 3823 1451 liberalitatis
3857 1384 4007 1463 Dei,
4045 1385 4196 1467 quia
4229 1383 4542 1467 manipuli

2599 1466 2912 1546 elevatio,
2958 1478 3031 1533 ut
3073 1468 3145 1533 in
3190 1469 3640 1550 festinatione,
3677 1471 3864 1553 quasi
3916 1469 4329 1537 defunctoria
4388 1479 4543 1534 erat.

2603 1551 2816 1621 Sicuti
2853 1555 3030 1619 enim
3066 1553 3375 1631 vidimus,
3421 1568 3770 1639 antequam
3809 1577 4089 1641 granum
4125 1556 4545 1640 attingerent,

2601 1638 2976 1722 postulabat
3037 1640 3225 1706 Deus
3277 1640 3401 1708 sibi
3467 1642 3791 1725 primitias
3851 1642 4104 1719 offerri,
4172 1641 4380 1708 donec
4438 1663 4551 1723 per

2601 1727 2807 1791 otium
2863 1734 2930 1791 et
2974 1736 3268 1810 tempore
3322 1729 3535 1811 magis
3595 1737 3965 1813 opportuno
4021 1727 4284 1812 plenius
4338 1728 4555 1794 officio

2602 1833 2723 1877 suo
2775 1812 3242 1878 satisfacerent.
3345 1811 3577 1896 Itaque
3635 1815 3808 1898 quod
3869 1835 4081 1898 nuper
4139 1813 4427 1879 vidimus
4472 1813 4549 1878 de

2602 1897 2938 1981 primitiis,
2988 1910 3246 1964 tantum
3289 1902 3700 1983 praeparatio
3757 1901 3884 1966 fuit
3938 1899 4020 1965 ad
4081 1898 4255 1965 diem
4314 1901 4547 1966 festum

2601 1991 3048 2066 pentecostes,
3089 1984 3158 2049 in
3205 2005 3338 2067 quo
3382 2006 3516 2050 non
3558 1987 3809 2069 spicae,
3854 1985 3968 2052 sed
4014 2005 4216 2069 panes
4257 1986 4428 2050 cocti
4473 2007 4550 2051 ex

2603 2070 2813 2136 horno
2856 2070 3076 2136 tritico
3118 2090 3305 2137 sacra
3345 2070 3587 2136 oblatio
3629 2083 3835 2138 erant.

2774 2154 2878 2222 24.
2925 2155 3148 2222 Mense
3192 2156 3451 2238 septimo
3500 2158 3711 2241 primo
3767 2158 3889 2224 die.
3981 2157 4189 2224 Miror
4253 2156 4433 2224 unde
4485 2159 4552 2222 in

2604 2252 2890 2308 mentem
2935 2243 3196 2307 venerit
3236 2240 3500 2308 Iudaeis
3543 2244 3616 2308 in
3653 2243 3823 2309 festo
3875 2243 4182 2309 tubarum
4240 2243 4553 2310 celebrari

2602 2327 3058 2394 liberationem
3099 2327 3322 2409 Isaac,
3383 2327 3647 2412 quando
3696 2329 3768 2394 in
3811 2329 3953 2395 eius
3998 2329 4216 2396 locum
4259 2329 4555 2414 supposi-

2604 2424 2710 2480 tus
2767 2415 2897 2479 fuit
2952 2413 3178 2481 hircus
3234 2414 3349 2497 qui
3401 2415 3885 2481 immolaretur:
3955 2415 4070 2481 sed
4128 2414 4253 2481 hoc
4313 2415 4556 2483 scilicet

2603 2521 2721 2584 pro
2763 2500 2956 2565 solita
2993 2521 3114 2566 sua
3154 2499 3428 2566 audacia
3468 2500 3821 2567 'commenti
3863 2510 4038 2567 sunt.
4107 2500 4310 2568 Certe
4357 2501 4554 2567 nihilo

2603 2585 2756 2670 plus
2801 2586 2998 2652 habet
3038 2585 3272 2651 coloris
3315 2606 3513 2671 quam
3564 2586 3853 2652 rationis.
3941 2586 4215 2653 Rectius
4259 2587 4554 2653 sentiunt

2603 2671 2748 2751 alii,
2808 2691 3203 2755 parasceven
3262 2672 3463 2738 fuisse
3519 2673 3803 2756 proximi
3867 2674 4016 2739 festi
4083 2673 4554 2757 expiationum,

2604 2764 2873 2843 propter
2936 2757 3244 2842 exiguam
3308 2759 3621 2842 temporis
3677 2757 4080 2824 distantiam.
4170 2760 4348 2825 Nam
4410 2761 4557 2844 quia

2603 2843 2791 2910 nulla
2853 2845 3117 2929 proprie
3175 2852 3332 2910 nota
3397 2845 3753 2928 insignitur
3807 2844 3916 2911 hic
3983 2843 4156 2924 dies,
4222 2843 4556 2929 probabile

2605 2940 2707 2995 est
2752 2951 2882 2995 non
2928 2931 3222 3014 separari
3265 2930 3347 2996 ab
3387 2928 3597 2996 altero
3640 2931 3749 3014 qui
3794 2929 3990 3014 paulo
4047 2940 4196 3014 post
4243 2932 4554 3017 sequitur,

2607 3015 2713 3083 die
2756 3016 3004 3083 scilicet
3046 3015 3313 3083 decimo.
3402 3016 3552 3083 Nisi
3584 3018 3754 3083 forte
3809 3018 4023 3101 magis
4077 3014 4425 3103 probabile
4460 3018 4557 3099 sit,

2606 3102 2808 3170 semel
2853 3103 3211 3185 quotannis
3278 3112 3544 3169 vocatos
3599 3104 3801 3170 fuisse
3855 3104 4163 3189 clangore
4219 3104 4555 3171 tubarum:

2608 3189 2894 3273 primum
2958 3197 3034 3255 ut
3098 3187 3424 3254 discerent
3484 3209 3705 3255 sacros
3768 3198 4134 3256 conventus
4192 3192 4333 3257 Dei
4409 3211 4558 3257 voce

2608 3275 2809 3341 fuisse
2872 3273 3182 3354 indictos,
3247 3273 3483 3340 deinde
3547 3296 3773 3342 vocem
3838 3275 4023 3341 illam
4079 3277 4429 3355 renovari,
4490 3292 4560 3342 ut

2610 3374 2870 3443 praesto
2935 3381 3195 3444 semper
3252 3369 3477 3426 essent
3527 3360 3612 3427 ad
3666 3362 3799 3428 Dei
3854 3362 4253 3446 obsequium.
4347 3362 4561 3447 Atque

2606 3447 2677 3512 id
2742 3446 3005 3513 videtur
3066 3446 3344 3513 innuere
3421 3468 3541 3531 per
3616 3456 4120 3514 monumentum
4196 3447 4556 3534 clangoris:

2608 3554 2686 3600 ac
2721 3532 2779 3598 si
2823 3532 3102 3613 diceret,
3146 3532 3350 3599 semel
3386 3534 3736 3615 quotannis
3770 3534 3965 3600 tubas
3999 3553 4235 3600 sonare
4270 3534 4349 3600 in
4392 3534 4559 3601 auri-

2608 3619 2731 3685 bus
2770 3639 3029 3700 eorum,
3070 3629 3142 3683 ut
3185 3625 3325 3683 tota
3366 3620 3505 3685 vita
3552 3619 3692 3686 sint
3733 3620 3973 3686 attenti
4017 3618 4100 3685 ad
4136 3619 4268 3686 Dei
4315 3641 4555 3698 vocem,

2608 3714 2675 3769 et
2718 3704 2798 3770 ad
2845 3704 3249 3788 sequendum
3296 3704 3651 3771 voluntarii
3694 3725 4076 3791 quocunque
4131 3705 4408 3773 tendere
4461 3707 4556 3772 iu·

2608 3790 2779 3857 beat.
2885 3791 3020 3857 Alii
3102 3789 3489 3856 existimant
3577 3793 4023 3876 praecinuisse
4101 3790 4297 3859 tubas
4376 3792 4557 3858 initio

2611 3875 2888 3955 mensis,
2946 3886 3021 3942 ut
3076 3898 3147 3942 se
3191 3887 3500 3960 pararent
3549 3877 3634 3944 ad
3677 3888 3813 3960 tres
3858 3878 3995 3944 dies
4038 3877 4269 3945 festos:
4332 3878 4557 3946 deinde

2609 3966 2762 4047 quia
2803 3962 3080 4046 insignis
3124 3973 3265 4027 erat
3309 3972 3447 4028 tam
3489 3963 3809 4030 sabbatho
3852 3963 4013 4030 anni
4060 3964 4327 4047 septimi
4371 3985 4556 4049 quam

2610 4049 2908 4116 iubilaeo.
3012 4047 3192 4130 Quid
3255 4058 3476 4114 autem
3534 4049 3591 4116 si
3647 4051 3831 4116 Deus
3897 4070 4187 4116 mensem
4246 4051 4426 4118 hunc
4478 4072 4555 4116 ex

2611 4136 2822 4219 capite
2865 4134 3025 4201 anni
3070 4135 3141 4200 in
3185 4136 3536 4217 septimum
3580 4136 3880 4202 ordinem
3932 4135 4251 4215 reiioiens,
4298 4136 4554 4221 aliquod

2612 4223 2863 4305 priscae
2931 4219 3270 4305 dignitatis
3347 4221 3699 4306 vestigium
3781 4222 4153 4305 relinquere
4228 4221 4551 4289 voluerit?

2612 4306 2928 4374 Omnium
2972 4308 3148 4372 enim
3191 4327 3518 4374 consensu
3554 4315 3889 4394 receptum
3933 4316 4053 4385 est,
4091 4307 4299 4374 donec
4343 4329 4553 4393 egres-

2610 4414 2724 4459 sus
2766 4402 2867 4460 est
2920 4393 3204 4477 populus
3248 4416 3336 4459 ex
3389 4395 3728 4480 Aegypto,
3786 4394 3963 4460 hune
4018 4393 4222 4461 fuisse
4272 4395 4553 4480 primum

2611 4500 2923 4545 mensem.
3012 4477 3299 4560 Quidam
3362 4481 3560 4546 etiam
3618 4487 3855 4564 putant
3911 4479 4230 4546 mundum
4286 4481 4362 4546 in
4418 4482 4552 4566 ipso

2610 4575 2903 4633 creatum
2946 4586 3108 4644 esse,
3152 4566 3325 4649 quod
3368 4566 3691 4651 probabili
3734 4567 3986 4633 ratione
4023 4587 4158 4631 non
4203 4576 4405 4634 caret.
4460 4568 4550 4632 Ac

2610 4649 2841 4718 Iudaei
2881 4674 3061 4719 nunc
3101 4672 3358 4737 quoque
3391 4652 3465 4718 in
3500 4653 3783 4738 negotiis
3822 4651 4123 4738 politicis,
4166 4663 4236 4718 et
4268 4674 4435 4737 quae
4474 4649 4550 4717 ad

2611 4759 2803 4805 usum
2841 4745 3141 4804 terrenae
3186 4739 3360 4805 vitae
3403 4746 3733 4823 spectant,
3775 4759 3862 4804 ex
3905 4738 4215 4805 continua
4257 4740 4551 4805 observa-

2612 4825 2790 4891 tione
2815 4825 3103 4889 retinent
3124 4825 3407 4907 primam
3443 4824 3626 4890 illam
3656 4825 4216 4910 supputationem:
4252 4826 4322 4890 in
4359 4823 4547 4891 sacris

2613 4908 2938 4976 duntaxat
2979 4911 3242 4976 initium
3286 4911 3446 4975 anni
3486 4911 3734 4979 faciunt
3777 4933 3817 4977 a
3859 4910 4121 4976 Martio.
4201 4910 4387 4978 Haec
4419 4909 4550 4993 qui-

2614 4996 2762 5063 dem
2806 4995 3163 5080 probabilis
3206 4996 3375 5061 mihi
3418 4996 3681 5063 videtur
3729 4998 3897 5062 ratio
3942 5018 4061 5063 cur
4105 5018 4180 5063 eo
4222 4999 4337 5081 qui
4380 5012 4549 5062 nunc

2614 5091 2880 5149 notatur
2926 5081 3048 5161 die,
3096 5082 3478 5148 memoriam
3520 5084 3712 5170 regni
3748 5083 3850 5149 sui
3885 5084 4073 5149 Deus
4116 5082 4375 5149 solenni
4407 5101 4548 5167 pro·

2614 5167 3019 5253 mulgatione
3061 5169 3426 5249 renovarit,
3485 5190 3563 5235 ac
3605 5169 3959 5254 septimum
4016 5189 4309 5235 mensem
4352 5168 4545 5251 assig-

2613 5256 2790 5321 narit
2832 5262 2967 5319 tam
3011 5253 3303 5319 Iubilaeo
3351 5275 3551 5336 quam
3608 5254 3925 5321 sabbatho
3980 5276 4321 5321 annorum.
4409 5253 4555 5320 Uno·

2614 5350 2835 5406 autem
2880 5337 2986 5404 die
3029 5340 3218 5405 finita
3258 5340 3384 5405 fuit
3426 5342 3588 5408 haec
3645 5342 4029 5420 solennitas,
4092 5340 4259 5407 nihil
4299 5342 4428 5408 fere
4466 5335 4543 5401 ab
