4867 6150
583 446 662 510 31
1777 444 2522 512 COMMENTARIUS
2558 445 2660 511 IN
2704 444 3005 512 EXODI
3050 443 3240 512 OAP.
3289 444 3379 510 II.
4489 448 4565 515 32

583 636 811 718 Neque
874 655 1031 701 vero
1097 632 1446 717 quadraret
1509 634 1579 698 in
1636 634 1933 717 coniugio
1989 654 2258 716 prorsus
2318 633 2520 699 taceri

582 742 826 788 nomen
862 721 1100 804 patris:
1147 728 1212 785 et
1245 720 1604 785 violentum
1642 727 1740 785 est
1774 729 2237 796 commentum,
2279 720 2346 783 in
2382 727 2520 785 tam

580 808 941 891 propinque
986 814 1300 873 contextu
1350 805 1513 871 duos
1558 807 1857 871 homines
1912 804 2136 870 eedem
2189 805 2525 871 affinitatis

586 893 793 977 gradu
860 892 1130 959 censeri.
1240 891 1429 957 Adde
1490 890 1663 974 quod
1729 893 1783 957 si
1848 891 2073 956 Iethro
2142 890 2315 956 filius
2380 899 2527 955 erat·

584 978 887 1059 Bethuel,
934 977 1192 1045 easdem
1229 975 1422 1043 aedes
1456 976 1851 1057 inhabitans,
1894 976 2258 1042 membrum
2294 976 2527 1042 fuisset

580 1065 886 1145 familiae,
925 1086 1060 1130 non
1103 1073 1312 1147 caput,
1359 1085 1434 1130 ac
1478 1062 1751 1147 proinde
1797 1084 1925 1128 nen
1963 1062 2287 1129 diceretur
2306 1063 2526 1127 Moses

582 1152 843 1236 pavisse
886 1151 1028 1216 eius
1070 1170 1357 1235 gregem.
1427 1148 1570 1214 Iam
1615 1149 1947 1232 probabile
1992 1160 2090 1215 est
2126 1148 2340 1213 Hobal
2385 1147 2526 1234 (qui

583 1246 808 1321 postea.
851 1235 1189 1303 venabitur
1223 1235 1398 1300 filius
1420 1235 1724 1310 Bethuel,
1768 1234 1961 1300 Num.
2002 1255 2139 1317 cap.
2186 1233 2288 1321 10)
2326 1235 2526 1300 fuisse

583 1323 870 1389 levirum
913 1322 1150 1401 Mosis,
1198 1322 1301 1387 vel
1346 1321 1571 1386 uxoris
1614 1322 1914 1386 fratrem:
1978 1320 2154 1387 unde
2198 1321 2525 1404 colligitur

582 1409 810 1474 Iethro
854 1408 1049 1473 fuisse
1110 1408 1539 1487 binominem,
1597 1405 1767 1489 quod
1828 1407 1984 1473 satis
2036 1408 2350 1473 usitatum
2406 1415 2524 1472 est.

583 1496 754 1560 Nam
798 1493 1015 1559 Heba]
1075 1514 1216 1559 esse
1274 1513 1470 1576 quem
1531 1493 1636 1557 hic
1679 1493 1896 1558 Moses
1942 1492 2166 1557 Iethro
2210 1494 2525 1571 nominat,

583 1580 940 1646 absurdum
985 1587 1116 1657 est,
1176 1586 1244 1642 et
1285 1580 1527 1661 absque
1572 1580 1821 1643 ratione
1866 1579 2157 1662 fingitur.
2247 1579 2528 1644 Venisse

582 1667 810 1732 Iethro
875 1668 946 1731 in
1014 1664 1342 1730 desertum
1411 1672 1485 1728 ut
1540 1665 1714 1730 Mosi
1771 1665 2249 1748 gratularetur,
2306 1676 2531 1748 postea

583 1752 966 1831 videbimus,
1007 1750 1121 1816 sed
1160 1758 1464 1816 narratur
1498 1750 1739 1816 ibidem
1777 1753 1974 1816 fuisse
2012 1749 2370 1815 dimissum.
2439 1751 2530 1815 Et

583 1848 758 1906 certe
820 1858 952 1902 nen
984 1836 1105 1902 'ita
1161 1837 1526 1902 humanum
1579 1836 1842 1916 fuisset,
1901 1858 2141 1921 urgere
2195 1835 2528 1902 hominem

524 1968 527 1973 «
585 1924 770 1990 senio
795 1925 1160 1990 confectum
1183 1931 1260 1987 ut
1280 1922 1495 2006 ipsum
1532 1923 1604 1986 in
1642 1923 2055 2007 expeditione
2083 1922 2526 1988 comitaretur.

585 2010 757 2075 Nam
814 2010 868 2073 si
931 2009 1162 2074 Mosen
1221 2018 1434 2073 aetate
1493 2010 1870 2091 superabat,
1929 2011 2041 2074 vix
2101 2018 2241 2073 tum
2300 2010 2531 2074 fuisset

585 2098 800 2160 minor
846 2094 1305 2178 nonagenario,
1400 2093 1556 2161 Seni
1606 2105 1821 2160 autem
1883 2094 2211 2177 decrepito
2255 2095 2528 2179 promit-

587 2189 724 2247 tere
769 2181 1007 2247 laboris
1053 2178 1451 2258 mercedem,
1510 2190 1851 2264 postquam
1913 2193 2184 2246 ventum
2245 2191 2415 2247 esset
2458 2181 2529 2245 in

587 2278 827 2335 terram
874 2267 1226 2344 Ohanaan,
1288 2266 1477 2332 cuius
1520 2266 1752 2332 fuisset
1796 2264 2233 2349 prudentiae?
2280 2267 2530 2332 Verum

586 2362 723 2420 tota
759 2352 1203 2418 controversia
1235 2353 1307 2416 in
1346 2374 1475 2417 uno
1513 2352 1712 2418 verbo
1748 2352 1932 2419 facile
1969 2351 2319 2429 dirimitur,
2357 2352 2531 2436 quod

588 2440 815 2506 scribit
854 2439 1079 2504 Moses
1134 2437 1359 2503 Iethro
1417 2438 1617 2503 fuisse
1666 2459 2038 2504 reversum:
2100 2438 2318 2504 Hobal
2374 2460 2532 2504 vere

590 2546 975 2609 persuasum
1017 2524 1215 2590 fuisse
1261 2532 1335 2589 ut
1378 2532 1693 2604 maneret,
1737 2544 1811 2589 ac
1854 2523 2155 2608 precibus
2199 2525 2530 2608 obtempe-

589 2632 786 2676 rasse.
856 2608 1125 2694 Optime
1169 2618 1391 2674 autem
1434 2611 1740 2677 convenit
1783 2630 2004 2676 senem
2028 2610 2334 2689 Bethuel,
2379 2611 2533 2693 quia

588 2696 895 2762 ferendae
953 2695 1190 2781 longae
1244 2716 1398 2779 pere
1446 2695 1751 2761 rinationi
1817 2704 1883 2760 et
1946 2696 2253 2762 molestae
2321 2697 2535 2780 impar

590 2791 752 2860 erat,
778 2781 1038 2847 domum
1076 2781 1301 2847 statim
1325 2803 1395 2847 re
1442 2781 1612 2860 iisse,
1651 2782 1876 2847 relicte
1913 2781 2084 2866 apud
2109 2783 2340 2848 Mosen
2377 2783 2531 2861 filie,

591 2870 701 2953 qui
745 2867 1113 2952 speculator
1153 2867 1325 2933 foret
1367 2889 1441 2934 ac
1487 2866 1621 2932 dux
1665 2868 1935 2934 itineris.

764 2956 865 3020 18.
913 2953 1003 3019 Et
1042 2975 1236 3036 quum
1267 2955 1578 3019 venissent
1610 2955 1694 3020 ad
1721 2953 1995 3020 Bethuez.
2064 2953 2213 3019 Non
2251 2953 2535 3019 arbitror

590 3041 749 3109 vitio
806 3060 947 3107 esse
1010 3037 1400 3107 vertendum
1471 3039 1731 3106 filiabus
1796 3039 2077 3106 Bethuel
2134 3040 2304 3125 quod
2361 3040 2534 3106 Mosi

588 3149 724 3193 non
789 3126 1147 3193 obtulerint
1213 3126 1605 3209 hospitium:
1686 3128 1839 3209 quia
1903 3136 1970 3191 et
2034 3126 2287 3209 puellas
2352 3125 2539 3193 decet

589 3213 924 3290 modestia,
961 3220 1025 3278 et
1060 3222 1246 3295 patre
1281 3214 1484 3278 inscio
1529 3213 1940 3277 introducere
1984 3212 2316 3277 hominem
2360 3220 2539 3278 exte-

591 3321 741 3365 rum
787 3307 854 3363 et
885 3298 1306 3382 incognitum,
1355 3298 1594 3363 nimiae
1631 3299 1934 3364 audaciae
1969 3298 2215 3365 fuisset.
2292 3298 2535 3364 Verum

593 3386 778 3451 Deus
841 3384 1120 3467 inspirat
1185 3383 1392 3467 patris
1447 3384 1665 3448 animo
1724 3383 2150 3468 gratitudinis
2207 3384 2536 3465 affectum,

593 3481 670 3536 ut
714 3471 933 3536 iubeat
976 3470 1161 3534 illum
1197 3470 1455 3535 accersi.
1523 3471 1627 3535 Ita
1653 3470 1874 3536 Moses
1913 3491 1951 3535 a
1992 3482 2186 3553 putee
2222 3468 2537 3537 abductus

595 3555 860 3622 domum
906 3557 1150 3639 reperit
1192 3556 1260 3620 in
1306 3577 1435 3639 qua
1480 3565 1544 3620 et
1587 3555 1927 3621 commode
1978 3556 2245 3634 habitet,
2291 3577 2537 3639 suoque

593 3642 815 3710 labore
862 3643 1059 3721 vivat,
1105 3652 1170 3706 et
1214 3642 1354 3706 iure
1392 3640 1732 3707 affinitatis
1775 3641 2153 3706 humaniter
2197 3650 2533 3707 tractetur.

593 3728 683 3793 Et
726 3735 901 3794 certe
943 3726 1197 3793 medela
1252 3727 1471 3809 aliqua
1513 3748 1678 3810 opus
1721 3728 1869 3806 fuit,
1930 3748 2097 3810 quae
2140 3727 2535 3811 multiplices

593 3833 783 3879 curas
828 3821 892 3878 et
937 3812 1189 3879 dolores
1234 3812 1499 3878 leniret:
1546 3813 1804 3896 quando
1848 3813 2015 3878 dura
2058 3822 2200 3878 erat
2243 3816 2537 3896 tentatie,

593 3910 661 3965 et
724 3921 890 3983 quae
957 3921 1084 3964 nen
1148 3898 1339 3963 modo
1405 3895 1581 3963 diros
1646 3899 1971 3966 cruciatus
2048 3909 2339 3983 pareret,
2420 3899 2537 3965 sed

593 3984 1051 4070 desperatione
1094 3986 1343 4051 centies
1387 3985 1691 4051 obrueret
1735 3994 2033 4050 sanctum
2094 3986 2346 4062 virum,
2407 3987 2536 4052 nisi

593 4071 858 4137 aliunde
893 4072 1126 4137 fuisset
1158 4070 1491 4151 suffultus,
1528 4071 1833 4136 exsilium
1870 4069 2306 4154 quadraginta
2336 4093 2538 4137 anne-

593 4178 744 4223 rum
809 4157 1116 4241 perferre.
1230 4155 1570 4236 Quantum
1637 4156 1705 4221 in
1772 4164 1905 4220 tam
1979 4157 2289 4222 diuturna
2354 4179 2541 4223 mora

593 4252 767 4308 esset
810 4243 1027 4322 taedii,
1073 4242 1281 4308 cuivis
1316 4255 1615 4307 nostrum
1662 4265 1744 4308 ex
1789 4243 2054 4325 proprio
2098 4263 2294 4309 sensu
2340 4243 2541 4308 conii·

594 4347 741 4394 cere
789 4338 1159 4410 promptum
1192 4340 1317 4394 est:
1366 4331 1751 4411 praesertim
1790 4350 1989 4410 quum
2028 4329 2281 4393 videret
2313 4331 2541 4394 florem

594 4415 826 4479 aetatis
861 4412 1230 4492 defluxisse,
1277 4424 1342 4479 et
1377 4416 1506 4478 iam
1551 4413 1889 4478 concidere
1935 4414 2151 4493 robur,
2196 4424 2269 4478 ιιι
2314 4436 2540 4499 parum

597 4498 868 4565 idoneus
913 4499 981 4563 in
1025 4509 1361 4582 posterum
1409 4509 1581 4564 esset
1624 4499 1692 4565 in
1740 4500 1936 4564 rebus
1980 4500 2305 4583 gerendis.
2397 4501 2540 4568 Dif-

597 4585 765 4652 ficile
810 4587 1012 4669 igitur
1058 4595 1216 4663 erat,
1263 4587 1587 4651 intentum
1624 4606 1765 4651 esse
1802 4584 1884 4650 ad
1920 4606 2065 4650 eam
2112 4587 2541 4664 vocationem,

599 4692 763 4755 quae
832 4669 1038 4736 videri
1105 4681 1361 4755 poterat
1424 4671 1857 4755 quadraginta
1936 4693 2257 4736 annorum
2335 4673 2543 4755 spatie

600 4757 908 4841 abrogata
964 4756 1071 4822 vel
1131 4756 1434 4822 obsoleta.
1526 4758 1919 4840 Mitigantur
1960 4758 2176 4841 aliqua
2220 4780 2301 4823 ex
2360 4768 2544 4842 parte

601 4853 734 4908 tam
781 4864 1019 4926 graves
1067 4843 1400 4909 molestiae
1443 4854 1510 4908 et
1554 4845 1951 4921 anxietates,
2008 4867 2136 4909 non
2181 4845 2276 4910 sic
2322 4855 2544 4908 tamen

599 4928 763 5013 quin
798 4937 1139 4994 recurrant
1173 4927 1450 4994 subinde
1488 4930 1736 4995 multae
1770 4930 2195 5014 cogitationes
2229 4932 2298 4993 in
2335 4928 2547 4995 diver-

604 5036 747 5081 sam
807 5023 1079 5098 partem.
1171 5014 1322 5095 Quo
1378 5014 1736 5080 mirabilior
1785 5025 1884 5080 est
1929 5016 2055 5082 Dei
2101 5017 2331 5100 gratia,
2379 5037 2546 5098 quae

602 5101 780 5166 inter
826 5109 921 5165 tot
964 5102 1480 5182 perturbationes
1523 5101 1815 5183 quietum
1860 5111 1926 5166 et
1968 5100 2294 5185 placidum
2340 5101 2542 5166 conti·

604 5187 784 5265 nuit,
854 5194 930 5250 ut
995 5200 1255 5269 tempus
1334 5188 1739 5270 incognitum
1819 5196 2203 5271 expectans,
2285 5188 2398 5252 vili
2479 5196 2545 5251 et

604 5271 855 5339 abiecta
898 5280 1074 5338 sorte
1120 5281 1469 5338 contentus
1512 5274 1715 5337 feret:
1761 5283 1827 5337 et
1887 5272 2173 5355 quotidie
2227 5273 2307 5338 ad
2354 5294 2541 5339 exse·

606 5356 936 5442 quendum
1001 5357 1431 5441 redemptoris
1496 5379 1767 5437 munus,
1836 5359 2014 5443 quasi
2083 5360 2152 5423 in
2206 5359 2544 5442 procinctu

2622 644 2845 704 staret.
2958 635 3060 701 De
3126 633 3325 700 verbo
3393 617 3499 702 ὅθ’
3571 656 3700 699 nen
3779 635 4088 701 convenit
4153 635 4334 701 inter
4399 635 4564 718 ipsos

2621 742 2875 806 quoque
2937 721 3311 787 Hebraeos:
3384 720 3537 804 quia
3614 720 3806 786 multi
3885 740 4278 786 consensum
4360 724 4566 789 notari

2622 816 2858 892 putant
2901 806 3241 885 duntaxat,
3286 804 3400 871 alii
3444 806 3772 890 accipiunt
3814 828 3931 889 pro
3966 807 4201 872 iurare.
4273 807 4366 871 Et
4408 808 4565 874 forte

2623 894 2833 959 noluit
2875 892 3116 975 hospiti
3174 893 3508 976 incognito
3565 893 3767 957 filiam
3812 913 4001 957 suam
4048 891 4204 958 dare
4265 893 4562 975 Bethuel,

2624 980 2754 1046 nisi
2798 1000 2868 1044 se
2911 978 3191 1045 iurando
3234 979 3669 1063 obstringeret
3711 977 3846 1044 illic
3890 978 4372 1043 habitaturum:
4419 981 4563 1062 quia

2623 1064 2987 1131 timendum
3047 1065 3285 1148 alioqui
3344 1072 3489 1130 erat
3527 1086 3610 1130 ne
3656 1064 3876 1130 Moses
3936 1064 4063 1129 alio
4106 1085 4261 1129 mox
4305 1086 4568 1131 uxorem

2625 1150 2993 1217 abduceret.
3081 1149 3190 1215 Ita
3244 1150 3531 1235 coniugii
3589 1151 3824 1234 pignus
3883 1149 4012 1215 fuit
4066 1149 4379 1216 manendi
4426 1172 4568 1235 pro-

2626 1238 2864 1303 missio.
2966 1236 3160 1304 Unde
3215 1238 3608 1320 perspicitur
3661 1236 3905 1302 saeculi
3963 1235 4142 1302 illius
4212 1237 4568 1321 integritas,

2626 1323 2800 1407 quod
2845 1330 3028 1387 tanta
3070 1322 3356 1405 viguerit
3398 1320 3826 1387 iurisiurandi
3885 1321 4118 1406 religio
4163 1322 4245 1387 ob
4293 1323 4569 1389 nominis

2628 1409 2756 1475 Dei
2801 1409 3270 1488 reverentiam,
3332 1417 3408 1474 ut
3451 1409 3576 1475 hoc
3619 1407 3884 1474 vinculo
3928 1409 4243 1491 utrinque
4290 1411 4570 1474 cont-enti

2629 1495 2898 1561 fuerint.

2802 1581 2904 1646 22.
2967 1579 3218 1646 Vocavit
3271 1598 3492 1644 nomen
3549 1577 3686 1642 eius
3735 1577 3993 1644 Ger-son.
4087 1578 4284 1661 Quod
4346 1589 4571 1663 putant

2630 1667 3138 1750 gratulatorium
3175 1686 3316 1731 esse
3351 1685 3592 1729 nomen
3629 1663 3710 1728 ad
3747 1662 4092 1730 levandam
4131 1666 4351 1731 exsilii
4381 1667 4571 1731 mole·

2631 1753 2847 1832 stiam,
2884 1751 3050 1817 mihi
3085 1772 3219 1816 non
3257 1751 3598 1835 probatur:
3647 1749 3800 1833 quia
3835 1751 4051 1833 petius
4088 1753 4301 1816 sentio
4326 1753 4580 1841 Mosen,

2631 1854 2704 1904 ut
2738 1848 2870 1903 t-am
2897 1860 2967 1903 se
2989 1839 3204 1921 ipsum
3238 1858 3432 1920 quam
3475 1856 3773 1901 socerum
3810 1844 3877 1901 et
3912 1858 4183 1902 uxorem
4216 1859 4573 1904 commene-

2631 1924 2904 2003 faceret‚
2964 1923 3118 1989 alibi
3174 1943 3244 1989 se
3301 1922 3586 2006 patriam
3646 1942 3989 2005 quaerere,
4050 1923 4184 1990 illic
4240 1945 4401 1989 vero
4444 1945 4572 1989 esse

2632 2011 3062 2094 inquilinum,
3130 2030 3371 2074 nomen
3436 2008 3821 2090 imposuisse
3899 2008 4054 2074 filie.
4168 2010 4311 2075 Nec
4372 2009 4574 2075 obstat

2632 2097 2975 2181 promissio
3044 2093 3382 2160 habitandi
3448 2115 3595 2161 cum
3663 2115 3915 2175 socero,
3980 2115 4108 2177 qua
4173 2118 4246 2161 se
4301 2118 4436 2160 non
4487 2097 4573 2160 ita

2633 2183 2946 2267 obligavit
2981 2191 3056 2248 ιιι
3096 2182 3321 2263 iugum
3359 2187 3698 2245 excuteret
3743 2179 4006 2246 divinae
4050 2182 4437 2260 vocationis,
4477 2181 4572 2246 vel

2636 2269 3075 2352 abrumperet.
3166 2267 3454 2332 Tantum
3511 2264 3803 2331 adhibita
3861 2267 3985 2331 fuit
4028 2268 4251 2333 cautio
4298 2269 4367 2333 in
4414 2268 4571 2333 hunc

2636 2356 2835 2420 finem
2903 2375 2984 2420 ne
3037 2352 3256 2419 Moses
3319 2354 3615 2430 domum,
3675 2352 3788 2417 ubi
3846 2352 4064 2418 fuerat
4122 2364 4261 2419 tam
4320 2355 4575 2419 comiter

2637 2449 2969 2522 exceptus,
3013 2439 3286 2505 levitate
3332 2437 3675 2503 desereret.
3764 2436 3909 2502 Iam
3954 2438 4270 2505 credibile
4316 2462 4443 2504 non
4488 2447 4574 2503 est

2636 2547 2787 2592 eum
2824 2525 2902 2591 de
2937 2546 3134 2591 causa
3168 2523 3384 2589 exsilii
3419 2524 3517 2590 sui
3544 2524 3856 2589 tacuisse:
3895 2525 4137 2608 partim
4175 2535 4255 2590 ut
4289 2524 4574 2590 maleficii

2638 2612 3073 2696 suspicionem
3111 2618 3453 2689 averteret,
3495 2630 3572 2674 ac
3605 2609 4053 2675 testimonium
4089 2611 4401 2676 redderet
4434 2631 4575 2675 suae

2637 2698 3083 2776 innocentiae,
3162 2697 3406 2779 partim
3492 2703 3570 2759 ut
3654 2716 3887 2781 praeco
3972 2706 4142 2763 esset
4234 2696 4570 2782 singularis

2639 2785 2919 2867 gratiae,
2980 2804 3112 2865 qua
3166 2784 3351 2847 Deus
3405 2780 3718 2865 populum
3778 2782 3985 2847 Israel
4053 2782 4366 2867 dignatus
4429 2790 4568 2847 erat.

2640 2871 2817 2954 Ergo
2882 2890 3058 2935 nunc
3113 2868 3180 2933 in
3242 2868 3507 2933 nomine
3577 2867 3694 2933 filii
3764 2867 4097 2934 assiduum
4160 2868 4269 2955 (ut
4327 2866 4568 3016 vocant}

2639 2955 3016 3021 memoriale
3061 2954 3184 3020 sibi
3228 2972 3567 3020 occurrere
3611 2953 3839 3028 veluit,
3886 2974 4013 3036 quo
4058 2957 4457 3022 excitaretur
4496 2974 4529 3017 a

2638 3062 2821 3125 spem
2867 3040 3334 3124 redemptionis
3378 3039 3750 3125 promissae.
3818 3040 4089 3106 Terram
4128 3041 4307 3107 enim
4342 3041 4410 3106 in
4455 3059 4568 3123 qua

2640 3127 2900 3194 videtur
2945 3127 3364 3211 tranquillam
3427 3128 3776 3193 stationem
3821 3136 3889 3191 et
3932 3126 4298 3193 iucundum
4353 3127 4565 3192 nidum

2640 3214 2988 3298 reperisse,
3054 3213 3469 3297 peregrinam
3537 3211 3659 3278 sibi
3726 3233 3867 3277 esse
3932 3215 4345 3296 pronunciat.
4445 3211 4566 3277 Nec

2640 3321 2797 3366 vero
2863 3311 3196 3382 comparat
3261 3297 3525 3364 Madian
3602 3299 3937 3382 Aegypte,
4015 3300 4168 3383 quia
4248 3300 4567 3380 utriusque

2639 3395 2853 3451 terrae
2878 3385 3147 3470 perinde
3182 3401 3326 3450 erat
3358 3383 3749 3467 inquilinus:
3787 3382 3899 3449 sed
3923 3385 4295 3469 ubicunque
4320 3384 4566 3459 habitet,

2639 3479 3029 3537 extraneum
3073 3493 3144 3537 se
3186 3491 3328 3536 esse
3373 3469 3674 3547 declarat,
3720 3468 3924 3534 donec
3959 3471 4239 3555 adeptus
4273 3473 4358 3537 sit
4391 3485 4564 3554 quam

2639 3556 2824 3624 Deus
2880 3557 3272 3642 promiserat
3314 3555 3804 3621 haereditatem.
3893 3556 3985 3620 Et
4027 3578 4183 3622 sane
4232 3555 4564 3624 absurdum

2639 3643 2899 3724 fuisset,
2962 3652 3262 3725 respectu
3309 3643 3624 3725 Aegypti,
3684 3650 3924 3707 terram
3989 3663 4223 3708 vocare
4284 3644 4562 3715 alienam,

2639 3729 2755 3795 ubi
2800 3728 3032 3795 stabile
3078 3737 3222 3792 erat
3287 3727 3719 3793 domicilium:
3781 3729 4165 3810 praesertim
4211 3751 4410 3813 quum
4453 3723 4566 3792 fide

2642 3814 2992 3897 impulsus,
3051 3822 3219 3880 teste
3278 3813 3568 3896 apostolo
3626 3811 3821 3899 (Heb.
3885 3814 3985 3892 11,
4044 3815 4154 3903 27)
4215 3814 4569 3899 reliquisset

2641 3909 2888 3967 terram
2932 3900 3133 3966 illam.
3202 3899 3503 3981 Denique
3535 3898 3831 3965 videmus
3874 3901 4191 3967 fovendae
4265 3899 4565 3981 simulque

2641 3986 2986 4052 testandae
3031 4005 3187 4051 suae
3221 3985 3375 4050 fidei
3422 3985 3756 4050 materiam
3810 3987 4244 4068 quaesivisse,
4288 3987 4396 4053 ubi
4430 4002 4563 4070 pro·

2641 4071 2849 4139 fessus
2898 4080 3001 4138 est
3046 4092 3118 4136 se
3162 4071 3570 4155 peregrinari
3611 4071 3681 4138 in
3730 4071 3946 4137 aliena
3992 4073 4278 4157 regione.

2813 4244 2918 4310 23.
2981 4242 3228 4309 Accidit
3285 4247 3493 4308 autem
3543 4242 3760 4308 diebus
3813 4242 3948 4309 illis
4002 4244 4251 4322 multi-5,
4309 4245 4567 4314 mortuus

2642 4334 2732 4394 est
2772 4351 2888 4395 rex
2931 4330 3238 4413 Aeyypti:
3288 4332 3344 4392 et
3384 4328 3862 4410 suspiraverunt
3907 4328 4034 4409 filii
4078 4330 4289 4396 Israel
4331 4329 4565 4411 propter

2641 4435 2816 4497 opus,
2862 4421 2918 4481 et
2959 4415 3279 4497 vociferati
3319 4419 3493 4479 sunt:
3534 4415 3946 4496 ascenditque,
3989 4417 4223 4481 clamor
4257 4432 4459 4481 eorum
4490 4407 4565 4474 ad

2643 4501 2856 4567 Deum
2886 4505 3145 4583 propter
3184 4520 3359 4583 opus.
3395 4499 3442 4587 ¹)
3513 4501 3614 4564 24.
3662 4499 3750 4564 Et
3793 4501 4038 4565 audivit
4059 4502 4241 4568 Deus
4260 4502 4564 4568 clamo-rem

2644 4606 2870 4666 eorum,
2907 4588 3379 4668 recordatusque
3411 4591 3502 4651 est
3522 4585 3703 4651 Deus
3727 4588 3904 4667 pacti
3936 4588 4041 4652 sui
4076 4608 4215 4653 cum
4238 4583 4560 4655 Abraham,

2646 4672 2854 4752 Isaac,
2898 4678 2956 4738 et
3000 4672 3200 4737 Iacob.
3291 4672 3393 4738 25.
3458 4671 3746 4754 Victaque
3787 4672 3969 4739 Deus
4020 4673 4190 4755 filios
4236 4670 4462 4748 Israel,
4514 4665 4564 4728 d

2644 4759 2917 4842 coynovit
2959 4779 3076 4824 ece.

2818 4929 2920 4993 23.
2971 4929 3221 4995 Accidit
3274 4930 3492 4995 diebus
3533 4928 4305 4997 illis.Demonst1-ati=vo
4349 4942 4557 5011 prono-

2646 5015 2823 5079 mine
2869 5015 3080 5080 utitur
3108 5015 3189 5079 ad
3234 5014 3557 5081 notandos
3601 5013 4039 5099 quadraginta
4080 5038 4302 5094 annes,
4347 5010 4556 5096 quibus

2647 5121 3039 5183 suspensum
3103 5102 3316 5165 tenuit
3373 5102 3551 5166 Deus
3609 5120 3875 5165 servum
3933 5123 4121 5167 suum
4184 5123 4256 5167 ao
4308 5100 4361 5165 si
4421 5109 4556 5158 eum

2647 5184 3027 5251 abdicasset.
3144 5186 3461 5252 Addendo
3540 5185 3815 5266 multos,
3895 5190 4324 5272 propinquum
4395 5179 4557 5245 illius

2786 5373 2844 5444 1)
2884 5372 2956 5429 In
2991 5375 3265 5443 momine:
3300 5374 3424 5438 Vel,
3459 5393 3493 5428 a
3528 5377 3792 5431 servitute
