4867 6150
320 492 400 556 17
1539 490 2279 562 COMMENTARIUS
2321 493 2425 561 IN
2468 493 2771 562 EXODI
2812 495 3011 563 OAP.
3058 495 3112 561 I.
4257 499 4346 565 18

318 686 341 749 i
391 703 465 748 so
513 702 772 766 pugnae
815 681 1103 761 fervore,
1165 690 1231 747 et
1275 683 1428 764 quia
1472 680 1671 747 nimis
1715 680 2016 764 pertinax
2060 681 2277 746 fuerat

367 768 633 847 efensio,
681 778 747 833 et
790 767 1035 833 multos
1080 789 1162 832 ex
1208 770 1343 833 suis
1389 770 1776 841 amiserant,
1838 786 2113 849 quorum
2161 788 2276 834 vo-

319 854 554 920 lebant
592 866 869 919 mortem
909 854 1156 919 ulcisci.
1224 853 1520 939 Contigit
1564 863 1637 918 ut
1680 862 1952 935 patruus
1997 873 2276 936 quoque,

320 940 429 1005 vel
475 940 710 1018 frater,
772 940 877 1005 vel
921 949 1130 1020 tutor,
1174 941 1379 1025 impia
1422 938 1744 1024 regnandi
1789 937 2149 1021 cupiditate
2192 940 2277 1005 ad

323 1047 678 1111 puerorum
736 1025 964 1091 caedes
1022 1026 1539 1109 impellerentur.
1629 1024 1928 1108 Contigit
1994 1023 2278 1109 denique

328 1115 394 1178 in
438 1112 666 1179 odium
712 1113 1016 1197 tyranni,
1064 1121 1138 1177 ut
1183 1113 1265 1176 ad
1310 1111 1656 1177 delendam
1702 1111 1984 1175 familiae
2029 1132 2276 1176 memo·

325 1201 496 1264 riam
540 1206 679 1263 tota
722 1198 971 1263 soboles
1013 1199 1407 1281 interempta
1454 1197 1679 1263 fuerit:
1727 1206 1793 1261 et
1836 1218 1912 1261 eo
1963 1198 2275 1263 saevitiae

324 1282 596 1368 quidam
652 1283 982 1368 progressi
1042 1293 1201 1349 sunt
1256 1295 1487 1349 eontra
1554 1284 1772 1348 hostes
1836 1303 1986 1347 suos
2052 1294 2129 1348 ut
2193 1304 2276 1346 ex

323 1370 638 1437 uberibus
697 1380 984 1435 matrum
1045 1382 1305 1436 teneros
1371 1370 1586 1435 foetus
1655 1367 2037 1433 avellerent.
2146 1367 2277 1435 Sed

329 1477 671 1540 nunquam
716 1455 798 1520 ab
842 1456 1032 1521 hoste
1092 1456 1516 1539 quantumvis
1559 1454 1952 1537 implacabili
1995 1455 2090 1519 ita
2134 1474 2276 1519 sae·

329 1544 537 1608 vitum
584 1543 709 1606 fuit
753 1551 983 1608 contra
1027 1553 1231 1607 totam
1278 1563 1473 1608 unam
1519 1550 1801 1625 gentem,
1849 1551 1921 1604 ut
1956 1543 2025 1605 in
2060 1538 2279 1604 media

328 1650 488 1713 pace
522 1630 734 1694 foetus
756 1648 983 1693 omnes
1017 1628 1339 1694 masculos
1375 1626 1705 1707 exstingui
1740 1625 2024 1691 iusserit.
2091 1625 2279 1691 Haec

325 1724 506 1781 certe
560 1712 690 1780 fuit
746 1714 1024 1779 tentatio
1082 1734 1246 1797 quae
1300 1733 1592 1779 summae
1649 1713 2054 1777 constantiae
2101 1711 2275 1777 viros

325 1801 623 1885 graviter
666 1809 1009 1865 concutere
1053 1810 1301 1883 posset,
1363 1798 1605 1864 nedum
1665 1797 2053 1863 labefactare
2097 1796 2276 1863 debi-

325 1888 457 1953 lem
526 1887 874 1969 populum,
941 1908 1135 1969 quem
1198 1885 1332 1951 iam
1397 1885 1618 1951 vivere
1685 1881 2001 1949 taedebat.
2100 1883 2273 1949 Nam

325 1976 544 2057 primo
587 1972 832 2037 intuitu
875 1983 1139 2054 putaret
1183 1973 1456 2054 quisque
1498 1970 1631 2035 illis
1689 1968 1892 2035 fuisse
1937 1969 2166 2034 utilius
2211 1978 2277 2034 et

327 2059 543 2142 magis
608 2057 924 2141 optabile,
992 2057 1328 2123 subsidere
1395 2057 1459 2120 in
1527 2054 1839 2122 mediocri
1906 2057 2005 2119 vel
2075 2056 2277 2121 etiam

326 2143 567 2211 humili
625 2151 833 2221 statu,
893 2165 1088 2227 quam
1135 2142 1261 2209 Dei
1321 2140 1774 2207 benedictione
1821 2143 2160 2224 provocari
2207 2141 2278 2205 in

327 2252 440 2296 eos
483 2238 733 2295 tantam
781 2229 1072 2295 hostium
1118 2228 1386 2293 rabiem.
1470 2231 1567 2293 Ae
1612 2227 1942 2310 probabile
1988 2235 2108 2307 est,
2151 2248 2279 2310 qua

331 2323 525 2381 erant
580 2316 782 2382 animi
844 2315 1152 2395 mollitie,
1210 2315 1414 2379 fuisse
1472 2335 1601 2379 non
1668 2321 1929 2378 tantum
1986 2313 2280 2398 graviter

330 2402 679 2487 perculsos,
718 2400 832 2467 sed
867 2422 1070 2487 prope
1105 2400 1605 2484 obstupefactos.
1675 2399 1820 2465 Hoc
1855 2401 2034 2464 enim
2068 2398 2277 2465 solum

334 2486 657 2567 restabat,
717 2500 791 2552 ut
843 2485 1273 2552 morientibus
1328 2487 1489 2551 viris
1549 2484 1789 2568 absque
1848 2506 1962 2568 spe
2019 2485 2277 2563 sobolis,

330 2573 529 2657 paulo
586 2585 731 2656 post
792 2573 1228 2639 intercideret·
1273 2589 1512 2637 nomen
1571 2580 1639 2635 et
1698 2591 1908 2654 genus
1953 2570 2280 2651 Abrahae,

330 2667 529 2742 atque
573 2660 667 2725 ita
711 2681 937 2725 omnes
982 2658 1110 2723 Dei
1159 2658 1627 2742 promissiones
1673 2657 1741 2720 in
1788 2656 2067 2722 nihilum
2113 2658 2281 2723 reci·

329 2745 583 2810 dorent.
692 2745 910 2810 Hodie
975 2748 1128 2828 quia
1207 2744 1398 2810 nobis
1459 2742 1704 2807 similes
1782 2744 1916 2807 fere
1994 2742 2280 2809 insultus

328 2830 702 2898 sustinendi
746 2840 930 2912 sunt,
975 2831 1130 2896 dnm
1175 2831 1480 2896 obiicitur
1526 2830 1710 2896 nobis
1761 2826 2161 2912 desperatiO,
2204 2849 2279 2895 88

329 2918 387 2983 81
442 2917 707 3001 penitus
773 2917 1092 2982 abolenda
1146 2938 1303 2981 mox
1361 2922 1531 2981 esset
1589 2915 1890 2993 ecclesia,
1950 2934 2280 2998 opponere

328 3005 544 3069 instar
601 3005 770 3069 firmi
830 3002 1046 3089 clypei
1102 3002 1223 3068 hoc
1280 3002 1653 3087 exemplum
1724 2999 2075 3067 discamus:
2144 3022 2278 3065 non

329 3111 474 3156 8888
518 3111 763 3156 novum
809 3092 864 3154 si
909 3090 1313 3174 propinquus
1355 3090 1659 3154 interitus
1698 3086 1884 3156 nobis
1919 3088 2277 3168 immineat,

329 3176 539 3241 donec
598 3188 862 3260 repente
922 3185 989 3241 et
1046 3197 1127 3240 ex
1186 3176 1521 3257 inopinato
1588 3181 1899 3257 appareat
1953 3174 2022 3238 in
2083 3174 2279 3240 rebus

328 3264 648 3328 extremis
682 3263 958 3328 coeleste
994 3262 1336 3327 auxilium.
1400 3259 1723 3343 Iosephus
1757 3259 1921 3324 falso
1944 3259 2280 3325 existimat

327 3349 713 3414 obstetrices
756 3348 958 3414 fuisse
1004 3347 1404 3432 Aegyptias,
1462 3366 1626 3430 quae
1677 3344 1759 3409 ad
1804 3345 2273 3429 explorandum

327 3434 572 3499 missae
606 3435 881 3499 fuerint:
919 3455 1122 3517 quum
1159 3433 1398 3498 diserte
1435 3439 1660 3498 narret
1681 3432 1919 3512 Moses,
1942 3432 2279 3497 ministras

328 3519 662 3586 Hebraeis
695 3519 1084 3586 mulieribus
1127 3528 1196 3583 et
1239 3518 1592 3585 adjutrices
1636 3518 1835 3583 fuisse
1894 3516 1972 3581 ad
2020 3518 2281 3600 parien-

331 3606 511 3672 dum.
620 3606 711 3671 Et
775 3627 860 3672 ex
924 3614 1060 3672 toto
1126 3614 1433 3671 contextu
1511 3604 1707 3688 plane
1784 3602 2105 3668 refellitur
2167 3603 2281 3668 illa

332 3691 668 3773 divinatio,
695 3694 1076 3775 praesertim
1104 3694 1254 3774 quia
1277 3697 1567 3756 retentae
1590 3690 1857 3755 fuerunt
1878 3689 2007 3754 Dei
2030 3688 2279 3771 timore,

331 3798 418 3842 ne
461 3777 720 3843 libidini
765 3780 1036 3863 tyranni
1071 3799 1319 3842 morem
1365 3783 1685 3862 gererent.
1753 3774 1948 3842 Unde
1984 3776 2282 3859 sequitur

330 3864 578 3946 pietate
643 3864 859 3948 aliqua
924 3864 1122 3931 fuisse
1188 3871 1340 3930 ante
1403 3862 1708 3928 imbutas.
1818 3859 2071 3926 Verum
2151 3861 2280 3927 alia

328 3950 626 4032 quaestio
671 3951 982 4028 exoritur,
1030 3971 1230 4033 quum
1277 3951 1361 4015 sit
1396 3947 1754 4015 verisimile
1788 3948 1861 4012 in
1896 3955 2082 4013 tanta
2115 3948 2280 4013 mul·

330 4034 616 4099 titudine
659 4035 902 4102 multas
944 4037 1151 4101 fuisse
1193 4035 1600 4111 obstetrices,
1645 4055 1766 4100 cur
1809 4031 1975 4098 duae
2019 4041 2278 4099 tantum

329 4122 776 4187 nominentur.
865 4121 1133 4205 Duplex
1174 4121 1395 4185 afferri
1440 4129 1653 4202 potest
1695 4119 1898 4197 ratio,
1955 4117 2059 4183 vel
2105 4119 2278 4202 quod

324 4206 495 4272 duas
517 4228 871 4291 aggressus
895 4206 981 4273 sit
1016 4215 1359 4293 tyrannus,
1401 4226 1563 4289 quae
1597 4206 1856 4290 longius
1895 4215 2281 4289 spargerent

318 4293 587 4375 imperii
633 4300 982 4358 terrorem:
1029 4294 1131 4358 vel
1167 4291 1338 4376 quod
1373 4291 1778 4357 clandestina
1812 4289 2044 4355 fraude
2085 4313 2278 4375 agere

319 4379 702 4460 instituens,
748 4378 1024 4444 duorum
1070 4379 1322 4443 animos
1358 4378 1735 4453 tentaverit,
1782 4397 2055 4460 quarum
2093 4379 2277 4443 obse-

319 4462 485 4547 quio
541 4464 600 4529 si
656 4465 899 4548 potitus
953 4476 1154 4545 esset,
1216 4462 1379 4529 alias
1438 4460 1746 4546 sperabat
1803 4461 2031 4527 eodem
2089 4463 2277 4528 facile

324 4559 736 4635 pertractum
783 4550 883 4616 iri.
957 4549 1328 4632 Quominus
1374 4550 1547 4614 enim
1594 4549 1808 4632 palam
1855 4556 1924 4613 et
1967 4549 2277 4615 omnibus

318 4636 701 4721 promiscue
743 4633 1086 4702 mandaret
1129 4636 1380 4701 obstitit
1422 4635 1649 4719 pudor.

507 4722 607 4786 17.
688 4722 1054 4788 Timemnt
1109 4721 1336 4790 Deum,
1441 4721 1590 4786 Non
1655 4720 1968 4806 intelligit
2034 4720 2274 4799 Moses,

323 4820 493 4874 tunc
535 4808 820 4891 primum
868 4810 1071 4875 fnisse
1112 4806 1245 4872 Dei
1290 4808 1523 4872 timore
1562 4815 1801 4888 tactas,
1852 4805 1966 4872 sed
2010 4826 2274 4871 causam

321 4894 627 4977 assignat
684 4916 801 4959 cur
853 4916 981 4959 non
1041 4895 1381 4977 paruerint
1435 4893 1680 4958 iniusto
1738 4892 2079 4968 mandato,
2124 4895 2277 4975 quia

322 4980 582 5047 scilieet
648 4981 854 5063 pluris
919 4979 1093 5064 apud
1147 4980 1296 5044 illas
1360 4980 1490 5045 fuit
1543 4979 1652 5044 vel
1715 4979 2086 5063 praevaluit
2146 4980 2276 5045 Dei

326 5068 729 5132 reverentia.
834 5066 924 5130 Et
978 5074 1186 5142 certe,
1252 5072 1327 5130 ut
1383 5064 1506 5132 hoc
1564 5065 1788 5130 fraeno
1855 5065 2100 5149 optime
2171 5086 2275 5130 re-

326 5161 584 5237 guntur
649 5172 875 5217 omnes
939 5153 1145 5217 nostri
1225 5151 1529 5231 affectus,
1597 5152 1691 5214 ita
1753 5159 1821 5216 et
1896 5151 2276 5235 aptissimus

324 5245 435 5304 est
490 5237 572 5303 ad
617 5237 1028 5321 repellendas
1093 5258 1319 5302 omnes
1385 5237 1781 5302 tentationes
1845 5237 2146 5321 clypeus,
2211 5245 2277 5302 et

324 5326 524 5389 firma
567 5324 931 5389 animorum
976 5323 1257 5405 fultura,
1315 5345 1400 5389 ne
1457 5324 1529 5388 in
1584 5324 1894 5406 periculis
1955 5322 2277 5390 vacillent.

328 5410 542 5475 Porro
587 5407 844 5477 facinus
878 5409 1000 5476 hoe
1036 5407 1518 5476 exhorruerunt
1553 5429 1684 5475 non
1720 5409 1930 5475 solum
1965 5417 2278 5493 tanquam

537 5510 760 5567 comm·
796 5529 985 5584 opem.
1063 5512 1179 5571 vot
1247 5511 1477 5570 xxm

2379 682 2644 750 crudele
2688 691 2753 748 et
2793 683 3258 749 inhumanum:
3308 683 3424 750 sed
3464 682 3617 768 quia
3650 683 3918 768 vigebat
3955 684 4024 749 in
4059 683 4329 755 illarum

2378 769 2685 836 cordibus
2727 769 3042 835 sincerior
3084 769 3314 856 religio
3359 778 3424 836 et
3458 770 3688 853 pietas.
3759 768 4073 835 Sciebant
4107 778 4329 837 autem

2379 853 2701 921 divinitus
2736 854 3015 920 electum
3055 865 3118 921 et
3154 878 3226 922 re
3261 857 3405 940 ipsa
3439 865 3748 939 expertae
3792 866 3983 921 erant
4024 855 4328 923 benedic-

2378 950 2517 1006 tum
2579 962 2724 1007 esse
2768 939 3075 1006 Abrahae
3120 962 3375 1008 semen:
3441 942 3615 1008 unde
3660 942 3904 1008 sentire
3946 951 4329 1027 promptum

2377 1036 2537 1107 erat,
2562 1026 2985 1111 exstinguere
3026 1028 3097 1092 in
3134 1029 3274 1110 ipso
3299 1028 3423 1094 Dei
3462 1029 3759 1113 gratiam,
3797 1028 4150 1113 sacrilegae
4185 1050 4330 1095 8888

2377 1113 2752 1197 impietatis.
2819 1112 2963 1178 Iam
3001 1113 3291 1178 notanda
3325 1123 3427 1180 est
3461 1113 3809 1180 antithesis
3830 1114 4003 1179 inter
4026 1114 4330 1180 timorem

2377 1197 2508 1263 Dei
2565 1207 2632 1263 et
2690 1217 2939 1282 poenae
2993 1197 3444 1279 formidinem,
3503 1220 3665 1283 qnae
3724 1200 3900 1283 ipsas
3966 1200 4047 1265 ab
4113 1200 4327 1266 officio

2377 1282 2713 1351 dimovere
2777 1292 3050 1367 poterat.
3164 1284 3446 1366 Quando
3512 1304 3646 1351 non
3717 1284 3906 1351 facile
3983 1286 4329 1369 patiuntur

2379 1371 2647 1454 tyranni
2704 1371 3034 1435 contemni
3095 1391 3217 1437 sua
3265 1371 3571 1454 imperia,
3626 1380 3838 1437 morte
3893 1380 4047 1436 ante
4105 1371 4330 1439 oculos

2377 1456 2658 1533 obiecta,
2726 1477 2924 1541 puras
2988 1466 3208 1522 tamen
3270 1476 3307 1519 a
3366 1456 3609 1524 scelere
3672 1479 3906 1524 manus
3970 1459 4329 1524 continent.

2376 1541 2483 1606 Ita
2542 1541 2669 1607 Dei
2729 1544 3100 1608 reverentia
3154 1550 3408 1609 erectae
3473 1551 3539 1608 et
3594 1542 3902 1608 suffultae
3960 1543 4332 1610 Pharaonis

2378 1626 2759 1693 mandatum
2828 1639 2894 1693 et
2960 1628 3174 1694 minas
3239 1628 3499 1694 fortiter
3577 1637 3985 1712 spreverunt.
4094 1628 4330 1714 Itaque

2378 1735 2539 1797 quos
2598 1736 2636 1778 a
2694 1721 2874 1781 recto
2933 1735 3131 1781 eursu
3189 1714 3428 1799 abripit
3493 1715 3837 1780 hominum
3904 1723 4142 1796 terror,
4209 1736 4329 1782 sua

2378 1798 2650 1864 mollitie
2717 1799 3004 1883 produnt
3065 1800 3579 1867 inexcusabilem
3644 1800 3772 1865 Dei
3852 1809 4323 1882 contemptum,

2377 1886 2814 1951 sacrosanctis
2859 1887 2999 1951 eins
3043 1886 3299 1970 placitis
3358 1887 3704 1952 hominum
3747 1886 4026 1970 gratiam
4072 1885 4329 1969 praefe-

2377 1971 2599 2037 rendo.
2691 1972 2927 2037 Latius
2984 1974 3181 2037 etiam
3240 1979 3422 2056 patet
3486 1972 3783 2038 doctrina
3846 1972 4095 2037 multos
4151 1971 4331 2056 plus-

2377 2078 2573 2141 quam
2599 2067 3017 2141 praepostere
3053 2080 3301 2141 sapere,
3328 2059 3482 2124 dum
3521 2057 3938 2124 subiectionis
3964 2065 4333 2141 praetextu,

2380 2154 2638 2227 praeter
2682 2144 2785 2209 ius
2830 2152 2896 2208 et
2939 2145 3038 2209 fas
3095 2143 3426 2226 improbae
3481 2166 3711 2228 regum
3771 2143 4023 2208 libidini
4080 2144 4336 2209 obtem-

2380 2236 2635 2313 perant,
2680 2228 2835 2295 dum
2882 2228 2995 2293 alii
3040 2231 3355 2297 avaritiae
3400 2240 3465 2295 et
3500 2229 3895 2313 rapacitatis,
3943 2229 4052 2295 alii
4099 2229 4332 2295 erude-

2380 2315 2587 2382 litatis
2633 2324 2790 2380 sunt
2831 2315 3148 2382 ministri:
3194 2317 3343 2393 imo,
3390 2323 3468 2382 ut
3503 2314 3763 2382 caducis
3804 2315 4032 2380 mundi
4069 2317 4335 2401 regibus

2382 2402 2867 2486 gratificentur,
2934 2399 3153 2466 Deum
3222 2422 3337 2485 pro
3405 2401 3609 2467 nihilo
3679 2399 3961 2481 ducunt,
4041 2400 4332 2485 adeoque

2383 2508 2620 2570 puram
2664 2487 3049 2572 religionem
3109 2485 3310 2573 (quod
3369 2496 3470 2552 est
3527 2487 3818 2552 omnium
3878 2486 4336 2574 deterrimum)

2381 2575 2556 2638 ferro
2591 2583 2655 2639 et
2690 2573 2958 2658 ignibus
2995 2595 3078 2638 ex
3115 2574 3403 2658 professo
3440 2582 3844 2657 oppugnant.
3920 2572 4071 2654 Quo
4124 2575 4336 2659 magis

2384 2658 2784 2726 detestabilis
2872 2667 2971 2724 est
3057 2680 3284 2724 eorum
3382 2658 3824 2744 impudentia,
3912 2659 4081 2741 quod
4176 2659 4335 2725 dum

2386 2743 2730 2811 Christum
2789 2745 3178 2829 crucifigunt
3234 2746 3511 2811 scientes
3571 2755 3636 2809 et
3703 2744 3996 2810 volentes
4062 2746 4130 2810 in
4197 2747 4334 2812 suis

2384 2830 2726 2909 membris,
2788 2830 3082 2914 putidam
3145 2839 3361 2896 tamen
3408 2830 3897 2897 excusationem
3944 2830 4332 2911 obtendunt,

2384 2938 2456 2982 se
2511 2939 2595 2982 ex
2649 2918 2773 2982 Dei
2828 2916 3033 2982 verbo
3094 2917 3497 3001 principibus
3555 2918 3692 2982 suis
3752 2915 4033 2982 obedire.
4125 2917 4336 2999 Quasi

2387 3023 2542 3068 vero
2564 3003 2892 3087 principes
2914 3001 3292 3085 ordinando,
3327 3003 3430 3069 ius
3466 3002 3600 3068 illis
3634 3024 3830 3067 snum
3860 3003 4336 3088 resignaverit:

2384 3110 2461 3155 ac
2524 3111 2659 3155 non
2725 3091 2943 3174 potius
3020 3090 3266 3174 optimo
3328 3090 3472 3154 iure
3537 3091 3607 3155 in
3686 3088 3981 3154 ordinem
4062 3101 4336 3175 cogatur

2385 3185 2648 3241 terrena
2705 3175 2975 3259 quaevis
3081 3184 3357 3255 otestas,
3416 3176 3527 3242 ubi
3581 3176 3650 3239 in
3708 3175 3959 3241 coelum
4006 3197 4076 3241 88
4122 3177 4333 3243 effert.

2385 3260 2673 3342 Quando
2741 3270 2961 3326 autem
3084 3282 3159 3326 oc
3224 3273 3478 3326 tantum
3550 3268 3818 3345 captant
3882 3270 3957 3326 ut
4018 3263 4333 3344 probrum

2385 3346 2561 3430 apud
2585 3347 2887 3413 homines
2910 3346 3231 3430 effugiant
3265 3346 3564 3414 scelerati
3602 3347 3911 3429 obsequii,
3948 3368 4081 3412 non
4117 3347 4332 3433 longis

2382 3434 2748 3499 rationibus
2772 3432 3167 3517 coarguendi
3188 3446 3365 3512 sunt,
3389 3433 3499 3498 sed
3526 3431 3608 3497 ad
3643 3432 3995 3497 mulierum
4016 3432 4329 3501 iudicium

2380 3519 2716 3598 mittendi,
2776 3519 2930 3603 quia
2993 3519 3417 3584 obstetricum
3485 3519 3856 3602 exemplum
3924 3518 4183 3584 abunde
4249 3521 4334 3586 ad

2381 3626 2610 3670 eorum
2647 3604 3132 3670 damnationem
3169 3605 3441 3670 sufficit:
3488 3605 3873 3687 praesertim
3914 3604 4022 3671 ubi
4065 3626 4175 3671 888
4213 3625 4334 3673 888

2382 3691 2592 3775 elogio
2614 3690 3030 3758 commendat
3064 3691 3353 3775 spiritus,
3380 3690 3548 3774 quod
3586 3691 3728 3775 regi
3768 3711 3901 3780 non
3936 3692 4333 3775 obsequutae

2381 3775 2519 3842 sint
2563 3777 2713 3861 quia
2758 3776 3074 3842 timebant
3118 3778 3358 3843 Deum.

2557 3864 2656 3929 18.
2703 3861 2792 3928 Et
2832 3882 3053 3928 vocans
3102 3861 3377 3928 Pharao.
3465 3861 3618 3927 Non
3663 3861 3993 3946 aequitate
4037 3883 4157 3929 nec
4201 3864 4332 3930 cle·

2379 3951 2634 4014 mentia
2689 3948 2772 4013 ad
2833 3948 3171 4015 moderate
3231 3946 3556 4032 agendum
3617 3946 3927 4015 inductus
3991 3948 4147 4016 fuit:
4215 3948 4331 4016 sed

2379 4035 2533 4117 qnia
2576 4034 2796 4119 palam
2841 4056 2973 4099 non
3018 4032 3298 4099 audebat
3339 4034 3615 4099 miseros
3658 4042 3725 4099 et
3767 4033 4070 4099 innoxios
4113 4034 4330 4102 foetus

2378 4142 2462 4185 ex
2503 4129 2693 4187 utero
2725 4119 3132 4214 prodeuntes
3175 4119 3257 4183 ad
3300 4118 3800 4185 trucidationem
3843 4120 4190 4203 proiicere,
4244 4142 4332 4188 ne

2382 4214 2573 4270 tanta
2656 4206 2964 4272 atrocitas
3052 4205 3133 4270 ad
3221 4201 3606 4271 ulciscendi‘
3662 4203 3909 4270 rabiem
3988 4204 4329 4274 Israelitas

2379 4291 2779 4358 accenderet.
2868 4291 3261 4357 Clanculum
3324 4292 3526 4372 igitur
3578 4290 3857 4356 feminas
3903 4292 4206 4372 accersit,
4252 4315 4328 4361 88

2377 4379 2743 4462 interrogat
2784 4396 2903 4442 cur
2926 4399 3055 4442 non
3091 4387 3487 4459 exsequutae
3522 4377 3658 4441 sint
3693 4376 3862 4459 quod
3904 4388 4331 4462 praeceperat

2380 4463 2461 4528 (18
2516 4463 2825 4530 necandis
2877 4462 2945 4526 in
3003 4464 3145 4547 ipso
3199 4475 3389 4545 partu
3445 4463 3825 4527 infantibus.
3929 4461 4328 4548 Quanquam

2379 4570 2513 4613 non
2560 4548 2784 4615 dubito
2829 4546 3167 4614 seditionis
3210 4557 3392 4613 metu
3449 4548 3650 4613 fnisse
3706 4546 4067 4614 cohibitum
4114 4553 4327 4636 magis

2379 4656 2575 4719 quam
2634 4635 2898 4718 pudore.
2988 4634 3072 4699 In
3129 4632 3548 4700 obstetricum
3609 4655 3920 4718 responso
3978 4635 4106 4700 duo
4164 4638 4328 4703 vitia

2377 4721 2668 4786 notanda
2739 4728 2926 4799 sunt,
2993 4720 3145 4802 quia
3214 4741 3333 4784 nee
3413 4721 3574 4784 satis
3639 4720 3924 4804 ingenue
3996 4722 4329 4805 professae

2376 4816 2535 4873 sunt
2574 4827 2764 4872 suam
2801 4807 3133 4889 pietatem,
3172 4815 3240 4869 et
3272 4804 3627 4884 mendacio,
3672 4805 3847 4888 quod
3891 4808 4162 4890 gravius
4206 4823 4327 4889 est,

2377 4894 2639 4978 elapsae
2676 4900 2850 4958 sunt.
2917 4892 3090 4957 Nam
3133 4890 3355 4957 fabula
3390 4913 3586 4973 quam
3628 4893 4000 4975 excogitant
4035 4893 4325 4961 Rabbini

2375 4979 2459 5043 ad
2506 4977 2915 5062 purgandam
2959 4999 3182 5042 earum
3230 4976 3519 5060 culpam,
3565 4976 3967 5061 repudianda
4011 4991 4145 5047 est:
4192 5003 4322 5047 non

2375 5070 2637 5131 venisse
2657 5064 2730 5129 in
2753 5071 3064 5148 tempore,
3090 5063 3243 5147 quia
3267 5063 3744 5128 admonuerant
3764 5084 3989 5130 omnes
4012 5066 4321 5135 mulieres

2375 5150 2715 5216 Hebraeas
2777 5149 2857 5214 de
2917 5151 3117 5234 impia
3175 5150 3349 5232 regis
3406 5148 3922 5215 machinatione:
3982 5162 4174 5235 atque
4229 5155 4321 5221 ita

2376 5238 2623 5302 factum
2686 5255 2828 5301 esse
2888 5245 2966 5301 ut
3028 5236 3434 5319 parientibus
3503 5256 3631 5300 non
3711 5234 4031 5301 adessent.
4143 5236 4322 5318 Quid

2378 5322 2553 5389 enim
2611 5323 2736 5388 hac
2793 5320 3198 5387 divinatione
3255 5320 3604 5406 frigidius?
3673 5323 3765 5386 At
3814 5323 3876 5385 ui
3923 5322 4140 5386 Moses
4199 5346 4326 5391 sua

2378 5408 2760 5475 narratione
2802 5409 3112 5474 mentitas
3155 5407 3354 5472 fuisse
3397 5406 3702 5473 ostendit.
3845 5405 4067 5471 uidam
4109 5428 4330 5494 genus
