4867 6150
565 431 702 500 671

577 620 726 722 quis
763 627 1127 770 ‘gt-uetur,
1184 617 1289 685 vel
1347 639 1431 685 ex
1490 617 1781 701 maligna
1842 615 2167 683 solutione
2219 613 2539 681 damnum

571 728 826 792 accipia
857 756 874 772 .

1177 1046 1313 1114 Ex
1354 1044 1626 1115 DEU‘P.
1671 1043 1938 1112 XXIV.

754 1221 856 1288 14.
928 1219 1077 1287 Non
1109 1220 1426 1303 opprimes
1455 1218 1911 1285 mercenarium
1942 1233 2289 1315 pauperem
2323 1218 2379 1279 et
2411 1234 2541 1298 eye-

577 1329 734 1377 uum
774 1329 807 1374 e
847 1306 1157 1390 fratribus
1195 1305 1326 1371 tuis
1339 1358 1355 1385 ,
1412 1309 1470 1370 et
1510 1324 1587 1369 ex
1617 1303 1981 1388 pereyrinis
2034 1305 2163 1399 trans
2218 1320 2333 1383 qm
2392 1304 2541 1366 eunt

578 1399 652 1462 in
692 1401 862 1462 terra
905 1398 1046 1470 tua,
1092 1393 1268 1459 intra
1299 1395 1527 1474 portas
1570 1395 1732 1456 tuas.
1824 1387 1925 1454 15.
1992 1387 2125 1455 Dte
2158 1405 2273 1452 suo
2313 1386 2540 1453 reddes

577 1481 920 1549 mercedem
959 1479 1129 1558 eius,
1187 1498 1382 1562 neque
1428 1475 1729 1544 occumbet
1766 1494 1960 1558 super
2001 1493 2141 1539 eam
2193 1471 2324 1538 sol.-
2379 1473 2538 1554 quia

568 1570 1017 1722 mima
1042 1569 1371 1731 ἶῖῗυωη,
1413 1653 1469 1714 α
1510 1650 1598 1714 εει
1638 1648 1711 1714 in
1753 1578 2269 1728 tessecoatuaeiffe

1205 1991 1338 2057 EX
1383 1989 1654 2056 DEU'P.
1693 1985 1924 2055 XXV.

752 2165 814 2233 4.
885 2164 1032 2232 Non
1074 2162 1377 2248 obliyabis
1420 2182 1490 2229 os
1534 2161 1671 2228 bom·
1712 2159 2057 2226 trituranti.

755 2340 860 2405 14.
930 2337 1079 2403 Non
1134 2335 1464 2417 opprimes.
1554 2332 1988 2415 Praeceptum
2048 2328 2175 2395 hoc
2237 2328 2538 2411 proximo

579 2433 688 2495 est
737 2426 954 2492 affine.
1040 2421 1193 2487 Inte
1276 2426 1531 2484 retatur
1588 2427 1809 2483 autem
1867 2417 2089 2482 Moses
2106 2466 2121 2495 ,
2181 2434 2537 2513 pauperem

583 2513 696 2598 qui
755 2507 1051 2576 mercede
1097 2528 1215 2572 con
1265 2513 1457 2572 uctus
1513 2504 1739 2582 fuerit,
1798 2501 2080 2585 opprimi
2130 2500 2259 2567 nisi
2308 2508 2536 2567 statim

583 2618 705 2683 pro
761 2597 985 2663 labore
1041 2592 1317 2659 satisfiat
1334 2642 1350 2671 ,
1409 2588 1934 2674 quandoquidem
1990 2587 2152 2653 haec
2195 2586 2323 2652 duo
2379 2606 2537 2652 con-

583 2682 865 2752 iunctim
902 2678 1182 2765 legenda
1215 2685 1403 2744 sunt:
1451 2675 1553 2740 Ne
1587 2674 1937 2759 opprimas,
1971 2672 2086 2740 sed
2124 2673 2349 2739 statim
2385 2693 2534 2756 per-

583 2770 804 2837 solvas
849 2764 1233 2833 mercedem.
1322 2760 1519 2829 Unde
1562 2761 1889 2845 sequitur,
1935 2760 1993 2826 si
2035 2759 2316 2843 penuria
2355 2757 2535 2822 labo-

582 2864 689 2923 ret
740 2852 1213 2929 mercenarius,
1270 2848 1427 2932 quia
1484 2869 1615 2913 non
1668 2846 1987 2913 solvimus
2033 2843 2206 2930 quod
2261 2843 2538 2944 meritus

584 2952 720 3021 est,
776 2944 844 3006 in
899 2938 1040 3006 sola
1090 2935 1402 3001 dilatione
1459 2955 1579 3000 nos
1622 2933 1757 2999 iam
1798 2932 2160 2998 iniustitiae
2217 2950 2536 3000 convmci.

586 3028 851 3096 Clarius
910 3042 1086 3090 nuno
1129 3020 1521 3106 exprimitur
1575 3020 1777 3100 rati0,
1834 3019 1990 3103 quia
2034 3016 2239 3084 vitam
2284 3024 2541 3084 susten-

584 3123 685 3181 tat
725 3111 983 3179 diurnis
1026 3110 1260 3195 operis.
1335 3107 1486 3173 Etsi
1530 3116 1752 3172 autem
1796 3105 1906 3172 hic
1949 3103 2347 3189 pauperibus
2392 3112 2539 3169 tan·

582 3208 729 3267 tum
773 3195 1156 3276 consulitur,
1200 3215 1286 3259 ne
1329 3193 1620 3259 esuriant
1664 3190 1949 3258 divitum
1991 3190 2399 3276 negligentia
2433 3189 2540 3255 vel

581 3283 921 3372 superbia:
958 3280 1461 3349 commendatur
1498 3288 1721 3344 tamen
1757 3278 1828 3343 in
1865 3298 2107 3361 genere
2141 3276 2540 3358 humanitas,

584 3393 672 3438 ne
733 3370 844 3437 ubi
905 3388 1227 3454 pauperes
1283 3367 1352 3431 in
1420 3374 1712 3432 nostram
1779 3364 2132 3430 utilitatem
2197 3361 2542 3443 desudant,

581 3458 878 3524 fastuose
934 3463 1249 3539 tanquam
1305 3450 1652 3535 mancipiis
1709 3450 2092 3527 abutamur,
2151 3470 2274 3516 nec
2336 3450 2542 3515 simus

582 3543 787 3610 nimis
829 3540 1117 3607 restricti
1161 3538 1272 3604 vel
1316 3549 1613 3603 tenaces:
1666 3537 1820 3619 quia
1863 3534 2029 3601 nihil
2076 3536 2284 3619 magis
2327 3534 2541 3618 indig-

583 3651 767 3707 num,
812 3647 1005 3712 quam
1052 3626 1163 3693 ubi
1210 3624 1398 3690 nobis
1440 3624 1807 3701 servierint,
1844 3642 1976 3688 non
2020 3621 2253 3686 saltem
2299 3620 2542 3687 habere

586 3714 766 3781 unde
819 3712 1109 3778 tenuiter
1174 3711 1499 3776 victitent.
1589 3707 1886 3774 Tandem
1948 3706 2256 3773 admonet
2320 3706 2543 3772 Moses

586 3822 720 3867 non
740 3800 1008 3883 impune
1035 3795 1345 3862 divitibus
1389 3815 1721 3862 cessuram
1758 3815 1901 3860 esse
1932 3791 2370 3879 tyrannidem,
2415 3792 2545 3858 nisi

586 3888 837 3955 victum
883 3880 1306 3970 suppeditent
1327 3880 1677 3964 operariis:
1723 3881 1988 3946 tametsi
2022 3880 2093 3945 in
2117 3880 2258 3946 foro
2303 3888 2543 3945 terres-

587 3973 678 4038 tri
745 3971 920 4056 apud
1000 3968 1300 4035 homines
1355 3965 1692 4033 reddenda
1749 3987 1885 4032 non
1942 3966 2028 4032 sit
2071 3967 2261 4031 ratio.
2348 3964 2545 4033 Unde

584 4058 991 4142 colligimus,
1073 4056 1244 4119 hanc
1306 4052 1519 4138 legem
1586 4072 1723 4117 non
1790 4072 1933 4118 esse
1996 4051 2326 4134 politicam
2346 4102 2362 4132 ,
2428 4051 2545 4117 sed

584 4165 859 4230 prorsus
924 4139 1331 4225 spiritualem
1349 4191 1364 4220 ,
1445 4159 1612 4222 quae
1691 4137 2122 4204 conscientias
2188 4136 2548 4222 obstringit

586 4230 762 4315 apud
829 4227 1108 4298 coeleste
1175 4225 1307 4290 Dei
1386 4224 1694 4290 tribunal.
1788 4223 2110 4305 Quamvis
2167 4223 2346 4289 enim
2411 4245 2541 4289 non

587 4317 806 4400 litiget
838 4334 1103 4399 pauper,
1149 4332 1225 4378 ac
1270 4331 1462 4376 nemo
1497 4331 1764 4376 causam
1804 4310 1948 4375 eius
1984 4309 2312 4393 suscipiat,
2358 4310 2542 4375 suffi-

587 4423 739 4470 cere
803 4400 991 4468 docet
1055 4398 1275 4465 Moses
1318 4395 1376 4463 si
1446 4394 1576 4461 Dei
1641 4395 1836 4462 fldem
1903 4394 2229 4478 imploret.
2319 4394 2544 4477 Quare

589 4488 705 4555 ubi
738 4507 859 4553 nos
902 4485 1147 4554 centies
1196 4482 1400 4549 iudex
1455 4491 1759 4548 terrenus
1818 4480 2202 4559 absolverit,
2261 4503 2342 4546 ne
2395 4480 2543 4547 ideo

587 4582 896 4659 putemus
938 4592 1055 4638 nos
1096 4591 1242 4636 esse
1297 4568 1585 4653 elapsos:
1644 4569 1797 4654 quia
1833 4588 1870 4633 e
1913 4567 2090 4634 coelo
2134 4588 2396 4651 semper
2438 4589 2540 4633 re·

587 4668 814 4746 poscet
871 4655 1058 4721 Deus
1116 4654 1290 4740 quod
1347 4655 1538 4721 nobis
1592 4656 1816 4739 inique
1860 4656 1929 4719 in
1975 4662 2155 4719 terra
2196 4654 2394 4721 fuerit
2435 4674 2541 4720 re·

587 4748 886 4813 missum.
972 4741 1105 4807 Hic
1161 4750 1380 4807 tamen
1438 4741 1809 4826 quaeritur,
1865 4740 1923 4806 si
1979 4740 2386 4806 obmutescat
2429 4739 2543 4822 qui

588 4848 944 4915 oppressus
967 4837 1087 4905 est,
1110 4847 1193 4892 an
1218 4827 1362 4892 eius
1383 4827 1643 4893 silentio
1669 4827 1919 4894 crimen
1941 4833 2312 4892 evanescet.
2334 4825 2542 4893 Vide-

589 4927 702 4983 tur
733 4916 915 4983 enim
951 4913 1173 4979 Moses
1206 4911 1272 4976 id
1306 4913 1443 4979 suis
1478 4911 1696 4979 verbis
1734 4913 2029 4992 innuere,
2068 4912 2178 4979 ubi
2226 4932 2372 4978 reos
2403 4913 2542 4980 fore

635 5002 982 5069 ronunciat
1004 4997 1240 5064 divites
1263 4999 1318 5062 si
1341 4998 1424 5063 ad
1445 5000 1662 5065 Deum
1685 4998 1971 5066 clament
1992 5019 2334 5083 pauperes,
2371 5007 2440 5064 et
2462 4998 2545 5064 de

590 5088 861 5155 illorum
908 5086 1255 5169 iniquitate
1302 5093 1682 5167 querantur.
1748 5084 2117 5169 Responsio
2172 5084 2386 5152 facilis
2424 5095 2542 5164 est,

591 5174 760 5240 nihil
785 5172 968 5239 aliud
991 5171 1165 5239 Mosi
1186 5169 1388 5235 fuisse
1421 5171 1823 5254 propositum
1847 5193 2041 5253 quam
2071 5171 2372 5255 superbis
2393 5193 2543 5238 con·

591 5260 1027 5344 temptoribus
1071 5265 1377 5324 excutere
1419 5256 1687 5322 inanem
1729 5257 2228 5337 confidentiam,
2279 5278 2407 5342 qua
2449 5258 2545 5323 in-

592 5347 885 5415 citantur
947 5344 1030 5409 ad
1096 5343 1413 5410 maiorem
1480 5340 1789 5427 peccandi
1862 5342 2201 5409 audaciam
2220 5395 2236 5422 ,
2315 5352 2380 5409 et
2459 5341 2543 5410 ad

2026 422 2474 495 OCTAVUM
2514 421 3168 492 PRAEOEPTUM.

4440 429 4545 499 672

2640 611 2967 678 maleficia
3030 611 3486 680 obdurescunt.
3576 612 3759 680 Dicit
3821 612 4058 700 igitur,
4125 616 4407 699 quamvis
4454 639 4549 701 per

2640 697 2945 764 homines
2987 698 3265 766 liberum
3302 700 3389 766 sit
3419 699 3727 784 praedari
3761 706 3830 764 et
3873 720 4122 783 rapere,
4168 701 4548 772 metuendum

2642 793 2869 850 tamen
2926 804 3069 852 esse
3126 786 3397 869 gravius
3444 784 3798 851 iudicium:
3863 787 4021 870 quia
4083 784 4268 852 Deus
4316 787 4550 873 inopum

2640 869 3085 954 querimonias
3129 871 3430 950 exaudit,
3489 872 3598 955 qui
3644 871 3901 937 nullum
3946 872 4018 937 in
4071 870 4314 938 mundo
4366 882 4552 958 patro-

2641 976 2802 1021 num
2847 964 2965 1021 aut
3007 955 3333 1024 vindicem
3389 958 3750 1041 reperiunt.
3841 957 3931 1022 Et
3986 967 4163 1023 certe
4217 979 4339 1041 quo
4390 962 4557 1044 placi-

2641 1039 2790 1108 dius
2838 1043 3007 1108 feret
3061 1042 3372 1109 iniuriam
3432 1043 3545 1126 qui
3597 1043 3917 1128 spoliatus
3975 1050 4105 1127 est,
4173 1063 4250 1109 eo
4305 1047 4555 1128 paratior

2641 1128 2772 1193 erit
2813 1128 2998 1194 Deus
3044 1126 3125 1194 ad
3172 1127 3654 1212 suscipiendam
3714 1128 3858 1196 eius
3908 1148 4200 1195 causam:
4263 1150 4378 1196 nec
4414 1132 4558 1199 alius

2641 1215 2852 1299 magis
2895 1223 2998 1280 est
3048 1236 3321 1281 sonorus
3378 1215 3625 1282 clamor
3678 1214 3854 1299 apud
3908 1215 4125 1299 ipsum
4186 1236 4374 1300 quam
4426 1218 4559 1284 tole-

2641 1300 2875 1366 rantia.
2966 1298 3046 1365 Si
3090 1310 3309 1366 autem
3369 1301 3516 1385 quis
3570 1300 3863 1381 obiiciat,
3922 1300 4275 1367 clamorem
4327 1302 4402 1369 de
4451 1325 4559 1388 quo

2639 1384 2748 1451 hic
2792 1385 3032 1470 agit-ur,
3078 1407 3373 1471 pugnare
3408 1406 3555 1452 oum
3604 1386 3855 1454 Christi
3901 1396 4266 1471 praecepto,
4312 1397 4383 1453 ut
4420 1390 4559 1456 bene

2640 1491 2985 1554 precemur
3038 1472 3350 1539 inimicis:
3420 1473 3620 1537 etiam
3675 1472 3748 1538 in
3806 1480 4115 1557 promptu
4180 1473 4414 1539 solutio
4460 1483 4560 1555 est,

2639 1557 2861 1622 Deum
2897 1579 3030 1623 non
3066 1580 3325 1643 semper
3348 1566 3499 1625 vota
3530 1557 3810 1642 probare
3846 1579 4013 1642 quae
4047 1567 4272 1625 tamen
4306 1560 4561 1627 exaudit.

2639 1642 2846 1708 Venit
2890 1645 3274 1727 imprecatio
3309 1642 3590 1710 Ioathan
3634 1644 3755 1710 filii
3800 1643 4076 1712 Gedeon
4121 1666 4319 1729 super
4361 1645 4560 1713 Siche·

2640 1730 2835 1795 mitas
2900 1727 3134 1829 (ludio.
3201 1728 3263 1811 9,
3327 1729 3472 1817 20):
3544 1752 3743 1815 quam
3810 1736 4032 1796 tamen
4099 1752 4188 1796 ex
4251 1731 4564 1800 immodico

2637 1815 3018 1882 iracundlae
3079 1816 3339 1883 fervore
3406 1826 3785 1900 conceptam
3866 1817 4070 1883 fuisse
4145 1827 4397 1883 certum
4464 1830 4562 1885 est

2641 1898 2833 1966 Adde
2875 1902 3048 1986 quod
3108 1901 3443 1968 interdum
3500 1902 3747 1982 miseri,
3792 1902 4094 1986 quamvis
4133 1904 4243 1988 pia
4290 1926 4566 1971 mansue-

2641 1986 2871 2052 tudine
2911 1987 3185 2054 iniurias
3225 1989 3579 2072 perferant,
3627 2010 3761 2054 non
3805 1997 4030 2055 tamen
4066 1987 4377 2055 desinunt
4417 1990 4566 2056 dolo-

2639 2094 2746 2139 res
2789 2093 2948 2139 suos
2993 2087 3060 2139 et
3102 2075 3388 2157 gemitus
3424 2071 3751 2157 deponere
3791 2074 3862 2140 in
3908 2074 4133 2141 sinum
4171 2075 4321 2142 Dei.
4386 2077 4567 2142 Porro

2639 2157 2798 2225 hinc
2863 2180 2996 2224 non
3063 2158 3336 2244 vulgare
3401 2161 3709 2226 solatium
3779 2160 4204 2244 pauperibus,
4276 2160 4467 2245 quod,
4521 2162 4565 2229 si

2638 2264 2834 2310 nemo
2868 2245 3000 2312 illis
3035 2246 3106 2310 in
3140 2254 3318 2311 terra
3352 2248 3692 2326 succurrit,
3730 2247 3885 2330 quia
3920 2245 4071 2313 vilis
4107 2253 4207 2313 est
4241 2257 4310 2314 et
4350 2246 4569 2315 abiecta

2638 2350 2868 2396 eorum
2909 2331 3227 2410 condit-io,
3273 2331 3459 2399 Deus
3502 2342 3726 2399 tamen
3767 2333 4034 2400 futurus
4079 2340 4181 2399 est
4221 2354 4452 2401 causae
4487 2335 4568 2418 ip·

2638 2436 2858 2483 sorum
2905 2418 3217 2502 cognitor.

2811 2501 2914 2585 25,
2933 2503 2996 2570 4.
3039 2503 3185 2570 Non
3213 2502 3512 2588 obziyabis
3536 2524 3623 2570 οε.
3683 2503 3958 2590 Proprie
3980 2504 4252 2588 quidem
4275 2505 4383 2572 hic
4414 2505 4569 2572 locus

2637 2594 2743 2654 est
2786 2609 2871 2654 ex
2930 2588 3394 2674 appendicibus
3452 2592 3815 2674 praecepti,
3872 2589 3989 2656 sed
4044 2592 4201 2675 quia
4260 2592 4569 2676 proximae

2639 2676 3007 2741 sententiae
3050 2676 3458 2743 confirmatio
3503 2683 3621 2756 est,
3691 2677 3833 2744 visa
3870 2675 4003 2742 fuit
4045 2686 4199 2761 apta
4244 2679 4569 2745 connexio:

2641 2762 3028 2843 praesertim
3075 2782 3280 2846 quum
3335 2761 3584 2828 Paulus
3626 2761 3902 2829 idoneus
3944 2763 4274 2848 interpres
4315 2772 4571 2847 exponat

2641 2867 2775 2912 non
2833 2846 3012 2913 aliud
3055 2846 3258 2914 fuisse
3314 2847 3444 2913 Dei
3488 2849 3834 2916 consilium
3893 2870 4090 2932 quam
4133 2870 4219 2916 ne
4266 2850 4573 2934 operarius

2642 2932 2985 2999 fraudetur
3025 2933 3202 3000 iusta
3244 2934 3563 3000 mercede.
3640 2934 3812 3000 Nam
3849 2935 3963 3003 ubi
4000 2934 4079 3001 de
4115 2935 4373 3003 alendis
4405 2956 4573 3001 evan·

2642 3019 2799 3105 gelii
2844 3018 3161 3087 ministris
3205 3019 3496 3099 disserit,
3542 3021 3993 3089 testimonium
4033 3020 4158 3090 hoc
4202 3022 4290 3090 ad
4333 3041 4574 3091 causam

2643 3105 3090 3173 accommodat
3132 3106 3219 3195 (1.
3268 3105 3418 3173 Oor.
3463 3107 3526 3185 9,
3573 3105 3701 3195 10).
3801 3107 3903 3175 Ac
3947 3128 4034 3174 ne
4076 3109 4224 3192 quis
4270 3111 4575 3193 exciperet

2643 3192 2841 3258 aliam
2886 3213 3030 3259 esse
3073 3194 3273 3259 boum
3318 3192 3637 3259 rationem
3684 3215 3878 3278 quam
3923 3194 4294 3276 hominum,
4339 3194 4575 3262 subiicit

2641 3278 2846 3345 boves
2890 3278 3035 3345 Deo
3078 3299 3214 3344 non
3258 3300 3400 3346 esse
3444 3300 3675 3359 curae,
3721 3280 3835 3347 sed
3879 3291 4151 3366 propter
4194 3303 4311 3349 eos
4352 3281 4459 3366 qui
4496 3280 4574 3346 la·

2642 3364 2882 3431 borant
2924 3364 2991 3431 id
3035 3385 3179 3432 esse
3222 3363 3491 3432 dictum.
3578 3365 3847 3433 Interea
3888 3367 4256 3434 tenendum
4310 3378 4441 3435 est:
4499 3367 4577 3431 ita

2644 3449 2943 3517 homines
2999 3450 3261 3516 institui
3318 3450 3402 3516 ad
3456 3451 3848 3536 aequitatem
3868 3503 3883 3531 ,
3941 3463 4019 3519 ut
4060 3455 4132 3519 in
4191 3475 4275 3520 ea
4329 3449 4576 3522 colenda

2644 3558 2717 3603 se
2784 3557 2946 3621 erga
3001 3535 3194 3603 bruta
3251 3558 3508 3621 quoque
3567 3539 3881 3606 animalia
3935 3549 4311 3607 exerceant.
4416 3538 4575 3608 Scite

2645 3623 2820 3688 enim
2870 3621 3135 3691 Solomo
3194 3620 3412 3710 (Prov.
3465 3624 3564 3702 12,
3614 3623 3724 3713 10)
3766 3625 4160 3693 iniustitiam
4203 3645 4339 3709 qua
4379 3623 4575 3709 proxi·

2645 3730 2795 3776 mus
2859 3707 3172 3791 laeditur,
3232 3710 3357 3778 hac
3434 3712 3919 3795 comparatione
3983 3712 4377 3796 amplificat,
4430 3706 4579 3795 quod

2645 3794 2750 3859 vir
2806 3795 3022 3861 iustus
3067 3795 3268 3861 habet
3322 3817 3548 3863 curam
3603 3797 3882 3864 iumenti
3937 3800 4058 3865 sui.
4148 3796 4430 3865 Summa
4479 3803 4579 3873 est,

2645 3889 2721 3946 ut
2762 3880 2935 3966 quod
2982 3900 3268 3965 aequum
3310 3903 3382 3948 es
3490 3892 3687 3968 ponte
3729 3894 3798 3951 et
3847 3884 4210 3950 liberaliter
4253 3884 4577 3958 solvamus,

2646 3974 2715 4032 et
2756 3967 2884 4034 sibi
2969 3968 3198 4052 uisque
3240 3987 3403 4034 exac
3471 3992 3507 4034 r
3541 3970 3626 4035 sit
3663 3970 3747 4037 ad
3782 3969 4251 4054 praestandum
4287 3970 4578 4037 officium:

2646 4055 2800 4137 quia
2836 4053 2893 4119 si
2982 4054 3148 4119 rutis
3194 4052 3585 4120 animalibus
3630 4055 3953 4125 debentur
3996 4056 4346 4135 alimenta,
4390 4053 4578 4121 multo

2643 4140 2883 4221 minus,
2925 4145 3002 4204 ut
3027 4141 3129 4206 ius
3172 4160 3367 4205 suum
3411 4140 3756 4209 obtineant
3797 4143 4119 4223 homines,
4163 4137 4579 4227 exspectanda

2645 4232 2748 4292 est
2789 4246 3017 4292 eorum
3059 4225 3397 4313 flagitatio.

3240 4604 3376 4671 EX
3419 4603 3723 4671 EXODI
3763 4604 4000 4672 XXII.

2814 4795 2897 4859 21
2927 4793 2989 4881 ¹).
3050 4793 3464 4878 Pereyrinum
3496 4814 3619 4859 non
3658 4795 4006 4878 opprimes,
4036 4814 4235 4877 neque
4267 4791 4576 4876 spoliabis:

2643 4881 2800 4962 quia
2830 4882 3159 4966 pereyrini
3196 4882 3417 4963 fuistis
3457 4881 3530 4945 in
3571 4886 3743 4945 terra
3789 4882 4077 4966 Aeyypti.
4166 4880 4270 4946 22.
4338 4878 4579 4944 Nullam

2695 4966 2950 5118 w
2914 4987 3074 5066 Ψ
3127 4966 3448 5049 ...ff-a...
3503 4967 3886 5119 ⁹25².de
3929 4962 4576 5119 tumim

2642 5051 3010 5204 Zizima*
3020 5057 3893 5205 ffissmmmssm
3986 5139 4090 5204 24.
4161 5094 4574 5216 memmi

2823 5358 2882 5429 1)
2915 5360 3080 5415 Hebr.
3117 5358 3189 5415 20
3221 5378 3292 5415 ss.
