4867 6150
557 444 685 511 383

559 632 672 699 sed
734 630 1117 715 adiungitur
1176 651 1413 695 nomen
1471 634 1728 694 statuae
1794 638 1862 693 et
1918 628 2154 713 lapidis
2220 631 2507 715 figurati.

559 718 709 785 Etsi
753 717 930 783 enim
974 737 1165 783 voces
1221 718 1382 781 istas
1440 714 1703 797 quidam
1762 713 1842 778 de
1898 717 2270 797 pavimento
2315 738 2512 799 expo-

558 813 757 883 nunt,
819 825 945 867 non
1005 817 1224 868 tamen
1283 801 1510 867 dubito
1573 812 2000 866 monumenta
2052 804 2275 867 omnia
2335 825 2508 867 com-

607 889 913 967 rehendi,
971 890 1035 953 in
1098 887 1333 971 quibus
1398 886 1579 952 stulti
1628 886 1927 953 homines
1975 888 2191 952 Deum
2237 910 2307 954 se
2352 910 2507 971 quo-

558 913 904 1043 {ammodo
952 975 1270 1040 visibilem
1317 972 1556 1038 habere
1601 983 1867 1055 putant,
1937 974 2223 1056 adeoque
2283 995 2511 1039 omnes

561 1062 930 1144 sculpturas
974 1069 1041 1125 et
1083 1062 1371 1144 picturas
1416 1059 1652 1141 quibus
1713 1060 2155 1141 corrumpitur
2199 1062 2510 1144 spiritua-

559 1149 643 1215 lis
687 1148 815 1212 Dei
857 1145 1091 1212 cultus.
1182 1145 1551 1212 Consilium
1599 1147 1770 1209 enim
1812 1146 2018 1210 Mosis
2062 1156 2164 1211 est
2208 1146 2511 1211 fraenum

561 1236 828 1300 iniicere
871 1233 1214 1297 hominum
1260 1232 1628 1310 temeritati,
1674 1253 1755 1295 ne
1801 1232 1926 1296 Dei
1972 1230 2250 1316 gloriam
2296 1243 2511 1297 trans-

560 1321 848 1386 forment
902 1319 1037 1383 suis
1095 1318 1460 1402 figmentis:
1522 1318 1675 1399 quia
1731 1338 1886 1382 mox
1944 1319 2295 1401 opponitur
2349 1319 2512 1383 alte-

561 1426 710 1472 rum
778 1404 1175 1470 membrum:
1243 1405 1388 1487 Ego
1453 1403 1702 1468 Iehova
1773 1401 1957 1468 Deus
2024 1418 2260 1469 vester.
2363 1403 2513 1485 Quo

560 1492 868 1559 admonet
913 1492 1095 1555 Deus
1137 1511 1207 1554 se
1252 1492 1423 1554 iusto
1469 1489 1717 1554 honore
1761 1489 2061 1570 spoliari,
2108 1486 2357 1571 quoties
2395 1491 2513 1553 ali-

562 1577 716 1663 quid
762 1587 1099 1643 terrenum
1145 1576 1253 1641 vel
1300 1575 1563 1640 carnale
1608 1575 1690 1638 de
1741 1575 1884 1657 ipso
1929 1577 2516 1641 comminiscuntur

561 1663 881 1730 homines.
972 1663 1072 1729 Ac
1136 1682 1379 1727 nomen
1445 1660 1707 1744 quidem
1751 1674 1930 1729 nam)
1991 1662 2340 1745 aliquando
2408 1683 2514 1726 su-

564 1752 769 1816 mitur
811 1749 882 1813 in
926 1749 1161 1814 bonam
1207 1759 1478 1832 partem.
1535 1746 1729 1813 Unde
1772 1748 2087 1827 sequitur,
2134 1770 2264 1812 non
2315 1748 2512 1812 aliam

564 1846 853 1903 statuam
899 1835 1005 1901 hic
1059 1834 1390 1913 damnari,
1449 1833 1573 1897 nisi
1634 1853 1802 1915 quae
1861 1832 1943 1896 ad
1989 1832 2207 1898 Deum
2255 1854 2515 1916 reprae-

565 1921 960 1989 sentandum
1026 1921 1317 2003 erigitur.
1431 1918 1680 1983 Eadem
1747 1919 1983 2001 lapidis
2048 1919 2235 2002 politi
2309 1920 2507 1989 ratio:

565 2028 802 2092 nempe
848 2008 955 2072 ubi
1000 2005 1405 2072 consecratio
1449 2006 1919 2086 interponitur,
1985 2026 2153 2087 quae
2199 2006 2516 2087 religione

566 2107 821 2160 mentes
858 2093 1098 2177 alliget,
1138 2106 1210 2158 ut
1248 2093 1466 2157 Deum
1501 2092 1566 2155 iu
1606 2091 1818 2173 lapide
1856 2101 2269 2157 venerentur.
2307 2093 2516 2156 Porro

566 2188 702 2246 tam
739 2180 1025 2246 secundo
1070 2199 1266 2260 quam
1304 2179 1499 2241 tertio
1537 2178 1675 2242 loco
1711 2176 1899 2241 docet
1933 2178 2151 2244 Moses
2198 2177 2518 2257 homines,

564 2267 840 2333 simulac
903 2285 1194 2330 crassum
1263 2263 1507 2348 aliquid
1575 2261 1679 2328 vel
1747 2272 2057 2328 terrestre
2121 2263 2189 2327 in
2274 2264 2518 2329 deitate

565 2354 984 2435 confingunt,
1049 2373 1089 2416 a
1149 2371 1303 2415 vero
1360 2352 1500 2415 Deo
1559 2357 1825 2432 prorsus
1884 2349 2232 2415 discedere.
2323 2347 2516 2430 Quod

565 2439 766 2504 etiam
815 2437 1208 2519 exprimitur
1251 2457 1408 2501 voce
1451 2436 1711 2512 Elilim,
1757 2456 1922 2517 quae
1967 2435 2032 2500 in
2080 2457 2150 2500 se
2195 2436 2513 2519 complec-

565 2526 732 2589 titur
775 2532 913 2588 tam
959 2522 1112 2588 deos
1156 2522 1516 2588 conflatiles
1560 2540 1751 2604 qnam
1799 2532 2067 2597 statuae,
2124 2522 2402 2605 lapides,
2450 2532 2515 2585 et

567 2609 912 2693 sculptilia.
960 2608 1244 2689 Quidam
1291 2609 1714 2691 compositam
1758 2627 1901 2672 esse
1945 2608 2178 2672 volunt
2219 2629 2257 2671 a
2313 2628 2512 2691 nega-

568 2697 706 2762 tiva
749 2696 1071 2777 particula
1116 2693 1201 2759 Al
1245 2705 1311 2759 et
1354 2693 1472 2773 El,
1529 2692 1698 2777 quod
1745 2702 1845 2758 est
1890 2694 2088 2758 Deus.
2178 2694 2315 2759 Alii
2361 2714 2513 2758 vero

567 2785 1091 2864 interpretantur
1147 2801 1254 2844 res
1308 2779 1529 2845 nihili:
1586 2778 1827 2844 Graeci
1886 2788 1953 2843 et
2009 2780 2237 2844 Latini
2295 2791 2511 2845 verte-

569 2879 727 2934 runt
767 2865 960 2932 idola.
1010 2865 1206 2932 Certe
1250 2887 1399 2932 cum
1447 2864 1777 2931 dedecoris
1819 2872 1885 2929 et
1927 2865 2325 2950 ignominiae
2361 2876 2517 2930 nota

569 2955 663 3019 sic
729 2963 1043 3033 vocantur
1108 2951 1315 3018 falsae
1381 2952 2009 3036 repraesentationes
2075 2973 2240 3035 quae
2294 2951 2512 3017 Deum

567 3038 1061 3106 transformant.
1110 3036 1246 3104 Sed
1280 3038 1431 3122 quia
1465 3038 1719 3106 cavillis
1769 3057 1904 3102 non
1949 3038 2260 3104 desinunt
2295 3060 2518 3124 super-

571 3128 807 3192 stitiosi
853 3129 1073 3191 fucare
1117 3147 1268 3190 suos
1313 3147 1597 3203 errores,
1658 3124 1842 3189 Deus
1888 3125 2200 3209 probroso
2243 3125 2357 3191 illo
2405 3146 2519 3190 no·-

570 3213 750 3278 mine
794 3231 925 3277 non
970 3221 1345 3288 contentus,
1397 3211 1528 3275 alia
1586 3211 1787 3274 etiam
1847 3211 2099 3290 adiecit,
2155 3212 2223 3275 in
2283 3211 2521 3296 quibus

573 3297 928 3381 speciosior
948 3310 1091 3362 erat
1112 3297 1481 3362 excusatio:
1529 3310 1603 3363 ut
1637 3298 1921 3362 sciamus
1958 3298 2040 3361 ab
2076 3319 2150 3362 eo
2186 3297 2520 3380 repudiari

574 3404 999 3467 quaecunque
1057 3403 1178 3447 nos
1236 3405 1276 3446 a
1332 3383 1653 3465 spirituali
1721 3382 1862 3449 eius
1918 3383 2097 3449 cultu
2168 3384 2518 3461 abducunt,

573 3469 678 3535 vel
724 3466 1074 3551 quidquam
1121 3467 1444 3533 inducunt
1487 3469 1771 3534 alienum
1819 3468 1900 3533 ab
1945 3469 2083 3533 eius
2123 3480 2374 3535 natura.
2438 3471 2518 3534 In

573 3565 802 3639 quarto
846 3555 986 3620 loco
1032 3553 1321 3620 notanda
1357 3566 1455 3618 est
1496 3553 1862 3633 antithesis,
1907 3576 2072 3637 quae
2115 3577 2272 3621 mox
2306 3556 2521 3622 fusius

572 3640 1021 3724 explicabitur,
1068 3639 1226 3706 dum
1270 3641 1517 3707 scilicet
1554 3650 1734 3706 vetat
1768 3638 1953 3706 Deus
1997 3641 2211 3706 facere
2247 3643 2401 3708 deos
2437 3664 2521 3707 ex

571 3727 982 3809 corruptibili
1027 3726 1324 3806 materia,
1384 3728 1688 3809 quoniam
1749 3727 2062 3811 loquutus
2108 3729 2196 3792 sit
2239 3751 2275 3793 e
2320 3728 2518 3795 coele.

574 3810 833 3893 Quibus
922 3813 1138 3878 verbis
1226 3813 1555 3896 significat
1579 3865 1594 3893 ,
1690 3833 2031 3897 perperam
2117 3813 2340 3890 facere,
2411 3836 2522 3880 eos

574 3919 834 3977 omnes,
882 3899 994 3982 qui
1039 3920 1236 3983 quum
1283 3900 1352 3963 in
1396 3899 1608 3966 coelos
1654 3920 1997 3983 assurgere
2043 3898 2343 3981 debeant,
2392 3911 2521 3966 ter·

574 3985 751 4137 {elegis
817 3983 1157 4052 elementis
1224 3995 1359 4051 tam
1443 3994 1694 4051 mentes
1772 4008 1953 4067 suas,
2035 4006 2231 4069 quam
2307 3989 2531 4072 ipsum.

688 4077 870 4156 gunt

1245 4413 1377 4479 EX
1422 4412 1693 4481 DEUT.
1737 4412 1859 4479 IV.

754 4584 855 4648 12.
910 4584 1086 4650 Tunc
1142 4585 1433 4667 loquutus
1504 4589 1594 4650 est
1652 4585 1880 4651 Iehova
1936 4586 2024 4652 ad
2079 4606 2189 4652 vos
2240 4606 2273 4652 e
2329 4586 2531 4653 medio

578 4669 783 4755 iynis:
822 4688 1021 4735 vocem
1065 4670 1392 4736 verborum
1435 4671 1745 4756 audistis,
1805 4676 1871 4737 at
1919 4673 2194 4755 formam
2252 4693 2377 4738 nou
2432 4674 2531 4738 vi-

579 4756 768 4822 distis
798 4760 1056 4839 praeter
1106 4777 1325 4822 vocem.
1418 4756 1517 4822 13.
1565 4757 1654 4822 Et
1708 4758 1996 4839 exposuit
2049 4759 2221 4824 vobis
2265 4764 2533 4839 paetum

578 4861 766 4909 suum
811 4841 973 4924 quod
1008 4843 1327 4924 praecepit
1367 4843 1536 4908 vobis
1589 4849 1662 4908 ut
1699 4845 2019 4926 faceretis:
2072 4865 2291 4927 nempe
2332 4845 2534 4910 decem

579 4928 785 5006 verba,
849 4947 1011 5009 quae
1074 4930 1330 5011 scripsit
1393 4949 1587 5010 super
1662 4930 1826 4995 duas
1904 4929 2149 4996 tabulas
2227 4931 2531 5012 lapideas.

586 5015 685 5080 14.
731 5012 907 5080 Mihi
939 5034 1082 5079 vero
1104 5015 1426 5096 praecepit
1451 5014 1681 5081 Iehova
1714 5022 1981 5098 tempore
2015 5016 2124 5082 illo
2158 5023 2229 5081 ut
2261 5017 2535 5082 docerem

581 5121 686 5166 vos
721 5105 953 5165 statuta
987 5105 1044 5165 et
1077 5101 1337 5178 iudicia,
1374 5121 1533 5182 quae
1564 5102 1849 5183 faceretis
1881 5103 1951 5167 in
1984 5108 2170 5182 terra,
2214 5104 2300 5168 ad
2343 5122 2535 5185 quam

581 5188 869 5252 transitis
900 5187 1364 5268 possidendam.
1432 5185 1533 5252 15.
1564 5187 1785 5270 Itaque
1827 5190 2191 5255 custodiatis
2235 5210 2341 5255 vos
2361 5189 2539 5254 valde

583 5293 776 5353 super
818 5271 1154 5338 animabus
1197 5272 1463 5337 vestris:
1506 5270 1826 5358 (quoniam
1878 5297 2002 5340 uon
2043 5275 2296 5341 vidistis
2338 5275 2537 5341 ullam

580 5359 853 5440 formam
897 5358 1006 5424 illo
1049 5360 1168 5438 die,
1212 5380 1332 5441 quo
1376 5359 1666 5441 loquutus
1706 5366 1795 5426 est
1841 5360 2069 5426 Ielzova
2113 5361 2424 5427 vobiscum
2467 5363 2537 5426 in

1928 440 2438 509 SECUNDUM
2506 441 3154 508 PRAEOEPTUM.

4424 441 4536 509 384

2613 629 2822 696 Horeb
2865 649 2898 694 e
2955 629 3154 694 medio
3211 628 3439 716 tynis):
3520 630 3623 695 16.
3688 628 3789 694 Ne
3838 627 3998 710 forte
4050 630 4538 713 corrumpamini,

2611 721 2667 781 et
2720 716 2979 797 faciatis
3043 715 3212 780 vobis
3279 716 3562 796 sculptile
3579 767 3593 795 ,
3644 716 3917 798 somam
3966 714 4164 780 ullius
4217 715 4537 798 simulacri,

2612 801 2880 884 effiyiem
2901 802 3169 867 maseuli
3193 804 3306 865 aut
3336 800 3625 883 feminae.
3696 801 3797 867 17.
3822 800 4120 883 Effiqiem
4142 800 4541 884 cuiuscunque

2612 888 2917 953 animalis
2937 888 3099 969 quod
3120 888 3296 952 estin
3318 892 3517 952 terra.-
3551 887 3819 972 effiiyiem
3839 887 4261 968 cuiuscunque
4294 888 4542 954 volueris

2611 974 2821 1039 alatae
2863 994 3022 1056 quae
3063 972 3226 1039 volat
3260 995 3380 1055 per
3421 974 3641 1039 coelos.-
3721 971 3823 1038 18.
3869 972 4172 1056 Effiiqiem
4235 975 4542 1039 cuiuscun-

2612 1080 2729 1141 que
2794 1060 3070 1142 repentis
3133 1060 3202 1123 in
3267 1064 3468 1125 terra.-
3539 1060 3803 1143 effiqiem
3871 1060 4292 1140 cuiuscunque
4356 1060 4543 1142 piscis

2612 1146 2725 1226 qui
2767 1147 2965 1212 estin
3006 1146 3196 1227 aquis
3240 1146 3355 1211 sub
3413 1151 3601 1211 terra.
3694 1145 3793 1211 19.
3844 1145 4012 1211 Neve
4053 1145 4306 1210 attollas
4356 1146 4543 1211 οωιῑοε

2613 1236 2753 1297 tuos
2816 1233 2885 1295 in
2927 1231 3189 1297 coelum.-
3253 1237 3310 1296 et
3377 1252 3572 1314 quum
3637 1231 3873 1296 videris
3926 1231 4144 1300 solem.
4198 1231 4445 1308 lunam,
4498 1237 4548 1296 et

2613 1317 2829 1382 stellas
2882 1338 3020 1382 eum
3073 1319 3364 1383 universo
3421 1319 3691 1383 exercitu
3732 1317 4062 1395 coelorum,
4123 1317 4137 1330 ’
4362 1318 4453 1381 ris
4490 1321 4551 1381 ut

2614 1403 2838 1468 adores
2895 1409 3078 1484 atque
3134 1405 3301 1469 colas
3368 1424 3472 1481 ea,
3531 1423 3692 1485 quae
3748 1402 4073 1468 distribuit
4115 1403 4346 1469 Iekova
4388 1402 4553 1469 Deus

2615 1495 2762 1554 tuus
2805 1491 3088 1555 omnibus
3132 1490 3399 1570 populis
3440 1490 3554 1555 sub
3608 1490 3899 1554 universo
3956 1488 4136 1554 coelo.
4226 1488 4414 1568 Item,
4457 1488 4551 1553 23.

2623 1574 2933 1641 Custodite
2973 1596 3083 1642 vos
3098 1628 3115 1655 ,
3160 1596 3236 1640 ne
3276 1576 3434 1656 forte
3475 1575 3929 1641 obliviscamini
3977 1575 4249 1656 foededs
4308 1574 4556 1640 Iehovae

2616 1660 2744 1726 Dei
2787 1663 2993 1738 vestri,
3038 1662 3200 1742 quod
3223 1662 3540 1743 percussit
3585 1661 3894 1726 vobiscum
3912 1712 3926 1737 ,
3988 1664 4045 1724 et
4083 1660 4346 1737 faciatis
4397 1661 4555 1725 vobis

2616 1747 2897 1830 sculptile
2914 1799 2929 1828 ,
2989 1768 3420 1830 quamcunque
3483 1746 3985 1827 similitudinem,
4033 1748 4197 1811 sicut
4247 1747 4560 1829 praecepit

2619 1833 2849 1899 Iehova
2894 1833 3074 1899 Deus
3116 1839 3281 1899 tuus.
3371 1834 3474 1899 24.
3527 1834 3701 1898 Nam
3724 1833 3953 1899 Iehova
3976 1831 4155 1898 Deus
4187 1836 4356 1910 tuus,
4399 1832 4560 1915 iqaetis

2618 1938 2985 1985 consumens
3027 1924 3135 1998 est,
3181 1925 3237 1984 et
3279 1919 3458 1985 Deus
3498 1920 3737 1985 zelotes.

3155 2260 3290 2327 EX
3334 2258 3636 2326 EXODI
3682 2259 4018 2327 XXXIV.

2793 2437 2892 2502 14.
2942 2435 3083 2500 Non
3145 2433 3506 2499 iueurvabis
3550 2437 3608 2497 te
3651 2431 3787 2497 Deo
3829 2432 4051 2498 alieno.
4124 2431 4299 2497 Nam
4347 2432 4568 2499 Iehova

2615 2523 2833 2589 zelotes
2873 2542 3097 2586 nomeu
3141 2521 3296 2600 eius,
3341 2518 3524 2585 Deus
3564 2519 3784 2585 zelotes
3826 2523 3933 2583 est.

3294 2863 3426 2929 Ex
3472 2841 3741 2929 DEiJT.
3787 2862 3914 2928 xl.

2800 3038 2899 3104 16.
2952 3034 3169 3103 Cavete
3226 3056 3367 3120 erqo
3410 3036 3579 3102 vobis
3619 3056 3696 3101 ne
3738 3033 4072 3101 seducatur
4122 3053 4225 3101 cor
4282 3039 4568 3113 vestrum,

2622 3130 2678 3191 et
2717 3125 3039 3205 recedatis,
3083 3123 3416 3207 colatisque
3449 3123 3599 3189 deos
3637 3121 3906 3197 alienos,
3968 3126 4021 3186 et
4071 3141 4181 3186 vos
4235 3121 4571 3187 incurvatis

2623 3232 2832 3277 coram
2875 3211 2985 3276 eis.
3079 3210 3179 3274 17.
3232 3208 3406 3275 Unde
3443 3208 3839 3274 excandescat
3879 3208 3987 3272 ira
4031 3205 4301 3274 Iehovae
4344 3209 4415 3273 in
4454 3226 4570 3287 vos,

2624 3302 2682 3362 et
2722 3297 2975 3363 claudat
3016 3295 3207 3362 coelos
3247 3316 3324 3361 ne
3364 3296 3452 3360 sit
3493 3295 3755 3376 pluvia,
3802 3312 3876 3358 ac
3917 3313 3995 3358 ne
4045 3293 4143 3358 det
4198 3300 4376 3359 terra
4414 3294 4572 3376 fruc-

2621 3389 2754 3460 tum
2809 3404 2995 3449 suum
3009 3407 3029 3447 .·
3077 3382 3473 3534 {egeatisque
3525 3380 3803 3446 celeriter
3854 3400 3888 3444 e
3933 3383 4108 3444 terra
4163 3378 4329 3446 bona
4392 3398 4573 3462 quam

2626 3469 2862 3535 Iehova
2905 3469 3015 3535 dat
3055 3490 3092 3533 v
3177 3468 3244 3533 ‘s.

3260 3809 3391 3876 EX
3433 3809 3706 3876 DEUT.
3752 3807 3947 3873 VIII.

2803 3983 2903 4050 19.
2955 3982 3030 4048 Si
3064 3981 3471 4049 obliviscendo
3513 3981 3737 4048 oblitus
3773 3980 3979 4063 fueris
4000 3980 4265 4046 Iehovae
4300 3979 4431 4047 Dei
4471 3980 4574 4059 tui,

2628 4075 2684 4136 et
2726 4070 3141 4135 ambulaveris
3166 4073 3309 4149 post
3348 4070 3494 4134 deos
3537 4067 3793 4146 alienos,
3834 4074 3891 4134 et
3932 4067 4195 4133 colueris
4236 4087 4376 4146 eos,
4434 4072 4489 4132 et
4524 4071 4575 4129 te

2629 4156 3059 4222 incurvaveris
3092 4155 3246 4228 illis,
3292 4154 3580 4236 testificor
3613 4153 3786 4219 vobis
3827 4153 4008 4220 hodie
4064 4153 4229 4235 quod
4261 4151 4578 4234 pereundo

2630 4243 2775 4309 sitis
2804 4242 3102 4323 perituri.
3188 4241 3292 4306 20.
3345 4239 3519 4304 Sicut
3554 4244 3761 4323 yentes
3800 4259 3964 4322 quas
4007 4239 4237 4305 Iehova
4278 4237 4580 4321 disperdit

2632 4350 2673 4394 a
2713 4330 2880 4411 faeie
2920 4332 3125 4394 vestra
3142 4377 3157 4402 ,
3216 4327 3310 4392 sic
3339 4325 3667 4406 peribitis.-
3717 4346 3785 4392 eo
3825 4325 3989 4408 quod
4028 4346 4152 4392 nou
4193 4324 4580 4391 obediveritis

2633 4415 2766 4480 voci
2810 4414 3074 4480 Ichovae
3117 4411 3246 4479 Dei
3286 4413 3496 4477 vestri.

2806 4585 2920 4650 Dt.
2944 4584 3005 4664 4,
3034 4585 3133 4650 12.
3186 4583 3362 4650 Tunc
3401 4585 3694 4666 loquutus
3726 4586 3815 4647 est
3836 4581 4084 4648 Iehoca.
4154 4580 4577 4647 Confirmatio

2634 4681 2731 4737 est
2778 4671 3047 4738 secundi
3096 4670 3459 4754 praecepti,
3517 4668 3688 4752 quod
3728 4668 3912 4733 Deus
3942 4688 4140 4748 voce,
4188 4689 4327 4733 non
4371 4666 4578 4751 effigie

2634 4778 2944 4842 corporea
2999 4779 3071 4823 se
3115 4757 3419 4840 patefecit
3460 4754 3797 4821 Israelitis.
3880 4753 4074 4820 Unde
4118 4755 4436 4836 sequitur,
4477 4771 4579 4817 eos

2635 4846 2744 4928 qui
2791 4865 2948 4910 voce
2991 4864 3128 4908 non
3171 4842 3480 4925 contenti,
3526 4840 3851 4908 visibilem
3892 4841 4032 4906 eius
4076 4840 4356 4905 formam
4391 4858 4576 4922 appe-

2637 4939 2807 5010 tunt,
2850 4931 3168 5014 figmenta
3209 4939 3276 4993 et
3319 4941 3575 5011 spectra
3610 4926 3681 4991 in
3727 4929 3866 4991 eius
3912 4926 4127 4992 locum
4164 4925 4573 4991 substituere.

2639 5016 2771 5083 Sed
2818 5016 2925 5080 hie
2969 5015 3269 5080 exoritur
3306 5013 3589 5080 difficilis
3614 5014 3925 5096 quaestio,
3972 5014 4125 5096 quia
4168 5011 4363 5099 aliter
4404 5012 4576 5075 inno-

2639 5102 2766 5167 tuit
2829 5101 3015 5167 Deus
3078 5099 3377 5184 patribus
3458 5120 3652 5182 quam
3734 5099 3873 5164 sola
3952 5120 4130 5164 voce.
4244 5096 4573 5180 Siquidem

2642 5188 3009 5268 Abraham,
3074 5186 3261 5251 Isaac
3318 5193 3385 5249 et
3439 5186 3632 5251 Iacob
3708 5204 3838 5250 non
3900 5184 4132 5249 auditu
4185 5182 4379 5248 modo
4435 5202 4571 5246 eum

2639 5281 3103 5358 cognoverunt,
3151 5270 3264 5336 sed
3324 5270 3522 5335 etiam
3583 5279 3867 5353 aspectu.
3956 5271 4175 5336 Moses
4232 5268 4380 5350 ipse
4432 5287 4573 5333 eum

2641 5360 2712 5423 in
2759 5358 2971 5423 medio
3017 5357 3170 5462 rubi!
3201 5355 3492 5422 ardentis
3535 5358 3905 5440 conspexit:
3953 5355 4286 5440 prophetis
4333 5373 4574 5437 quoque
