4867 6150
426 437 552 505 727

414 645 535 708 pro
579 622 882 691 cordibus
925 623 1199 708 lapideis
1241 643 1479 690 carnea
1520 620 1710 688 nobis
1754 619 2085 698 indiderit,
2134 624 2380 688 frustra

412 709 778 794 praeceptis
820 711 1258 777 verberantur
1292 730 1502 788 auree,
1538 728 1702 792 quae
1737 728 1856 790 pro
1886 709 2136 792 ingenii
2171 709 2377 775 nostri

414 796 741 879 pravitate
799 804 936 861 toto
990 797 1228 862 affectu
1284 796 1669 879 respuimus.
1758 794 1889 859 Ubi
1935 802 2154 859 autem
2199 795 2379 860 intus

413 881 719 948 cordibus
758 882 970 966 legem
1012 903 1203 948 snam
1246 880 1608 964 insculpsit,
1653 880 1849 946 simul
1893 880 2158 964 prodest
2197 891 2378 946 exte-

414 970 553 1037 rior
607 967 931 1034 doctrina:
992 968 1085 1034 sic
1141 968 1320 1034 enim
1361 966 1532 1033 filios
1576 987 1730 1033 suos
1771 967 2094 1051 gubernat
2138 966 2377 1051 spiritu

415 1053 955 1138 regenerationis,
1002 1062 1075 1119 ut
1117 1053 1314 1119 simul
1357 1061 1575 1118 tamen
1621 1052 1783 1119 velit
1824 1053 1907 1118 ad
1952 1073 2177 1119 vocem
2220 1074 2378 1135 qno-

385 1160 542 1227 ·que
596 1160 781 1205 suam
839 1161 983 1205 esse
1038 1147 1325 1205 attentos
1370 1145 1436 1203 et
1479 1136 1738 1205 dociles.
1828 1138 2180 1205 Caeterum
2224 1139 2378 1222 quia

415 1225 611 1310 longe
671 1246 932 1310 semper
993 1227 1231 1292 absunt
1291 1248 1331 1290 a
1388 1224 1678 1308 perfecta
1736 1224 1878 1290 cius
1925 1225 2378 1291 observatione

413 1333 548 1377 non
585 1320 843 1376 tantum
881 1332 963 1376 ex
1000 1333 1078 1377 ea
1124 1312 1385 1378 discunt
1430 1310 1584 1394 quid
1621 1319 1876 1377 rectum
1921 1311 2028 1385 sit,
2071 1310 2183 1376 sed
2229 1331 2378 1395 gra-

414 1400 581 1463 tuita
613 1397 1056 1462 misericordia
1100 1419 1261 1480 opus
1304 1417 1464 1476 esse,
1512 1405 1585 1462 ut
1626 1417 1746 1480 per
1788 1396 2265 1480 indulgentiam
2312 1404 2379 1462 et

412 1483 673 1550 veniam
727 1482 1059 1568 placeant,
1121 1483 1425 1566 quamvis
1482 1483 1728 1548 multae
1789 1482 2192 1548 infirmitatis
2252 1483 2377 1548 sibi

411 1568 631 1634 adhuc
653 1569 786 1634 sint
820 1570 1080 1635 conscii.
1149 1570 1356 1635 Porro
1393 1568 1546 1652 quia
1581 1567 1841 1635 videtur
1879 1569 2129 1634 Paulus
2164 1569 2375 1653 legem

413 1655 746 1739 abrogare,
793 1674 869 1719 ac
914 1655 968 1719 si
1013 1654 1208 1719 hodie
1252 1653 1334 1720 ad
1377 1653 1604 1719 fideles
1650 1676 1780 1720 non
1825 1656 2170 1738 pertineat,
2216 1676 2377 1739 quo-

410 1761 616 1824 usque
671 1740 738 1805 id
796 1747 1017 1823 pateat
1069 1739 1422 1807 videndum
1474 1749 1593 1807 est.
1698 1743 1796 1807 Ac
1852 1742 2061 1824 primo
2117 1740 2377 1823 quidem

411 1827 716 1911 colligere
792 1833 1159 1910 promptum
1230 1835 1360 1906 est,
1443 1847 1574 1892 non
1639 1827 2023 1910 simpliciter
2090 1826 2169 1892 de
2233 1827 2379 1911 lege

414 1934 569 1977 eum
629 1911 997 1995 disputare,
1056 1911 1171 1978 sed
1229 1934 1376 1978 eam
1432 1933 1796 1996 proponere
1854 1913 1991 1978 suis
2044 1911 2380 1995 qualitati-

414 1998 538 2063 bus
596 1999 921 2076 vestitam,
980 2009 1302 2081 quatenus
1363 1998 1703 2083 evangelio
1748 2000 2117 2082 opponitur.
2208 1998 2380 2064 Nam

416 2105 619 2168 quum
675 2094 1008 2149 certamen
1066 2085 1337 2151 haberet
1384 2106 1535 2151 cum
1594 2084 1786 2150 malis
1822 2084 1963 2150 eius
2006 2085 2380 2166 interpreti-

416 2170 558 2249 bus,
626 2191 759 2235 non
806 2171 1018 2254 potnit
1054 2171 1342 2255 effugere
1387 2170 1542 2252 quin
1589 2178 1901 2254 tanquam
1945 2191 2052 2235 res
2095 2170 2269 2234 inter
2312 2191 2382 2236 se

415 2256 781 2321 contrarias
845 2258 1285 2323 committeret
1340 2256 1553 2340 legem
1607 2267 1675 2320 et
1731 2255 2186 2341 evangelium:
2248 2277 2380 2321 non

418 2341 592 2424 quod
657 2342 831 2406 inter
896 2364 966 2407 se
1026 2349 1353 2425 pugnent,
1415 2342 1469 2406 si
1536 2342 1682 2425 quis
1750 2341 1981 2408 dextre
2041 2344 2383 2426 utriusque

419 2426 784 2493 doctrinam
821 2427 900 2493 ad
939 2431 1269 2511 propriam
1313 2427 1508 2493 fidem
1555 2427 2025 2493 accommodet:
2071 2427 2182 2494 sed
2229 2428 2385 2512 qnia

423 2534 506 2578 cx
554 2521 978 2596 praepostera
1022 2514 1372 2594 mixtione,
1433 2535 1629 2596 quam
1674 2514 2064 2597 ingerebant
2104 2514 2382 2598 pseudo·

421 2598 725 2682 apostoli,
786 2599 1117 2664 oriebatur
1157 2599 1305 2665 talis
1349 2600 1708 2665 conflictus.
1796 2598 2128 2665 Volebant
2169 2599 2383 2664 homi-

423 2706 539 2750 nes
589 2685 924 2751 iustificari
985 2686 1289 2769 operibus
1340 2685 1541 2770 legis:
1579 2685 1751 2768 quod
1796 2686 1853 2751 si
1889 2686 2117 2751 fuisset
2160 2706 2381 2770 recep-

422 2778 580 2850 tum,
628 2770 1006 2837 abolebatur
1050 2770 1201 2836 fidei
1245 2772 1514 2851 iustitia,
1562 2780 1755 2855 atque
1799 2771 1923 2837 hoc
1947 2770 2135 2837 modo
2180 2778 2383 2837 evan-

422 2857 667 2941 gelium
758 2857 1154 2923 concidebat.
1270 2856 1616 2942 Urgebant
1715 2865 2059 2941 praeterea
2149 2857 2380 2941 iugum

421 2944 630 3008 veteri
685 2942 926 3027 populo
985 2943 1397 3027 impositum,
1457 2962 1531 3009 ac
1589 2942 1645 3007 si
1701 2943 1882 3008 nulla
1925 2943 2175 3008 Christi
2231 2963 2383 3009 san-

423 3028 625 3114 guine
683 3038 872 3113 parta
928 3027 1160 3094 fuisset
1217 3028 1504 3096 libertas.
1592 3028 1674 3094 In
1731 3029 1855 3095 hac
1913 3029 2384 3112 disceptatione

422 3135 686 3181 necesse
750 3115 983 3181 habuit
1038 3115 1288 3181 Paulus
1343 3123 1607 3180 tantum
1666 3136 1924 3181 sumere
1981 3116 2150 3199 quod
2212 3116 2382 3182 Mosi

421 3200 751 3285 peculiare
818 3209 952 3285 est,
1009 3211 1078 3266 et
1132 3224 1171 3266 a
1230 3200 1495 3267 Christo
1555 3212 1946 3284 separatum.
2053 3201 2379 3282 Quamvis

422 3288 597 3351 enim
661 3286 834 3351 inter
899 3308 966 3351 se
1025 3288 1269 3369 optime
1321 3287 1732 3353 consentiant
1789 3287 1862 3352 in
1916 3309 2176 3354 summa
2235 3287 2382 3353 doc-

422 3372 639 3437 trinae
682 3371 992 3437 Christus
1037 3384 1102 3435 et
1144 3374 1395 3453 Moses,
1456 3373 1569 3437 ubi
1612 3381 1831 3438 tamen
1878 3373 2044 3438 alter
2088 3393 2237 3440 cum
2283 3374 2377 3437 al-

424 3466 563 3524 tero
599 3459 947 3538 confertur,
978 3479 1271 3525 seorsum
1307 3458 1708 3542 distinguere
1750 3459 2060 3526 convenit
2092 3457 2250 3544 quid
2292 3460 2379 3524 sit

1916 434 2168 503 FINIS
2212 435 2334 502 ΕΤ
2373 433 2608 504 USUS
2656 435 2959 505 LEGIS.

4316 435 4444 502 728

2484 623 2714 707 cuique
2761 624 3114 707 proprium.
3206 622 3351 689 Hoc
3405 628 3707 707 respectu
3757 624 4006 691 Paulus
4060 625 4273 710 legem
4322 647 4445 693 vo-

2483 717 2592 774 cat
2625 709 2947 775 literalem
2985 707 3072 794 (2.
3119 710 3269 774 Cor.
3316 710 3375 789 3,
3426 706 3510 797 7),
3556 710 3709 793 quia
3752 710 3915 776 nihil
3962 711 4137 777 Mosi
4180 711 4443 778 iniunc-

2486 804 2629 861 tum
2701 795 2829 860 fuit
2900 817 3098 877 quam
3174 803 3245 860 ut
3299 794 3676 879 loqueretur
3732 798 3859 862 Dei
3917 798 4212 867 nomine:
4263 797 4441 882 quod

2483 902 2602 964 per
2636 901 2707 948 se
2744 903 2873 947 non
2919 882 3111 947 modo
3154 880 3389 948 inutile
3433 889 3552 961 est,
3597 881 3710 948 sed
3756 884 3953 949 etiam
3997 884 4443 949 mortiferum:

2484 968 2636 1049 quia
2693 966 2810 1032 ubi
2870 989 2999 1032 vox
3057 974 3311 1032 tantum
3377 967 3449 1033 in
3495 967 3764 1033 auribus
3806 978 4130 1052 personat,
4177 971 4443 1036 nonnisi

2485 1052 2973 1118 damnationem
3008 1054 3242 1138 gignit.
3310 1053 3585 1132 Deinde,
3623 1054 3836 1139 legem
3869 1053 4245 1121 considerat
4284 1076 4441 1140 pro-

2484 1139 2907 1205 missionibus
2972 1148 3040 1204 et
3104 1140 3299 1204 minis
3362 1140 3769 1223 implicitam.
3874 1139 4067 1207 Unde
4124 1143 4443 1225 sequitur,

2483 1225 2762 1291 salutem
2830 1247 2913 1290 ex
2971 1244 3049 1289 ea
3109 1226 3296 1291 aliter
3353 1246 3488 1290 non
3544 1246 3731 1308 posse
3790 1228 4184 1309 comparari,
4243 1248 4443 1311 quam
4540 1250 4549 1257 ·

2483 1311 2540 1376 si
2598 1311 2774 1376 omni
2832 1333 2916 1376 ex
2960 1319 3147 1394 parte
3191 1311 3596 1378 satisfactum
3642 1311 3839 1377 fuerit
3874 1312 4012 1378 eius
4057 1314 4443 1396 praeceptis.

2486 1397 2641 1461 Vita
2699 1396 2960 1480 quidem
3020 1397 3152 1461 illic
3205 1398 3636 1480 promittitur,
3695 1397 3810 1463 sed
3863 1418 3994 1462 non
4041 1399 4170 1465 nisi
4208 1397 4443 1483 imple·

2486 1491 2629 1548 tum
2706 1483 2902 1548 fuerit
2982 1482 3292 1567 quidquid
3362 1483 3579 1548 iubet:
3645 1492 3875 1549 contra
3939 1504 4096 1549 vero
4162 1496 4445 1555 mortem

2486 1568 2837 1635 denunciat
2900 1570 3526 1654 transgressoribus,
3590 1577 3667 1634 ut
3719 1569 3802 1634 ad
3862 1569 4221 1652 quemlibet
4265 1571 4444 1636 dam-

2485 1654 2780 1721 nandum
2844 1661 2910 1720 et
2968 1655 3373 1738 perdendum
3431 1655 3740 1735 sufficiat,
3800 1656 3872 1720 in
3929 1655 4201 1721 minimo
4257 1658 4443 1740 apice

2484 1741 2745 1824 lapsum
2808 1762 2976 1806 esse:
3040 1742 3135 1806 ita
3191 1742 3269 1805 fit
3304 1750 3377 1807 ut
3419 1762 3648 1806 omnes
3690 1739 4141 1824 desperatione
4187 1742 4443 1809 obruat.

2485 1827 2824 1891 Postremo
2870 1828 3025 1909 quia
3068 1828 3547 1910 caeremoniae,
3615 1827 3848 1909 quibus
3908 1827 4090 1893 Deus
4150 1836 4447 1893 veterem

2485 1913 2831 1996 populum,
2893 1924 3205 1995 tanquam
3265 1911 3656 1978 rudimentis
3691 1912 4074 1998 puerilibus,
4118 1911 4200 1977 ad
4243 1912 4446 1979 fidem

2487 1998 2812 2082 evangelii
2859 1998 3196 2079 formavit,
3240 1998 3372 2083 legi
3415 2000 3687 2063 fuerunt
3731 2019 4047 2077 annexae,
4091 2020 4202 2064 eas
4245 2000 4444 2064 etiam

2488 2085 2738 2149 Paulus
2797 2084 3251 2167 complectitur
3294 2085 3364 2150 in
3407 2086 3888 2167 comparatione
3924 2084 4088 2169 legis
4132 2094 4199 2149 et
4242 2105 4447 2150 evan·

2488 2171 2662 2255 gelii.
2753 2170 2928 2236 Hinc
2972 2172 3293 2254 sequitur,
3349 2181 3672 2254 quatenus
3718 2169 4108 2237 discernitur
4150 2171 4370 2237 Moses
4408 2192 4449 2235 a

2489 2255 2778 2333 Christe,
2819 2257 3252 2321 ministerium
3291 2257 3430 2322 eius
3475 2275 3779 2336 cessasse,
3827 2257 4123 2339 quamvis
4166 2255 4447 2321 eandem

2491 2362 2619 2425 qua
2686 2340 2952 2407 tandem
3019 2341 3402 2425 perfunctus
3468 2350 3569 2407 est
3634 2341 3942 2408 Christus
3965 2393 3982 2420 ,
4047 2339 4448 2426 legationem

2489 2427 2741 2493 obierit.
2832 2428 2934 2493 De
2978 2429 3401 2494 caeremoniis
3447 2428 3541 2494 sic
3584 2426 3996 2508 habendum,
4040 2428 4237 2492 finem
4280 2428 4449 2511 ipsis

2488 2512 2865 2597 impositum
2908 2514 3109 2579 fuisse
3155 2513 3406 2580 Christi
3450 2513 3770 2592 adventu,
3816 2522 3891 2579 ut
3933 2533 4159 2578 earnm
4201 2516 4450 2580 veritas

2491 2600 2724 2665 melius
2769 2599 3061 2666 stabilita
3104 2600 3303 2664 fuerit
3345 2620 3537 2684 quam
3576 2601 3630 2665 si
3670 2619 3829 2665 usus
3871 2597 4085 2664 adhuc
4129 2608 4445 2665 maneret.

2490 2685 2661 2750 Nam
2717 2685 2787 2750 in
2842 2685 2975 2751 illis
3032 2694 3343 2767 tanquam
3401 2686 3471 2750 in
3528 2685 3790 2769 speculo
3833 2684 4245 2770 agnoscimus
4290 2685 4451 2751 olim

2486 2771 2686 2836 fuisse
2737 2779 3074 2837 ostensum
3132 2772 3427 2853 patribus
3486 2769 3657 2854 quod
3723 2792 3902 2838 nunc
3954 2792 4028 2837 re
4071 2772 4217 2854 ipsa
4259 2770 4447 2837 nobis

2488 2856 2854 2922 exhibitum
2921 2868 3038 2923 est.
3139 2856 3334 2924 Unde
3394 2865 3666 2941 apparet
3715 2857 4001 2922 multum
4056 2877 4164 2923 eos
4225 2876 4446 2921 errare

2487 2944 2598 3025 qui
2637 2952 2888 3025 part-em
2928 2942 3098 3009 hanc
3135 2942 3470 3009 doctrinae
3505 2963 3668 3027 quae
3706 2941 3879 3026 apud
3915 2943 4146 3009 Mosen
4183 2942 4447 3027 legitur,

2489 3040 2798 3111 tanquam
2843 3029 3143 3096 inutilem
3186 3049 3456 3113 prorsus
3500 3027 3886 3113 repudiant,
3932 3050 4055 3095 nec
4100 3031 4311 3113 magis
4354 3028 4452 3094 fe·-

2486 3116 2725 3181 rendas
2761 3136 2903 3181 esse
2937 3136 3168 3181 corum
3217 3114 3474 3183 delitias
3518 3116 3630 3199 qui
3672 3136 3820 3180 eam
3861 3115 4228 3181 fastidiunt.
4286 3113 4455 3180 Cae-

2486 3210 2628 3266 tera
2683 3222 2847 3284 quae
2908 3200 2990 3267 ad
3047 3201 3247 3267 huius
3304 3202 3429 3268 loci
3489 3201 3991 3285 explicationem
4034 3202 4306 3282 faciunt,
4363 3223 4453 3266 ex.

2481 3285 2653 3437 libro
2726 3286 3012 3354 secundo
3057 3286 3539 3369 Institutionis,
3615 3287 3829 3372 capite
3883 3287 4158 3372 septimo
4216 3295 4461 3372 petant.

2507 3380 2772 3439 ectores.

1861 5345 2344 5418 sanusweffl,
2382 5348 2587 5406 'runs
2619 5349 2694 5406 M.
2731 5348 3045 5407 sanam.
