4867 6150
546 442 668 508 123

538 649 734 713 opem
780 627 927 705 Dei,
973 646 1101 709 qua
1146 648 1216 689 se
1260 626 1516 709 protegi
1562 623 1918 701 confidunt,
1967 626 2311 692 evanidam
2354 625 2497 691 fore

543 728 658 781 aut
704 712 870 780 nihil
916 711 1346 796 profuturam.
1439 710 1657 793 Quum
1717 722 1936 777 autem
1991 710 2178 777 dicit:
2239 711 2498 791 Videte,

541 800 804 882 oblique
849 820 960 864 eos
996 798 1401 883 perstringit,
1449 796 1624 880 quod
1658 797 1809 862 freti
1834 798 1960 863 Dei
1996 798 2242 863 auxilio
2278 799 2498 863 incon-

545 886 830 954 siderate
873 885 943 949 in
988 905 1173 950 suam
1220 883 1576 968 perniciem
1613 892 1824 949 ruant.
1899 882 2179 950 Summa
2222 894 2340 961 881,
2387 904 2500 948 808

546 974 671 1040 sibi
716 971 888 1036 male
944 969 1283 1035 consulere
1337 970 1557 1035 omnia
1615 969 1959 1047 tentando,
2023 968 2348 1053 stulteque
2394 968 2502 1035 vel

547 1061 768 1125 minus
811 1068 1002 1123 caute
1045 1056 1421 1122 recumbere
1463 1056 1531 1120 in
1579 1056 1706 1120 Dei
1750 1056 2204 1140 patrocinium.

725 1143 822 1208 11.
889 1141 1035 1208 Non
1076 1143 1185 1207 sic.
1280 1140 1564 1207 Simulat
1607 1141 1736 1207 illis
1793 1163 1864 1207 88
1909 1141 2064 1207 dare
2100 1142 2271 1226 quod
2313 1141 2501 1206 initio

550 1234 1073 1315 postulaverant,
1143 1237 1336 1310 atque
1400 1229 1492 1292 ita
1537 1226 2016 1293 inconstantiae
2060 1249 2170 1294 808
2226 1228 2501 1293 1118111111-

550 1320 677 1395 181,
734 1314 905 1399 011οᾶ
964 1336 1093 1378 11011
1151 1324 1445 1396 perstent
1486 1315 1554 1379 in
1600 1311 1827 1378 eadem
1873 1317 2231 1379 sententia:
2295 1333 2500 1396 quum

550 1413 772 1468 tamen
817 1413 1064 1466 certum
1112 1401 1199 1464 811
1244 1400 1416 1465 118118
1450 1401 1843 1481 pertinaciae
1878 1400 2079 1465 fuisse
2116 1420 2381 1466 causam
2416 1399 2502 1463 ad

550 1486 1072 1574 repugnandum,
1140 1486 1292 1569 quia
1357 1486 1627 1551 timebat
1692 1507 1775 1551 ne
1840 1494 2017 1550 totus
2083 1486 2361 1568 populus
2419 1506 2502 1549 ex

552 1578 860 1659 Aegypto
906 1574 1239 1655 migraret.
1324 1570 1537 1637 Scivit
1597 1592 1788 1657 ergo,
1844 1572 2018 1654 quod
2065 1571 2191 1636 Dei
2239 1573 2504 1636 nomine

553 1661 773 1745 exegit
839 1659 1078 1738 Moses,
1146 1657 1227 1722 ad
1293 1658 1599 1740 parvulos
1665 1678 1922 1740 quoque
1987 1657 2284 1722 extendi:
2352 1657 2504 1740 quia

553 1746 798 1829 alioqui
857 1766 989 1809 non
1045 1753 1181 1808 tam
1227 1744 1456 1808 11118881
1512 1752 1960 1827 exasperatus.
2053 1742 2187 1809 sed
2233 1753 2310 1808 ut
2367 1743 2505 1809 cul·

553 1854 709 1919 pam
753 1834 825 1895 in
869 1852 978 1896 808
1024 1829 1307 1907 derivet,
1352 1828 1518 1895 18180
1575 1839 1643 1893 81
1700 1828 2100 1894 calumniose
2153 1830 2508 1912 exprobrat

557 1919 919 2002 duplicasse
963 1918 1186 1998 iniqua
1229 1916 1571 1999 postulata,
1612 1937 1682 1981 se
1719 1937 1872 1981 vero
1907 1936 2165 1981 summa
2201 1916 2505 1981 humani-

555 2015 690 2071 tate
774 2002 1099 2087 perfungi,
1163 2000 1332 2085 quod
1400 2002 1611 2085 primo
1690 2023 1915 2066 eorum
1996 2013 2152 2066 voto
2233 2012 2503 2066 annuat.

556 2091 905 2158 Caeterum
955 2089 1167 2153 noluit
1207 2096 1428 2170 patres
1472 2087 1693 2153 liberis
1738 2086 1997 2165 orbare,
2059 2087 2173 2152 sed
2218 2089 2506 2153 retinere

556 2178 739 2262 quasi
797 2175 1087 2241 obsides:
1148 2174 1456 2257 quoniam
1512 2195 1868 2256 persuasus
1938 2182 2080 2238 erat
2139 2182 2275 2238 tam
2337 2173 2507 2239 caris

554 2260 933 2348 pignoribus
992 2281 1327 2344 nunquam
1392 2268 1626 2344 sponte
1685 2259 2207 2325 renunciaturos.
2313 2258 2504 2341 Quod

555 2348 816 2415 additur
859 2348 931 2412 in
966 2349 1097 2411 fine
1138 2364 1397 2411 versus:
1443 2345 1659 2411 Eiecit
1704 2366 1814 2411 808
1860 2366 1899 2410 8
1942 2354 2294 2427 conspectu
2330 2345 2504 2409 Pha·

555 2436 791 2513 raonis,
853 2430 1192 2497 indefinite
1247 2431 1511 2513 quidam
1570 2431 1916 2514 accipiunt,
1987 2451 2061 2496 ac
2105 2431 2509 2497 subaudiunt

558 2520 911 2605 quemlibet
954 2541 1036 2582 ex
1082 2517 1504 2583 satellitibus:
1553 2517 1667 2581 sed
1713 2519 1867 2600 quia
1911 2516 2233 2583 Hebraeis
2278 2519 2506 2581 tritum

557 2615 659 2672 881
715 2603 1106 2670 antecedens
1165 2605 1493 2683 omittere,
1560 2612 1627 2668 et
1687 2602 1922 2668 deinde
1985 2602 2302 2670 subiicere
2367 2605 2506 2669 loco

557 2692 850 2768 relativi,
917 2712 1046 2756 11011
1128 2689 1350 2755 dubito
1416 2689 1575 2773 quin
1636 2688 1896 2756 Pharao
1962 2690 2193 2755 Mosen
2275 2689 2508 2756 videns

558 2777 826 2843 dimidia
846 2784 1032 2861 parte
1054 2797 1184 2841 11011
1210 2796 1353 2841 8888
1366 2782 1766 2855 contentum,
1794 2775 2224 2841 excanduerit
2236 2783 2304 2841 et
2319 2776 2508 2841 novis

558 2865 757 2932 minis
800 2863 1148 2948 expulerit,
1193 2862 1345 2945 quia
1380 2864 1519 2928 eius
1555 2863 1995 2945 praesentiam
2049 2883 2182 2926 non
2240 2861 2505 2927 ferebat.

732 3035 833 3102 12.
898 3034 1074 3100 Tunc
1127 3033 1296 3100 dixit
1349 3032 1580 3101 Iehova
1637 3033 1839 3100 Mosi:
1909 3034 2196 3101 Extende
2250 3054 2510 3099 manum

558 3129 735 3190 tuam
787 3141 978 3204 super
1033 3126 1266 3186 terram
1325 3120 1597 3204 Aegypti
1629 3141 1750 3203 pro
1793 3121 2047 3197 locusta,
2106 3127 2176 3186 ut
2219 3121 2515 3186 ascendat

555 3230 748 3292 super
788 3214 1023 3274 terram
1052 3207 1339 3292 Aeyypti,
1384 3212 1442 3272 et
1482 3208 1775 3288 depascat
1816 3228 2055 3273 omnem
2097 3208 2349 3272 herbam
2392 3213 2510 3271 ter-

556 3315 687 3377 rae,
732 3294 1042 3376 quidquid
1086 3314 1129 3359 a
1166 3294 1483 3377 qrandine
1524 3294 1852 3358 residuum
1894 3298 1999 3360 est.
2063 3293 2161 3358 13.
2210 3292 2513 3359 Extendit

556 3383 772 3463 itaque
816 3378 1030 3444 Moses
1072 3381 1317 3462 viryam
1359 3399 1544 3443 suam
1587 3400 1776 3461 super
1815 3384 2051 3445 terram
2098 3380 2396 3461 Aeqypti,
2455 3384 2511 3443 et

559 3467 791 3533 Iehova
832 3465 1104 3533 adduxit
1157 3470 1406 3529 ventum
1448 3466 1807 3529 orientalem
1850 3467 1921 3530 in
1966 3470 2199 3532 terram
2241 3471 2357 3530 toto
2401 3464 2512 3530 illo

557 3554 678 3633 die,
721 3558 777 3617 et
819 3556 945 3616 tota
987 3555 1187 3617 nocte:
1242 3555 1298 3616 et
1353 3549 1464 3614 ubi
1507 3551 1759 3616 advenit
1798 3572 1998 3632 mane,
2053 3556 2271 3617 ventus
2313 3553 2513 3617 orien-

553 3640 710 3705 talis
753 3638 1045 3703 excitavit
1087 3637 1401 3702 locustam.
1511 3636 1610 3702 14.
1655 3633 1745 3702 Et
1787 3639 2195 3705 ascenderunt
2243 3638 2512 3704 locustae

554 3745 749 3806 super
791 3728 981 3790 totam
1020 3728 1254 3788 terram
1298 3724 1588 3806 Aeqypti‚
1633 3729 1687 3788 et
1728 3724 1979 3790 demisit
2019 3726 2091 3789 in
2135 3737 2374 3789 omnem
2394 3729 2512 3788 ter-

554 3812 796 3876 minum
840 3809 1112 3892 Aegypti
1150 3829 1374 3892 yraves
1416 3810 1624 3874 valde:
1682 3815 1823 3876 ante
1877 3812 2032 3876 illas
2088 3831 2212 3875 non
2248 3811 2514 3894 fuerunt

555 3896 712 3962 tales
790 3896 1058 3960 locustae
1074 3946 1089 3972 ,
1171 3915 1278 3962 nec
1343 3900 1493 3976 post
1566 3894 1719 3961 illas
1779 3896 2036 3978 futurae
2111 3899 2260 3962 sunt
2332 3895 2507 3961 tales.

563 3982 661 4048 15.
703 3982 1213 4064 operueruntque
1245 3982 1642 4063 superficiem
1673 3983 1860 4047 totius
1893 3984 2187 4067 reqionis,
2223 3989 2279 4048 et
2300 3983 2509 4050 obseu-

558 4074 704 4134 rata
743 4068 871 4151 fuit
914 4072 1100 4147 terra,
1166 4068 1674 4150 comederuntque
1717 4088 1953 4134 omnem
1995 4068 2250 4134 herbam
2307 4075 2512 4133 terrae

559 4161 742 4236 atque
824 4153 1066 4218 'omnem
1147 4154 1427 4236 fructum
1522 4155 1819 4219 arborum
1914 4175 2096 4235 quem
2176 4156 2514 4236 reliquerat

555 4241 820 4325 qrando,
862 4260 1056 4320 neque
1098 4241 1403 4305 remansit
1438 4241 1785 4321 quidquam
1817 4240 2018 4305 viride
2060 4242 2130 4304 in
2168 4241 2511 4318 arboribus,

560 4331 616 4392 et
670 4327 741 4389 in
796 4325 1002 4390 herbis
1054 4327 1198 4409 ayri
1255 4327 1323 4390 in
1379 4330 1504 4390 tota
1554 4332 1727 4391 terra
1783 4325 2072 4408 Aeqypti.
2179 4327 2276 4391 16.
2338 4327 2516 4392 Tunc

557 4413 881 4495 festinavit
928 4410 1186 4476 Pharao
1230 4432 1444 4476 vocare
1490 4410 1713 4477 Mosen
1757 4416 1812 4476 et
1854 4411 2149 4492 Aharon‚
2206 4418 2262 4477 et
2312 4412 2513 4477 dizit.-

568 4498 828 4564 Peccavi
869 4499 940 4560 in
987 4497 1282 4562 Iehovam
1327 4497 1534 4561 Deum
1576 4503 1848 4563 vestrum
1881 4502 1938 4561 et
1978 4519 2103 4563 vos.
2176 4498 2276 4561 17.
2327 4498 2515 4563 Nunc

563 4605 704 4668 erqo
746 4584 984 4648 remitte
1027 4603 1252 4664 quaeso
1287 4588 1610 4664 peccatum
1641 4604 1847 4649 meum
1881 4585 2193 4649 duntaxat
2225 4586 2356 4649 vice
2376 4584 2512 4668 hac,

563 4675 620 4735 et
662 4674 833 4735 orate
876 4668 1171 4733 Iehovam
1194 4668 1407 4734 Deum
1446 4675 1734 4748 vestrum,
1770 4676 1836 4733 'et
1879 4670 2129 4752 auferat
2171 4692 2212 4735 a
2255 4690 2351 4734 me
2380 4675 2513 4736 tan-

562 4762 695 4821 tum
736 4759 992 4820 mortem
1036 4755 1238 4820 istam.
1335 4756 1431 4820 18.
1469 4755 1559 4819 Et
1614 4776 1898 4840 eqressus
1939 4762 2029 4821 est
2071 4778 2113 4820 a
2161 4756 2512 4836 Pharaone,

565 4848 620 4908 et
683 4843 886 4906 oravit
929 4840 1241 4905 Iehovam.
1344 4842 1445 4906 19.
1504 4841 1590 4906 Et
1638 4844 1932 4908 convertit
1986 4841 2215 4908 Iehova
2267 4848 2515 4908 ventum

563 4926 991 4998 occidentalem
1030 4927 1253 5009 fortem
1294 4928 1493 5003 valde,
1539 4933 1592 4993 et
1634 4929 1892 4994 sustulit
1930 4930 2213 5006 locustas,
2257 4935 2315 4994 et
2352 4930 2517 4995 deie-

562 5016 645 5080 cit
689 5033 797 5078 eas
838 5013 909 5077 in
950 5032 1123 5078 mare
1156 5013 1448 5079 rubrum.-
1491 5036 1611 5079 non
1653 5016 1963 5081 remansit
1994 5016 2233 5082 locusta
2274 5015 2409 5080 ulla
2444 5016 2515 5082 in

565 5104 689 5164 tota
744 5100 988 5182 reqione
1053 5101 1339 5183 Aeqypti.
1428 5099 1546 5164 ⁸20.
1608 5100 1694 5165 Et
1756 5102 2067 5166 roboravit
2126 5101 2356 5166 Iehova
2413 5123 2517 5167 cor

571 5184 950 5262 Pharaoni-5,
992 5206 1186 5270 neque
1225 5186 1471 5251 dimisit
1510 5186 1681 5268 tilios
1724 5187 1952 5254 Israel.

699 5357 799 5425 12.
848 5358 1025 5423 Tunc
1066 5358 1233 5422 dixit
1256 5357 1488 5424 Iehova
1511 5357 1702 5424 Mosi.
1752 5356 2080 5439 Quoniam
2115 5357 2363 5424 indicta
2389 5359 2514 5426 sibi

1747 435 2490 504 COMMENTARIUS
2535 435 2636 502 IN
2682 433 2982 501 EXODI
3027 436 3224 502 GAP.
3271 436 3358 501 X.

4428 434 4541 499 124

2600 644 2809 709 poena
2855 646 2988 689 11011
3026 625 3154 690 11111
3209 624 3532 692 adductus
3579 625 3840 690 Pharao
3907 622 3988 689 ad
4033 621 4394 707 parendum
4436 642 4541 689 ex-

2603 712 2904 793 sequutio
2951 711 3057 777 hic
3102 721 3427 776 narratur.
3486 714 3584 777 Ac
3630 711 3839 794 primo
3884 707 4146 793 quidem
4191 708 4408 773 iussus
4449 718 4545 774 881

2605 797 2826 862 Μο888
2869 818 3138 861 manum
3188 796 3543 862 extendere
3577 807 3653 861 111
3697 797 3983 862 locustas
4019 806 4391 873 accerseret,
4436 812 4543 878 pro

2603 883 2747 948 iure
2790 883 3049 966 imperii
3093 905 3218 965 quo
3244 883 3427 948 Deus
3464 904 3616 947 eum
3654 890 4025 948 ornaverat.
4096 881 4338 946 Manus
4381 881 4544 945 enim

2603 969 2904 1034 extensio
2951 970 3214 1051 signum
3259 982 3358 1033 est
3393 972 3751 1051 potestatis.
3796 968 3955 1033 Ideo
3991 967 4185 1052 paulo
4222 975 4373 1051 post
4405 967 4544 1032 sub-

2602 1054 2746 1121 iicit
2788 1076 2859 1120 88
2907 1055 3208 1120 baculum
3254 1054 3644 1135 extendisse,
3692 1076 3886 1137 quem
3924 1064 4076 1119 ante
4114 1052 4396 1118 vidimus
4418 1052 4545 1120 loco

2604 1140 2767 1224 regii
2805 1141 3043 1223 sceptri
3079 1142 3280 1206 fuisse
3318 1143 3376 1205 81
3416 1141 3656 1206 (18111111.
3705 1138 3992 1206 Perinde
4030 1140 4235 1224 igitur
4269 1151 4368 1203 est
4404 1158 4474 1204 ac
4496 1138 4548 1204 si

2606 1226 2788 1291 Deus
2822 1228 3222 1310 praefectum
3259 1229 3680 1303 constituens,
3719 1227 4068 1293 subiiceret
4103 1226 4163 1290 ei
4187 1245 4388 1301 mare,
4427 1233 4549 1289 ter-

2606 1334 2767 1390 ram,
2805 1324 2870 1377 et
2896 1325 3134 1379 aerem.
3204 1311 3296 1380 Ut
3320 1322 3541 1378 tamen
3590 1311 3886 1379 subsidat
3920 1314 3988 1377 in
4028 1311 4236 1395 gradu
4274 1310 4547 1375 ministri

2606 1420 2736 1463 non
2784 1398 2940 1464 dicit
2975 1399 3257 1464 locustas
3293 1400 3591 1482 erupisse
3628 1399 3709 1463 ad
3755 1420 3943 1464 suum
3982 1396 4387 1477 mandatum,
4445 1394 4550 1461 sed

2606 1485 2867 1549 laudem
2920 1487 3133 1568 operis
3172 1485 3466 1551 vindicat
3516 1487 3630 1549 uni
3670 1487 3829 1550 Deo,
3922 1487 4141 1567 Atque
4195 1484 4356 1549 haec
4393 1484 4549 1547 ratio

2607 1570 2916 1653 loquendi
2964 1581 3189 1636 notatu
3257 1571 3459 1656 digna
3517 1582 3656 1650 est,
3725 1593 3809 1636 ex
3846 1591 3976 1654 qua
4014 1569 4326 1634 discimus
4368 1568 4550 1633 mini-

2608 1668 2780 1721 stros
2803 1657 2948 1734 Dei,
2995 1658 3295 1739 quamvis
3335 1658 3499 1722 nihil
3536 1678 3616 1724 ex
3669 1679 3740 1722 se
3790 1657 4101 1731 afferant,
4155 1676 4286 1719 non
4341 1666 4551 1719 tamen

2609 1741 2835 1808 ludere
2884 1762 3149 1825 operam
3166 1793 3200 1831 „
3240 1745 3392 1826 01118
3454 1744 3724 1827 spiritus
3781 1743 4070 1808 efficacia
4125 1763 4275 1806 cum
4340 1760 4552 1805 corum

2609 1850 2766 1893 voce
2809 1830 3157 1895 coniuncta
3191 1839 3310 1905 est,
3358 1850 3567 1912 neque
3606 1848 3823 1893 tamen
3870 1829 4016 1893 ideo
4052 1828 4410 1911 quidquam
4453 1825 4553 1890 de-

2610 1914 2801 1979 libari
2840 1937 2922 1979 ex
2969 1914 3097 1979 Dei
3139 1915 3386 1980 virtute
3417 1914 3586 1998 quod
3622 1914 3703 1980 ad
3730 1917 3904 1997 ipsos
3942 1923 4266 1979 transeat:
4308 1911 4554 1996 quando

2612 2001 2874 2065 nonnisi
2954 2021 3205 2084 organa
3281 2010 3438 2066 sunt
3517 2023 3683 2084 01188
3753 2001 3877 2066 Dei
3955 2020 4158 2065 manu
4234 2001 4302 2064 in
4374 2018 4554 2064 usum

2611 2108 2804 2152 suum
2844 2086 3276 2169 applicantur.
3368 2086 3481 2153 Sic
3525 2088 3747 2152 Moses
3793 2108 3922 2152 non
3970 2086 4216 2150 frustra
4260 2107 4383 2151 1188
4426 2087 4554 2149 ina-

2611 2172 2789 2237 niter
2833 2182 3097 2238 extento
3144 2172 3373 2240 baculo
3430 2176 3760 2257 praecepit
3825 2173 4095 2237 locustis
4138 2183 4211 2236 ut
4256 2169 4553 2237 ascende·

2612 2268 2780 2336 rent,
2839 2258 2991 2341 quia
3045 2260 3268 2324 statim
3325 2260 3628 2343 apparuit
3685 2260 3958 2324 effectus
4016 2256 4331 2323 mandati.
4435 2257 4555 2321 Ne·

2612 2365 2738 2427 que
2783 2354 3005 2409 tamen
3050 2345 3192 2428 ipse
3235 2345 3484 2412 creavit
3528 2346 3843 2421 locustas,
3909 2364 4121 2427 neque
4165 2343 4385 2409 baculi
4428 2345 4555 2427 agi·

2612 2431 2858 2495 tatione
2910 2452 3020 2496 eas
3082 2432 3387 2510 attraxit,
3455 2431 3570 2496 sed
3636 2432 3923 2514 impulsu
3979 2431 4162 2496 venti
4227 2430 4556 2495 orientalis

2614 2516 2929 2582 divinitus
2975 2525 3134 2581 sunt
3182 2516 3516 2583 adductae.
3604 2517 3760 2601 Ipsa
3811 2527 4027 2581 autem
4076 2515 4372 2582 collectio
4431 2526 4557 2581 tam

2612 2603 2827 2668 subita
2870 2613 3131 2685 praeter
3175 2614 3451 2668 naturae
3495 2602 3790 2668 ordinem
3839 2603 4008 2667 haud
4058 2601 4250 2667 dubie
4312 2602 4555 2668 accidit.

2612 2689 2841 2772 Neque
2901 2690 3077 2753 enim
3144 2689 3202 2754 si
3265 2696 3461 2755 vento
3519 2688 3638 2754 has
3695 2703 3914 2773 partes
3973 2689 4321 2754 mandavit
4367 2690 4554 2768 Deus,

2612 2774 2767 2840 inde
2808 2775 3112 2859 protinus
3155 2776 3452 2858 sequitur
3498 2777 3619 2842 hoc
3673 2798 3815 2841 8888
3872 2776 4213 2841 118118111111.
4305 2773 4557 2841 Scimus

2612 2861 2869 2925 Eurum
2933 2862 3263 2926 salubrem
3333 2882 3408 2929 ac
3476 2864 3700 2926 mitem
3768 2883 3909 2927 esse
3978 2870 4280 2927 ventum:
4364 2881 4558 2944 quan·

2613 2967 2811 3029 quam
2878 2947 3161 3013 Iudaeae
3229 2957 3528 3031 respectu
3596 2949 3929 3014 interdum
3992 2948 4393 3031 procellosus
4447 2956 4554 3025 est,

2613 3054 2745 3098 non
2791 3041 3012 3099 tamen
3071 3033 3408 3118 probabile
3458 3034 3754 3116 videtur,
3804 3034 3902 3099 vel
3948 3035 4199 3118 impetu
4258 3033 4402 3100 eius
4460 3032 4556 3099 vel

2614 3120 2988 3203 contagioso
3066 3122 3230 3185 flatu
3318 3120 3702 3205 Aegyptum
3791 3121 4183 3185 naturaliter
4271 3129 4555 3203 opertam

2612 3205 2820 3270 fuisse
2877 3206 3166 3272 locustis.
3270 3207 3403 3272 Sed
3456 3208 3598 3272 fieri
3642 3216 3857 3290 potest
3909 3219 3984 3272 ut
4045 3208 4225 3272 Deus
4281 3206 4555 3289 repenti·

2616 3313 2700 3356 no
2761 3291 3019 3356 turbine
3074 3292 3409 3377 ingentem
3457 3293 3858 3359 locustarum
3902 3293 4153 3376 copiam
4199 3292 4557 3375 impellens,

2615 3379 3017 3463 propinquae
3081 3378 3285 3444 cladis
3348 3381 3613 3464 signum
3680 3379 3934 3445 dederit
3992 3379 4376 3464 Aegyptiis,
4438 3397 4557 3463 quo

2614 3465 3028 3530 manifestius
3066 3475 3239 3530 esset
3283 3487 3411 3530 non
3459 3465 3725 3530 aliunde
3767 3487 3965 3548 0118111
4008 3488 4091 3531 ex
4138 3467 4346 3532 Mosis
4382 3485 4558 3549 prae·

2615 3550 2896 3617 dictione
2957 3571 3068 3616 eas
3126 3572 3268 3618 esse
3341 3562 3623 3618 exortas.
3737 3551 3927 3634 Quod
3995 3553 4212 3618 11111188
4278 3571 4558 3635 unquam

2616 3637 2778 3703 tales
2819 3638 3023 3703 fuisse
3067 3638 3242 3703 visas
3288 3637 3463 3718 dicit,
3510 3647 3576 3703 et
3599 3638 3766 3704 tales
3794 3639 3865 3702 in
3912 3647 4243 3720 posterum
4273 3656 4557 3721 unquam

2615 3725 2750 3788 1018
2796 3733 3025 3809 negat,
3092 3745 3223 3787 11011
3271 3723 3660 3790 adversatur
3715 3725 4087 3790 sententiae
4149 3724 4345 3791 108118
4393 3725 4449 3804 1,
4490 3722 4557 3787 4:

2614 3809 2728 3893 qui
2789 3812 2986 3874 etiam
3044 3809 3330 3875 affirmat
3383 3810 3515 3875 tale
3560 3811 3934 3895 exemplum
3983 3831 4322 3893 nunquam
4369 3811 4558 3875 exsti-

2616 3898 2771 3961 tisse
2828 3905 2900 3961 ut
2958 3895 3296 3961 residuum
3350 3918 3584 3961 erucae
3643 3896 4013 3964 comederet
4055 3898 4342 3977 locusta,
4409 3895 4558 3962 1881-

2616 3981 2815 4047 duum
2896 3983 3181 4048 locustae
3261 3983 3629 4048 comederet
3696 3983 4024 4062 bruchus,
4103 3995 4169 4048 et
4233 3982 4558 4049 residuum

2615 4068 2845 4133 bruchi
2892 4067 3263 4134 comederet
3306 4068 3494 4135 hasil.
3584 4070 3812 4152 Neque
3870 4070 4046 4136 enim
4108 4069 4242 4134 illic
4301 4069 4383 4133 de
4438 4088 4561 4132 11118

2615 4163 2868 4219 1811111111
2931 4174 3141 4239 poena
3199 4155 3497 4236 disserit,
3554 4156 3666 4221 sed
3727 4154 3806 4220 de
3865 4156 4046 4220 varia
4098 4163 4165 4219 et
4213 4151 4557 4238 multiplici

2615 4240 3122 4307 continuatione.

2793 4327 2891 4392 16.
2944 4328 3117 4392 Tunc
3156 4328 3479 4409 festinavit
3525 4327 3801 4393 Pharao.
3861 4328 4228 4393 Festinatio
4276 4328 4437 4394 haec
4479 4349 4557 4392 ex

2618 4412 3050 4496 trepidatione
3094 4422 3161 4477 et
3203 4420 3418 4493 metu,
3477 4415 3631 4497 01118
3688 4412 3770 4478 ad
3815 4428 4110 4479 extrema
4154 4436 4360 4498 usque
4402 4434 4555 4479 ven·

2617 4510 2759 4565 tum
2827 4510 2989 4578 erat,
3056 4519 3176 4563 nec
3242 4520 3494 4564 moram
3560 4501 3931 4583 patiebatur
3995 4500 4152 4565 mali
4233 4502 4554 4567 811081188.

2614 4586 2762 4651 Ηο8
2825 4585 3030 4668 igitur
3074 4585 3304 4650 ardore
3349 4586 3745 4651 anxietatem
3791 4607 3979 4652 suam
4023 4587 4243 4670 prodit
4286 4588 4555 4670 Pharao,

2615 4670 2728 4735 ubi
2773 4669 2856 4735 ad
2902 4671 3152 4748 Mosen,
3198 4692 3394 4753 quem
3437 4691 3650 4755 nuper
3694 4674 4058 4756 expulerat,
4127 4673 4554 4738 revocandum

2615 4779 2746 4821 non
2813 4756 3002 4821 modo
3068 4766 3299 4840 sponte
3367 4758 3676 4838 inclinat,
3746 4758 3860 4824 sed
3926 4759 4225 4825 celeriter
4292 4760 4554 4842 rapitur.

2617 4842 2805 4925 Quae
2871 4843 3214 4908 subiicitur
3276 4844 3596 4910 8011188810
3677 4845 3938 4909 tametsi
4007 4868 4091 4910 ex
4150 4845 4393 4930 duplici
4452 4841 4555 4907 vel

2618 4929 2827 4995 fallaci
2874 4928 3066 4995 corde
3112 4930 3425 5008 manavit,
3476 4952 3607 4995 non
3653 4931 3779 4995 fuit
3820 4941 4036 4996 tamen
4075 4951 4346 5015 prorsus
4389 4933 4553 4995 ficta.

2617 5017 2844 5099 Neque
2909 5016 3085 5080 enim
3154 5014 3586 5080 dubitandum
3657 5026 3758 5081 881
3824 5017 3978 5100 011111
4049 5016 4151 5104 (111
4213 5019 4334 5083 sibi
4394 5015 4554 5080 male

2616 5103 2914 5168 conscius
2971 5110 3114 5165 erat
3171 5101 3458 5188 Pharao)
3519 5103 3699 5168 Deus
3761 5125 3980 5169 vocem
4040 5105 4211 5171 hanc
4269 5102 4554 5188 perculso

2616 5198 2681 5252 et
2745 5188 3023 5273 flagellis
3089 5197 3312 5253 coacto
3378 5189 3757 5252 extorserit:
3849 5190 4144 5256 Peccavi.
4253 5187 4555 5255 'Ponenda

2617 5275 2793 5339 enim
2853 5284 2953 5340 est
3011 5273 3374 5351 distinctio,
3443 5295 3636 5357 quam
3702 5286 3857 5340 81118
3912 5278 4096 5359 posui
4143 5278 4312 5341 inter
4353 5275 4552 5359 hypo·

2617 5360 2838 5440 critas,
2883 5359 3114 5443 quibus
3157 5361 3427 5426 mentiri
3470 5371 3536 5425 et
3579 5361 3806 5426 fallere
3843 5363 4247 5445 propositum
4292 5371 4408 5440 est,
4452 5356 4552 5422 vel
