4867 6150
581 430 706 496 107

574 671 579 677 ,
625 614 897 683 recibus.
985 612 1283 699 Urgebat
1315 613 1492 678 enim
1528 611 1884 680 necessitas
1919 610 2001 675 ad
2044 608 2525 695 implorandam

651 705 711 767 ei
754 721 983 785 pacem
1043 710 1111 765 et
1153 700 1435 764 veniam.
1526 696 1921 781 Quanquam
1982 698 2125 762 fieri
2182 706 2394 780 potest
2448 704 2527 761 ut

574 797 798 856 astute
841 787 967 855 sub
1021 786 1359 870 religionis
1413 792 1762 867 praetextu
1819 783 2075 849 animos
2120 804 2346 848 eornm
2402 782 2524 847 sibi

574 874 919 941 devinctos
962 880 1190 938 tenere
1236 871 1532 936 voluerit.
1596 871 1764 935 Nam
1810 870 2008 934 anxie
2045 868 2170 933 sibi
2213 867 2525 948 cavendo,

576 960 1017 1027 diffidentiam
1078 978 1265 1024 suam
1321 955 1555 1040 prodit.
1658 955 1963 1038 Denique
2017 976 2244 1040 preces
2301 976 2527 1020 eorum

578 1045 980 1131 stipulando,
1024 1044 1247 1109 funem
1291 1041 1518 1108 iniecit
1552 1062 1679 1125 quo
1725 1062 1835 1107 eos
1874 1040 1957 1117 ad
2005 1064 2093 1119 se,
2139 1048 2286 1124 post
2328 1040 2526 1107 sacri-

584 1134 805 1199 ficium
851 1137 1205 1215 peractum,
1252 1128 1634 1193 retraheret.

759 1217 862 1284 29.
907 1216 997 1281 Et
1035 1216 1203 1281 dixit
1245 1214 1488 1281 Moses:
1546 1214 1732 1291 Ecce,
1787 1233 1893 1296 eye
1948 1212 2243 1295 emedior.
2347 1210 2529 1276 Huic

582 1301 1011 1389 postulationi
1046 1322 1175 1366 non
1222 1298 1572 1383 respondet
1615 1300 1870 1377 Moses,
1917 1307 2143 1381 utpote
2203 1296 2317 1380 qui
2363 1298 2527 1362 scie·

584 1392 697 1457 bat
741 1387 922 1455 aliud
965 1408 1107 1454 esse
1132 1387 1260 1465 Dei
1303 1385 1676 1452 consilium:
1715 1394 1784 1450 et
1827 1387 1967 1449 iure
2002 1404 2396 1467 suspensum
2425 1404 2527 1448 re-

582 1476 775 1559 liquit
808 1495 1002 1558 quem
1046 1473 1337 1540 nondum
1376 1471 1635 1538 volebat
1677 1470 1819 1536 fieri
1857 1470 2207 1537 conscium.
2253 1469 2360 1532 Ita
2396 1490 2526 1534 non

583 1570 686 1629 est
726 1583 842 1627 cur
885 1559 1099 1625 malae
1144 1557 1297 1623 fidei
1336 1558 1759 1624 insimuletur
1801 1557 1912 1639 qui
1948 1556 2226 1621 fideliter
2270 1554 2525 1619 iniunc-

583 1658 687 1713 tas
729 1648 849 1712 sibi
896 1651 1117 1730 partes
1160 1644 1489 1728 implevit:
1550 1642 1813 1709 reticuit
1875 1651 2093 1707 autem
2150 1640 2320 1723 quod
2379 1661 2527 1723 pro-

582 1734 757 1800 ferre
799 1732 1016 1798 iussus
1061 1752 1195 1795 non
1240 1740 1411 1808 erat,
1479 1729 1611 1794 imo
1665 1727 1838 1811 quod
1892 1728 2150 1794 volebat
2192 1727 2376 1792 Deus
2422 1734 2526 1811 ty·

582 1839 793 1885 ranno
835 1838 978 1883 esse
1021 1815 1492 1884 absconditum.
1549 1815 1899 1881 Caeterum
1924 1823 2187 1880 sanctus
2210 1812 2531 1897 propheta

586 1906 669 1972 ob
719 1903 895 1988 regis
954 1902 1295 1986 perfidiam
1343 1902 1451 1983 pia
1493 1900 1943 1985 indignatione
1987 1919 2333 1975 accensus,
2396 1919 2527 1963 non

586 1991 813 2057 statim
850 2010 1124 2073 poenam
1151 1988 1449 2065 remittit,
1486 1987 1600 2053 sed
1625 1987 1847 2052 differt
1875 1988 1942 2050 in
1967 1985 2138 2050 diem
2163 1994 2527 2068 posterum:

586 2085 654 2143 et
693 2097 918 2142 severe
962 2086 1302 2159 praeterea
1345 2072 1718 2150 denunciat,
1764 2074 1818 2139 si
1864 2071 2132 2139 mentiri
2155 2077 2390 2155 pergat
2409 2091 2525 2135 no·

587 2183 743 2228 xam
788 2162 926 2227 eius
971 2160 1181 2225 fraudi
1225 2169 1524 2244 paratam
1568 2160 1724 2225 fore.
1793 2159 2071 2224 Tantam
2120 2158 2291 2223 hanc
2327 2156 2532 2221 animi

585 2246 1112 2333 magnitudinem
1173 2267 1256 2311 ex
1322 2245 1651 2311 miraculis
1716 2245 2087 2328 collegerat,
2142 2243 2377 2325 quibus
2434 2242 2533 2306 in-

591 2333 1031 2418 superabilem
1080 2332 1204 2397 Dei
1250 2332 1606 2415 potentiam
1655 2340 1987 2414 expertus,
2052 2326 2331 2394 timendi
2375 2349 2533 2394 cau-

592 2441 737 2487 sam
781 2440 913 2485 non
960 2417 1258 2483 habebat.
1326 2418 1545 2483 Rarae
1589 2416 1768 2483 enim
1810 2416 2082 2481 virtutis
2126 2414 2269 2493 fuit,
2315 2414 2530 2496 palam

596 2513 664 2572 et
704 2506 777 2569 in
821 2505 1055 2570 faciem
1099 2514 1377 2591 tyranno
1435 2503 1829 2586 exprobrare
1875 2523 1995 2568 sua
2036 2498 2411 2579 mendacia,
2468 2507 2538 2564 et

592 2591 788 2657 simul
827 2590 1119 2655 minitari
1162 2609 1433 2673 poenam
1481 2590 1612 2654 nisi
1657 2611 1695 2654 a
1740 2588 1903 2654 dolis
1941 2586 2130 2651 malis
2167 2586 2528 2651 desisteret.

597 2677 909 2743 Diximus
944 2697 1099 2741 vero
1135 2685 1348 2754 antea,
1386 2675 1617 2741 Mosen
1655 2696 1786 2739 non
1823 2694 1939 2757 pro
1986 2673 2086 2737 rio
2122 2673 2323 2737 animi
2347 2684 2530 2736 motu

593 2763 796 2829 fuisse
834 2762 1195 2845 pollicitum
1220 2762 1556 2827 Pharaoni
1592 2760 1767 2845 quod
1802 2780 1959 2844 roga
2005 2768 2090 2837 at,
2127 2759 2239 2824 sed
2264 2758 2532 2842 speciali

591 2848 881 2933 impulsu
950 2857 1085 2912 tam
1156 2847 1560 2913 confidenter
1623 2848 1966 2929 loquutum
2032 2845 2248 2910 fuisse.
2356 2844 2530 2909 Nam

593 2934 919 3020 generalis
976 2935 1354 3019 promissi0‚
1418 2954 1546 3016 qua
1609 2934 1791 2999 Deus
1856 2952 2196 2999 servorum
2263 2950 2531 2996 suorum

594 3022 769 3088 votis
832 3041 902 3087 se
966 3021 1104 3086 fore
1168 3019 1521 3104 propitium
1586 3020 1902 3099 affirmat,
1978 3037 2112 3083 non
2182 3016 2375 3083 debet
2448 3015 2532 3082 ad

599 3106 897 3193 singulas
934 3107 1188 3194 *species
1232 3106 1426 3185 trahi,
1473 3113 1547 3170 ut
1590 3105 1713 3172 hoc
1758 3105 1860 3172 vel
1906 3104 2072 3170 illud
2117 3112 2293 3170 certo
2337 3102 2532 3167 modo

591 3215 665 3261 se
727 3194 1186 3276 impetraturos
1251 3191 1602 3270 confidant,
1634 3192 1801 3257 ·nisi
1865 3190 2130 3257 accedat
2201 3189 2533 3275 singulare

591 3278 853 3362 aliquod
898 3280 1343 3345 testimonium
1383 3302 1470 3344 ex
1514 3277 1711 3344 verbo
1754 3287 1822 3343 et
1861 3278 2098 3362 spiritu
2145 3276 2289 3341 Dei.

765 3365 869 3430 31.
933 3361 1022 3429 Et
1088 3365 1236 3446 fecit
1293 3362 1524 3430 Iehova
1591 3365 1934 3431 secundum
1995 3363 2248 3428 verbum
2314 3361 2534 3427 Mosis.

595 3449 892 3517 Verbum
943 3449 1048 3515 hic
1091 3461 1228 3515 tam
1284 3450 1364 3515 de
1418 3471 1728 3533 responso
1770 3469 1966 3532 quam
2011 3448 2092 3514 de
2137 3449 2345 3514 Mosis
2389 3469 2534 3532 pre-

592 3537 851 3604 catione
908 3545 1125 3618 potest
1181 3537 1442 3619 exponi.
1533 3536 1728 3601 Prius
1782 3535 1945 3601 illud
1999 3534 2213 3619 magis
2269 3532 2534 3612 arridet,

593 3624 832 3689 effectu
876 3621 1127 3690 scilicet
1168 3622 1311 3706 ipso
1334 3620 1552 3688 Deum
1595 3622 1904 3705 probasse
1938 3627 2159 3686 ratum
2195 3642 2266 3687 se
2291 3621 2536 3687 habere

593 3708 765 3793 quod
822 3707 1078 3773 dixerat
1128 3707 1347 3775 Moses
1364 3760 1378 3788 ,
1446 3730 1638 3792 quem
1698 3709 2125 3776 constituerat
2168 3707 2389 3774 iudicii
2435 3706 2536 3772 sui

593 3813 1021 3881 praeconem:
1086 3794 1144 3859 si
1199 3795 1349 3878 quis
1407 3805 1631 3860 tamen
1677 3795 1759 3861 ad
1804 3795 2244 3878 precationem
2288 3794 2538 3860 referre

592 3880 799 3960 malit,
844 3881 1100 3945 fruatur
1142 3901 1260 3945 suo
1304 3902 1521 3947 sensu.
1590 3881 1721 3948 Ubi
1763 3880 1944 3946 addit
1987 3880 2113 3946 hac
2154 3880 2353 3945 etiam
2398 3879 2539 3945 vice

594 3973 1026 4052 aggravatum
1087 3967 1286 4032 fnisse
1329 3988 1440 4032 cor
1496 3967 1705 4052 regis,
1771 3966 2020 4033 crimen
2085 3965 2539 4032 obstinationis

594 4062 986 4139 exaggerat:
1044 4073 1120 4117 eo
1177 4052 1349 4136 quod
1393 4052 1618 4118 nullus
1662 4051 1861 4118 fuerit
1905 4051 2265 4118 rebellandi
2308 4050 2541 4117 modus

594 4140 669 4204 in
701 4148 887 4204 tanta
920 4159 1281 4221 poenarum
1304 4140 1625 4223 congerie,
1650 4140 1889 4223 quibus
1923 4139 2030 4205 vel
2067 4136 2354 4204 ferreum
2390 4157 2540 4222 pec·

595 4234 704 4292 tus
749 4225 983 4309 corrigi
1030 4223 1316 4290 decebat.

1333 4566 1638 4635 CAPUT
1683 4566 1809 4632 IX.

771 4739 827 4802 1.
872 4738 1049 4804 Tunc
1083 4739 1251 4805 dixit
1292 4739 1524 4806 Iehova
1565 4740 1652 4806 ad
1695 4738 1917 4806 Mosen
1931 4764 1950 4803 .·
2023 4739 2194 4804 Vade
2238 4739 2324 4805 ad
2371 4736 2543 4803 Pha-

594 4844 864 4903 raonem,
925 4829 980 4888 et
1037 4824 1280 4907 loquere
1330 4827 1415 4892 ad
1472 4846 1643 4891 eum:
1710 4825 1820 4893 Sic
1877 4826 2032 4892 dicit
2086 4821 2317 4890 Iehova
2359 4822 2543 4889 Deus

597 4910 1059 4976 Hebraeorum.-
1141 4910 1411 4977 Dimitte
1461 4912 1770 4994 populum
1832 4931 2040 4979 meum
2117 4916 2189 4976 ut
2264 4912 2542 4976 serviant

595 4995 773 5063 mhi.
860 4996 922 5063 2.
976 4997 1153 5078 Quod
1194 4999 1256 5063 si
1292 5003 1361 5063 tu
1403 4999 1623 5064 renuis
1662 5018 1803 5064 eum
1844 4999 2168 5078 dimittere,
2234 5003 2294 5062 et
2332 4997 2540 5063 adhuc

595 5089 665 5150 tu
704 5083 933 5148 retime-
989 5102 1122 5148 eos.-
1206 5082 1266 5148 3.
1322 5082 1509 5163 Eece,
1565 5104 1795 5150 manus
1851 5084 2119 5150 lehovae
2173 5083 2293 5148 erit
2345 5104 2537 5164 super

592 5189 834 5255 yreyem
876 5173 1054 5233 tuum
1095 5168 1207 5250 qui
1247 5174 1338 5234 est
1376 5169 1445 5234 in
1489 5190 1670 5253 cyro.-
1713 5169 1784 5233 in
1822 5171 2021 5252 equi-9,
2079 5170 2151 5234 in
2193 5170 2419 5246 asinis,
2464 5171 2536 5235 in

596 5254 867 5333 camelis,
922 5254 993 5317 in
1048 5255 1349 5321 armentis
1398 5260 1454 5320 et
1511 5256 1583 5322 in
1638 5255 1854 5321 ovibus
1883 5256 2087 5337 pestis
2123 5256 2529 5341 mavi-ssime.

597 5341 658 5405 4.
708 5340 797 5404 Et
836 5339 1176 5424 distinyuet
1230 5340 1462 5408 Iehova
1501 5342 1667 5408 inter
1696 5360 1926 5425 pecora
1971 5340 2207 5424 Israel,
2261 5348 2319 5409 et
2371 5343 2534 5410 inter

1765 421 2513 491 COMMENTARIUS
2553 421 2657 489 IN
2699 419 3003 487 EXODI
3048 419 3241 489 OAP.
3288 421 3413 488 IX.

4446 422 4555 490 108

2618 631 2855 696 pecora
2913 612 3217 696 Aeyypti:
3277 616 3348 676 ut
3401 630 3527 676 non
3592 611 3905 678 moriatur
3959 611 4306 693 quidquam
4366 632 4558 678 eorum

2629 719 2789 779 quae
2842 703 2992 763 swnt
3047 698 3221 779 apud
3271 697 3437 779 filios
3500 695 3725 763 Israel.
3826 696 3885 762 5.
3934 696 4022 764 Et
4084 698 4304 762 statue
4347 696 4557 765 Iehova

2628 789 2889 865 tempuS,
2934 784 3223 850 dicendo.-
3270 782 3431 848 oras
3461 784 3652 865 faciet
3675 782 3906 849 Iekova
3925 803 4059 848 rem
4090 783 4250 848 hanc
4283 783 4352 849 in
4383 789 4555 851 teu-ra.

2632 870 2691 936 6.
2740 868 2917 935 Fecit
2948 870 3161 952 itaque
3205 867 3437 935 Iehova
3476 889 3610 935 rem
3652 868 3814 934 hanc
3839 874 4089 951 postero
4131 868 4263 933 die.-
4317 875 4370 934 et
4409 890 4556 934 mor·

2627 961 2804 1020 tuum
2847 960 2937 1020 est
2979 974 3154 1020 omne
3185 974 3384 1038 pecus
3403 955 3710 1039 Aeyypti:
3752 956 3829 1021 de
3858 974 4082 1037 pecore
4114 974 4258 1020 vero
4297 955 4559 1037 filiorum

2630 1040 2840 1107 Israel
2878 1061 2956 1105 ne
2999 1060 3197 1106 unum
3238 1041 3489 1122 quidem
3532 1041 3778 1106 animal
3821 1045 4133 1106 mortuum
4173 1045 4279 1106 est.
4385 1043 4439 1108 7.
4483 1041 4562 1107 Et

2626 1128 2805 1192 misit
2849 1126 3136 1206 Pherae,
3180 1131 3237 1191 et
3278 1145 3421 1200 ecce,
3462 1147 3539 1191 ex
3572 1146 3787 1207 pecore
3832 1126 4041 1192 Israel
4082 1147 4159 1191 ne
4199 1148 4395 1192 unum
4435 1130 4561 1210 qui-

2626 1215 2768 1279 dem
2810 1211 3053 1278 animal
3096 1217 3412 1277 mortuum
3451 1218 3602 1278 erat.
3690 1212 3782 1277 Et
3835 1216 4245 1297 ayyravatum
4293 1214 4420 1295 fuit
4466 1234 4561 1281 cor

2633 1298 3013 1377 Pharaonis,
3051 1303 3120 1362 ut
3160 1317 3283 1363 non
3324 1298 3659 1364 dimitteret
3687 1299 4013 1389 populum.

2805 1470 2863 1535 1.
2906 1470 3083 1536 Tunc
3123 1471 3292 1535 dixit
3334 1470 3581 1535 Iehova.
3671 1468 3871 1535 Nulla
3912 1469 4020 1534 hic
4064 1470 4347 1537 refertur
4368 1472 4563 1539 Mosis

2630 1556 3072 1641 querimonia,
3131 1556 3240 1621 vel
3286 1554 3756 1639 expostulatio:
3803 1565 3872 1620 et
3913 1556 4057 1621 fieri
4102 1566 4314 1638 potest
4372 1567 4443 1623 ut
4495 1579 4562 1625 eo

2630 1652 2888 1709 tacente
2933 1652 3002 1706 et
3049 1640 3297 1726 quieto,
3358 1642 3764 1725 prospexerit
3808 1643 3992 1708 Deus
4052 1643 4209 1723 quid
4263 1664 4428 1726 opus
4469 1667 4560 1710 es·

2630 1739 2732 1794 set
2774 1727 2971 1805 factu,
3017 1740 3215 1811 atque
3261 1727 3458 1792 etiam
3502 1727 3921 1794 mandaverit
3964 1727 4119 1810 quid
4165 1730 4310 1795 fieri
4355 1728 4561 1796 vellet.

2630 1815 2882 1879 Verum
2948 1815 3099 1897 quia
3165 1821 3424 1879 tantum
3503 1834 3795 1879 summas
3872 1834 4094 1879 rerum
4172 1817 4562 1900 perstringit,

2630 1898 2952 1984 probabili
3019 1899 3271 1965 ratione
3338 1900 3717 1964 existimare
3778 1921 4125 1982 possumus
4146 1950 4162 1983 ‚
4216 1914 4416 1985 prout
4468 1902 4563 1967 in·

2632 1986 3059 2071 gravescebat
3111 1985 3395 2062 malum,
3455 1984 3811 2050 identidem
3873 1984 3954 2049 ad
4014 1987 4380 2053 remedium
4424 2009 4563 2054 con-

2634 2072 2897 2155 fugisse.
2986 2071 3067 2135 In
3131 2070 3632 2136 denunciatione
3670 2093 3803 2137 non
3850 2078 3952 2136 est
4002 2072 4223 2138 inanis
4265 2072 4430 2140 haec
4472 2094 4563 2139 re·

2632 2159 2878 2243 petitio,
2925 2157 3173 2222 Iehova
3219 2157 3402 2222 Deus
3426 2156 3896 2231 Hebraeorum,
3944 2166 4021 2222 ut
4064 2159 4270 2226 discat
4291 2160 4564 2237 Pharao,

2631 2265 2824 2328 quem
2869 2265 2939 2308 se
2983 2243 3304 2325 repulisse
3350 2241 3612 2326 turgido
3657 2264 3774 2308 suo
3808 2243 3985 2308 fastu
4020 2245 4314 2327 putabat,
4361 2245 4564 2311 adhue

2633 2329 2835 2413 capiti
2877 2351 2994 2396 suo
3040 2329 3307 2394 instare.
3389 2328 3678 2393 Insultat
3726 2329 3901 2394 enim
3940 2330 4213 2397 ferociae
4261 2332 4467 2412 Deus,
4509 2339 4566 2396 et

2634 2418 2898 2482 nomine
2959 2436 3076 2481 suo
3131 2416 3202 2479 in
3258 2413 3548 2480 medium
3605 2415 3860 2497 prolato
3920 2416 4167 2482 rabiem
4223 2417 4367 2484 eius
4424 2439 4567 2483 con-

2634 2503 2938 2584 temptim
2981 2500 3258 2567 lacessit.
3349 2500 3661 2566 Diximus
3705 2509 3857 2566 ante
3903 2502 4230 2587 sacrilegii
4272 2504 4567 2570 convinci

2637 2589 3080 2654 Pharaonem:
3128 2585 3299 2670 quod
3344 2586 3657 2670 populum
3703 2587 3830 2651 Dei
3875 2589 4223 2671 opprimat,
4268 2599 4339 2654 et
4361 2590 4567 2655 Deum

2634 2677 2850 2761 ipsum
2892 2671 3155 2739 fraudet
3195 2673 3365 2737 iusto
3403 2672 3670 2739 honore.
3728 2673 3835 2738 Ita
3869 2673 3973 2740 his
3997 2674 4248 2742 verbis:
4298 2676 4568 2741 Dimitte

2635 2760 2951 2845 populum
2995 2780 3213 2824 meum
3258 2769 3331 2823 ut
3375 2760 3665 2824 serviant
3707 2758 3903 2839 mihi,
3964 2759 4136 2827 inest
4177 2760 4436 2844 pondus
4492 2761 4569 2827 ad

2636 2848 2884 2915 crimen
2930 2844 3445 2929 aggravandum.

2808 2933 2869 2998 2.
2923 2931 3099 3014 Quod
3139 2932 3200 2996 si
3241 2931 3473 2997 renuis.
3520 2930 3779 2996 Poenae
3817 2940 3995 2997 metu
4042 2954 4269 2999 rursus
4305 2954 4460 2999 eum
4493 2932 4570 2998 ad

2637 3019 3017 3103 obsequium
3039 3016 3321 3101 impellit
3344 3016 3553 3083 Deus:
3580 3017 3776 3083 sicuti
3801 3037 3947 3083 cum
3971 3020 4358 3102 praefractis
4384 3040 4570 3104 agere

2637 3108 2820 3173 solet.
2914 3104 3216 3188 Spatium
3275 3114 3496 3170 tamen
3544 3102 3806 3186 aliquod
3851 3106 4164 3188 temporis
4220 3104 4324 3193 (ut
4369 3105 4574 3194 prius)

2636 3191 2932 3260 concedit
2975 3189 3057 3256 ad
3102 3190 3229 3256 resi
3279 3191 3655 3270 iscentiam,
3721 3191 3778 3256 si
3833 3191 4002 3278 forte
4060 3214 4343 3276 pravum
4393 3213 4569 3259 recu-

2636 3276 2824 3346 sandi
2869 3277 3176 3342 affectum
3258 3284 3510 3359 eponat.
3599 3275 3820 3360 Atque
3885 3276 4008 3344 hoc
4063 3300 4240 3345 nunc
4308 3278 4569 3354 distine-

2635 3366 2768 3431 tius
2808 3372 3276 3432 commemorat
3330 3363 3553 3429 Moses
3597 3361 3639 3429 5
3681 3384 3911 3430 versu:
3972 3371 4111 3430 tum
4155 3372 4234 3430 ut
4276 3364 4573 3433 ostendat

2635 3451 2962 3535 perditam
3018 3451 3089 3514 in
3129 3448 3384 3515 malitia
3425 3450 3960 3530 obstinationem,
4018 3450 4187 3535 quod
4248 3459 4571 3537 tyrannus

2637 3538 2852 3603 derisa
2905 3537 3224 3621 patientia
3282 3535 3410 3601 Dei
3462 3557 3648 3602 suam
3703 3535 4038 3602 libidinem
4095 3546 4414 3621 sequutus
4458 3539 4568 3604 sit:

2638 3632 2779 3690 tum
2814 3625 3014 3689 etiam
3049 3629 3125 3687 ut
3166 3622 3411 3687 certius
3446 3642 3526 3687 ex
3551 3622 3863 3705 temporis
3885 3624 4378 3690 circumstantia
4397 3633 4570 3708 pate-

2638 3711 2756 3777 fiat
2798 3731 2930 3775 non
2974 3729 3160 3787 casu,
3206 3707 3319 3774 sed
3346 3708 3474 3774 Dei
3508 3728 3710 3774 manu
3731 3730 4039 3793 percussa
4061 3710 4262 3776 fuisse
4291 3710 4575 3796 Aegypti

2638 3816 2892 3880 pecora.
2958 3795 3041 3860 In
3086 3794 3395 3859 adverbio
3431 3792 3667 3860 Adhuc
3705 3796 3932 3860 subest
3966 3817 4247 3862 vesanae
4292 3799 4572 3879 pertina-

2639 3884 2777 3948 ciae
2821 3881 3218 3965 obiurgatio:
3265 3882 3452 3962 quasi
3496 3879 3743 3947 diceret
3784 3882 4006 3948 Moses
4049 3883 4211 3947 satis
4254 3902 4572 3965 superque

2640 3975 3064 4053 provocatum
3101 3967 3299 4032 fuisse
3335 3964 3584 4030 Deum:
3629 3965 3921 4050 ideoque,
3965 3968 4091 4034 nisi
4134 3967 4429 4049 desistat,
4473 3989 4575 4033 no-

2644 4075 2762 4120 vas
2805 4063 2875 4118 et
2907 4052 3257 4119 atrociores
3293 4050 3521 4136 plagas
3568 4053 3709 4118 Deo
3752 4054 3820 4118 in
3867 4062 4172 4138 promptu
4217 4075 4382 4135 esse,
4436 4055 4572 4137 qui·

2642 4142 2765 4207 bus
2787 4161 2941 4206 eum
2963 4147 3277 4204 conterat.
3324 4139 3537 4204 Pestis
3571 4140 3932 4222 appositive
3968 4149 4242 4207 vocatur
4265 4138 4396 4206 Dei
4441 4160 4572 4205 ma-

2643 4248 2802 4291 nus:
2842 4227 2993 4309 quia
3027 4247 3067 4290 a
3100 4228 3270 4290 iusto
3292 4224 3433 4291 eius
3467 4223 3707 4290 iudicio
3730 4227 4091 4308 proveniat.
4137 4225 4378 4292 Oausis
4402 4228 4572 4291 enim

2645 4312 3074 4392 naturalibus,
3118 4311 3456 4376 hominum
3507 4308 3757 4376 artibus
3806 4311 3909 4377 vel
3949 4312 4260 4396 consiliis,
4304 4323 4374 4377 et
4416 4311 4572 4378 easi-

2645 4398 2768 4464 bus
2824 4398 3109 4462 fortuitis
3159 4398 3511 4480 opponitur
3570 4397 3693 4461 hoc
3745 4418 4013 4464 nomen:
4072 4400 4259 4480 quasi
4304 4397 4574 4464 dixisset

2645 4485 2865 4551 Moses
2908 4504 3177 4548 manum
3222 4483 3348 4549 Dei
3384 4482 3824 4565 apparituram
3876 4506 4018 4552 esse
4058 4485 4131 4549 in
4190 4494 4375 4567 peste
4430 4503 4569 4569 gra·

2647 4572 2931 4648 vissima,
2978 4578 3050 4635 ut
3092 4570 3332 4635 sentiat
3365 4568 3625 4634 Pharao
3670 4571 3946 4636 coeleste
3982 4591 4228 4636 numen
4265 4569 4392 4640 sibi
4434 4590 4571 4636 esse

2641 4657 2974 4722 infestum.
3021 4655 3228 4720 Porro
3271 4655 3390 4721 etsi
3428 4655 3651 4720 mitior
3692 4656 3952 4723 videtur
3986 4677 4130 4722 esse
4164 4656 4362 4757 plaga
4382 4674 4570 4739 quam

2642 4744 3035 4826 superiores:
3082 4742 3235 4824 quia
3279 4751 3497 4807 tamen
3534 4743 3729 4826 longe
3778 4743 3928 4824 plus
3961 4743 4250 4809 iacturae
4284 4763 4355 4807 in
4397 4743 4568 4807 sutu-

2641 4851 2790 4894 rum
2848 4840 3107 4911 tempus
3173 4827 3426 4906 intulit,
3491 4827 3716 4894 durior
3771 4827 3947 4893 hand
4002 4827 4198 4895 dubie
4262 4841 4331 4892 et
4396 4846 4573 4910 aspe-

2638 4917 2772 4980 rior
2816 4915 2938 4980 fuit
2978 4912 3349 4998 Aegyptiis.
3438 4914 3635 4978 Prius
3678 4913 3760 4979 ad
3797 4913 3992 4981 breve
4035 4923 4297 4997 tempus
4341 4913 4570 4978 infesta

2636 5001 2768 5066 illis
2832 5001 3046 5066 fuerat
3108 5021 3344 5064 manus
3393 5000 3553 5075 Dei,
3617 5009 3686 5063 et
3750 5021 3880 5065 una
3935 5021 4085 5068 cum
4148 4997 4568 5065 incommodis

2635 5088 2890 5153 ablatus
2926 5087 3141 5151 suerat
3185 5084 3385 5164 dolor,
3430 5106 3605 5151 nunc
3650 5106 3803 5152 vero
3846 5097 4100 5172 strages
4141 5106 4447 5169 pecorum
4504 5085 4567 5149 in

2634 5193 2844 5239 annos
2902 5172 3269 5254 complures
3327 5169 3639 5237 damnosa
3694 5181 3810 5237 est.
3899 5173 4085 5239 Haec
4147 5172 4324 5237 enim
4388 5170 4568 5253 quasi

2633 5258 2929 5342 gradatio
2992 5257 3067 5322 in
3134 5256 3263 5321 Dei
3326 5255 3582 5322 iudiciis
3647 5255 4116 5324 consideranda
4179 5266 4309 5323 est:
4379 5255 4567 5322 sicuti

2633 5346 2832 5411 etiam
2890 5344 3001 5409 lex
3057 5341 3675 5426 transgressoribus,
3744 5344 3871 5410 nisi
3935 5355 4191 5410 mature
4254 5344 4327 5408 in
4398 5343 4567 5407 viam
