4867 6150
350 427 478 495 529

346 616 460 683 ubi
505 625 715 682 totum
761 617 990 683 Mosen
1036 618 1376 698 evolveris,
1424 627 1490 684 et
1534 618 1887 719 diligenter
1929 618 2298 685 excusseris

344 700 655 786 quidquid
701 702 781 770 de
822 704 1077 769 ratione
1119 705 1423 788 placandi
1468 705 1596 771 Dei
1651 727 1723 771 1n
1776 705 1924 790 lege
1979 703 2299 770 traditum

346 797 469 871 est,
505 789 793 873 reperies
820 788 1097 856 Iudaeos
1121 791 1359 874 ubique
1395 804 1731 857 revocatos
1758 790 1960 857 fuisse
1985 789 2068 856 ad
2104 790 2300 857 sacri-

347 874 511 941 ficia.
592 873 735 941 Iam
772 885 1023 941 certum
1061 886 1181 956 est,
1226 876 1541 961 quidquid
1584 877 1922 943 sacrificiis
1964 875 2298 957 tribuitur,

344 960 626 1044 propriis
683 961 1024 1027 hominum
1083 961 1388 1045 operibus
1445 963 1722 1029 detrahi.
1812 961 2011 1044 Quod
2067 963 2122 1028 si
2170 962 2298 1028 Dei

344 1047 692 1113 consilium
742 1068 871 1112 non
914 1048 1039 1112 fuit
1079 1057 1366 1116 veterem
1395 1048 1710 1132 populum
1748 1049 2040 1114 externis
2085 1068 2295 1115 caere·

342 1133 581 1198 moniis
624 1132 910 1218 affigere,
954 1134 1251 1217 sequitur
1286 1135 1550 1202 nonnisi
1584 1155 1702 1218 per
1737 1136 2003 1201 unicum
2047 1134 2296 1200 media·

343 1226 583 1299 torem,
629 1219 970 1304 sanguinis
1008 1220 1356 1300 effusione,
1404 1221 1485 1288 ab
1530 1222 1710 1286 omni
1749 1231 1934 1286 reatu
1972 1230 2105 1286 tam
2157 1219 2295 1287 cul·

342 1324 467 1388 pae
502 1325 703 1386 quam
751 1325 997 1388 poenae
1062 1304 1311 1372 absolvi
1368 1306 1703 1386 homines,
1768 1316 1842 1372 ut
1894 1307 2297 1392 recipiantur

343 1410 384 1456 a
427 1390 569 1455 Deo
607 1390 676 1456 in
722 1391 1021 1475 gratiam.

516 1476 575 1542 ’1.
641 1474 952 1559 Est-piabit
993 1497 1135 1543 eum
1174 1476 1480 1544 sacerdos,
1568 1477 1674 1544 Ex
1721 1478 1845 1544 hac
1897 1499 2154 1562 quoque
2199 1477 2294 1543 lo-

338 1560 585 1646 quendi
627 1561 836 1628 forma
896 1583 1065 1646 quae
1117 1562 1495 1646 frequenter
1539 1565 1852 1645 occurrit,
1911 1563 2293 1630 discendum

340 1659 476 1726 est,
521 1647 859 1713 victimam
902 1670 1021 1732 per
1063 1670 1133 1715 se
1178 1671 1307 1714 non
1359 1649 1559 1716 fuisse
1612 1649 2081 1734 redemptionis
2146 1670 2293 1733 pre·

342 1735 542 1813 tium,
586 1733 701 1799 sed
743 1734 815 1799 in
855 1735 1218 1801 sacerdotio
1260 1734 1602 1802 fundatam
1646 1757 1789 1802 esse
1832 1735 2290 1820 expiationem.

343 1817 566 1886 Stulte
608 1820 787 1885 enim
832 1830 901 1886 et
941 1842 1285 1904 perperam
1341 1823 1683 1888 finxerunt
1735 1822 1805 1887 in
1866 1823 2294 1889 sacramentis

342 1905 644 1972 homines
733 1904 844 1971 uid
887 1928 1041 1972 uam
1080 1908 1369 1990 operari:
1427 1928 1701 1991 quorum
1755 1909 1852 1974 vis
1904 1916 1971 1971 et
2024 1908 2294 1975 effectus

340 2011 614 2076 prorsus
660 2012 699 2057 a
723 1926 924 2058 iunge
972 2003 1216 2059 manat.
1306 1991 1568 2059 Oblatio
1623 1994 1827 2079 igitur
1880 1994 2141 2077 proprie
2196 1993 2292 2059 lo-

342 2076 636 2161 quendo,
694 2086 995 2162 respectu
1055 2079 1338 2145 hominis
1387 2081 1655 2164 passiva
1705 2091 1805 2145 est
1846 2081 2055 2164 magis
2099 2099 2294 2163 quam

340 2164 575 2230 activa.
678 2162 858 2245 Quid
929 2163 1052 2231 hoc
1122 2165 1368 2244 valeat,
1429 2188 1512 2232 ex
1571 2166 1984 2249 papistarum
2064 2165 2294 2232 delirio

341 2249 583 2316 clarius
619 2250 861 2335 poterit
895 2250 1195 2336 intelligi.
1260 2250 1637 2337 Agnoscere
1675 2251 1931 2334 quidem
1968 2262 2294 2336 coguntur

339 2335 410 2400 in
446 2337 877 2403 sacramentis
914 2336 1211 2403 homines
1249 2357 1319 2402 se
1363 2339 1625 2421 passive
1671 2338 1930 2417 habere,
1967 2347 2294 2420 quatenus

339 2421 670 2505 recipiunt
710 2420 998 2488 oblatam
1041 2423 1177 2490 illic
1220 2421 1349 2489 Dei
1394 2424 1705 2507 gratiam:
1754 2423 1868 2490 sed
1915 2424 2088 2489 hanc
2142 2422 2292 2490 doc-

340 2506 584 2572 trinam
650 2528 802 2573 mox
872 2517 1294 2593 pervertunt,
1354 2508 1662 2594 fingendo
1720 2530 1883 2593 opus
1934 2518 2294 2593 operatum,

341 2600 417 2658 ut
479 2593 853 2676 loquuntur.
942 2593 1146 2678 Atqui
1210 2616 1291 2659 ne
1348 2594 1623 2679 populus
1683 2595 1873 2661 domo
1928 2616 1999 2662 se
2054 2595 2291 2662 afferre

337 2686 604 2764 putaret
625 2679 1093 2765 redemptionis
1161 2682 1418 2759 retium,
1442 2679 1716 2746 subinde
1741 2680 2030 2748 inculcat
2054 2681 2292 2764 Moses,

340 2765 681 2849 proprium
748 2787 889 2833 csse
932 2787 1114 2833 sacer
1159 2767 1284 2832 otis
1328 2788 1567 2832 munus
1612 2768 1869 2851 placare
1915 2768 2165 2848 Deum,
2226 2775 2293 2833 et

340 2852 713 2935 expiatione
756 2861 1093 2935 peccatum
1139 2851 1377 2918 delere.
1468 2851 1844 2920 Observatu
1888 2856 2090 2919 etiam
2151 2854 2293 2938 dig·

341 2959 504 3002 num
547 2946 682 3017 est,
727 2937 902 3021 quod
946 2937 1129 3004 addit
1173 2937 1412 3004 Coram
1449 2938 1727 3019 Iehova,
1785 2941 1939 3023 quia
1981 2939 2105 3006 hac
2142 2961 2292 3023 par·

339 3022 547 3090 ticula
579 3023 907 3091 refutatur
941 3024 1287 3109 profanum
1320 3033 1783 3105 commentum,
1820 3025 2102 3092 civiliter
2143 3036 2293 3092 tan-

340 3116 485 3175 tum
529 3108 631 3196 (ut
673 3110 1073 3198 loquuntur),
1115 3110 1238 3177 hoc
1271 3121 1389 3191 est,
1433 3133 1654 3178 coram
1700 3112 2091 3190 hominibus,
2134 3133 2291 3197 pur-

342 3206 528 3280 gatos
561 3197 765 3263 fuisse
798 3197 1099 3263 homines
1128 3196 1449 3282 legalibus
1493 3198 1857 3265 sacrificiis:
1908 3220 1983 3265 ac
2022 3200 2078 3264 si
2109 3198 2294 3264 nulla

338 3281 477 3347 illic
510 3282 764 3349 inclusa
807 3283 1037 3350 fuisset
1078 3283 1441 3368 spiritualis
1483 3284 1843 3367 promissio.
1928 3286 2129 3368 Atqui
2166 3285 2292 3352 hoc

342 3367 537 3434 modo
601 3368 800 3435 nullis
857 3370 1151 3434 externis
1207 3368 1527 3454 symbolis
1585 3371 1958 3436 confirmati
2013 3370 2289 3437 fuissent

344 3463 565 3539 patres
609 3455 679 3519 in
736 3457 964 3521 veniae
1006 3454 1275 3522 fiducia:
1337 3475 1465 3538 quo
1523 3456 1690 3556 nihil
1753 3456 2102 3556 absurdius
2160 3467 2311 3532 est:²

343 3539 462 3607 sed
504 3562 639 3607 una
679 3542 804 3608 hac
846 3541 1166 3625 particula
1208 3541 1461 3607 tollitur
1505 3541 1936 3626 ambiguitas,
1982 3542 2094 3609 ub1
2138 3548 2308 3627 pro-⁸

342 3629 618 3694 nunciat
663 3628 885 3694 Moses
927 3648 1148 3693 coram
1192 3628 1334 3694 Deo
1377 3627 1583 3694 fuisse
1627 3629 1941 3712 expiatos.

1003 3970 1134 4036 EX
1176 3969 1484 4037 LEVI'I'.
1530 3971 1652 4037 VI.

520 4139 661 4225 8¹).
721 4140 1047 4225 Loquutus
1100 4146 1192 4208 est
1243 4143 1433 4209 etiam
1478 4143 1709 4209 Iehova
1755 4144 1841 4211 ad
1886 4143 2134 4226 Mosen,
2190 4144 2291 4211 di·

344 4226 564 4293 cendo:
626 4226 688 4293 9.
750 4225 1057 4311 Praecipe
1121 4227 1386 4295 Aharon
1442 4234 1501 4294 et
1557 4228 1722 4310 filiis
1785 4230 1954 4311 eius,
2011 4230 2294 4297 dicendo.-

347 4311 525 4378 Haec
564 4317 654 4379 est
692 4312 794 4386 lex
834 4312 1206 4393 holocausti,
1262 4312 1712 4400 (holocaustum
1752 4320 1872 4396 est,
1926 4318 2089 4400 quod
2131 4316 2292 4382 adu-

344 4398 516 4464 ritur
553 4418 743 4481 super
787 4398 987 4466 altare
1039 4405 1164 4467 tota
1219 4405 1386 4467 nocte
1440 4422 1638 4483 usque
1690 4421 1900 4481 mane,
1956 4403 2067 4469 ubi
2122 4403 2294 4487 ionis

343 4485 545 4551 altari
586 4504 876 4552 accensus
913 4485 1110 4568 fuerit
1152 4487 1221 4553 iu
1263 4485 1374 4573 eo).
1465 4487 1566 4553 10.
1615 4486 1843 4553 Induet
1897 4509 1964 4554 se
2004 4490 2293 4556 sacerdos

343 4576 506 4637 veste
560 4571 763 4650 linea,
817 4569 1228 4653 femoralibus
1279 4573 1430 4639 item
1484 4573 1670 4640 lineis
1721 4574 1942 4640 induet
1994 4595 2062 4641 se
2102 4595 2293 4657 super

342 4676 599 4722 canem
658 4676 876 4736 suain,
954 4657 1230 4741 tolletque
1291 4659 1558 4726 cinerem
1619 4679 1815 4742 quum
1877 4659 2296 4742 absumpserit

344 4742 520 4827 ionis
559 4741 977 4810 holocaustum
1009 4764 1087 4809 ex
1120 4744 1332 4824 altari,
1378 4750 1433 4811 et
1461 4750 1655 4827 ponet
1686 4766 1828 4811 eum
1859 4766 2037 4812 secus
2067 4747 2289 4812 altare.

349 4828 456 4893 11.
506 4827 733 4895 Postea
773 4836 950 4895 exuet
987 4851 1054 4896 se
1095 4830 1365 4898 vestibus
1405 4832 1575 4908 suis,
1631 4836 1688 4897 et
1739 4832 1949 4898 induet
2001 4853 2065 4898 se
2105 4833 2292 4898 vesti-

343 4914 465 4980 bus
522 4914 675 4980 aliis
689 4962 704 4991 ,
763 4915 1080 4998 offeretque
1135 4917 1400 4982 cinerem
1455 4922 1638 4984 eoetra
1689 4922 1900 4984 castra
1949 4918 2035 4985 ad
2087 4918 2293 4984 locum

345 5000 667 5066 mundum.
761 5002 859 5067 12.
920 5000 1010 5067 Et
1059 5003 1230 5085 ionis
1285 5023 1479 5085 super
1535 5003 1736 5069 altare
1788 5004 2035 5071 ardebit
2085 5004 2155 5069 iu
2202 5024 2289 5082 ec,

344 5106 473 5153 uon
505 5088 949 5171 exstinyuctun
985 5093 1042 5153 et
1077 5089 1357 5155 accendet
1389 5092 1460 5155 in
1492 5110 1561 5157 eo
1593 5090 1883 5157 sacerdos
1923 5090 2101 5174 liyua
2144 5110 2291 5172 quo-

341 5172 500 5240 tidie
531 5193 732 5253 mane,
769 5177 823 5238 et
855 5172 1138 5257 disponet
1166 5194 1361 5257 super
1392 5175 1556 5243 illud
1588 5176 1903 5244 victimam
1934 5175 2290 5256 holocausti,

522 5360 580 5429 1)
614 5361 764 5415 Hebr
814 5362 866 5426 6,
905 5361 936 5415 1
973 5379 1042 5416 ss.

552 5444 780 5505 Caluini
806 5462 997 5518 opera.
1077 5448 1197 5505 Vol.
1233 5446 1394 5504 XXI
1405 5450 1466 5505 V.

1737 429 2250 498 SECUNDUM
2307 404 2955 498 PRAEOEEPTUM.

2400 795 2493 855 est
2535 789 2636 856 lex
2691 790 2910 857 manha
2966 811 3157 874 quam
3213 792 3464 874 offerent
3499 791 3629 873 filu

4220 431 4355 499 530

2400 617 2777 702 adolebitqtae
2810 638 3000 702 super
3032 618 3194 685 illud
3229 619 3453 701 adipes
3473 619 3987 702 prosperitatum.
4036 621 4136 686 13.
4164 620 4369 707 Iym‘s

2739 705 2980 772 ardebit
3018 705 3089 769 in
3130 705 3635 783 altari,noneae
3704 706 3716 718 '
3984 758 3997 771 .
4059 707 4158 773 14.
4206 709 4353 774 Ista

3822 812 3934 857 ron
3988 812 4200 858 coram
4242 793 4348 859 Ie-

2400 873 2558 941 hova
2620 876 2709 942 ad
2771 878 2988 944 altare.
3080 876 3182 943 15.
3258 877 3453 942 Tollet
3513 898 3591 943 ex
3652 897 3728 944 ea
3778 878 4028 961 puyillo
4091 900 4207 947 suo
4272 899 4350 944 ex

2397 960 2619 1027 simila
2662 963 2902 1042 mittha,
2967 966 3024 1027 et
3082 963 3206 1028 oleo
3247 963 3411 1041 eius,
3470 968 3529 1028 et
3576 967 3768 1030 totum
3823 963 3968 1031 thus
4021 967 4187 1048 quod
4227 962 4353 1031 erit

2397 1066 2432 1110 s
2523 1068 2593 1113 er
2624 1048 2878 1116 minha:
2920 1047 3298 1130 adolebitque
3338 1068 3531 1130 super
3572 1049 3774 1118 altare
3816 1050 4059 1117 odorem
4100 1053 4347 1136 quietis,

2546 1155 2642 1200 em
2680 1136 2819 1201 eius
2860 1135 3036 1218 apud
3080 1133 3388 1202 Ielzovam.

3251 1475 3503 1543 ITEM.

2569 1647 2655 1714 23
2680 1647 2744 1735 ¹).
2819 1646 3040 1715 Omnis
3090 1648 3310 1715 minha
3373 1649 3718 1716 sacerdotis
3765 1654 3891 1717 tota
3953 1650 4350 1734 cremabitur,

2396 1756 2522 1801 nou
2563 1735 2924 1803 comedetur.

2958 2075 3093 2142 EX
3135 2075 3470 2143 EODEM
3515 2076 3872 2145 CAPITE.

2567 2248 2671 2314 24.
3155 2255 3246 2315 est
3304 2247 3536 2315 Iehova
3599 2249 3687 2315 ad
3751 2248 4002 2332 Mosen,
4062 2252 4348 2321 dinamio:

2394 2334 2499 2401 25.
2547 2335 2881 2418 Alloquere
2924 2336 3191 2402 Aharon
3231 2340 3290 2402 et
3326 2335 3496 2417 filios
3539 2337 3697 2413 eius,
3740 2337 4028 2404 diceudo:
4072 2338 4216 2405 Ista
4258 2345 4352 2407 est

2391 2419 3267 2505 lexluostiaepropeccato:
3334 2422 3420 2486 In
3483 2421 3614 2489 loco
3667 2422 3738 2487 iu
3793 2442 3914 2505 quo
3970 2424 4350 2492 mactabitur

2393 2506 2600 2573 hostia
2642 2505 2985 2574 holocausti
3025 2506 3399 2574 mactabitur
3452 2507 3658 2574 hostia
3687 2528 3815 2590 pro
3846 2515 4099 2590 peccato
4138 2530 4349 2578 coram

2397 2593 2450 2658 I
2441 2591 2650 2673 ebova,
2694 2595 2847 2676 quia
2888 2594 3295 2664 sanctificatio
3337 2592 3898 2671 sanctificationum
3940 2599 4046 2661 est.

2920 2936 3054 3002 EX
3095 2934 3429 3002 EODEM
3475 2935 3831 3002 OAPI'PE.

2571 3108 2749 3196 302).
2814 3108 3037 3176 Omnis
3076 3114 3284 3175 autem
3324 3107 3531 3176 hostia
3567 3128 3686 3191 pro
3716 3116 3993 3192 peccato,
4050 3112 4125 3176 de
4166 3112 4353 3178 cuius

2396 3198 2704 3281 sanquine
2757 3196 3063 3277 inferetur
3119 3194 3369 3277 aliquid
3432 3196 3501 3260 in
3567 3193 4037 3262 tabernaculum
4097 3216 4348 3264 conveu-

2397 3281 2589 3349 tiom's
2605 3334 2621 3360 ,
2681 3283 2768 3348 ad
2821 3280 3210 3363 expiandum
3264 3282 3337 3347 in
3392 3282 3753 3347 sanctuario
3809 3302 3932 3346 uon
3987 3283 4349 3363 comeddur,

2397 3369 2536 3454 iqui
2577 3368 2980 3434 comburetur.

2570 3539 2631 3605 9.
2703 3537 3012 3621 Praecipe
3058 3537 3336 3605 Aharon.
3422 3537 3816 3605 Distinctius
3859 3539 4146 3623 explicat
4179 3541 4349 3623 quod

2397 3633 2659 3711 poterat
2691 3624 2904 3691 videri
2935 3623 3271 3703 omissum,
3306 3644 3429 3690 nec
3465 3625 3580 3690 abs
3616 3646 3687 3689 re
3723 3633 3863 3690 tam
3898 3625 4124 3691 sedulo
4160 3648 4348 3693 exse-

2397 3713 2622 3796 quitur
2665 3711 2768 3776 sin
2818 3710 2963 3776 ulas
3022 3719 3260 3793 partes.
3351 3708 3484 3776 Sed
3541 3730 3742 3793 quum
3799 3708 3983 3776 Deus
4040 3710 4349 3778 obedien-

2398 3802 2559 3863 tiam
2608 3818 2766 3882 prae
2797 3806 2939 3862 erat
2986 3794 3289 3862 omuibus
3347 3796 3664 3875 victimis,
3723 3796 3939 3862 noluit
3994 3796 4347 3883 quidquam

2397 3883 2778 3968 ambiguum
2822 3902 3089 3948 manere
3134 3882 3334 3947 etiam
3380 3881 3594 3965 quoad
3636 3892 3944 3949 externos
3988 3884 4190 3962 ritus,
4235 3885 4348 3969 qui

2396 3969 2639 4053 alioqui
2711 3989 2845 4034 non
2915 3975 3106 4034 erant
3165 3968 3390 4052 magni
3458 3968 3798 4053 ponderis:
3873 3979 3949 4034 ut
4015 3968 4349 4036 discerent

2397 4055 2482 4121 ad
2525 4075 2819 4140 unguem
2876 4075 3142 4121 servare
3186 4054 3604 4121 exactissima
3646 4074 3806 4120 cura
3865 4053 4177 4138 quidquid
4234 4058 4344 4123 lex

2398 4142 2776 4208 mandabat:
2830 4162 2951 4208 nec
3015 4139 3369 4223 quidquam
3434 4160 3474 4204 a
3538 4161 3609 4206 se
3654 4140 3817 4224 ipsis
3883 4138 4346 4209 obtruderent:

2394 4229 2548 4312 quia
2592 4228 2883 4294 minimis
2926 4226 3288 4310 quibusque
3331 4226 3716 4292 commentis
3764 4226 3995 4292 vitiata
4058 4226 4187 4293 fuit
4241 4250 4347 4295 sa-

2395 4334 2657 4380 crorum
2699 4314 2968 4398 puritas.
3054 4312 3160 4378 Ita
3197 4310 3367 4377 nihil
3409 4311 3632 4396 populi
3682 4311 3919 4378 iudicio
3976 4313 4347 4398 relinquere

2399 4400 2638 4480 voluit,
2704 4399 2864 4483 quin
2929 4405 3110 4465 certa
3174 4396 3402 4479 regula
3466 4418 3575 4464 eos
3641 4396 3954 4549 diriigeret
4009 4400 4206 4466 etiam
4272 4402 4347 4466 in

2396 4488 2594 4552 rebus
2638 4485 2927 4551 minutis.
3009 4482 3113 4549 De
3158 4483 3552 4550 holocaustis
3587 4504 3741 4549 man
3792 4494 3878 4561 at,
3915 4506 4000 4550 ne
4034 4507 4115 4551 ex
4154 4486 4347 4552 altari

2396 4573 2713 4639 tollantur
2757 4571 2885 4637 nisi
2927 4570 3062 4636 iam
3104 4569 3262 4654 igne
3306 4578 3726 4653 consumpta:
3769 4568 3884 4635 sed
3927 4590 4015 4634 ex
4057 4589 4186 4656 quo
4230 4574 4349 4638 im-

2395 4658 2611 4741 posita
2654 4657 2932 4735 fuerint,
2976 4656 3160 4723 iubet
3193 4656 3347 4740 igne
3390 4656 3703 4721 continuo
3754 4655 3979 4737 exuri,
4022 4677 4229 4741 usque
4274 4660 4345 4724 in

2395 4744 2675 4811 alterum
2749 4743 2941 4809 diem.
3051 4741 3134 4806 In
3198 4740 3377 4807 hunc
3440 4742 3641 4807 finem
3709 4739 3952 4808 diserte
4017 4744 4345 4826 exprimit,

2395 4836 2476 4896 ut
2517 4831 2689 4916 ignis
2733 4827 3168 4896 succendatur
3209 4827 3281 4892 in
3326 4847 3401 4892 eo
3438 4834 3585 4892 tota
3621 4837 3837 4894 nocte:
3899 4848 4111 4911 neque
4168 4832 4347 4896 enim

2394 4916 2786 4982 sacrificium
2847 4915 3041 4981 aliter
3103 4913 3175 4979 in
3241 4913 3491 4980 cineres
3560 4913 3897 4980 redactum
3962 4924 4154 5000 esset,
4222 4916 4350 4982 nisi

2396 5001 2708 5068 adhibitis
2751 5000 3079 5067 fomentis.
3172 4997 3477 5067 Secundo
3514 4998 3697 5065 iubet
3737 4998 4138 5066 sacerdotem
4172 5000 4351 5067 linea

2399 5095 2583 5155 veste
2628 5096 2694 5154 et
2737 5086 3157 5153 femoralibus
3200 5085 3527 5165 indutum,
3574 5085 3768 5153 sicuti
3812 5084 3895 5151 ad
3938 5107 4128 5153 sacra
4160 5107 4357 5173 pera-

2572 5293 2636 5432 13
2666 5293 2831 5348 Hebr.
2868 5293 2952 5348 16.

2574 5360 2610 5416 2
2669 5362 2840 5418 Hebr.
2873 5362 2957 5418 23.
3838 5441 3908 5497 34
