4867 6150
328 457 458 526 673

326 647 513 731 furor
568 666 775 724 meuc,
828 653 889 712 et
942 646 1221 713 occidam
1260 665 1369 711 vos
1413 643 1658 729 yladio,
1716 650 2018 728 eruntque
2057 664 2288 713 uxores

329 738 572 799 nechao
614 732 862 810 viduae,
906 736 963 797 et
1000 731 1126 813 filii
1166 731 1358 798 vestri
1388 731 1657 814 pupilli.
2119 752 2122 755 ·

949 1073 1083 1139 EX
1126 1073 1431 1139 LEVIT.
1478 1071 1676 1140 xlx.

507 1247 610 1314 33.
698 1245 775 1313 Si
838 1245 1291 1330 pereyo-imatus
1366 1249 1564 1312 tecum
1644 1245 1843 1328 fuerit
1909 1247 2291 1330 pei-cyrinus

331 1337 402 1403 in
440 1339 616 1401 terra
655 1336 878 1412 vestra,
921 1351 1048 1396 non
1090 1332 1458 1413 opprimatis
1490 1332 1690 1398 illum.
1781 1329 1884 1397 34.
1958 1331 2291 1413 Tanquam

332 1422 637 1506 indiqma
678 1439 757 1484 ex
797 1417 1006 1499 vobi-3,
1049 1418 1169 1482 erit
1207 1417 1378 1484 vobis
1416 1419 1796 1502 pereyo-inus
1850 1418 1963 1500 qui
2002 1418 2290 1503 pereyri-

331 1504 745 1590 natmapud
799 1524 935 1581 voe,
991 1502 1496 1589 etdaiqeseum
1546 1504 2292 1587 sicutteipsmmquia

320 1592 649 1680 per-cyrini
686 1590 908 1674 fuistis
951 1590 1024 1656 in
1064 1593 1238 1656 terra
1253 1615 1272 1654 .·
1313 1609 1418 1675 cyo
1461 1588 1696 1656 lehova
1737 1588 1916 1656 Deus
1954 1595 2168 1656 vester.

508 1762 726 1830 Levit.
786 1754 888 1842 19,
946 1760 1048 1827 33.
1114 1758 1190 1826 Si
1218 1761 1685 1846 pei-eminatas.
1777 1763 2153 1846 Antequam
2208 1759 2292 1826 ad

337 1851 500 1917 alias
542 1848 924 1933 iniquitates
958 1857 1322 1927 transeam,
1365 1857 1790 1932 praeceptum
1831 1845 1957 1913 hoc
1997 1847 2292 1913 inserere

334 1939 552 2004 visum
612 1944 748 2016 est,
812 1932 927 2000 ubi
1003 1933 1267 1999 iubetur
1344 1933 1627 2017 populus
1708 1934 1852 1999 sine
1909 1934 2294 2018 exceptione

334 2044 484 2090 cum
521 2018 826 2087 omnibus
869 2018 1084 2086 colere
1126 2018 1539 2102 aequitatem.
1607 2019 1779 2084 Nam
1823 2020 1879 2084 si
1924 2019 2108 2084 nulla
2143 2041 2293 2103 per-

336 2110 716 2193 egrinorum
757 2107 930 2172 faeta
956 2105 1190 2171 fuisset
1219 2105 1466 2170 mentio
1481 2156 1497 2182 ,
1555 2111 1894 2188 putassent
1927 2104 2291 2185 Israelitae,

333 2193 531 2260 modo
573 2214 661 2259 ex
703 2213 825 2258 sua
863 2199 1061 2276 gente
1104 2193 1436 2256 neminem
1471 2190 1821 2257 laesissent
1840 2240 1859 2274 ,
1905 2212 1976 2257 se
2020 2211 2292 2275 prorsus

334 2279 550 2348 officio
594 2299 737 2344 esse
782 2277 1151 2343 defunctos:
1214 2275 1369 2341 dum
1417 2284 1637 2341 autem
1683 2277 1977 2360 hospites
1995 2329 2009 2353 ,
2077 2285 2147 2344 et
2188 2278 2291 2342 in·

379 2365 618 2432 uilinos
659 2363 933 2448 perinde
968 2375 1165 2445 atque
1208 2364 1729 2447 consanguineos
1776 2362 1910 2428 illis
1967 2383 2293 2428 commen-

335 2389 453 2519 dat
493 2453 697 2530 Deus,
731 2448 887 2514 inde
922 2455 1288 2533 agnoscunt
1324 2449 1718 2530 aequitatem
1745 2468 2005 2532 semper
2040 2461 2101 2514 et
2140 2468 2288 2514 cum

336 2538 645 2605 omnihus
713 2533 1055 2603 colendam
1119 2553 1280 2600 esse.
1368 2533 1507 2601 Nec
1568 2554 1729 2600 vero
1793 2542 2038 2600 temere
2106 2534 2292 2601 Deus

336 2645 409 2690 se
452 2645 529 2691 ac
572 2643 769 2688 suum
813 2620 1246 2706 patrocinium
1292 2618 1596 2703 opponit,
1639 2640 1724 2684 ne
1765 2621 2133 2704 peregrinis
2180 2622 2294 2686 fiat

337 2711 601 2777 iniuria.
711 2708 880 2773 Nam
949 2705 1104 2791 quia
1165 2705 1496 2771 neminem
1565 2705 1815 2771 habent
1889 2707 2000 2789 qui
2069 2704 2292 2772 odium

338 2797 559 2864 subire
580 2792 747 2861 velit
769 2814 890 2878 pro
924 2792 1217 2878 ipsorum
1241 2791 1641 2872 defensione,
1685 2792 2132 2876 improborum
2155 2793 2292 2857 vio-

336 2883 581 2949 lentiae
661 2890 730 2946 et
806 2877 1334 2963 oppressionibus
1401 2875 1805 2961 quibuslibet
1861 2878 2073 2963 magis
2135 2885 2296 2945 sunt

337 2967 629 3041 obnoxii.
665 2986 862 3051 quam
901 2966 956 3031 si
991 2963 1362 3031 domesticis
1399 2962 1745 3047 praesidiis
1782 2962 2018 3030 muniti
2053 2972 2295 3030 essent.

338 3052 593 3122 Eadem
625 3052 695 3119 in
732 3050 1000 3137 pupillis
1034 3063 1101 3118 et
1136 3048 1355 3117 viduis
1388 3046 1775 3117 mulieribus
1815 3051 2014 3116 ratio:
2062 3050 2299 3117 mulier

338 3141 419 3209 ob
453 3140 910 3206 infirmitatem
945 3158 1162 3217 sexus,
1207 3137 1334 3203 nisi
1376 3137 1580 3202 lateat
1620 3135 1744 3202 sub
1780 3136 2000 3202 mariti
2043 3135 2295 3214 umbra,

339 3228 639 3312 exposita
680 3236 784 3291 est
819 3224 1024 3291 variis
1065 3223 1291 3288 noxis:
1332 3222 1602 3308 pupillis
1644 3221 1882 3306 quibus
1927 3222 2097 3288 nihil
2141 3244 2296 3289 con-

342 3314 472 3379 silii
516 3312 837 3397 suppetit,
882 3310 1077 3375 multi
1120 3308 1550 3390 insidiantur,
1597 3328 1674 3373 ac
1706 3308 1764 3373 si
1806 3316 2028 3375 essent
2070 3329 2296 3374 eorum

341 3397 604 3484 praeda.
688 3395 1021 3478 Quoniam
1063 3396 1283 3479 itaque
1323 3396 1421 3460 ita
1454 3393 1755 3461 destituti
1791 3403 1947 3460 sunt
1987 3394 2299 3461 humanis

342 3483 633 3564 auxiliis,
690 3481 1015 3549 succurrit
1077 3482 1263 3548 Deus
1322 3479 1406 3547 ad
1445 3501 1637 3565 opem
1693 3479 2060 3547 ferendam:
2120 3500 2196 3547 ac
2241 3481 2298 3547 si

343 3572 588 3636 iniuste
673 3578 1027 3649 vexentur,
1107 3565 1442 3635 vindicem
1521 3587 1591 3634 se
1667 3565 1808 3632 fore
1886 3568 2297 3650 pronunciat.

341 3656 571 3722 Priore
614 3655 753 3720 loeo
799 3655 1164 3738 peregrinis
1208 3653 1511 3736 adiungit
1555 3652 1871 3738 pupillos,
1934 3661 2001 3717 et
2033 3651 2301 3733 viduas,

341 3742 411 3807 in
469 3742 675 3807 altero
733 3739 1032 3805 nominat
1074 3737 1247 3805 solos
1299 3741 1715 3824 peregrinos:
1774 3758 2034 3804 summa
2078 3748 2299 3804 tamen

342 3829 572 3894 eodem
631 3826 835 3904 redit,
897 3844 1008 3891 eos
1067 3845 1293 3892 omnes
1345 3827 1455 3908 qui
1501 3824 1713 3890 orbati
1756 3835 1914 3889 sunt
1957 3835 2026 3889 et
2069 3824 2301 3891 nudati

343 3913 626 3981 terrenis
669 3913 904 3996 opibus
922 3961 937 3992 ,
980 3908 1102 3976 sub
1149 3912 1272 3976 Dei
1331 3910 1539 3976 tutela
1593 3919 1660 3976 et
1718 3910 2081 3994 patrocinio
2138 3931 2300 3990 esse,

344 4001 725 4085 protegique
794 3998 935 4063 eius
994 4016 1230 4061 manu:
1306 4007 1384 4062 ut
1440 3999 1533 4062 ita
1575 4006 2028 4079 compescatur
2072 4017 2300 4062 eorum

345 4084 616 4152 audacia
672 4086 782 4167 qui
837 4083 963 4148 sibi
1008 4083 1279 4165 impune
1336 4102 1677 4150 cessurum
1714 4082 2056 4147 confidunt
2089 4082 2300 4150 scelus

340 4170 693 4256 quodlibet,
738 4168 930 4235 modo
974 4188 1164 4234 nemo
1201 4169 1275 4233 in
1320 4181 1495 4235 terra
1537 4170 1822 4235 resistat.
1912 4168 2113 4233 Nulla
2156 4170 2300 4251 qui-

346 4260 497 4323 dem
535 4257 877 4339 ‘iniquitas
944 4253 1238 4319 manebit
1316 4256 1528 4320 inulta
1608 4254 1781 4340 apud
1864 4254 2117 4333 Deum,
2184 4253 2299 4320 sed

344 4342 691 4428 peculiaris
735 4352 837 4407 est
880 4341 1046 4405 ratio
1089 4362 1205 4407 cur
1263 4339 1450 4407 Deus
1493 4341 1901 4424 peregrinos,
1956 4340 2190 4406 viduas
2234 4350 2302 4405 et

344 4427 627 4514 pupillos
680 4447 753 4493 se
808 4427 1098 4511 recipere
1151 4427 1222 4491 in
1278 4426 1474 4492 fidem
1533 4447 1719 4491 suam
1780 4435 2087 4492 testetur:
2148 4426 2303 4510 quia

344 4512 459 4580 ubi
517 4514 728 4598 magis
785 4522 1125 4598 grassatur
1177 4512 1447 4588 malum,
1514 4514 1955 4595 praesentiore
2013 4511 2302 4579 remedio

346 4620 512 4683 opus
555 4612 673 4665 est.
739 4600 1137 4683 Peregrinos
1181 4598 1306 4664 hoc
1348 4597 1614 4663 nomine
1650 4596 2084 4679 commendat,
2128 4598 2303 4682 quod

346 4686 631 4771 populus
675 4687 784 4769 qui
832 4684 1290 4769 peregrinatus
1335 4684 1551 4750 fuerat
1593 4684 1664 4747 in
1729 4681 2092 4768 Aegypto,
2129 4685 2300 4750 anti-

347 4792 516 4856 quae
559 4792 719 4837 suae
777 4769 1170 4839 conditionis
1226 4790 1511 4849 memor,
1564 4768 1923 4835 humanius
1979 4790 2138 4855 erga
2191 4771 2303 4836 ho-

350 4858 559 4943 spites
604 4878 674 4921 se
709 4877 938 4941 gerere
974 4855 1265 4923 debebat.
1354 4856 1502 4922 Etsi
1547 4855 1723 4920 enim
1758 4855 2032 4940 indigna
2076 4866 2300 4941 tyran-

350 4942 503 5009 nide
546 4943 841 5026 oppressi
885 4942 1151 5007 tandem
1194 4942 1472 5020 fuerant,
1518 4941 1862 5006 exordium
1908 4952 2129 5006 tamen
2164 4941 2300 5007 illis

349 5026 891 5096 considerandum
933 5028 1084 5092 fuit:
1133 5026 1302 5111 quod
1334 5026 1578 5094 scilicet
1611 5026 1769 5094 illuc
1811 5035 2034 5111 patres
2076 5048 2302 5093 eorum

347 5114 760 5199 compulerat
798 5114 1073 5197 penuria
1115 5122 1184 5177 et
1224 5114 1461 5187 fames,
1510 5121 1576 5177 et
1611 5135 1812 5196 quum
1865 5113 2116 5178 alienae
2160 5115 2303 5197 opis

351 5211 577 5268 essent
619 5199 861 5284 indigi,
906 5198 1318 5282 hospitaliter
1361 5200 1609 5284 accepti
1656 5201 1931 5266 fuerant.
2022 5199 2150 5266 Ubi
2197 5200 2299 5265 de-

353 5289 665 5363 nunciat,
716 5289 771 5351 si
827 5285 1066 5352 viduae
1123 5285 1406 5353 afflictae
1451 5296 1516 5351 et
1560 5287 1795 5370 pupilli
1851 5286 2300 5366 clamaverint,

348 5394 576 5441 eorum
623 5372 973 5439 clamorem
1020 5370 1314 5438 auditum
1352 5372 1452 5451 iri,
1499 5392 1629 5437 non
1674 5371 1986 5455 intelligit
2026 5391 2096 5437 se
2131 5371 2299 5436 desi·

592 5474 813 5529 Calvim’
843 5491 1024 5543 opera.
1109 5473 1224 5531 Vol.
1262 5472 1422 5529 XXI
1432 5474 1490 5528 V.

1758 454 2211 525 OCTAVUM
2256 453 2906 524 PRAEOEPTUM.

4218 458 4352 524 674

2390 643 2546 712 dem
2580 644 2720 710 fore
2763 644 2821 710 si
2859 645 3042 711 taciti
3084 644 3422 729 perferant
3462 645 3773 713 iniurias:
3834 644 3950 713 sed
3993 668 4112 731 pro
4167 666 4351 714 oom-
4404 678 4409 689 ·

2389 730 2575 796 muni
2611 751 2794 795 more
2827 730 3137 814 loquitur,
3183 731 3337 815 quia
3371 730 3454 797 ad
3489 731 3707 815 ipsum
3743 752 4097 816 provocare
4134 735 4353 801 solent

2388 817 2503 900 qui
2546 835 2870 901 nusquam
2908 817 3061 883 alibi
3106 819 3445 901 reperiunt
3487 818 3813 884 solatium.
3873 817 4142 885 Interea
4185 820 4350 887 scia-

2390 923 2560 979 mus,
2625 903 2930 986 quamvis
2968 903 3343 969 abstineant
3408 924 3446 968 a
3511 903 3941 987 querimoniis
4006 905 4120 989 qui
4184 906 4349 973 laesi

2391 995 2566 1067 sunt,
2604 985 2822 1053 Deum
2846 995 3068 1054 tamen
3103 989 3389 1072 partium
3426 1010 3692 1055 suarum
3728 991 4000 1056 minime
4034 990 4349 1072 oblivisci,

2393 1081 2469 1139 ut
2513 1073 2597 1140 ad
2655 1073 2901 1140 scelera
2943 1076 3312 1142 conniveat.
3401 1076 3548 1141 Imo
3596 1076 3765 1141 nihil
3807 1077 4023 1143 acrius
4067 1098 4216 1143 eum
4262 1077 4347 1145 ad

2392 1158 2781 1225 sumendam
2824 1160 2906 1228 de
2949 1161 3268 1245 improbis
3310 1161 3671 1229 vindictam
3714 1162 4099 1229 exstimulat
4153 1183 4350 1248 quam

2393 1265 2735 1311 servorum
2816 1266 3087 1313 suorum
3164 1248 3525 1313 tolerantia.
3650 1248 4070 1334 Exprimitur
4148 1251 4351 1317 etiam

2392 1351 2640 1415 poenae
2681 1353 2921 1416 genus:
2983 1333 3094 1417 qui
3146 1332 3365 1399 viduis
3399 1343 3467 1399 et
3507 1334 3776 1418 pupillis
3836 1335 4199 1402 molestiam
4244 1336 4348 1402 in·

2393 1416 2696 1498 tulerint,
2753 1417 2972 1502 gladio
3030 1421 3386 1503 perituros,
3444 1430 3520 1485 ut
3562 1442 3786 1487 eorum
3833 1419 4078 1489 viduae
4121 1431 4190 1488 et
4232 1443 4353 1505 pu-

2393 1503 2535 1586 pilli
2591 1503 3044 1587 improborum
3102 1505 3444 1585 audaciae,
3498 1506 3848 1573 violentiae
3892 1516 3959 1572 et
4008 1507 4348 1575 fraudibus

2394 1588 2795 1656 subiaceant.
2860 1591 3071 1657 Porro
3113 1591 3474 1658 notandum
3519 1600 3620 1657 est
3662 1591 3834 1676 quod
3876 1593 4164 1660 secundo
4207 1595 4350 1660 loco

2393 1674 2707 1741 iubentur
2752 1683 3016 1743 exteros
3073 1686 3138 1742 et
3193 1676 3555 1762 inquilinos
3619 1677 3894 1762 perinde
3938 1700 4014 1746 ac
4058 1700 4129 1746 se
4167 1679 4345 1765 ipsos

2394 1758 2688 1844 diligere.
2778 1761 2952 1828 Nam
3007 1762 3163 1829 inde
3222 1773 3495 1849 apparet
3560 1786 3799 1831 nomen
3865 1765 4151 1849 proximi
4218 1787 4350 1832 non

2396 1847 2713 1931 restringi
2778 1847 2863 1914 ad
2918 1869 3162 1915 consan
3213 1852 3437 1917 uineos
3496 1851 3605 1917 vel
3660 1850 3906 1918 similes
3956 1851 4349 1936 quibuscum

2394 1933 2659 2017 propior
2698 1939 2798 1998 est
2839 1935 3165 2002 necessitu
3213 1957 3269 2015 o,
3315 1935 3430 2002 sed
3474 1945 3696 2020 patere
3731 1935 3815 2003 ad
3859 1946 4068 2003 totum
4113 1938 4350 2004 huma·

2395 2039 2559 2083 num
2624 2038 2871 2104 genus:
2937 2020 3129 2088 sicuti
3187 2022 3476 2088 ostendit
3550 2021 3856 2088 Christus
3932 2023 4005 2087 in
4070 2043 4353 2107 persona

2395 2102 2815 2185 Samaritani,
2863 2106 2977 2190 qui
3014 2106 3298 2174 hominis
3330 2108 3651 2194 incogniti
3685 2110 4012 2186 misertus,
4059 2109 4350 2177 officium

2394 2190 2831 2258 humanitatis
2876 2194 3220 2276 praestitit,
3267 2215 3307 2258 a
3350 2194 3592 2260 Iudaeo
3640 2201 3835 2278 atque
3878 2195 4080 2260 etiam
4115 2194 4356 2263 Levita

2394 2277 2771 2363 neglectum
2813 2275 3005 2364 (Luc.
3054 2279 3154 2358 10,
3191 2277 3321 2368 30).

3084 2621 3221 2688 EX
3262 2621 3534 2692 DEUT.
3578 2622 3669 2689 X.

2574 2792 2677 2861 17.
2737 2792 2923 2860 Deus
2976 2813 3101 2859 non
3162 2794 3389 2876 accipit
3439 2814 3813 2877 personam,
3877 2814 4075 2876 neque
4133 2796 4361 2878 recipit

2398 2899 2650 2946 munus.
2738 2877 2839 2944 18.
2909 2876 3181 2946 Faciem
3220 2880 3531 2948 iudicium
3581 2880 3826 2964 pupillo
3867 2886 3924 2946 et
3963 2881 4210 2961 viduae,
4252 2882 4357 2949 di-

2403 2965 2605 3050 bayons
2650 2965 3099 3066 Wfffflt‘ffi
3152 2965 3373 3067 dando·
3415 2970 3474 3032 et
3513 2986 3749 3067 paneri·
3804 2971 3864 3033 ct
3907 2967 4355 3067 vestivpentum.

2405 3051 2506 3152 l9.
2518 3050 3089 3223 gammar-
3116 3070 3541 3138 pereyo-mum,
3582 3074 3739 3137 qma
3766 3073 4096 3138 peregrim
4133 3051 4361 3137 fuistis

2402 3158 2477 3205 m
2649 3159 2692 3204 a
2982 3160 3027 3203 v.

2579 3308 2946 3376 Confirmat
3030 3310 3434 3392 superiorem
3512 3309 3906 3376 sententiam
3989 3312 4071 3377 ab
4149 3311 4360 3395 ipsius

2401 3396 2536 3462 Dei
2601 3406 2863 3462 natura.
2951 3394 3144 3462 Facit
3208 3395 3386 3460 enim
3434 3395 3585 3461 vilis
3644 3401 3713 3461 et
3755 3394 4009 3463 abiecta
4073 3397 4359 3465 conditio

2403 3501 2635 3548 eorum
2673 3480 3062 3565 quibuscum
3109 3481 3293 3547 nobis
3339 3483 3673 3566 negotium
3698 3491 3817 3560 est,
3864 3491 3937 3548 ut
3956 3482 4359 3567 petulantius

2402 3589 2516 3635 eos
2559 3588 2907 3633 vexemus:
2955 3567 3107 3651 quia
3146 3566 3456 3633 videntur
3498 3587 3767 3651 prorsus
3810 3566 4071 3634 deserti.
4163 3571 4361 3654 Atqui

2406 3655 2591 3720 Deus
2648 3660 2851 3735 negat
2902 3655 3209 3718 miseram
3262 3673 3488 3718 eorum
3545 3661 3791 3719 sortem
3844 3653 4178 3721 obstaculo
4213 3675 4360 3723 esse

2403 3740 2754 3823 quominus
2776 3739 2938 3823 ipsis
2958 3750 3318 3816 succurrat,
3362 3739 3515 3822 quia
3555 3759 3868 3822 personas
3903 3760 4036 3805 non
4074 3741 4358 3824 respicit.

2404 3826 2691 3892 Nomine
2733 3845 2892 3890 vero
2934 3844 3251 3908 personae
3293 3823 3688 3909 intelligitur
3722 3824 3830 3891 vel
3873 3825 4199 3909 splendor,
4252 3827 4360 3893 vel

2404 3912 2787 3986 obscuritas,
2832 3932 2907 3978 ac
2943 3924 3221 3977 externa
3253 3911 3520 3994 species,
3556 3931 3752 3994 quam
3792 3911 3991 3995 vulgo
4036 3932 4360 3996 apparen-

2404 4003 2567 4064 tiam
2611 3999 2987 4075 nominant,
3033 3996 3578 4079 quemadmodum
3621 4017 3704 4061 ex
3750 3995 3978 4062 multis
4022 3997 4181 4064 locis
4225 4000 4358 4065 col-

2393 4085 2652 4168 ligitur.
2740 4082 2822 4148 In
2870 4102 3158 4160 summa,
3204 4083 3389 4147 Deus
3433 4103 3504 4147 se
3547 4083 3703 4148 facit
3743 4081 4123 4150 hominibus
4170 4084 4359 4151 dissi·

2404 4170 2661 4249 milem‚
2720 4189 2882 4252 quos
2935 4167 3108 4251 rapit
3163 4170 3448 4233 exterior
3511 4175 3928 4250 conspectus,
3988 4181 4063 4235 ut
4121 4169 4359 4237 divites

2406 4256 2656 4322 honore
2731 4266 3243 4338 prosequantur,
3325 4256 3551 4337 inopes
3628 4252 3806 4320 odio:
3880 4255 4175 4338 pulchris
4253 4257 4360 4323 vel

2406 4342 2669 4407 disertis
2711 4340 2996 4419 faveant,
3042 4348 3467 4406 contemnant
3492 4339 3833 4405 deformes.
3885 4340 4069 4425 Ergo
4111 4361 4357 4425 προσυ-

2403 4432 2667 4510 ποληψια
2711 4435 2812 4491 est
2854 4445 3235 4507 perversum
3294 4424 3612 4492 iudicium
3666 4425 3841 4508 quod
3899 4447 4020 4493 nos
4080 4448 4120 4492 a
4161 4448 4360 4495 causa

2405 4511 2688 4591 abducit,
2733 4510 2891 4576 dum
2938 4520 3191 4577 mentes
3235 4521 3491 4577 nostras
3536 4522 3966 4596 praeoccupat
4010 4512 4182 4595 quod
4226 4536 4359 4581 non

2406 4597 2687 4665 debebat
2728 4600 2956 4664 venire
2998 4597 3070 4662 in
3111 4597 3455 4663 rationem.
3545 4598 3702 4664 Ideo
3760 4596 4060 4664 Christus
4103 4612 4356 4666 rectum

2404 4684 2720 4750 iudicium
2764 4704 2907 4750 esse
2948 4685 3138 4750 docet
3178 4683 3346 4766 quod
3384 4704 3518 4748 non
3551 4683 3762 4749 fertur
3803 4684 4162 4749 secundum
4210 4706 4356 4768 per·

2404 4791 2626 4838 sonas:
2665 4770 2819 4852 quia
2855 4790 3186 4852 nunquam
3234 4768 3611 4835 dominatur
3651 4768 3902 4834 veritas
3936 4777 4004 4835 et
4036 4770 4356 4837 rectitudo

2404 4856 2537 4923 nisi
2581 4857 2738 4921 dum
2784 4855 2868 4920 ad
2904 4875 3045 4920 rem
3087 4861 3300 4939 ipsam
3343 4853 3761 4919 attendimus.
3845 4852 4175 4938 Sequitur,
4221 4875 4358 4922 non

2404 4943 2681 5026 impune
2737 4941 2908 5007 laedi
2966 4941 3518 5022 contemptibiles,
3582 4941 3734 5023 quia
3790 4940 3848 5006 si
3915 4940 4361 5007 destituuntur

2405 5029 2694 5094 humano
2739 5027 3015 5102 auxilio,
3059 5027 3246 5092 Deus
3291 5028 3400 5108 qui
3451 5027 3523 5091 in
3561 5026 3818 5091 excelso
3862 5025 4074 5105 sedet,
4136 5027 4356 5093 humi-

2405 5114 2495 5178 lia
2539 5111 2807 5195 respicit
2848 5110 3053 5199 (Psal.
3104 5112 3247 5190 138,
3293 5110 3381 5198 6).
3470 5111 3702 5194 Quoad
3746 5112 4162 5196 peregrinos,
4219 5118 4356 5193 [eos

2405 5199 2528 5265 sibi
2571 5220 2768 5265 curae
2813 5219 2955 5264 esse
3009 5199 3238 5282 probat
3285 5200 3499 5277 Deus,
3567 5197 3737 5281 quod
3795 5198 3866 5261 in
3925 5196 4056 5262 illis
4101 5196 4356 5266 alendis

2405 5297 2473 5350 et
2509 5284 2862 5351 vestiendis
2906 5285 2994 5351 sit
3037 5286 3396 5351 beneficus:
3441 5282 3700 5362 deinde]
3748 5282 4049 5366 specialis
4090 5304 4355 5350 rursum

2406 5370 2752 5438 adducitur
2813 5372 3011 5449 ratio,
3070 5372 3221 5454 quia
3276 5370 3615 5442 Israelitae
3680 5369 3835 5437 olim
3892 5390 4092 5452 quum
4142 5370 4359 5454 inqui-
