4867 6150
365 452 494 518 501

541 644 601 709 2.
668 643 948 724 Loquere
986 643 1072 709 ad
1119 641 1396 709 Alam-on.
1495 642 1770 710 Summa
1824 644 1990 729 legis
2047 654 2175 727 est,
2237 668 2320 713 ne

367 728 670 795 sacerdos
733 729 990 811 saepius
1055 728 1462 811 ingrediatur
1513 730 1795 795 interius
1854 734 2319 812 sanctuarium,

365 816 488 881 sed
524 821 784 879 tantum
820 813 1022 879 semel
1058 815 1426 897 quotannis,
1467 837 1700 899 nempe
1735 817 1897 883 festo
1933 817 2322 900 expiationis

367 903 477 969 die
528 922 751 981 mense
797 899 1194 983 Septembri.
1284 900 1478 981 Quod
1540 901 1685 966 ideo
1743 904 1984 968 factum
2043 914 2176 987 est,
2236 926 2320 969 ne

364 990 703 1073 ingressus
748 986 1146 1069 frequentior
1187 987 1567 1053 vilesceret:
1629 1008 1784 1053 nam
1844 989 1899 1053 si
1953 990 2321 1072 promiscue

363 1076 434 1141 in
481 1072 782 1139 omnibus
819 1071 1154 1138 sacrificiis
1187 1082 1361 1139 esset
1396 1075 1750 1157 ingressus,
1798 1095 1927 1139 non
1963 1096 2196 1158 parum
2242 1077 2323 1141 de

363 1159 739 1227 reverentia
783 1157 1145 1223 detractum
1192 1169 1380 1224 esset.
1450 1158 1631 1225 Satis
1676 1160 1758 1225 ad
1805 1160 2172 1226 testandam
2219 1184 2320 1228 re-

363 1246 888 1313 conciliationem
924 1243 1181 1309 valebat
1210 1244 1544 1309 ordinaria
1577 1245 1805 1311 altaris
1839 1249 2161 1329 aspersio:
2202 1270 2321 1313 an-

363 1355 538 1399 nuus
595 1341 816 1396 antem
867 1329 974 1395 hic
1030 1331 1199 1394 ritus
1254 1332 1464 1414 magis
1508 1332 1801 1414 erigebat
1853 1333 2080 1415 populi
2137 1355 2319 1398 men·

363 1427 487 1485 tes.
576 1415 836 1483 Deinde
881 1415 1237 1496 sacrificiO,
1294 1415 1469 1499 quod
1516 1417 1716 1482 semel
1770 1426 2028 1483 tantum
2071 1423 2141 1489 in
2187 1421 2319 1486 fine

363 1505 524 1572 anni
564 1502 935 1583 cernebant,
986 1501 1226 1568 clarius
1270 1511 1833 1586 repraesentatum
1879 1504 2005 1569 fuit
2048 1507 2318 1573 unicum

279 1640 288 1649 .
363 1600 433 1658 et
484 1599 872 1674 perpetuum
941 1586 1113 1669 quod
1179 1586 1417 1653 obtulit
1474 1588 1646 1654 filius
1707 1590 1854 1654 Dei.
1943 1589 2177 1673 Itaque
2236 1591 2319 1657 ad

361 1678 537 1743 hanc
592 1673 1070 1741 caeremoniam
1148 1674 1464 1739 concinne
1545 1674 1779 1740 alludit
1848 1676 2182 1759 apostolus
2247 1678 2318 1743 in

362 1762 641 1847 epistola
684 1760 763 1825 ad
812 1759 1151 1824 Hebraeos
1207 1757 1295 1846 (9,
1341 1756 1379 1825 8
1426 1769 1493 1824 et
1541 1760 1640 1838 10,
1690 1760 1827 1847 13):
1888 1763 1999 1828 ubi
2058 1760 2317 1839 dicitur,

361 1846 810 1916 anniversario
876 1844 1231 1911 sacerdotis
1292 1846 1598 1931 ingressu
1653 1845 1957 1929 spiritum
2015 1857 2318 1915 sanctum

361 1935 679 2010 docuisse,
717 1931 1029 2015 quamdiu
1059 1933 1242 1996 stetit
1262 1933 1449 2014 prius
1474 1933 1989 2011 tabernaculum,
2024 1935 2318 2000 nondum

361 2021 757 2106 patefactam
814 2017 1014 2082 fuisse
1074 2025 1447 2083 sanctorum
1513 2019 1721 2084 viam:
1790 2030 1857 2084 et
1912 2020 2110 2103 paulo
2170 2029 2319 2104 post

363 2105 564 2185 addit,
607 2112 952 2188 postquam
1012 2104 1315 2184 apparuit
1372 2103 1680 2170 Christus
1746 2126 1947 2172 verus
2002 2107 2317 2189 pontifex,

361 2192 566 2261 semel
620 2193 991 2274 ingressum
1048 2188 1249 2254 fuisse
1301 2190 1371 2253 in
1431 2197 1693 2266 sancta,
1762 2191 1917 2274 quia
1982 2202 2318 2258 aeternam

361 2278 880 2361 redemptionem
945 2272 1220 2358 adeptus
1285 2284 1404 2340 est.
1516 2275 1623 2340 Ita
1690 2297 1906 2343 annus
1971 2279 2042 2342 in
2109 2280 2317 2344 veteri

360 2368 609 2450 figura,
671 2363 903 2428 unicae
947 2360 1292 2426 oblationis
1337 2361 1464 2426 fuit
1513 2361 1880 2446 symbolum
1901 2413 1916 2444 ‚
1955 2372 2030 2429 ut
2073 2365 2317 2429 intelli-

360 2459 596 2536 gerent
661 2446 887 2513 fideles
955 2467 1087 2511 non
1153 2445 1524 2511 iterandum
1581 2468 1724 2514 esse
1787 2449 2048 2533 saepius
2119 2452 2316 2516 sacri-

360 2537 622 2614 ficium,
684 2554 811 2616 quo
871 2531 1231 2616 placandus
1282 2541 1426 2597 erat
1480 2533 1682 2599 Deus.
1772 2535 1915 2600 Iam
1983 2557 2110 2619 quo
2169 2538 2316 2620 plus

362 2622 619 2688 timoris
642 2619 829 2685 Deus
865 2618 1163 2698 incutiat,
1207 2626 1275 2683 et
1310 2619 1729 2685 securitatem
1768 2623 2057 2687 excutiat
2101 2644 2317 2689 sacer-

363 2707 644 2785 dotibus,
688 2713 1155 2772 commemorat
1200 2726 1389 2769 suam
1424 2704 1700 2788 gloriam
1745 2707 1818 2770 in
1854 2707 2026 2772 nube
2063 2709 2317 2793 conspi-

362 2815 556 2861 cuam
614 2793 753 2858 fore
811 2792 881 2856 in
927 2798 1116 2875 parte
1174 2790 1563 2870 sanctuarii,
1611 2790 1722 2856 ubi
1772 2801 1915 2857 erat
1947 2796 2320 2877 propitiato-

361 2881 558 2946 rium.
682 2878 942 2946 Scimus
1016 2875 1193 2942 enim
1273 2877 1536 2959 signum
1622 2877 1806 2944 illinc
1873 2877 2099 2944 datum
2178 2902 2319 2947 esse

359 2964 699 3043 Israelitis,
744 2962 1005 3047 quando
1048 2961 1371 3027 movenda
1415 2970 1633 3027 essent
1670 2972 1904 3044 castra,
1945 2966 2055 3030 vel
2090 2987 2317 3048 quam-

362 3051 477 3118 diu
519 3050 830 3117 standum
874 3054 1049 3116 esset
1092 3050 1157 3112 in
1206 3069 1340 3113 uno
1387 3049 1543 3115 loce.
1632 3048 1808 3115 Illud
1853 3061 2070 3117 autem
2130 3074 2317 3137 prae-

360 3139 617 3206 sentiae
663 3138 790 3203 Dei
834 3135 1285 3201 testimonium
1336 3136 1569 3200 merito
1622 3136 1993 3203 sacerdotes
2051 3137 2134 3203 ad
2179 3160 2316 3203 ma-

360 3226 568 3290 iorem
619 3243 846 3289 curam
907 3229 975 3286 et
1030 3219 1456 3285 attentionem
1518 3222 1771 3305 erigere
1830 3222 2084 3290 debuit:
2147 3223 2318 3290 unde

363 3331 542 3376 nunc
585 3329 838 3393 quoque
876 3305 1259 3373 discendum
1295 3315 1415 3382 est,
1460 3327 1588 3389 quo
1625 3308 1894 3391 propius
1929 3330 2000 3375 se
2035 3310 2320 3376 ostendit

362 3398 494 3463 Dei
539 3397 868 3473 maiestas,
914 3415 990 3459 eo
1035 3393 1245 3477 magis
1287 3392 1562 3458 sollicite
1616 3393 1979 3460 cavendum
2027 3416 2186 3474 esse,
2235 3418 2320 3461 ne

362 3481 538 3567 quod
574 3484 840 3566 signum
877 3488 1288 3563 contemptus
1323 3477 1553 3544 demus
1596 3491 1819 3545 nostra
1851 3481 2317 3565 incogitantia:

361 3568 480 3634 sed
515 3589 644 3650 qua
684 3567 868 3632 decet
907 3564 1278 3630 humilitate
1315 3575 1381 3630 et
1423 3564 1767 3646 modestia,
1814 3567 2317 3633 submissionem

364 3665 663 3720 nostram
708 3661 1041 3719 testemur.

540 3739 597 3805 3.
683 3738 842 3805 Cum
903 3737 1013 3802 hoc
1074 3736 1460 3819 myredietur
1524 3735 1789 3801 Aharon
1862 3739 2314 3805 sanctuarium.

364 3825 561 3891 Nunc
604 3827 774 3891 ritus
818 3832 886 3890 et
928 3823 1140 3888 forma
1184 3821 1609 3901 describitur,
1652 3823 1866 3905 primo
1922 3831 1999 3888 ut
2040 3824 2316 3890 Aharon

364 3932 586 3978 sacras
630 3918 847 3978 vestes
905 3906 1159 3986 induat,
1223 3916 1289 3972 et
1346 3906 1573 3973 abluat
1627 3929 1890 3990 corpus:
1952 3909 2186 3975 deinde
2244 3919 2317 3975 ut

363 3997 725 4064 iuvencum
771 4009 832 4061 et
881 3995 1151 4060 arietem
1198 3992 1269 4057 in
1308 3993 1761 4059 holocaustum
1797 3995 2063 4060 offerat:
2126 3997 2316 4062 tertio

364 4096 445 4148 nt
502 4083 664 4150 duos
729 4082 950 4149 hircos
1016 4079 1293 4163 accipiat
1354 4099 1395 4143 a
1458 4079 1731 4163 popule,
1799 4100 2078 4164 quorum
2145 4104 2316 4148 unus

359 4170 558 4236 vivus
618 4171 984 4245 emittatur,
1043 4166 1210 4231 alter
1273 4186 1433 4230 vero
1497 4173 1817 4230 mactetur
1881 4168 1954 4231 in
2010 4168 2312 4234 hostiam.

360 4256 676 4321 Diximus
711 4264 933 4320 autem
968 4252 1125 4317 alibi
1159 4272 1277 4317 cur
1308 4251 1434 4316 alio
1470 4272 1667 4335 quam
1704 4253 2036 4318 communi
2068 4256 2311 4319 vestitu

360 4340 641 4406 ornandi
683 4339 938 4405 fuerint
981 4336 1380 4405 sacerdotes:
1435 4338 1545 4420 qui
1602 4337 1782 4401 enim
1838 4338 2160 4404 mediator
2215 4349 2314 4406 est

362 4426 493 4492 Dei
538 4436 607 4493 et
639 4427 999 4504 hominum,
1048 4425 1230 4489 omni
1272 4424 1463 4489 sorde
1498 4432 1565 4488 et
1603 4424 1858 4489 macula
1891 4446 2129 4506 purum
2171 4446 2313 4491 esse

361 4521 641 4596 oportet.
729 4512 877 4577 Hoc
935 4531 1140 4593 quum
1192 4510 1415 4575 nullus
1478 4509 1857 4574 mortalium
1913 4531 2068 4575 vere
2122 4532 2310 4594 prae·

362 4607 540 4666 stare
583 4606 811 4684 queat,
857 4597 1072 4681 figura
1111 4596 1250 4663 loco
1306 4596 1399 4661 rei
1456 4598 1795 4680 supposita
1837 4595 1994 4674 fuit,
2055 4616 2137 4660 ex
2183 4617 2313 4681 qua

361 4685 693 4751 discerent
730 4682 974 4762 fideles,
1021 4681 1223 4747 alium
1259 4703 1401 4748 esse
1434 4679 1947 4764 exspectandum
1992 4683 2312 4749 mediato-

360 4792 535 4849 rem,
581 4772 735 4855 quia
788 4770 859 4833 in
918 4769 1070 4834 filiis
1116 4767 1384 4834 Aharon
1442 4777 1700 4833 tantum
1747 4767 2116 4835 umbratilis
2168 4777 2312 4835 erat

359 4856 686 4943 dignitas,
740 4875 870 4920 non
915 4864 1132 4921 autem
1178 4874 1335 4919 vera
1380 4862 1445 4919 et
1486 4853 1711 4919 solida.
1802 4852 2079 4935 Quoties
2134 4858 2310 4920 enim

360 4945 500 5009 suis
564 4942 853 5008 vestibus
913 4951 1153 5006 exutus
1211 4939 1537 5021 sacerdos,
1603 4948 1860 5005 sanctas
1917 4948 1984 5004 et
2042 4939 2123 5005 ab
2182 4962 2310 5008 usu

359 5030 690 5095 communi
729 5036 1064 5110 separatas
1110 5027 1440 5105 sumebat,
1491 5023 1765 5110 perinde
1806 5026 1929 5090 fuit
1972 5046 2048 5092 ac
2091 5028 2148 5092 si
2193 5049 2308 5112 pa-

361 5116 497 5179 lam
554 5123 867 5180 testatum
925 5114 1168 5179 faceret
1214 5113 1490 5178 alienam
1551 5133 1619 5177 se
1668 5132 2014 5194 personam
2059 5133 2309 5196 gerere.

363 5200 557 5283 Quod
604 5201 658 5265 si
699 5198 764 5264 id
812 5198 1177 5283 symbolum
1221 5217 1356 5263 non
1401 5198 1748 5278 sufficeret,
1792 5198 2036 5264 ablutio
2081 5217 2309 5265 rursus

362 5286 614 5366 docuit,
673 5287 1003 5351 neminem
1065 5305 1148 5349 ex
1204 5284 1356 5350 filiis
1422 5284 1693 5349 Aharon
1750 5283 2117 5369 legitimum
2168 5306 2310 5352 esse

359 5373 873 5457 propitiatorem.
976 5369 1322 5451 Quomodo
1370 5370 1546 5435 enim
1598 5370 1759 5436 alios
1804 5380 2151 5455 purgasset
2199 5373 2307 5455 qui

1770 454 2282 525 SECUNDUM
2321 460 2969 527 PRAECEP'PUM.

4222 460 4357 529 502

2422 647 2818 731 purgatione
2861 648 3093 731 egebat
3134 649 3291 733 ipse,
3339 667 3655 730 suamque
3699 646 4186 713 immunditiam
4226 670 4377 732 pro-

2421 733 2774 799 fitebatur?
2836 734 3135 798 Tertium
3170 755 3421 817 quoque
3457 732 3826 817 symbolum
3865 735 4167 799 accessit:
4213 754 4375 801 nam

2424 820 2536 902 qui
2580 820 2841 903 proprio
2885 820 3203 885 sacrificio
3261 841 3330 885 se
3378 827 3447 884 et
3502 819 3767 884 domum
3828 820 4161 901 expiabat,
4208 841 4375 905 quo·

2422 904 2614 970 modo
2670 904 2752 970 ad
2811 905 3312 989 promerendum
3358 906 3503 970 aliis
3564 906 3689 970 Dei
3749 906 4040 970 favorem
4095 904 4377 972 idoneus

2421 990 2698 1056 fuisset?
2767 991 2946 1076 Ergo
3011 992 3108 1056 ita
3173 992 3488 1056 admoniti
3548 991 3817 1055 fuerunt
3874 991 4080 1057 sancti
4126 1002 4368 1075 patres,

2421 1078 2542 1143 sub
2601 1078 2887 1162 imagine
2947 1077 3232 1143 hominis
3293 1076 3585 1142 mortalis
3644 1076 3934 1160 promitti
3982 1077 4186 1143 alium
4233 1100 4381 1144 me-

2422 1160 2761 1242 diatorem,
2797 1164 2908 1245 qui
2945 1162 3026 1227 ad
3063 1161 3615 1229 reconciliandum
3651 1183 3859 1246 genus
3893 1162 4258 1228 humanum
4297 1186 4373 1230 se

2421 1270 2642 1314 coram
2678 1250 2822 1314 Deo
2867 1250 3129 1315 sisteret
3170 1269 3318 1314 cum
3354 1249 3642 1331 perfecta
3684 1256 3751 1313 et
3804 1247 3954 1330 plus
3996 1269 4195 1331 quam
4252 1271 4375 1315 an-

2422 1336 2627 1417 gelica
2668 1335 2975 1417 puritate.
3062 1334 3156 1399 Ad
3205 1335 3381 1412 haec,
3427 1335 3496 1398 in
3541 1355 3820 1417 persona
3854 1335 4209 1400 sacerdotis
4254 1358 4371 1401 ex-

2423 1420 2469 1484 h
2540 1421 2707 1484 itum
2751 1421 2987 1504 populo
3045 1421 3173 1485 fuit
3228 1421 4191 1504 spectaculum·corruptionis,
4240 1442 4372 1504 qua

2421 1509 2536 1589 inq
2586 1507 2838 1572 inatum
2882 1515 2984 1572 est
3031 1516 3238 1572 totum
3290 1508 3650 1571 humanum
3714 1527 3955 1590 genus,
4016 1516 4093 1571 ut
4147 1528 4367 1572 coram

2421 1591 2568 1656 Deo
2632 1592 2887 1659 foeteat.
2975 1593 3148 1658 Nam
3215 1595 3270 1657 si
3327 1592 3627 1659 sacerdos
3684 1603 3751 1655 et
3807 1612 3846 1656 a
3900 1593 4041 1657 Deo
4103 1591 4366 1671 electus,

2422 1691 2487 1743 et
2532 1699 2715 1744 sacra
2755 1681 3059 1744 unctione
3100 1678 3465 1763 praeditus,
3526 1688 3745 1742 tamen
3807 1677 3888 1742 ob
3947 1697 4098 1742 suas
4142 1678 4369 1745 sordes

2422 1763 2737 1847 indignus
2781 1773 2923 1830 erat
2975 1765 3087 1849 qui
3139 1765 3220 1830 ad
3267 1765 3473 1829 altare
3514 1763 3871 1841 accederet,
3931 1784 4252 1846 quaenam
4300 1766 4368 1828 in

2421 1849 2620 1934 vulgo
2682 1861 2941 1933 reperta
2996 1851 3232 1916 fuisset
3284 1849 3612 1934 dignitas?
3700 1849 3918 1931 Atque
3977 1850 4132 1915 hinc
4173 1849 4365 1916 hodie

2421 1955 2677 2018 quoque
2721 1935 2804 2000 ad
2850 1958 2969 2003 nos
3016 1945 3241 2002 manat
3290 1936 3482 2001 valde
3527 1935 3708 2000 utilis
3753 1935 4083 2014 doctrina,
4128 1936 4239 2000 ubi
4286 1935 4366 2002 de

2420 2021 2834 2104 propitiando
2880 2024 3020 2087 Deo
3079 2024 3331 2106 agitur,
3376 2043 3506 2087 non
3548 2043 3691 2087 esse
3737 2020 3866 2086 huc
3906 2021 4009 2085 vel
4055 2021 4210 2086 illuc
4255 2023 4379 2088 cir-

2420 2108 3016 2191 cumspiciendum:
3048 2109 3201 2191 quia
3234 2118 3423 2175 extra
3445 2108 3789 2173 Christum
3827 2107 4010 2172 nulla
4047 2115 4148 2173 est
4182 2129 4375 2173 mun-

2421 2192 2633 2270 dities,
2683 2206 2743 2258 et
2788 2195 3164 2260 innocentia
3205 2216 3371 2277 quae
3416 2195 3541 2259 Dei
3585 2193 3825 2258 indicio
3861 2193 4265 2276 respondeat.

2594 2280 2652 2344 7.
2725 2280 2948 2346 Postea
2991 2281 3194 2362 capiet
3235 2279 3651 2346 duos‘hircos.
3720 2278 3989 2361 Duplex
4034 2278 4139 2345 hic
4182 2279 4371 2362 poni-

2420 2371 2529 2430 tur
2572 2367 2962 2448 expiationis
3005 2367 3242 2432 fcrma:
3307 2388 3461 2431 nam
3506 2387 3590 2430 ex
3634 2363 3883 2429 duobus
3945 2363 4147 2431 hircis
4206 2365 4375 2430 alter

2419 2454 2603 2516 inore
2646 2453 2843 2536 legali
2886 2451 3138 2518 oblatus
3184 2453 3305 2517 fuit
3348 2452 3416 2515 in
3463 2452 3818 2529 victimam,
3865 2450 4035 2515 alter
4077 2451 4371 2532 emissus,

2420 2546 2498 2601 ut
2520 2548 2688 2603 esset
2711 2535 2999 2621 κάθαρμα
3024 2539 3129 2605 vel
3140 2547 3468 2622 περίψημα.
3495 2537 3858 2620 Utriusque
3879 2545 4099 2601 autem
4123 2538 4374 2621 figurae

2421 2624 2669 2689 veritas
2714 2625 2783 2688 in
2830 2624 3097 2690 Christo
3140 2624 3267 2690 fuit
3303 2623 3628 2701 exhibita,
3689 2622 3840 2705 quia
3881 2633 3947 2687 et
3992 2644 4202 2704 agnus
4248 2623 4376 2688 Dei

2421 2710 2548 2775 fuit
2591 2708 2800 2795 (cuius
2846 2709 3204 2775 immolatio
3250 2710 3493 2774 delevit
3538 2721 3798 2790 peecata
3856 2707 4116 2794 mundi)
4162 2716 4260 2788 et,
4301 2715 4376 2774 ut

2422 2800 2713 2878 κάθαρμα
2736 2805 2924 2875 esset,
2971 2797 3333 2862 exstinctus
3365 2795 3489 2859 fuit
3525 2795 3592 2858 in
3631 2815 3708 2859 eo
3745 2793 3957 2869 decor,
3994 2803 4061 2857 et
4096 2796 4374 2861 reiectus

2424 2880 2548 2944 fuit
2588 2881 2668 2945 ab
2716 2882 3106 2947 hominibus.
3197 2881 3429 2947 Posset
3463 2880 3726 2963 quidem
3770 2879 3994 2943 afferri
4029 2880 4240 2963 magis
4274 2901 4376 2945 ar-

2425 2975 2586 3050 guta
2628 2967 3016 3052 speculatio,
3068 2988 3302 3049 nempe
3351 2980 3695 3048 postquam
3742 2965 3996 3030 oblatus
4044 2972 4186 3030 erat
4235 2965 4373 3030 hir-

2422 3073 2575 3133 cus,
2618 3052 3031 3120 emissionem
3078 3054 3217 3118 eius
3283 3053 3482 3117 fuisse
3549 3051 4045 3117 resurrectionis
4111 3051 4366 3118 Christi

2424 3139 2733 3222 figuram:
2796 3159 2872 3204 ac
2920 3141 2975 3205 si
3018 3139 3379 3203 immolatio
3423 3137 3620 3203 unius
3659 3137 3825 3201 hirci
3884 3147 4121 3202 testata
4179 3145 4373 3218 esset,

2421 3225 2492 3288 in
2538 3236 2747 3290 morte
2792 3224 3043 3291 Christi
3105 3224 3615 3290 satisfactionem
3662 3243 3781 3306 pro
3838 3222 4122 3304 peccatis
4181 3245 4375 3305 quae·

2423 3308 2696 3376 rendam
2741 3329 2913 3377 esse:
2961 3310 3235 3376 alterius
3272 3319 3487 3375 autem
3526 3311 3668 3373 vita
3703 3321 3769 3373 et
3806 3306 4127 3374 discessus
4159 3318 4371 3375 osten-

2423 3393 2659 3475 disset,
2713 3396 3052 3461 Christum
3111 3418 3196 3462 ex
3239 3416 3366 3478 quo
3424 3417 3543 3479 pro
3598 3395 3883 3477 peccatis
3937 3395 4192 3460 oblatus
4251 3404 4370 3477 est,

2422 3493 2487 3546 et
2533 3482 3055 3549 maledictionem
3103 3482 3443 3547 hominum
3491 3481 3824 3558 sustinuit,
3874 3480 4104 3545 vivum
4150 3490 4369 3545 tamen

2418 3588 2688 3634 manere
2727 3579 2796 3634 et
2841 3568 3283 3652 superstitem.
3356 3567 3517 3651 Ego
3571 3587 3723 3631 vero
3777 3565 3947 3649 quod
4006 3566 4370 3650 simplicius

2420 3664 2521 3719 est
2562 3663 2628 3718 et
2670 3654 2913 3722 certius
2962 3654 3336 3739 amplector,
3382 3673 3583 3735 eoque
3619 3672 3766 3717 sum
3811 3661 4188 3717 contentus:
4234 3652 4371 3717 hir·

2419 3759 2568 3805 cum
2614 3741 2726 3823 qui
2776 3741 2967 3806 vivus
3018 3750 3084 3805 et
3139 3738 3305 3805 liber
3356 3737 3611 3816 abibat,
3655 3739 3801 3802 vice
3858 3737 4098 3819 piaculi
4148 3738 4367 3818 fuisse,

2418 3833 2494 3890 ut
2539 3848 2623 3890 ex
2670 3825 2846 3892 illius
2897 3824 3183 3892 discessu
3234 3835 3300 3890 et
3341 3823 3503 3908 fuga
3558 3824 3794 3888 certior
3850 3824 4036 3889 fieret
4090 3824 4368 3908 populus

2417 3919 2680 3994 peecata
2744 3932 2861 3977 sua
2922 3911 3150 3995 procul
3216 3911 3443 3976 abacta
3506 3911 3867 3975 evanuisse.
3959 3911 4174 3993 Atque
4240 3909 4364 3977 hoc

2416 3997 2628 4063 solum
2695 3996 2765 4062 in
2832 3998 2977 4080 lege
3041 3997 3168 4062 fuit
3245 3996 3575 4080 piaculare
3650 3994 4040 4061 sacrificium
4121 3994 4364 4078 absque

2415 4086 2757 4167 sanguine.
2845 4084 3075 4166 Neque
3126 4081 3195 4147 id
3259 4082 3531 4165 apostoli
3585 4080 3949 4146 sententiae
3997 4091 4364 4164 repugnat:

2415 4190 2569 4234 nam
2615 4191 2816 4251 quum
2859 4168 3029 4235 hirci
3066 4169 3192 4234 duo
3227 4169 3627 4235 coniunctim
3666 4166 3867 4231 oblati
3901 4167 4163 4256 fuerint,
4208 4168 4366 4234 satis

2413 4254 2544 4320 fuit
2583 4254 2851 4321 alterius
2887 4254 3147 4321 caedem
3184 4253 3605 4333 intercedere,
3640 4264 3707 4317 et
3748 4253 4137 4335 sanguinem
4174 4251 4367 4318 fundi

2416 4341 2489 4405 in
2551 4341 3012 4424 expiationem.
3106 4339 3264 4407 Sors
3318 4340 3491 4403 enim
3549 4359 3683 4402 non
3738 4336 4103 4403 iaciebatur
4161 4338 4367 4406 donec

2414 4426 2497 4491 ad
2534 4428 2773 4492 ostium
2801 4425 3210 4492 tabernaculi
3246 4432 3520 4507 uterque
3557 4423 3779 4489 hircus
3815 4420 4133 4489 adductus
4170 4435 4361 4491 esset.

2412 4510 2522 4576 Ita
2565 4512 2865 4594 quamvis
2915 4533 3122 4576 unum
3172 4510 3398 4576 vivum
3449 4510 3713 4575 sisteret
3768 4509 4072 4574 sacerdos
4128 4508 4210 4574 ad
4267 4533 4364 4578 re·

2413 4598 2962 4676 conciliationem,
3025 4594 3571 4680 quemadmodum
3628 4595 3842 4661 verbis
3892 4596 4096 4662 Mosis
4141 4598 4362 4679 expri-

2412 4685 2650 4760 mitur,
2698 4704 2830 4748 non
2874 4691 3097 4749 tamen
3154 4681 3452 4766 placatus
3496 4682 3621 4746 fuit
3665 4680 3848 4746 Deus
3907 4681 4151 4764 absque
4209 4704 4360 4747 san-

2413 4771 2629 4854 guine,
2679 4770 2833 4853 quia
2871 4769 2976 4834 vis
3018 4768 3412 4851 expiationis
3456 4789 3497 4832 a
3539 4768 3855 4833 sacrificio
3890 4767 4158 4832 alterins
4194 4769 4362 4834 hirci

2410 4855 2755 4940 pendebat.
2843 4855 3035 4936 Quod
3092 4853 3174 4919 ad
3234 4875 3457 4920 vocem
3514 4852 3746 4918 Azazel
3804 4862 4054 4936 spectat
4075 4905 4090 4932 ,
4152 4872 4361 4935 quan-

2411 4963 2606 5025 quam
2649 4942 2914 5006 variant
2959 4942 3383 5024 interpretes,
3444 4961 3579 5004 non
3640 4938 3864 5004 dubito
3927 4939 4080 5021 quin
4143 4938 4365 5003 locum

2410 5026 2713 5112 designet
2748 5027 2831 5092 ad
2867 5049 3059 5112 quem
3099 5027 3479 5110 abigebatur
3514 5025 3856 5107 piacularis
3901 5024 4142 5089 hircus.
4233 5021 4360 5089 Est

2407 5123 2584 5180 certe
2628 5134 2865 5178 nomen
2910 5113 3361 5197 compositum,
3411 5111 3582 5194 quod
3628 5109 4016 5176 tantundem
4065 5109 4238 5174 valet
4282 5130 4362 5176 ac

2409 5198 2766 5266 discessum
2796 5219 3047 5283 caprae,
3071 5198 3240 5282 qnod
3266 5198 3511 5264 Graeci
3541 5196 3960 5277 ἀποπομπαῒον
3993 5204 4363 5276 verterunt,

2409 5286 2628 5353 nescio
2674 5307 2758 5350 an
2817 5285 3184 5352 conveniat.
3274 5285 3471 5350 Certe
3529 5283 3700 5367 quod
3750 5284 4139 5364 interpretes
4197 5283 4365 5348 acci-

2385 5373 2631 5458 piunt,
2688 5393 2763 5438 ac
2809 5373 2861 5437 si
2913 5379 3179 5438 vocatus
3221 5378 3394 5438 esset
3434 5370 3657 5436 hircus
3709 5368 3821 5434 ille
3874 5367 4199 5434 malorum
4245 5367 4369 5434 de-

3840 5468 3943 5523 32·
