4867 6150
356 460 439 525 21
1561 457 2300 527 COMMENTARIUS
2343 458 2448 526 IN
2489 459 2794 528 EXODI
2836 460 3034 528 CAP.
3076 460 3168 530 II.

355 670 558 734 quam
621 650 887 716 virtutis
953 670 1111 714 suae
1174 647 1606 713 illustrandae
1663 647 2026 713 consilium.
2132 645 2308 727 Quia

352 733 616 801 insidiis
654 744 724 799 et
766 735 1016 800 occulta
1059 733 1291 799 fraude
1328 733 1491 797 nihil
1529 734 1821 816 profecit,
1867 735 2000 799 iam
2035 752 2308 799 excusso

355 823 596 887 timore
641 821 722 886 ad
770 822 905 886 vim
968 830 1261 903 apertam
1324 819 1609 903 prosilit:
1668 830 1735 884 et
1792 831 2051 884 teneros
2094 818 2308 884 foetus

353 907 612 991 raptari
648 908 827 973 iubet
864 905 945 972 ab
981 907 1290 972 uberibus
1326 915 1393 970 et
1430 907 1581 972 sinu
1617 914 1923 985 matrum,
1950 913 2018 969 et
2038 905 2309 970 flumine

356 995 709 1078 submergi.
790 993 890 1059 Ne
935 992 1154 1058 desint
1194 993 1552 1071 carnifices,
1595 992 1899 1057 omnibus
1943 992 2310 1077 Aegyptiis,

360 1101 523 1164 quos
567 1079 812 1146 sciebat
856 1080 1002 1162 plus
1046 1079 1206 1144 satis
1266 1100 1404 1143 esse
1465 1098 1853 1161 propensos,
1924 1078 2043 1142 has
2087 1089 2310 1161 partes

358 1167 665 1250 iniungit.
750 1164 1048 1230 Feminis
1105 1166 1346 1249 parcit,
1394 1173 1470 1229 ut
1516 1164 1858 1248 Aegyptiis
1902 1164 2310 1247 mancipatae

357 1265 428 1320 et
486 1251 783 1318 addictae
842 1270 1070 1316 servos
1129 1250 1412 1317 dominis
1469 1250 1757 1333 pariant:
1816 1251 1969 1332 quia
2022 1270 2141 1332 per
2198 1269 2309 1313 eas

357 1339 621 1405 salvum
682 1359 815 1402 non
874 1346 1128 1419 poterat
1182 1346 1356 1401 stare
1422 1357 1628 1419 genus
1686 1356 1761 1402 ac
1819 1356 2075 1401 nomen.
2179 1335 2309 1400 Hic

359 1425 676 1507 temporis
754 1423 963 1487 nostri
1041 1420 1548 1487 similitudinem
1619 1422 1993 1503 expendere
2071 1441 2310 1505 operae

364 1511 644 1594 pretium
688 1519 803 1575 est.
896 1508 1348 1574 Antichristus
1393 1509 1588 1587 enim,
1632 1529 1781 1573 cum
1826 1508 1961 1572 suis
2005 1506 2309 1572 omnibus

360 1597 626 1673 sicariis,
673 1616 781 1660 eos
825 1596 937 1678 qui
982 1594 1231 1677 perfido
1276 1594 1536 1659 silentio
1575 1593 1917 1659 Christum
1961 1592 2307 1677 abnegant,

356 1692 425 1747 et
486 1681 698 1765 parati
764 1694 920 1745 sunt
984 1681 1311 1746 serviliter
1376 1701 1567 1745 omne
1635 1682 2045 1763 impietatum
2103 1700 2311 1761 genus

357 1768 700 1852 amplecti,
768 1767 1026 1849 quietos
1107 1767 1294 1831 sinit:
1377 1788 1497 1832 nec
1575 1787 1760 1831 suam
1839 1764 2312 1844 crudelitatem,

355 1855 659 1939 quamvis
716 1854 805 1918 sit
866 1852 1287 1928 insatiabilis,
1354 1860 1618 1917 exercet
1694 1850 1806 1918 ubi
1875 1851 2044 1915 nihil
2101 1854 2311 1917 cernit

357 1940 581 2005 virile:
653 1948 847 2021 atque
916 1938 1026 2004 ubi
1094 1939 1502 2004 effeminatos
1574 1940 1781 2003 iacere
1837 1937 2020 2003 videt
2074 1937 2311 2021 quibus

353 2026 436 2091 ad
494 2024 693 2091 fidem
751 2024 1181 2108 profitendam
1239 2025 1485 2108 aliquid
1546 2025 1759 2089 fuerat
1822 2024 2057 2102 animi,
2127 2024 2310 2106 quasi

353 2113 492 2178 voti
557 2132 819 2195 compos
885 2111 1173 2175 exsultat
1236 2120 1304 2174 et
1366 2109 1754 2192 triumphat.
1846 2110 2052 2192 Atqui
2123 2108 2313 2174 nobis

354 2198 569 2264 satius
633 2208 732 2263 est
798 2199 1044 2261 centies
1108 2197 1423 2275 interfici,
1492 2206 1560 2260 et
1624 2197 1909 2260 retinere
1975 2196 2043 2259 in
2097 2204 2312 2259 morte

352 2285 718 2351 masculam
765 2284 1114 2357 virtutem,
1170 2304 1365 2366 quam
1414 2282 1616 2348 vitam
1663 2281 2013 2361 redimere,
2066 2281 2136 2345 in
2182 2300 2314 2364 qua

356 2370 641 2455 turpiter
685 2369 941 2435 diabolo
983 2368 1373 2436 serviamus.

1115 2710 1419 2778 CAPUT
1463 2711 1553 2777 H.

533 2884 589 2949 1.
638 2882 904 2948 Abierat
945 2888 1151 2948 autem
1191 2885 1297 2948 vir
1337 2903 1415 2949 ex
1456 2884 1633 2949 domo
1679 2884 1850 2963 Levi,
1897 2891 1954 2950 et
1998 2890 2309 2968 acceperat

348 2971 556 3053 filiam
599 2969 772 3035 Levi.
845 2969 905 3035 2.
947 2968 1234 3052 Concepit
1274 2975 1479 3034 autem
1519 2970 1750 3036 mulier
1791 2972 1927 3052 illa,
1973 2976 2029 3035 et
2060 2973 2310 3054 peperit

348 3057 598 3140 filium:
637 3056 972 3139 vidensque
1012 3077 1153 3122 eum
1195 3077 1324 3123 esse
1362 3055 1712 3138 pulchram,
1757 3057 2075 3125 abscondit
2106 3058 2307 3124 tribus

349 3143 690 3209 mensibus.
780 3143 840 3207 3.
888 3141 976 3206 Et
1016 3144 1169 3224 quia
1211 3143 1396 3207 illum
1439 3142 1809 3208 abscondere
1863 3145 2141 3225 amplius
2183 3165 2306 3209 non

338 3234 629 3312 poterat,
676 3230 907 3309 accepit
946 3229 1005 3293 ei
1047 3247 1262 3293 arcam
1305 3230 1755 3307 arundineam,
1811 3235 1869 3294 et
1910 3232 2129 3296 oblevit
2167 3251 2305 3296 eam

348 3315 654 3381 bitumine
674 3321 732 3379 et
742 3316 901 3398 pice,
933 3319 989 3379 et
1021 3315 1300 3396 reposuit
1334 3316 1405 3380 in
1439 3336 1514 3380 ea
1545 3316 1964 3397 infantulum:
1998 3318 2307 3397 exposuit-

350 3422 473 3484 que
513 3403 587 3467 in
629 3406 857 3466 carecto
870 3451 885 3477 ,
940 3401 1123 3465 iuxta
1165 3402 1378 3483 ripam
1437 3402 1741 3480 fluminis.
1831 3403 1891 3468 4.
1944 3402 2126 3467 Stetit
2166 3423 2305 3469 vero

350 3507 531 3553 soror
605 3487 742 3558 eius
819 3487 1090 3566 emmas,
1166 3492 1236 3550 ut
1501 3493 1686 3553 sceret
1763 3489 1919 3570 quid
1982 3489 2041 3552 ei
2111 3488 2303 3569 fieret.

350 3572 415 3640 5.
467 3572 670 3638 Porro
729 3572 1037 3638 descendit
1087 3571 1231 3653 filia
1277 3571 1639 3638 Pharaonis
1692 3578 1763 3638 at
1825 3574 2066 3639 lavaret
2116 3594 2182 3640 se
2234 3576 2306 3639 in

343 3661 611 3741 flmnine
628 3684 647 3723 :
682 3656 1181 3743 (deambulabant
1202 3663 1406 3723 autem
1429 3659 1686 3741 puellae
1721 3661 1857 3725 eius
1882 3679 2059 3726 secus
2091 3662 2305 3743 ripam

343 3744 690 3832 fluminis:)
749 3750 803 3808 et
844 3745 1065 3810 videns
1108 3744 1392 3810 arculam
1448 3745 1517 3809 in
1566 3747 1769 3811 medio
1823 3748 2074 3827 carecti,
2131 3748 2307 3813 misit

350 3831 652 3898 ancillam
726 3850 913 3894 suam
988 3849 1149 3910 quae
1223 3829 1408 3895 illam
1495 3830 1741 3898 tolleret.
1852 3832 1912 3898 6.
1986 3832 2307 3915 Quumque

352 3918 719 3999 aperuisset,
759 3916 919 3981 vidit
952 3916 1599 3998 i10suminfantulum:
1644 3923 1874 3997 et‘eece,
1899 3939 2067 4000 puer
2093 3920 2305 3998 flebat.-

352 4008 409 4068 et
447 4004 708 4068 miserta
746 4001 929 4067 illius
970 4001 1168 4067 dixit.-
1202 4001 1328 4068 Hic
1369 4023 1446 4067 ex
1478 4006 1702 4085 pueris
1724 4003 2151 4070 Hebraeorum
2194 4010 2298 4071 est.

354 4089 414 4154 7.
467 4089 645 4156 Tune
686 4089 853 4154 dixit
892 4107 1071 4152 soror
1112 4088 1250 4154 eius
1293 4089 1380 4154 ad
1418 4089 1621 4170 filiam
1669 4089 2061 4156 Pharaonis:
2104 4089 2156 4154 I
2155 4092 2303 4157 bone

347 4181 418 4241 ut
460 4195 661 4240 vocem
702 4174 817 4238 tibi
856 4174 1181 4239 mulierem
1213 4176 1515 4240 nutricem
1548 4196 1626 4241 ex
1648 4175 1955 4241 Hebraeis
1987 4196 2146 4257 qaae
2185 4178 2301 4242 tibi

349 4262 528 4328 lactet
582 4259 1018 4343 infantulum?
1109 4260 1167 4325 8.
1218 4260 1564 4342 Respondit
1615 4264 1673 4327 ei
1711 4261 1853 4344 filia
1900 4261 2298 4328 Pharaonis.-

365 4347 559 4414 Vade.
600 4431 605 4438 ι
655 4344 946 4426 Profecta
989 4350 1081 4410 est
1119 4347 1319 4429 iyitur
1361 4347 1610 4428 puella,
1655 4352 1709 4413 et
1761 4349 1997 4412 vocavit
2036 4354 2298 4415 matrem

337 4434 553 4515 pueri.
619 4432 681 4498 9.
732 4430 856 4498 Oui
884 4430 1025 4513 filia
1063 4431 1426 4498 Pharaonis
1459 4432 1652 4498 dixit:
1702 4433 1870 4500 Tolle
1909 4434 2296 4515 infantulum

345 4519 532 4600 hunc,
575 4523 631 4584 et
670 4518 834 4583 lacta
876 4537 1014 4583 eum
1056 4517 1244 4595 mihi,
1305 4523 1361 4583 et
1417 4538 1521 4602 eye
1564 4519 1722 4584 dabo
1780 4520 1893 4585 tibi
1934 4522 2291 4587 mercedem.

354 4605 532 4671 Tunc
596 4605 824 4686 accepit
886 4604 1116 4670 mulier
1190 4604 1608 4686 infamulwm,
1676 4611 1732 4670 et
1802 4606 2056 4672 lactavit
2131 4628 2290 4672 eum.

351 4691 451 4757 10.
500 4690 704 4757 Crevit
737 4693 943 4755 autem
980 4690 1353 4772 infantuluS,
1399 4695 1455 4756 et
1487 4692 1755 4757 adduxit
1789 4712 1930 4756 eum
1964 4693 2050 4756 ad
2087 4692 2294 4773 filiam

350 4777 733 4855 Pharaonis,
774 4776 880 4840 cui
918 4776 1126 4858 factus
1166 4776 1239 4839 im
1275 4775 1501 4857 filiam,
1546 4782 1603 4841 et
1634 4779 1872 4843 vocavit
1903 4798 2119 4843 nomen
2156 4781 2294 4846 eius

347 4862 591 4943 Mosek,
636 4861 875 4927 dicens.-
923 4861 1233 4943 Quoniam
1275 4883 1354 4926 ex
1397 4864 1586 4944 aquis
1628 4863 1881 4929 eoetraxi
1924 4885 2081 4930 eum.

523 5033 601 5098 1:
639 5031 919 5098 Abierat.
1004 5033 1293 5115 'I'empus
1349 5033 1532 5099 verbi
1579 5034 2286 5118 plusquamperfectum

350 5120 624 5185 reddere
668 5118 899 5198 malui,
958 5119 1285 5184 tollendae
1343 5119 1788 5204 ambiguitatis
1842 5142 2054 5187 causa.
2144 5122 2288 5188 Nisi

347 5206 526 5271 enim
586 5203 881 5270 dicamus
939 5205 1215 5270 Mariam
1283 5216 1347 5270 et
1406 5205 1675 5271 Aharon
1744 5230 1829 5270 ex
1893 5207 2020 5272 alia
2077 5219 2289 5275 matre

350 5303 560 5371 natos,
604 5290 958 5356 verisimile
1002 5292 1239 5374 alioqui
1286 5313 1415 5357 non
1462 5303 1635 5358 esset
1679 5295 2054 5377 coniugium
2090 5294 2213 5362 hoc
2249 5317 2288 5360 a

349 5375 871 5463 promulgatione
935 5376 1127 5443 edicti
1193 5379 1393 5443 fuisse
1456 5387 1883 5445 contractum.
1994 5378 2133 5445 Iam
2204 5381 2284 5448 ad

4291 462 4388 527 22

2411 650 2778 717 triennium
2822 657 3220 734 pervenerat
3267 647 3533 714 Aharon
3579 669 3781 732 quum
3826 656 4024 714 natus
4080 654 4182 713 est
4225 648 4372 714 Mo-

2410 758 2534 815 ses,
2579 746 2648 802 et
2682 735 2897 820 palam
2936 747 3003 801 et
3048 756 3275 801 secure
3311 735 3512 800 fuisse
3546 733 3893 800 educatum
3935 733 4125 800 facile
4160 734 4371 799 conii-

2410 823 2599 888 citur.
2668 823 2877 906 Atqui
2912 822 3182 887 dubium
3221 841 3347 886 non
3385 829 3487 885 est
3521 821 3679 903 quin
3714 823 4040 887 saevitum
4081 821 4370 887 atrocius

2409 908 2613 973 fuerit
2676 909 2851 974 inter
2916 907 3260 991 principia.
3373 905 3598 987 Quare
3662 907 3720 972 si
3786 905 4032 972 uterini
4096 907 4373 971 fuerunt

2410 997 2667 1073 fratres,
2701 1015 2832 1060 non
2871 993 3050 1058 aliud
3089 1000 3297 1057 restat
3331 993 3463 1057 nisi
3500 1001 3575 1057 ut
3609 991 3903 1058 dicamus
3938 990 4083 1055 καθ’
4118 986 4373 1076 ὕστερον

2410 1081 2699 1165 πρότερον
2743 1102 2921 1146 nunc
2963 1080 3226 1143 demum
3285 1078 3541 1142 narrari
3597 1077 3770 1162 quod
3829 1085 3984 1143 ante
4029 1075 4376 1144 acciderat.

2412 1165 2638 1232 Solius
2683 1176 2901 1231 autem
2947 1165 3154 1230 Mosis
3198 1165 3273 1229 fit
3318 1164 3591 1242 menti0,
3650 1164 3806 1246 quia
3856 1177 4018 1231 tunc
4075 1165 4368 1247 primum

2412 1252 2690 1337 capitale
2735 1274 2877 1318 esse
2918 1257 3222 1334 coeperat
3265 1251 3588 1315 masculos
3645 1251 3859 1315 foetus
3902 1250 4098 1315 alere.
4188 1248 4368 1315 Abe-

2412 1339 2573 1404 undi
2620 1346 2734 1403 aut
2780 1335 3228 1420 proficiscendi
3284 1335 3484 1401 verbo
3544 1343 3829 1401 utuntur
3867 1335 4158 1400 Hebraei
4206 1334 4368 1400 dum

2412 1426 2747 1508 negotium
2814 1424 3062 1489 serium
3128 1430 3194 1486 et
3257 1422 3521 1486 maioris
3586 1425 3904 1487 momenti
3984 1428 4368 1504 susceptum

2410 1512 2615 1575 fuisse
2657 1510 3063 1593 significant,
3113 1508 3219 1574 vel
3264 1506 3419 1571 dum
3464 1506 3683 1590 agitur
3727 1505 3808 1571 de
3852 1529 3923 1572 re
3967 1508 4188 1590 aliqua
4230 1528 4369 1572 me·

2413 1596 2641 1662 ditata.
2733 1596 2870 1662 Nec
2926 1613 3403 1676 supervacuum
3462 1603 3564 1657 est
3619 1592 3792 1675 quod
3851 1601 4081 1659 narrat
4125 1593 4366 1671 Mesoa,

2411 1691 2670 1766 patrem
2730 1703 2924 1749 suum
2986 1680 3252 1746 duxisse
3310 1699 3584 1745 uxorem
3644 1700 3727 1742 ex
3770 1679 3949 1744 tribu
4008 1696 4158 1744 sua:
4213 1678 4369 1762 quia

2413 1769 2655 1852 duplex
2702 1766 3176 1834 coniunctionis
3220 1764 3562 1830 vinculum
3620 1785 3730 1829 eos
3775 1764 4094 1830 debuerat
4136 1763 4217 1829 ad
4263 1785 4370 1831 so-

2414 1854 2627 1920 bolem
2693 1852 3085 1920 servandam
3150 1852 3555 1916 confirmare.
3659 1850 3867 1916 Paulo
3932 1859 4079 1933 post
4146 1858 4368 1915 antem

2415 1939 2785 2007 videbimus
2808 1960 3004 2022 quam
3041 1935 3271 2002 timide
3306 1937 3583 2020 egerint.
3650 1937 3946 2002 Puerum
3983 1934 4066 2000 ad
4101 1946 4366 2018 tempus

2414 2028 2612 2092 breve
2655 2027 2985 2094 occultant
3040 2022 3267 2107 rapido
3323 2023 3565 2088 amoris
3607 2022 3861 2106 impetu
3912 2021 4125 2107 magis
4168 2042 4366 2104 quam

2414 2114 2744 2179 constanti
2780 2112 3038 2178 affectu.
3108 2110 3349 2176 Tribus
3372 2108 3611 2191 elapsis
3635 2108 3989 2186 mensibus,
4013 2116 4363 2192 postquam

2415 2200 2693 2265 evanuit
2734 2199 2957 2264 fervor
2999 2195 3111 2262 ille
3156 2202 3229 2259 ut
3274 2193 3627 2259 discrimen
3672 2194 4025 2279 effugiant,
4085 2214 4367 2278 puerum

2411 2284 2554 2351 fere
2610 2285 2947 2351 abiiciunt.
3038 2282 3182 2348 Etsi
3240 2280 3419 2345 enim
3477 2281 3618 2346 eius
3675 2279 3961 2346 lactandi
4015 2301 4241 2361 causa,
4306 2279 4365 2345 si

2412 2371 2548 2438 illic
2573 2376 3035 2454 pernoctasset,
3058 2366 3371 2451 postridie
3407 2367 3630 2431 forsan
3651 2376 3933 2432 ventura
3953 2376 4096 2431 erat
4122 2373 4362 2431 mater:

2408 2476 2530 2541 pro
2555 2457 2864 2523 derelicto
2887 2466 3110 2521 tamen
3145 2472 3302 2518 eum
3323 2453 3688 2517 innumeris
3710 2453 3899 2517 noxis
3944 2457 4359 2536 exposuerat.

2411 2545 2561 2610 Hoc
2605 2541 2903 2625 exemplo
2948 2541 3256 2607 docemur
3300 2544 3543 2621 quanto
3601 2547 3850 2604 terrore
3897 2539 4176 2621 perculsi
4219 2537 4365 2603 fue-

2413 2632 2552 2695 rint
2594 2630 2891 2694 omnium
2937 2626 3175 2701 animi,
3223 2626 3334 2691 ubi
3379 2624 3484 2691 vir
3527 2631 3598 2688 et
3639 2645 3805 2689 uxor
3849 2624 4213 2707 propinqua
4255 2644 4364 2689 co-

2411 2717 2724 2800 gnatione
2759 2716 2935 2779 inter
2969 2734 3041 2780 se
3077 2711 3387 2788 devincti,
3423 2730 3836 2776 communem
3870 2710 4136 2789 foetum,
4173 2709 4363 2777 cuius

2411 2801 2830 2885 pulchritudo
2871 2820 2986 2865 eos
3029 2797 3112 2863 ad
3155 2795 3669 2863 misericordiam
3713 2798 4006 2873 flexerat,
4050 2794 4362 2877 ferarum,

2411 2888 2591 2967 coeli,
2638 2908 2863 2971 aquae,
2909 2896 2976 2952 et
3018 2904 3210 2951 omne
3254 2903 3464 2967 genus
3498 2882 3759 2947 iniuriis
3793 2882 4073 2948 obiicere
4107 2883 4366 2947 malunt

2411 2996 2607 3057 quam
2655 2994 2788 3038 una
2830 2993 2979 3038 cum
3022 2990 3097 3035 eo
3153 2971 3388 3054 perire.
3478 2968 3830 3033 Caeterum
3886 2968 3966 3033 de
4021 2966 4149 3032 hoc
4190 2969 4363 3035 facto

2411 3058 2782 3145 disputatur
2814 3061 2886 3124 in
2921 3065 3265 3141 utramque
3309 3061 3592 3139 partem:
3641 3055 3932 3120 satiusne
3975 3054 4173 3119 fuerit
4209 3077 4248 3120 a
4291 3075 4363 3121 se

2410 3148 2680 3213 reiicere
2737 3144 2927 3230 pueri
2984 3162 3210 3210 curam
3253 3162 3452 3224 quam
3494 3150 3873 3223 exspectare
3916 3140 4231 3223 quidquid
4276 3162 4361 3206 ex

2408 3232 2666 3299 occulta
2688 3231 2982 3299 custodia
3003 3228 3292 3294 instabat
3314 3226 3728 3292 discriminis.
3797 3226 4039 3290 Fateor
4074 3226 4362 3308 quidem,

2408 3319 2601 3385 sicuti
2623 3320 2695 3383 in
2721 3318 2917 3384 rebus
2953 3314 3285 3399 perplexis
3308 3312 3569 3379 difficile
3593 3321 3692 3378 est
3725 3321 3979 3378 rectum
4015 3312 4359 3377 consilium

2407 3425 2676 3488 capere,
2732 3405 2826 3469 ita
2885 3401 2965 3467 de
3026 3422 3100 3465 eo
3145 3398 3316 3484 quod
3375 3408 3639 3483 captum
3683 3406 3800 3476 est,
3847 3397 4108 3465 diversa
4149 3399 4359 3481 solere

2405 3493 2563 3556 ferri
2630 3490 2889 3557 iudicia.
3000 3488 3145 3572 Ego
3211 3495 3434 3551 tamen
3513 3484 3929 3549 timiditatem
4009 3494 4357 3569 parentum

2407 3578 2632 3657 Mosis,
2676 3598 2808 3660 qua
2850 3574 2983 3640 illis
3026 3572 3299 3639 inducta
3338 3581 3437 3636 est
3480 3572 3678 3637 officii
3722 3573 3824 3635 sui
3871 3570 4146 3647 oblivio,
4211 3592 4358 3655 per-

2403 3685 2633 3747 peram
2691 3663 2835 3729 dico
2893 3659 3161 3726 absolvi.
3252 3659 3541 3723 Tantum
3601 3656 3903 3722 videm'us
3969 3657 4194 3722 divino
4253 3659 4357 3723 in-

2403 3750 2650 3816 stinctu
2704 3748 2863 3813 feris
2920 3766 3174 3829 quoque
3232 3752 3299 3808 et
3354 3744 3566 3809 brutis
3624 3742 4018 3811 animalibus
4076 3742 4356 3810 inditam

2403 3835 2644 3901 sobolis
2689 3854 2846 3900 suae
2887 3832 3169 3898 tuendae
3212 3837 3280 3895 et
3320 3829 3641 3895 fovendae
3685 3827 4225 3907 sollicitudinem,
4279 3839 4356 3895 ut

2402 3934 2616 3987 mater
2681 3919 3016 4005 propriam
3081 3918 3289 3982 vitam
3356 3937 3474 3999 pro
3537 3915 3748 3980 foetus
3810 3915 3913 3980 sui
3981 3914 4354 3983 defensione

2402 4028 2599 4092 saepe
2644 4006 2956 4090 negligat.
3050 4002 3200 4084 Quo
3260 4002 3515 4086 turpius
3575 4009 3677 4066 est
3721 3999 4018 4066 homines
4062 4000 4141 4065 ad
4188 4002 4355 4067 ima-

2403 4095 2622 4178 ginem
2647 4094 2774 4157 Dei
2811 4098 3081 4165 creatos,
3130 4095 3311 4154 metu
3359 4086 3442 4154 ad
3478 4108 3623 4152 eam
3659 4087 4137 4151 immanitatem
4174 4087 4352 4174 adigi

2403 4188 2476 4243 ut
2519 4181 2757 4245 liberos
2802 4177 2956 4242 fidei
2999 4197 3155 4240 suae
3192 4175 3567 4256 tutelaeque
3603 4172 3985 4240 commissos
4022 4171 4349 4240 deserant.

2400 4264 2536 4346 Qui
2580 4262 2976 4343 obtendunt,
3029 4260 3197 4326 nihil
3242 4260 3443 4325 fuisse
3487 4259 3721 4324 melius
3772 4278 3969 4340 quam
4004 4258 4072 4321 in
4121 4279 4193 4322 re
4237 4258 4348 4325 de-

2399 4360 2661 4435 sperata
2696 4349 3072 4417 recumbere
3115 4349 3186 4412 in
3224 4347 3348 4412 Dei
3386 4344 3879 4429 providentiam,
3917 4363 4127 4426 neque
4162 4346 4349 4426 nihil,

2399 4458 2613 4521 neque
2691 4444 2903 4501 totum
2983 4433 3231 4500 dicunt.
3344 4431 3664 4498 Solatium
3743 4431 4164 4514 praecipuum
4245 4446 4347 4497 est

2394 4522 2716 4602 fidelibus,
2754 4519 3227 4586 sollicitudines
3263 4540 3417 4584 suas
3452 4537 3810 4581 exonerare
3844 4516 3915 4579 in
3940 4517 4067 4581 Dei
4091 4516 4343 4584 sinum:

2396 4630 2650 4692 nempe,
2696 4615 2771 4673 ut
2813 4609 3063 4672 interea
3105 4625 3345 4669 munus
3386 4623 3576 4668 suum
3613 4610 4086 4685 exsequantur,
4132 4625 4345 4688 neque

2392 4697 2558 4761 fines
2603 4715 2761 4760 suae
2817 4692 3174 4758 vocationis
3233 4688 3582 4763 excedant,
3643 4709 3852 4770 neque
3908 4686 4260 4754 deflectant
4302 4712 4342 4755 a

2395 4782 2507 4847 via
2571 4781 2695 4846 sibi
2762 4779 3119 4862 proposita:
3202 4775 3315 4840 sed
3395 4794 3699 4857 perverse
3772 4771 4147 4839 obtenditur
4211 4774 4336 4840 Dei

2393 4866 2808 4952 providentia
2865 4862 3217 4931 cessationi
3261 4870 3329 4926 et
3384 4861 3705 4945 ignaviae.
3794 4859 4028 4924 Potius
4072 4881 4339 4944 sperare

2390 4952 2755 5018 debuerant
2794 4951 2865 5015 in
2909 4950 3201 5014 futurum
3242 4958 3502 5031 tempus
3548 4946 3754 5012 Mosis
3797 4954 4105 5029 parentes
4148 4968 4336 5012 suam

2387 5047 2455 5105 et
2517 5037 2707 5123 pueri
2771 5035 3051 5102 salutem
3087 5033 3230 5099 Deo
3295 5036 3431 5098 fore
3487 5053 3701 5098 curae.
3791 5032 4038 5116 Magna
4093 5033 4332 5098 seduli-

2389 5131 2525 5191 tate
2589 5124 2865 5191 confecit
2921 5129 3133 5186 mater
3196 5141 3445 5199 arcam,
3511 5130 3578 5184 et
3632 5118 3907 5183 oblevit:
3974 5119 4332 5201 quorsum?

2388 5212 2519 5276 nisi
2561 5218 2639 5275 ut
2679 5211 2750 5274 in
2796 5229 2875 5275 ea
2930 5208 3135 5274 filium
3192 5204 3540 5290 sepeliret?
3602 5205 3882 5286 Semper
3933 5203 4194 5286 quidem
4251 5203 4333 5271 de

2385 5298 2528 5380 ipso
2564 5306 2665 5362 est
2696 5295 2994 5374 sollicita,
3031 5294 3253 5371 fateor,
3299 5312 3534 5374 nempe
3567 5298 3644 5356 ut
3686 5289 4033 5355 ridiculum
4070 5289 4156 5354 sit
4189 5291 4332 5359 eius

2386 5383 2756 5462 consilium,
2799 5382 2968 5466 quod
3013 5380 3302 5463 profectu
3348 5376 3683 5454 caruisset,
3729 5376 3856 5441 nisi
3900 5385 4158 5458 praeter
4192 5380 4338 5461 opi·

3854 5476 3922 5530 2*
