4867 6150
528 411 679 479 ⁶683

549 598 744 665 hodie
781 617 912 662 non
948 615 1092 661 esse
1135 592 1414 672 illicitas,
1461 592 1588 657 nisi
1631 600 1951 677 quatenus
1995 614 2147 660 cum
2191 592 2519 676 aequitate

552 696 620 752 et
654 686 941 750 fraterna
976 678 1431 748 coniunctione
1467 687 1787 762 pugnant.
1855 677 1964 744 Ita
1998 700 2068 744 se
2111 679 2388 763 quisque
2431 674 2517 743 ad

550 771 678 838 Dei
715 766 1006 835 tribunal
1042 767 1248 843 sistat,
1288 784 1407 831 nec
1441 765 1742 849 proximo
1777 786 1894 831 suo
1939 765 2136 831 faciat
2177 763 2347 848 quod
2393 764 2516 829 sibi

551 856 698 924 fieri
756 853 988 921 nollet:
1033 849 1209 917 unde
1252 861 1434 916 certa
1477 858 1545 917 et
1586 870 1757 934 quae
1801 872 2135 934 nunquam
2175 847 2360 915 fallet
2401 849 2516 914 de-

551 941 764 1009 finitio
787 939 957 1012 sumi
979 938 1239 1022 poterit.
1306 936 1573 1002 Foenus
1614 935 1880 1019 quidem
1933 956 2261 1015 exercere,
2311 956 2515 1020 quum

550 1029 728 1094 inter
780 1024 1118 1110 pudendos
1174 1029 1243 1089 et
1286 1030 1515 1106 turpes
1553 1031 1861 1105 quaestus
1905 1020 2216 1089 duxerint
2259 1021 2517 1106 profani

552 1115 933 1197 scriptores,
1001 1108 1209 1175 multo
1281 1108 1504 1174 minus
1561 1107 1901 1174 tolerabile
1960 1117 2062 1174 est
2114 1110 2289 1174 inter
2343 1107 2516 1173 filios

552 1200 715 1266 Dei:
783 1197 898 1263 sed
962 1193 1222 1279 quando
1286 1204 1353 1260 et
1419 1215 1753 1278 quousque
1820 1216 2088 1260 usuram
2147 1215 2229 1260 ex
2286 1201 2515 1259 mutuo

551 1285 889 1371 percipere
962 1282 1160 1348 liceat
1181 1331 1197 1361 ,
1251 1279 1489 1347 melius
1545 1279 1947 1363 praescribet
2004 1280 2112 1346 lex
2169 1278 2516 1363 aequitatis

553 1392 750 1457 quam
807 1369 1044 1452 longae
1103 1365 1594 1450 disputationes.
1689 1365 1750 1431 N
1756 1387 1879 1432 unc
1941 1366 2141 1432 verba
2183 1363 2514 1449 expenda-

552 1479 723 1524 mus.
789 1454 1014 1522 Primo
1042 1453 1182 1519 loco
1215 1452 1326 1517 ubi
1351 1451 1686 1531 vertimus,
1728 1450 1881 1517 Non
1911 1453 2040 1518 eris
2083 1453 2252 1520 sicut
2293 1453 2516 1517 foene-

552 1555 751 1622 rator,
797 1544 868 1606 in
911 1560 1069 1606 voce
1112 1536 1443 1604 Hebraica
1485 1550 1621 1605 riv)
1681 1538 1900 1621 aliqua
1943 1547 2047 1603 est
2090 1537 2514 1622 ambiguitas:

551 1630 712 1714 quia
776 1627 1048 1692 verbum
1113 1637 1249 1692 nv)
1315 1622 1645 1689 interdum
1725 1624 2122 1707 generaliter
2201 1624 2516 1706 accipitur

551 1737 674 1800 pro
733 1727 1040 1778 mutuum
1099 1708 1287 1790 dare,
1346 1707 1587 1792 absque
1644 1709 1914 1775 sinistra
1973 1718 2157 1777 nota:
2206 1710 2313 1777 hic
2356 1730 2517 1775 vero

556 1801 829 1867 dubium
854 1817 987 1862 non
1017 1803 1119 1862 est
1148 1795 1305 1880 quin
1374 1816 1446 1859 ro
1470 1794 1877 1862 foeneratore
1899 1806 2215 1874 sumatur,
2259 1796 2372 1878 qui
2395 1795 2518 1859 mi-

1443 1879 1641 1946 odum
1680 1889 1748 1947 et
1779 1881 1852 1946 in
1875 1881 2138 1949 Psalmo
2175 1880 2349 1969 (109,
2375 1878 2518 1967 11):

553 1973 877 2055 Illaqueet
912 1970 1280 2034 foenerator
1331 1966 1551 2032 omnia
1597 1987 1762 2050 quae
1797 1977 1955 2033 sunt
1997 1970 2156 2035 eius.
2238 1967 2520 2037 Summa

553 2064 677 2137 set,
721 2054 1076 2122 liberaliter
1128 2052 1450 2119 iuvandos
1494 2073 1639 2118 esse
1680 2074 2022 2137 pauperes,
2068 2075 2191 2120 nec
2232 2075 2519 2139 gravan-

551 2144 676 2211 dos
732 2161 874 2208 esse
933 2139 1114 2205 duris
1171 2138 1637 2205 exactionibus.
1724 2139 1956 2223 Itaque
2014 2142 2326 2207 continuo
2370 2146 2522 2223 post

553 2226 1009 2312 explicationis
1086 2244 1283 2291 eausa
1369 2222 1585 2289 addit:
1674 2223 1777 2289 Ne
1852 2226 2080 2294 foenus
2154 2226 2516 2309 imponant.

553 2314 782 2398 Quum
824 2311 1066 2378 iterum
1108 2309 1384 2394 repetit:
1430 2308 1506 2375 Si
1530 2318 1910 2377 attenuatus
1957 2322 2099 2390 etc„
2123 2311 2421 2378 videmus
2444 2318 2520 2377 ut

552 2418 920 2486 pauperum
956 2396 1126 2463 ratio
1161 2395 1400 2479 ubique
1433 2395 1781 2462 habeatur:
1817 2398 1972 2481 quia
2013 2398 2137 2465 etsi
2181 2396 2519 2464 interdum

552 2485 933 2553 foenoribus
1003 2482 1492 2547 exhauriuntur
1562 2483 1675 2563 qui
1742 2481 2091 2550 latifundia
2161 2482 2519 2569 possident,

553 2573 755 2660 (sicut
811 2567 968 2636 dicit
1014 2567 1244 2635 Cicero
1272 2566 1318 2655 ¹)
1361 2566 1673 2651 quosdam
1719 2567 1824 2633 sui
1867 2569 2183 2653 temporis
2226 2570 2520 2636 luxurio-

560 2680 669 2725 sos
715 2678 789 2722 ac
833 2653 1140 2739 prodigos
1184 2675 1334 2735 eum
1378 2653 1601 2719 usuris
1644 2661 1929 2720 certasse
1973 2654 2291 2722 fructibus
2336 2677 2523 2739 prae-

555 2744 843 2810 diorum:
886 2740 1043 2824 quia
1075 2760 1303 2804 omnes
1347 2759 1573 2804 eorum
1618 2749 1973 2821 proventus
2021 2742 2336 2809 vorabant
2378 2762 2521 2809 cre-

556 2828 802 2895 ditores
818 2825 863 2914 :)
907 2825 1093 2910 digni
1135 2834 1355 2891 tamen
1402 2824 1847 2892 misericordia
1888 2826 2158 2893 fuerunt
2201 2829 2321 2893 soli
2363 2848 2522 2911 pau-

553 2935 778 3000 peres,
846 2933 1007 2996 quos
1066 2919 1320 2994 egestas
1336 2958 1353 2990 ,
1407 2930 1542 2976 non
1587 2911 1853 2978 luxuria
1892 2914 2186 2980 mutuari
2226 2915 2518 3000 cogebat.

553 3001 822 3069 'I'ertius
858 3018 1016 3063 vero
1051 2996 1230 3063 locus
1257 2996 1503 3082 optime
1538 2997 1825 3082 explicat
1847 2997 1976 3065 Dei
2009 3008 2315 3081 mentem,
2361 2999 2520 3066 dum

553 3089 789 3155 foenus
833 3082 1136 3151 extendit
1191 3083 1273 3149 ad
1321 3084 1581 3164 vinum,
1626 3085 1950 3166 triticum,
1992 3097 2061 3152 et
2103 3107 2523 3171 quascunque

557 3174 725 3240 alias
800 3190 927 3237 res.
1037 3168 1237 3235 Multi
1314 3168 1490 3235 enim
1571 3179 1941 3238 contractus
2003 3173 2085 3239 ab
2147 3172 2524 3239 hominibus

560 3258 772 3326 vafris
840 3254 1195 3340 excogitati
1263 3254 1568 3335 fuerunt,
1642 3256 1879 3340 quibus
1948 3279 2105 3344 opes
2152 3279 2233 3324 ex
2283 3258 2526 3326 ilar-ent

557 3348 704 3412 sine
738 3340 1107 3430 ignominia
1148 3340 1254 3407 vel
1291 3338 1633 3408 dedecore:
1671 3352 1866 3495 suffic
1910 3344 2102 3411 hodie
2147 3366 2237 3410 nu
2374 3367 2524 3412 cru·

562 3431 770 3498 delier
818 3437 922 3494 est
960 3427 1286 3511 rapacitas
1330 3447 1526 3510 quam
1569 3428 1682 3493 ubi
1724 3448 1765 3492 a
1842 3449 1970 3511 que
2013 3430 2344 3498 mentione
2385 3430 2524 3497 foe-

559 3517 744 3583 noris
762 3566 778 3594 ,
833 3512 1117 3598 vectigal
1175 3512 1574 3580 debitoribus
1621 3514 2002 3597 imponitur.
2089 3515 2349 3584 Medios
2381 3516 2525 3582 fru-

560 3603 770 3670 menti
811 3622 929 3669 sex
974 3600 1032 3666 si
1073 3619 1324 3683 pauper
1366 3598 1762 3666 commodari
1805 3601 1928 3667 sibi
1971 3602 2294 3686 postulet,
2348 3603 2527 3670 volet

555 3687 849 3757 creditor
906 3694 1158 3769 septem
1201 3684 1328 3751 sibi
1370 3683 1586 3750 reddi:
1634 3685 1805 3752 idem
1849 3688 1922 3752 in
1966 3688 2124 3754 vino
2167 3688 2523 3773 continget.

560 3775 752 3841 Haec
796 3772 964 3839 lucri
1010 3771 1292 3836 accessio
1345 3770 1571 3837 foenus
1612 3794 1748 3837 non
1792 3774 2153 3855 vocabitur,
2198 3775 2351 3858 quia
2394 3797 2525 3841 non

562 3868 952 3927 numeratur
1009 3858 1303 3940 pecunia.
1393 3857 1577 3923 Deus
1633 3878 1790 3925 vero
1850 3867 2065 3925 astum
2133 3861 2309 3927 hunc
2363 3861 2526 3927 obli-

558 3966 690 4030 que
752 3943 1199 4024 subsannans,
1266 3942 1467 4009 variis
1529 3944 1602 4008 in
1667 3944 1860 4011 rebus
1900 3966 1976 4012 ac
2017 3945 2156 4012 fere
2198 3946 2271 4012 in
2314 3947 2527 4013 omni-

561 4033 687 4099 bus
758 4029 1165 4098 commerciis
1246 4027 1549 4095 foenebre
1630 4030 1876 4096 malum
1953 4033 2241 4116 grassari
2306 4031 2523 4100 docet:

559 4116 736 4184 unde
801 4117 975 4184 clare
1040 4125 1342 4198 apparot,
1410 4136 1545 4180 non
1612 4116 1791 4182 aliud
1855 4118 2141 4203 praecipi
2208 4117 2528 4185 Israelitis

561 4203 691 4270 nisi
758 4211 831 4270 ut
888 4200 1001 4268 alii
1058 4202 1219 4268 alios
1275 4200 1651 4267 humaniter
1694 4202 2058 4270 sublevent.
2122 4203 2331 4270 Porro
2376 4205 2532 4289 quia

557 4288 862 4354 homines
905 4296 1211 4355 excaecat
1253 4295 1320 4353 et
1364 4295 1812 4353 transversum
1859 4290 2035 4373 rapit
2076 4289 2400 4373 cupiditas
2445 4289 2530 4356 ad

560 4375 903 4459 improbos
981 4382 1322 4458 quaestus,
1403 4372 1672 4458 opponit
1751 4374 1933 4442 Deus
2009 4374 2528 4442 benedictionem

561 4459 873 4527 omnibus
939 4460 1265 4542 perversis
1322 4459 1603 4538 artibus,
1665 4480 1830 4543 quae
1886 4471 2039 4527 sunt
2099 4461 2304 4528 veluti
2362 4462 2531 4529 lucri

559 4546 863 4630 aucupia,
914 4556 982 4610 et
1038 4567 1077 4612 o
1124 4567 1194 4612 es
1249 4566 1289 4610 a
1344 4566 1415 4611 se
1457 4566 1591 4611 uno
1634 4543 1957 4613 bonorum
1999 4548 2298 4614 omnium
2340 4556 2529 4614 auto·

564 4654 672 4699 res
696 4651 967 4733 sperare
1011 4631 1077 4698 iu
1122 4639 1189 4697 et
1232 4632 1452 4715 potius
1495 4653 1689 4715 quam
1735 4634 1984 4717 rapinis
2030 4633 2136 4701 vel
2181 4633 2529 4701 fraudibus

564 4738 820 4784 venari.

553 1907 737 1954 seros
770 1881 1053 1951 arrodit:
1092 1903 1327 1966 quema

562 4988 1014 5114 ΜΙὲιὲπαᾶᾶ
1057 4989 1137 5045 αα
1179 5004 1247 5046 ea
1290 4989 1730 5063 qualem-ntur
1775 4990 2040 5049 §nov-at.
2074 4992 2167 5051 11.
2210 4993 2277 5049 iu
2325 4993 2527 5052 Gaas·-

1970 401 2420 473 OG'I'AVUM
2480 402 3132 471 PRAEOEP'PUM.

4422 404 4533 471 684

3235 588 3365 655 EX
3421 588 3691 658 DEUT.
3737 589 3974 658 XXII.

2794 761 2852 827 1.
2912 761 3058 828 Non
3110 762 3350 829 videbi-³
3405 761 3612 829 bovem
3659 762 3894 846 fratris
3951 763 4049 829 tui
4113 769 4226 829 aut
4264 764 4534 845 pomam

2615 853 2915 929 errantes,
2958 853 3016 914 et
3046 847 3376 915 abscondes
3416 852 3473 914 te
3514 849 3594 918 ab
3635 850 3758 916 eis:
3809 850 4151 917 reducendo
4192 850 4431 918 reduces
4465 852 4540 918 ad

2613 934 2879 1016 fratrem
2919 938 3113 1000 tuum.
3171 936 3234 1002 2.
3258 934 3480 1002 Etiam
3520 938 3583 1003 si
3624 936 3962 1018 nonfuerit
3996 936 4198 1019 frater
4238 941 4381 1003 tuus
4409 956 4542 1019 pro-

2605 1020 2895 1103 pinquus
2954 1019 3102 1100 tibi,
3163 1042 3359 1104 neque
3399 1023 3648 1088 noveris
3690 1043 3849 1103 eum,
3893 1023 4139 1106 colliqes
4181 1026 4381 1088 tamen
4416 1022 4544 1089 iace

2619 1105 2688 1172 in
2744 1106 4546 1191 domummaon,eteruntteeumdonecrequiratfrater

2619 1196 2769 1256 tuus
2824 1193 3238 1260 utrestituas
3283 1195 3361 1260 ei.
3442 1193 3501 1260 3.
3554 1193 4549 1277 Siefaciesdeaeinoeiue,8ie

2615 1277 2819 1361 facies
2845 1279 2924 1344 de
2965 1280 3321 1346 vestimento
3361 1281 3519 1362 eiua,
3561 1281 3656 1346 sie
3672 1280 3877 1364 facies
3914 1281 3991 1349 de
4024 1281 4195 1347 omni
4225 1301 4296 1346 re
4330 1279 4549 1348 amissa

2613 1362 2851 1445 fratris
2903 1364 3529 1517 ιαόαόἵεααορενίενίι
3582 1366 3664 1432 ab
3718 1367 3889 1449 ipso.-
3948 1366 4549 1446 simeo-ism

2619 1468 2743 1515 non
2784 1448 2975 1516 omult
3069 1450 3082 1463 '
3159 1456 3233 1517 te.

3196 1740 3331 1806 EX
3374 1739 3679 1807 EXODI
3718 1741 3994 1810 xxm.

2790 1911 2852 1977 4.
2895 1911 3800 1980 Siooonmemboviinimioi
3838 1915 3953 1996 tui,
3994 1921 4051 1981 et
4090 1917 4281 1982 asino
4322 1917 4559 1982 eiuserb

2620 1998 2813 2077 ronti,
2856 1999 3198 2065 reducendo
3238 2000 3496 2066 reduces
3536 2000 3623 2066 ad
3662 2001 3865 2067 illum.

2794 2168 3010 2234 Exodi
3065 2168 3168 2247 23,
3220 2170 3282 2235 4.
3382 2172 3462 2236 Si
3513 2174 3875 2239 occurreris.
3979 2173 4086 2238 Ex
4152 2173 4262 2239 his
4326 2173 4558 2241 duobus

2623 2255 2782 2321 locis
2837 2256 2998 2320 satis
3055 2264 3237 2337 patet
3252 2306 3267 2333 ,
3328 2258 3441 2339 qui
3496 2280 3538 2323 a
3589 2260 3904 2325 maleficio
3960 2260 4358 2326 abstinuerit
4374 2310 4389 2337 ,
4443 2281 4560 2325 non

2586 2340 2925 2424 -protinus
2982 2360 3201 2407 eoram
3257 2341 3405 2408 Deo
3459 2345 3821 2410 immunem
3877 2365 4024 2411 esse
4073 2366 4113 2409 a
4160 2346 4392 2429 culpa,
4448 2347 4557 2411 nisi

2623 2427 2822 2492 etiam
2880 2427 3185 2509 prodesse
3243 2428 3522 2496 studeat.
3614 2428 3691 2496 Si
3742 2432 3922 2496 enim
3964 2450 4162 2497 curae
4206 2432 4399 2499 nobis
4437 2450 4561 2498 esse

2623 2513 2816 2577 debet
2877 2514 3157 2577 fratrum
3217 2515 3468 2580 utilitas
3525 2523 3603 2582 ut
3660 2515 3837 2582 ultro
3887 2518 4182 2600 citroque
4237 2518 4443 2584 simus
4492 2515 4563 2581 ad

2624 2598 3079 2664 auxiliandum
3136 2601 3472 2682 propensi,
3516 2601 3729 2684 quoad
3773 2602 4048 2669 facultas
4091 2612 4160 2668 et
4200 2603 4564 2688 opportuni·

2625 2693 2730 2750 tas
2801 2684 2986 2750 feret.
3087 2684 3275 2751 Haec
3340 2706 3537 2769 porro
3604 2687 3904 2754 doctrina
3962 2689 4156 2754 valde
4212 2690 4565 2756 necessaria

2625 2778 2758 2836 est:
2816 2772 2971 2853 quia
3029 2771 3188 2835 dum
3244 2773 3517 2856 quisque
3570 2773 3653 2838 ad
3709 2795 3814 2839 res
3871 2796 4024 2840 snas
4068 2775 4400 2841 curandas
4438 2775 4565 2858 plus

2625 2875 2830 2939 aequo
2893 2867 2997 2923 est
3060 2865 3389 2936 attentus,
3456 2861 3540 2924 ab
3597 2859 3745 2925 aliis
3813 2859 4117 2926 iuvandis
4174 2883 4251 2927 se
4310 2863 4566 2927 libenter

2625 2939 2946 3008 subducit.
3035 2943 3219 3010 Deus
3263 2953 3485 3011 autem
3528 2945 3693 3010 furti
3734 2966 3918 3011 reum
3954 2947 4110 3013 facit
4152 2949 4269 3031 qui
4315 2969 4435 3014 sua
4472 2966 4566 3012 ne-

2628 3028 2947 3114 gligentia
3023 3028 3337 3097 damnum
3412 3029 3716 3098 intulerit
3791 3033 4139 3116 proximis:
4198 3042 4273 3099 et
4336 3033 4566 3111 merito,

2580 3121 2605 3142 “
2627 3117 2779 3199 quia
2838 3116 3104 3182 nonnisi
3162 3137 3280 3199 per
3338 3139 3490 3183 eum
3549 3118 3738 3184 stetit
3790 3119 3953 3203 quin
4005 3120 4197 3186 salva
4243 3142 4352 3187 res
4396 3130 4565 3194 esset,

2628 3222 2824 3283 quam
2883 3203 3097 3268 sciens
3154 3215 3220 3267 et
3277 3204 3511 3270 volens
3567 3205 3783 3286 perire
3840 3204 4020 3271 sinit.
4122 3205 4233 3271 Ad
4292 3207 4568 3272 inimicos

2629 3296 2849 3353 autem
2906 3288 3285 3354 extenditur
3339 3290 3463 3355 hoc
3526 3290 3847 3357 officium:
3913 3312 4043 3374 quo
4106 3293 4336 3359 minus
4396 3311 4567 3358 excu-

2629 3374 2853 3443 sabilis
2894 3385 2995 3439 est
3054 3376 3506 3442 inhumanitas
3523 3426 3539 3457 ,
3604 3376 3662 3441 si
3707 3377 3933 3444 amicis
3999 3398 4135 3443 non
4200 3390 4566 3461 praestetur.

2630 3459 2910 3527 Summa
2963 3462 3168 3545 igitur
3209 3470 3337 3541 est,
3388 3471 3467 3527 ut
3518 3463 3791 3530 benefici
3840 3466 3977 3530 sint
4018 3462 4266 3542 fideles,
4312 3485 4438 3548 quo
4473 3483 4564 3546 pa·

2630 3555 2798 3613 trem
2862 3568 3056 3613 suum
3110 3547 3458 3614 coelestem
3499 3548 3876 3614 imitentur:
3922 3571 4044 3616 nec
4086 3571 4357 3635 operam
4402 3547 4568 3615 modo

2631 3652 2819 3699 suam
2852 3633 3045 3698 bonis
3088 3632 3201 3717 qui
3245 3633 3426 3717 digni
3472 3645 3632 3701 sunt
3672 3633 4078 3719 impendant,
4124 3637 4243 3703 sed
4286 3635 4567 3720 indignos

2631 3739 2885 3803 quoque
2968 3719 3300 3785 beneficiis
3364 3733 3860 3804 prosequantur.
3972 3721 4114 3787 Iam
4179 3724 4342 3805 quia
4403 3718 4571 3786 multi

2631 3805 3113 3889 tergiversandi
3166 3806 3416 3872 colores
3468 3808 3631 3891 fingi
3677 3817 4000 3889 poterant,
4045 3811 4335 3874 occurrit
4393 3809 4570 3884 Deus,

2632 3901 2699 3957 et
2757 3892 3000 3957 animal
3046 3890 3333 3957 hominis
3389 3893 3710 3977 incogniti
3765 3894 4018 3959 servari
4074 3894 4262 3960 iubet
4305 3893 4501 3959 donee
4534 3910 4569 3953 a

2632 3999 2754 4045 suo
2814 3975 3076 4044 domino
3118 3989 3500 4061 quaeratur:
3559 3978 3738 4044 idem
3796 3982 3900 4044 ius
3956 3977 4037 4044 de
4096 3979 4244 4046 aliis
4288 3978 4569 4046 omnibus

2631 4066 2889 4131 amissis
2933 4062 3127 4129 rebus
3168 4063 3421 4130 statuit.

3286 4356 3419 4423 EX
3461 4356 3816 4426 NUMER.
3864 4355 3946 4422 V.

2810 4529 2870 4596 5.
2914 4529 3710 4612 Loquutusaetlehovaad
3732 4526 3970 4610 Mosen,
3992 4529 4280 4596 dicendo:
4329 4530 4389 4595 6.
4415 4527 4572 4594 Allo-

2634 4637 2820 4700 quere
2869 4615 3040 4698 filios
3085 4616 3328 4682 Israel.-
3387 4616 3505 4682 Vir
3545 4616 3677 4682 sive
3713 4615 3942 4681 mulier
3983 4636 4176 4698 quum
4216 4615 4471 4699 fecerint
4505 4630 4573 4677 a

2635 4702 2921 4769 omnibus
3194 4703 3207 4717 ⁸
3295 4702 3631 4782 hominum,
3690 4701 4200 4786 transyrediendo
4243 4708 4350 4768 bra
4489 4719 4570 4765 es-

2633 4790 2808 4855 sione
2864 4789 2935 4854 in
2980 4787 3291 4867 Iehovam,
3347 4793 3405 4853 et
3444 4788 3776 4870 deliquerit
3818 4788 4042 4853 anima
4082 4787 4236 4853 izza:
4297 4787 4356 4853 7.
4460 4789 4568 4850 ato-

2633 4873 2864 4940 buntur
2897 4878 3224 4957 peceatum
3278 4894 3469 4939 snum
3519 4874 3684 4956 quod
3733 4874 4039 4957 fecerunt.-
4080 4878 4136 4940 et
4170 4875 4443 4940 restituet
4477 4869 4569 4934 de-

2632 4960 2850 5027 lictum
2901 4980 3092 5026 auum
3148 4961 3215 5027 in
3270 4959 3560 5039 solidum,
3604 4964 3662 5025 et
3693 4960 3978 5043 quintam
4020 4959 4158 5027 eius
4187 4965 4438 5043 partem
4475 4976 4571 5023 εκ·

2622 5046 2948 5130 peraddet,
2990 5045 3279 5129 dabitque
3321 5045 3383 5110 ei
3424 5046 3497 5111 in
3538 5066 3723 5130 quem
3754 5046 4118 5128 peccaverit.

2807 5217 2868 5286 5.
2916 5218 3243 5299 Loqnutus
3287 5190 3404 5282 est.
3493 5215 3890 5301 Quanquam
3949 5216 4212 5284 videtur
4261 5213 4563 5300 principio

2637 5303 2876 5372 delicta
2931 5304 3152 5369 omnia
3204 5303 3793 5388 comprehendere,
3851 5325 3938 5369 ex
3995 5312 4306 5370 contextu
4359 5312 4561 5368 tamen
