4867 6150
529 435 659 501 571

529 624 695 689 mati
775 621 1095 688 subiicere
1178 620 1539 700 bominem,
1621 619 1749 684 nisi
1817 621 1930 703 qui
1997 619 2272 684 interitu
2338 617 2483 704 dig-

531 731 660 776 nus
739 717 928 774 esset.
1052 707 1278 787 Quare
1364 707 1488 773 hoc
1566 705 1647 768 ad
1729 705 1952 771 hostes
2039 704 2485 789 restringitur,

533 815 695 879 quos
740 794 979 877 alioqui
1021 791 1304 857 liberum
1351 799 1493 857 erat
1537 789 1843 875 perdere,
1891 792 2076 858 cuius
2121 793 2213 856 rei
2259 811 2484 856 exem-

531 883 716 965 plum
785 887 885 945 est
947 877 1197 946 celebre
1260 878 1332 942 in
1399 877 1559 943 urbe
1622 875 1925 955 Hierico,
2008 875 2260 943 civibus
2323 877 2484 955 eius,

535 977 602 1033 et
646 964 892 1050 spoliis.
980 964 1126 1030 Iam
1167 965 1320 1047 quia
1363 964 1697 1047 piaculum
1744 974 1887 1027 erat
1930 962 2238 1046 quidquid
2288 963 2488 1029 fiebat

535 1053 920 1129 anathema,
978 1058 1296 1133 tanquam
1353 1049 1790 1116 exsecrationi
1849 1048 2239 1114 obnoxium:
2301 1048 2487 1114 Deus

536 1138 780 1205 aboleri
836 1136 1014 1217 vult,
1082 1156 1206 1201 nec
1262 1134 1466 1201 ullam
1520 1136 2117 1218 compensationem
2173 1134 2482 1200 admittit.

535 1223 868 1306 Quorsum
929 1224 1000 1287 in
1043 1221 1394 1288 anathema
1437 1221 1821 1287 devoverint
1864 1242 2057 1305 agros
2102 1241 2271 1299 suos,
2320 1220 2485 1286 mihi

534 1330 669 1379 non
726 1317 1015 1387 constat,
1074 1308 1200 1373 nisi
1256 1307 1513 1390 aliquod
1575 1308 1739 1373 forte
1795 1308 2047 1374 crimen
2107 1307 2281 1372 unde
2329 1326 2486 1372 con-

532 1403 743 1463 tracta
786 1402 958 1461 esset
998 1393 1294 1478 pollutio,
1341 1398 1609 1477 expiare
1645 1392 1908 1459 vellent.

1090 1684 1224 1751 EX
1269 1685 1328 1749 N
1335 1683 1623 1751 UMER..
1668 1682 1904 1749 XXX.

712 1823 829 1911 1¹).
863 1823 954 1889 Ec
993 1823 1282 1904 loquutus
1324 1825 1414 1886 est
1456 1819 1668 1887 Moses
1709 1822 1798 1888 ad
1839 1822 2053 1903 capita
2094 1820 2374 1886 tribuum
2415 1821 2485 1885 in

540 1910 765 1990 Israel,
808 1909 1092 1976 dicendo:
1139 1906 1268 1972 Hic
1309 1912 1398 1972 est
1439 1927 1636 1972 sermo
1676 1927 1857 1989 quem
1887 1908 2214 1987 praecepit
2235 1905 2481 1972 Iehova.

538 1998 600 2065 2.
660 1996 778 2062 Vir
818 1996 929 2078 qui
979 1995 1212 2060 voverit
1253 1997 1460 2058 votum
1502 1991 1793 2073 lehovae,
1851 1998 1965 2059 aut
2004 1993 2317 2058 iuraverit
2355 1991 2485 2059 ius—

535 2083 900 2162 iurandum,
936 2101 1057 2163 quo
1088 2078 1559 2164 constr-inqendo
1592 2080 2032 2145 constrinxerit
2060 2079 2346 2144 animam
2377 2099 2488 2145 su-

538 2188 662 2249 am,
704 2188 781 2232 ne
812 2167 994 2233 violet
1032 2165 1284 2233 verbum
1324 2184 1544 2230 suum.-
1585 2166 1694 2231 sed
1735 2165 2076 2232 secundum
2108 2184 2281 2229 omne
2322 2164 2488 2247 quod

536 2273 849 2340 eyressum
886 2252 1080 2335 suerit
1121 2272 1198 2316 ex
1240 2272 1344 2317 ore
1388 2251 1543 2326 eius,
1583 2250 1801 2333 faeiat.
1890 2250 1949 2316 3.
1998 2250 2240 2317 Mulier
2280 2255 2487 2317 autem

536 2342 599 2406 si
631 2339 866 2405 voverit
904 2343 1109 2404 votum
1130 2335 1408 2416 Iehovae,
1452 2341 1508 2401 et
1547 2336 2014 2420 constr-inqendo
2052 2337 2492 2403 constrinxerit

538 2427 611 2491 in
663 2424 1100 2506 domopatris
1151 2423 1257 2486 sui
1312 2423 1710 2504 inpueritia
1762 2443 1919 2488 sua.-
1972 2421 2491 2489 4.Etaudierit

529 2515 716 2594 pater
749 2510 888 2574 eius
919 2513 1124 2574 votum
1157 2508 1383 2591 ipsius,
1428 2513 1484 2572 et
1526 2507 1950 2590 obligationem
1990 2529 2120 2590 qua
2142 2508 2489 2575 adstrinxit

540 2597 827 2663 annnam
868 2615 1085 2674 suam,
1130 2599 1189 2660 et
1228 2593 1489 2659 tacuerit
1531 2594 1591 2658 ei
1634 2591 1756 2680 (vel
1796 2596 1883 2660 ad
1923 2615 2062 2660 eam
2102 2595 2262 2673 rem)
2297 2599 2486 2677 pater

540 2683 694 2761 eius,
730 2681 983 2748 stabilia
1015 2685 1194 2747 erunt
1225 2680 1442 2745 omnia
1472 2684 1614 2745 vota
1646 2680 1799 2758 eius,
1842 2681 2163 2761 omnisque
2195 2680 2487 2764 obli9atio

539 2788 671 2850 qua
703 2767 1076 2833 constrinxit
1109 2766 1392 2832 animam
1424 2785 1612 2831 suam
1644 2765 2015 2832 stabilietur.
2073 2764 2132 2831 5.
2160 2765 2238 2830 Si
2280 2771 2487 2831 autem

542 2854 805 2919 irritum
857 2853 1074 2935 fecerit
1113 2856 1301 2933 pater
1354 2851 1492 2917 eius
1534 2852 1644 2918 illo
1686 2852 1789 2916 die
1831 2873 1951 2935 quo
1994 2852 2270 2918 audierit
2311 2872 2489 2917 omne

541 2943 747 3005 votum
788 2939 866 3004 ab
906 2960 982 3004 ea
1019 2939 1288 3020 factum,
1341 2942 1398 3002 et
1439 2937 1868 3022 obliyationem
1904 2938 2044 3003 eius
2084 2938 2312 3019 quibus
2351 2957 2490 3003 con-

539 3026 873 3092 strinoeerit
926 3025 1208 3091 animam
1257 3042 1470 3101 sm,
1527 3044 1652 3090 non
1711 3023 2090 3090 stabilietur.-
2138 3029 2196 3090 et
2254 3023 2488 3090 Iehova

533 3116 754 3196 parcet
792 3112 867 3191 ei,
910 3113 1063 3193 quia
1096 3116 1283 3193 pater
1322 3111 1460 3175 eius
1499 3111 1757 3176 irritum
1795 3110 2026 3192 fecerit.
2105 3114 2165 3176 6.
2219 3111 2393 3193 Quod
2426 3110 2490 3174 si

539 3197 738 3279 fuerit
785 3197 899 3263 sub
949 3198 1112 3278 vire,
1166 3201 1222 3261 et
1269 3197 1511 3279 fuerint
1563 3202 1703 3261 vota
1744 3196 1884 3262 eius
1924 3217 2116 3279 super
2153 3217 2291 3262 eam
2305 3247 2319 3275 ,
2377 3199 2490 3261 aut

531 3283 815 3365 prolatio
879 3283 1190 3349 labiorum
1255 3303 1383 3363 qua
1437 3283 1877 3347 constrinxerit
1930 3283 2217 3348 animam
2266 3303 2488 3348 suam.-

547 3369 605 3433 7.
651 3368 739 3432 Et
793 3369 1073 3434 audierit
1113 3368 1385 3433 maritus
1427 3369 1594 3447 eius,
1637 3372 1692 3432 et
1734 3369 1835 3433 die
1876 3389 1996 3450 quo
2038 3369 2283 3434 audivit
2323 3374 2491 3433 tacu-

541 3455 666 3521 erit
695 3454 788 3519 ei.-
831 3459 975 3519 tunc
1007 3454 1403 3519 stabilientur
1435 3459 1580 3518 vota
1621 3454 1773 3533 eius,
1818 3458 1875 3519 et
1915 3453 2312 3538 obligationes
2353 3455 2492 3537 qui-

540 3541 657 3607 bus
688 3540 1131 3605 constrinxerit
1171 3540 1451 3605 animam
1491 3558 1677 3605 suam
1716 3540 2127 3606 stabilientur.
2215 3541 2273 3606 8.
2316 3540 2494 3622 Quod

542 3628 604 3691 si
651 3645 770 3707 quo
802 3626 906 3691 die
946 3626 1192 3691 audivit
1231 3626 1504 3691 maritus
1545 3619 1684 3691 eiics
1727 3625 1984 3691 irritum
2025 3625 2098 3691 id
2134 3626 2377 3709 fecerit,
2437 3630 2493 3691 et

543 3711 896 3778 dissolverit
949 3716 1091 3777 vota
1132 3712 1272 3777 eius
1313 3732 1473 3792 quae
1514 3717 1695 3778 erant
1735 3731 1927 3794 super
1968 3731 2139 3791 eam,
2189 3717 2246 3776 et
2276 3712 2492 3793 prola-

542 3798 766 3863 tionem
818 3796 1129 3863 labiorum
1189 3799 1326 3862 eius
1375 3799 1786 3877 removerit,
1855 3819 1983 3880 qua
2034 3798 2493 3864 constrinxerat

544 3883 828 3947 animam
868 3903 1071 3963 suam,
1113 3888 1259 3948 tunc
1294 3882 1527 3949 Iehova
1557 3884 1888 3967 propitius
1928 3884 2028 3949 illi
2069 3884 2205 3949 erit.
2274 3884 2334 3949 9.
2377 3883 2491 3948 Vo-

539 3975 673 4034 tum
699 3974 905 4035 autem
940 3989 1115 4035 omne
1145 3969 1373 4035 viduae
1408 3974 1467 4033 et
1498 3970 1866 4050 repudiatae
1902 3990 2021 4053 quo
2054 3970 2492 4035 constrinxerit

540 4057 823 4121 animam
864 4075 1067 4134 suam,
1108 4054 1457 4120 stabilietur
1498 4076 1686 4137 super
1722 4075 1878 4121 eam.
1953 4055 2052 4121 10.
2080 4054 2282 4120 Porro
2324 4057 2385 4120 si
2418 4056 2492 4120 in

538 4141 719 4208 domo
762 4141 984 4206 mariti
1022 4142 1131 4206 sui
1173 4144 1375 4206 votum
1413 4141 1642 4224 fecerit,
1689 4146 1802 4206 aut
1841 4142 2301 4224 constrinyendo
2345 4161 2490 4206 con-

541 4228 870 4292 strinxerit
901 4228 1186 4293 animam
1218 4247 1404 4292 suam
1426 4249 1545 4312 per
1576 4229 2060 4294 iusiurandum.-
2108 4228 2207 4292 11.
2236 4226 2322 4292 Et
2354 4248 2491 4292 ma-

541 4313 709 4377 ritus
762 4314 898 4377 eius
954 4314 1233 4379 audierit
1287 4318 1344 4378 et
1397 4314 1659 4380 tacuerit
1700 4316 1788 4394 ei,
1835 4334 1944 4379 nec
1980 4315 2238 4378 irritum
2275 4313 2496 4396 fecerit

542 4398 737 4462 illud.-
787 4402 930 4462 tunc
983 4399 1374 4464 stabilientur
1415 4401 1626 4464 omnia
1667 4402 1804 4465 eius
1845 4404 2011 4480 vota,
2055 4405 2109 4463 et
2152 4400 2355 4465 omnis
2397 4399 2494 4465 ob-

544 4484 761 4563 liyatio
835 4504 962 4565 qua
1033 4486 1471 4551 constrinxerit
1532 4487 1813 4552 animam
1874 4506 2059 4552 suam
2123 4485 2491 4551 stabilietur.

551 4570 653 4634 12.
705 4568 879 4649 Quod
927 4570 988 4635 si
1025 4571 1419 4638 dissolvendo
1461 4573 1816 4639 dissolverit
1858 4572 1977 4638 illa
2020 4572 2294 4636 maritus
2335 4572 2492 4650 eius,

547 4675 666 4738 quo
709 4654 812 4719 die
852 4656 1095 4721 audivit
1135 4678 1372 4722 omnem
1400 4658 1815 4740 prolationem
1856 4657 2164 4724 labierwm
2206 4659 2362 4735 eius,
2408 4656 2496 4724 ad

548 4745 687 4807 vota
722 4741 873 4820 eius,
919 4745 977 4804 et
1011 4742 1442 4826 obliyationem
1477 4745 1731 4811 animae
1763 4745 1916 4825 eius,
1959 4763 2085 4809 non
2127 4744 2493 4819 stabilietur,

548 4828 822 4892 maritus
865 4827 1003 4892 eius
1043 4829 1329 4894 dissolvit
1371 4850 1477 4910 ea,
1525 4836 1580 4894 et
1622 4830 1851 4895 Iehova
1884 4830 2205 4913 propitius
2250 4832 2372 4895 erit
2415 4830 2493 4894 ei.

553 4913 654 4978 13.
687 4912 879 4979 Omne
908 4918 1133 4994 votum,
1176 4919 1233 4978 et
1273 4935 1449 4980 omne
1487 4916 1937 4983 iusiurandum
1979 4916 2371 4999 obliyationis
2412 4916 2500 4981 ad

552 4999 956 5082 affliyendam
989 5000 1270 5065 animam
1311 5001 1585 5067 maritus
1627 5003 1764 5069 eius
1804 5002 2090 5083 stabiliet,
2133 5007 2187 5066 et
2228 5003 2501 5068 maritus

553 5084 691 5149 eius
737 5085 1044 5151 dissolvet.
1134 5085 1233 5151 14.
1286 5085 1406 5151 Sin
1448 5090 1699 5155 tacendo
1742 5090 2006 5154 tacuerit
2048 5089 2320 5153 maritus
2362 5090 2500 5154 eius

555 5192 598 5235 a
638 5170 742 5235 die
779 5172 850 5236 in
891 5172 1082 5250 diem,
1127 5177 1271 5237 tunc
1311 5171 1586 5239 stabiliet
1627 5176 1838 5241 omnia
1882 5179 2023 5240 vota
2066 5175 2235 5254 eius,
2280 5180 2336 5240 et
2377 5194 2502 5240 om-

729 5358 788 5427 1)
823 5358 990 5415 Hebr.
1027 5377 1076 5415 v.
1115 5358 1308 5415 2—17.

1979 430 2399 498 TERTIUM
2445 427 3098 495 PRAEOEPTUM.

4408 424 4521 492 572

2586 636 2699 682 nes
2755 617 3153 701 obliqationes
3204 618 3342 684 eius
3394 637 3557 699 quae
3612 621 3760 683 sunt
3809 635 4005 698 super
4059 634 4197 680 eam
4256 614 4524 696 stabiliet,

2587 704 2742 785 quia
2793 704 2988 768 tacuit
3043 707 3103 771 ei
3156 724 3277 787 quo
3330 704 3434 769 die
3488 703 3750 769 audivit.
3841 701 3942 768 15.
3994 702 4168 784 Quod
4222 703 4283 766 si
4323 700 4531 767 dissol-

2587 789 2778 854 vendo
2832 790 3187 858 dissolverit
3242 810 3318 855 ea
3363 793 3703 872 postquam
3745 788 4049 868 audierit,
4099 786 4376 869 portabit
4411 786 4526 851 ini-

2588 875 2884 957 quitatem
2926 876 3121 944 illius
3191 877 3293 940 16.
3340 874 3517 940 Haec
3557 880 3704 941 sunt
3744 879 3986 941 statuta
4028 893 4190 955 quae
4223 873 4531 956 praecepit

2590 959 2822 1026 Iehova
2844 961 3023 1027 Mosi
3055 964 3220 1028 inter
3252 961 3466 1026 virum
3508 966 3564 1026 et
3606 980 3867 1027 uxorem
3906 961 4058 1040 eius,
4099 961 4262 1025 inter
4289 962 4529 1041 patrem

2588 1043 4531 1130 ettiliameiusquaeestinpueritiaindomopatrissui.

2762 1219 2822 1282 1.
2882 1217 2973 1283 Et
3040 1220 3334 1303 loquutus
3397 1221 3487 1284 est
3543 1217 3771 1284 Moses.
3875 1217 4022 1283 Hoc
4087 1215 4301 1299 capite
4354 1215 4531 1281 docet

2593 1303 2843 1383 Moses,
2917 1315 3073 1370 vota
3129 1327 3295 1388 quae
3354 1325 3481 1369 non
3544 1304 3792 1370 fuerint
3850 1311 4167 1387 concepta
4220 1322 4260 1365 a
4319 1302 4531 1368 liberis

2590 1391 2917 1472 personia,
2964 1401 3108 1457 rata
3151 1412 3283 1456 non
3330 1391 3554 1457 haberi
3601 1411 3825 1457 coram
3870 1389 4031 1454 Deo.
4121 1388 4269 1453 Etsi
4317 1396 4533 1453 autem

2591 1473 2671 1541 de
2736 1475 2960 1543 liberis
3016 1477 3328 1543 masculis
3387 1476 3570 1541 nulla
3629 1478 3704 1542 fit
3759 1477 4039 1552 mentio,
4104 1475 4256 1558 quia
4317 1485 4531 1539 tamen

2590 1561 2819 1627 eadem
2878 1571 2982 1628 est
3035 1562 3352 1643 conditio,
3412 1562 3719 1628 videntur
3771 1582 3885 1644 per
3929 1559 4386 1645 synecdochen
4429 1558 4531 1624 de·

2592 1647 2745 1712 bere
2786 1650 3096 1733 coniungi
3143 1649 3402 1716 filiabus
3445 1658 3510 1713 et
3555 1647 3907 1726 uxoribus,
3956 1647 4084 1713 nisi
4127 1646 4299 1711 forte
4343 1667 4533 1712 sexus

2586 1731 2957 1799 infirmitati
3016 1735 3351 1801 consulere
3397 1736 3581 1800 Deus
3640 1733 3939 1799 voluerit.
4030 1731 4163 1799 Sed
4222 1733 4378 1815 quia
4422 1753 4533 1815 pu-

2589 1818 2735 1884 ellis
2789 1841 2954 1904 quae
3008 1843 3142 1886 non
3203 1830 3395 1886 erant
3450 1822 3571 1886 sub
3630 1822 3843 1903 patria
3892 1826 4244 1903 potestate,
4306 1838 4535 1883 vovere

2588 1907 2926 1988 permittit,
2970 1928 3092 1974 neo
3143 1928 3342 1973 sexus
3386 1906 3709 1972 rationem
3750 1905 3964 1983 babet,
4010 1915 4088 1969 ut
4129 1904 4389 1970 levitati
4431 1912 4538 1968 aut

2587 1990 3055 2077 incogitantiae
3121 1991 3502 2073 subveniat,
3572 1992 3942 2075 propositus
4008 1990 4269 2056 videtur
4339 1990 4536 2055 fuisse

2587 2077 2768 2156 finis,
2814 2087 2890 2142 ut
2934 2088 3067 2144 tam
3112 2081 3282 2162 patri
3325 2079 3396 2142 in
3441 2098 3594 2143 suos
3639 2077 3894 2155 liberos,
3942 2096 4139 2161 quam
4182 2077 4428 2142 marito
4468 2076 4533 2140 in

2589 2184 2860 2228 uxorem
2908 2165 3011 2231 ius
3056 2166 3316 2230 salvum
3364 2173 3681 2229 maneret.

2758 2251 2817 2315 2.
2881 2250 2997 2315 Vir
3049 2253 3160 2333 qui
3201 2251 3449 2318 voverit.
3537 2251 3790 2334 Legem
3836 2249 4211 2334 generalem
4258 2246 4531 2313 restrin-

2587 2357 2743 2420 gere
2779 2337 3024 2416 volens,
3060 2358 3143 2402 ne
3178 2337 3324 2420 quis
3358 2337 3429 2401 in
3475 2336 3599 2401 hac
3642 2337 4042 2401 correctione
4086 2342 4361 2418 putaret
4402 2353 4541 2399 esse

2588 2421 2939 2505 quidquam
2976 2422 3473 2507 repugnantiae,
3510 2422 3855 2487 exordium
3890 2422 4042 2486 facit
4078 2442 4118 2485 a
4151 2420 4540 2503 repetitione

2589 2506 2797 2590 ipsius
2831 2508 3016 2593 legis,
3062 2516 3138 2575 ut
3170 2508 3454 2574 fideliter
3485 2517 3774 2592 praestet
3808 2509 4083 2591 quisque
4118 2505 4300 2590 quod
4336 2506 4542 2572 vovit:

2591 2595 2778 2676 quasi
2821 2594 3086 2675 diceret,
3132 2596 3343 2660 fixum
3388 2593 3647 2678 quidem
3693 2593 3859 2659 illud
3903 2612 4188 2670 manere,
4234 2591 4361 2658 sed
4404 2602 4544 2657 tan-

2593 2689 2735 2744 tum
2789 2680 2872 2744 ad
2933 2701 3041 2747 eos
3108 2691 3406 2764 spectare
3479 2682 3590 2764 qui
3648 2691 3805 2745 sunt
3860 2680 3961 2744 sui
4006 2679 4204 2744 iuris:
4268 2677 4544 2744 feminas

2593 2774 2817 2831 autem
2881 2775 2947 2831 et
3008 2766 3261 2851 puellas
3314 2787 3483 2850 quae
3538 2766 3662 2831 sub
3721 2765 3938 2831 aliena
3994 2777 4152 2830 sunt
4205 2773 4545 2848 potestate,

2594 2872 2726 2916 non
2767 2873 2910 2917 esse
2945 2851 3184 2918 liberas
3220 2851 3304 2918 ad
3340 2850 3737 2929 vovendum,
3784 2850 3912 2916 nisi
3946 2850 4300 2917 accesserit
4343 2849 4547 2935 patris

2595 2937 2698 3001 vel
2742 2938 2963 3002 mariti
3006 2957 3383 3005 consensus.
3449 2937 3635 3004 Haec
3679 2947 3899 3002 autem
3943 2937 4268 3022 praefatio
4305 2935 4545 3020 exponi

2594 3022 2787 3089 debet
2820 3022 2923 3111 (ut
2956 3033 3111 3090 ante
3155 3022 3494 3111 admonui)
3538 3023 3620 3090 de
3665 3023 3838 3091 votis
3880 3022 4099 3102 licitis,
4144 3021 4391 3107 quibus
4432 3042 4547 3089 nec

2591 3112 3039 3194 corrumpitur
3101 3111 3334 3194 religio
3351 3161 3366 3189 ,
3433 3132 3556 3177 nec
3622 3109 4010 3193 profanatur
4073 3110 4369 3175 nominis
4427 3109 4547 3175 Dei

2592 3197 2925 3263 sanctitas.
3015 3198 3107 3262 Et
3149 3208 3325 3263 certe
3369 3197 3499 3262 nisi
3544 3197 3687 3262 Deo
3730 3196 3988 3280 placeat
4030 3195 4201 3279 quod
4247 3196 4545 3272 offertur,

2593 3283 2777 3347 nulla
2854 3292 3069 3365 potest
3145 3304 3286 3349 esse
3367 3283 3624 3349 animae
3687 3282 4082 3348 constrictio.
4191 3279 4550 3348 Caeterum

2592 3370 2749 3452 quia
2801 3370 3205 3452 comparatio
3262 3370 3339 3434 fit
3410 3368 3615 3434 maris
3670 3375 3737 3432 et
3800 3368 4118 3447 feminae,
4183 3367 4545 3451 probabilis

2592 3455 2761 3519 forte
2783 3456 3154 3521 coniectura
3178 3455 3328 3521 elici
3361 3461 3599 3538 posset,
3636 3475 3872 3538 pueros
3905 3474 4165 3538 quoque
4198 3451 4549 3532 decennes,

2592 3542 2896 3624 quamvis
2932 3543 3066 3607 sint
3100 3540 3528 3618 filiifamilias,
3571 3540 3914 3625 obstringi,
3960 3550 4158 3624 atque
4192 3538 4351 3606 ideo
4401 3559 4549 3625 per·

2593 3627 2899 3692 tinaciter
2932 3649 3062 3692 non
3101 3626 3517 3704 contendam,
3562 3626 3718 3709 quia
3753 3634 4047 3711 praestat
4077 3626 4150 3690 in
4188 3625 4415 3692 medio
4458 3646 4553 3692 re-

2590 3713 2892 3796 linquere
2935 3712 3108 3797 quod
3152 3711 3425 3779 dubium
3469 3720 3587 3790 est,
3636 3721 3832 3795 atque
3877 3710 3981 3810 (ut
4026 3712 4225 3796 vulgo
4270 3712 4550 3796 loquun-

2590 3798 2728 3885 tur)
2772 3801 2841 3864 in
2887 3808 3234 3882 utramque
3278 3807 3531 3882 partem
3577 3795 3993 3881 disputabile.

2765 3885 2824 3951 3.
2871 3886 3113 3951 Mulier
3168 3891 3376 3952 autem
3428 3885 3490 3950 si
3542 3884 3790 3951 voverit.
3876 3882 4021 3949 Iam
4079 3882 4431 3949 descendit
4471 3881 4549 3947 ad

2591 3992 2732 4037 rem
2791 3972 3001 4055 ipsam
3058 3972 3138 4038 de
3181 3993 3309 4056 qua
3353 3971 3756 4055 propositum
3801 3977 3904 4036 est
3945 3977 4262 4035 tractare:
4320 3989 4550 4054 nempe

2593 4069 2748 4123 vota
2799 4078 2836 4120 a
2894 4060 3192 4140 personis
3249 4079 3415 4141 quae
3472 4057 3636 4122 iuris
3696 4056 3800 4122 sui
3858 4077 3992 4121 non
4038 4066 4193 4120 sunt
4234 4065 4551 4139 concepta

2594 4151 2738 4209 rata
2816 4164 2947 4208 non
2980 4171 2992 4188 ·
3027 4143 3272 4209 haberi.
3383 4145 3484 4209 Ac
3549 4143 3715 4209 duas
3779 4141 4028 4226 species
4094 4149 4550 4208 connumerat.

2596 4229 2822 4293 Primo
2858 4229 3034 4293 enim
3076 4228 3220 4295 'loco
3261 4228 3468 4308 docet,
3513 4231 3569 4295 si
3615 4227 4040 4294 filiafamilias
4087 4227 4245 4292 dum
4297 4228 4551 4294 habitat

2596 4313 2768 4397 apud
2813 4325 3064 4398 patrem
3124 4315 3477 4398 quidquam
3524 4315 3782 4379 voverit
3824 4316 3971 4398 ipso
4014 4314 4255 4394 inscio,
4306 4315 4549 4381 nullius

2596 4400 2914 4466 momenti
2960 4421 3120 4467 esse.
3187 4401 3377 4466 Idem
3419 4401 3582 4464 iuris
3625 4401 3858 4467 statuit
3900 4401 3957 4468 si
4001 4409 4190 4484 pater
4231 4409 4398 4466 voto
4440 4423 4546 4467 au-

2597 4486 2733 4552 dito
2790 4485 3294 4553 contradixerit:
3348 4488 3403 4552 si
3464 4507 3620 4552 vero
3677 4487 3959 4553 tacuerit
4011 4507 4220 4569 quum
4268 4487 4545 4565 adesset,

2597 4572 2932 4639 silentium
3016 4573 3157 4638 eius
3235 4594 3353 4656 pro
3431 4592 3754 4639 consensu
3833 4573 4054 4639 valere
4133 4574 4547 4654 pronunciat.

2598 4658 2793 4726 Unde
2858 4658 3190 4743 colligitur
3255 4681 3366 4726 eos
3431 4678 3658 4724 omnes
3720 4658 3832 4741 qui
3886 4667 4214 4741 potestate
4274 4658 4548 4742 praediti

2597 4754 2776 4822 sunt,
2823 4765 2953 4810 non
2990 4746 3173 4830 fungi
3218 4766 3337 4812 suo
3382 4744 3596 4809 officio
3641 4744 3769 4808 nisi
3813 4743 4015 4811 libere
4058 4752 4126 4810 et
4168 4744 4441 4810 cordate
4481 4764 4549 4809 se

2598 4841 2931 4915 opponant
2965 4835 3218 4914 quoties
3261 4830 3507 4915 aliquid
3553 4828 3882 4913 displicet:
3924 4831 4079 4914 quia
4120 4851 4357 4896 eorum
4401 4851 4546 4897 con-

2600 4918 2901 4984 niventia
2963 4917 3161 4983 tacita
3215 4916 3532 5002 quaedam
3586 4928 3687 4982 est
3742 4917 4141 5001 approbatio.
4246 4915 4548 4984 Secundo

2599 5003 2742 5069 loco
2779 5005 2916 5088 agit
2950 5001 3029 5068 de
3065 5003 3448 5071 mulieribus
3493 5004 3875 5087 coniugatis,
3920 5024 4202 5088 quarum
4243 5014 4404 5070 vota
4439 5002 4546 5068 ab·

2603 5090 2898 5156 sentibus
2943 5090 3195 5154 maritis
3241 5097 3355 5153 aut
3396 5088 3922 5171 improbantibus
3967 5098 4311 5173 concepta,
4360 5091 4545 5156 irrita

2604 5196 2745 5242 esse
2791 5176 2998 5241 iubet:
3046 5175 3104 5238 si
3152 5195 3306 5240 vero
3350 5176 3629 5240 scientes
3675 5177 4005 5241 tacuerint
4027 5227 4044 5255 ,
4090 5175 4171 5240 ad
4217 5187 4541 5258 praestan·

2606 5262 2763 5325 dum
2808 5261 3070 5343 obligat.
3166 5260 3416 5325 Multae
3462 5260 3641 5324 enim
3684 5261 3947 5328 fraudes
3991 5262 4398 5326 intervenire
4440 5281 4545 5344 po-

2603 5356 2854 5426 terant,
2925 5345 3076 5429 quia
3146 5346 3373 5412 multis
3441 5347 3759 5411 usitatum
3818 5357 3943 5427 est,
4017 5347 4176 5413 dum
4238 5347 4547 5413 uxoribus
