4867 6150
550 453 680 520 295

549 640 745 726 paulo
783 649 932 725 post
974 648 1229 724 repetet
1260 640 1334 705 in
1369 639 1821 740 primogenitis
1857 636 2231 703 offerendis.
2299 634 2497 718 Quod

554 740 776 793 autem
821 747 974 791 mox
1018 727 1345 810 sequitur,
1412 735 1702 808 apertius
1744 725 2089 792 confirmat
2130 721 2375 806 pascha
2417 722 2500 788 ad

605 813 841 878 rimum
886 811 1270 877 mandatum
1314 823 1641 895 spectare,
1702 831 1936 894 nempe
1978 819 2055 874 ut
2097 809 2206 874 lex
2241 806 2372 873 Dei
2414 809 2502 874 sit

555 920 623 963 m
694 919 807 963 ore
870 899 1182 981 ipsorum.
1293 895 1551 979 Quibus
1630 897 1851 962 verbis
1928 893 2283 979 significat,
2363 915 2498 959 non

556 983 863 1050 sufficere
922 992 1196 1049 externo
1252 984 1386 1047 ritu
1446 982 1715 1067 defungi
1758 981 1889 1047 nisi
1929 982 2012 1046 ad
2058 982 2258 1046 finem
2303 999 2498 1044 suum

554 1070 906 1134 referatur:
951 1089 1187 1153 nempe
1231 1077 1307 1133 ut
1330 1069 1473 1133 Deo
1516 1069 1781 1152 eiusque
1826 1068 2157 1132 doctrinae
2200 1087 2270 1131 se
2312 1065 2498 1131 addi-

556 1162 727 1233 cant.
816 1154 1024 1220 Porro
1076 1155 1210 1219 oris
1269 1155 1603 1234 meminit,
1661 1175 1790 1220 non
1845 1151 2015 1236 quod
2070 1152 2497 1235 praecipuum

554 1237 678 1306 hoc
729 1240 850 1315 sit,
915 1239 1240 1306 disserere
1297 1248 1416 1305 aut
1472 1239 1651 1323 loqui
1706 1240 1787 1304 de
1842 1239 2019 1323 lege,
2077 1234 2258 1323 (quia
2310 1238 2367 1302 si
2423 1237 2497 1303 in

552 1324 782 1408 lingua
855 1336 1029 1391 esset
1105 1327 1346 1410 pietas,
1424 1326 1655 1409 optimi
1714 1324 1843 1392 Dei
1919 1323 2200 1390 cultores
2278 1332 2498 1387 essent

552 1408 960 1498 hypocritae)
996 1411 1109 1476 sed
1149 1411 1391 1476 diserte
1433 1413 1708 1497 flagitat,
1752 1409 1864 1476 ubi
1899 1411 2169 1493 quisque
2204 1408 2496 1473 studium

551 1515 745 1561 suum
791 1497 1098 1579 privatim
1145 1497 1497 1564 contulerit
1540 1496 1621 1561 ad
1681 1494 2057 1562 discendam
2115 1494 2362 1576 legem,
2424 1503 2496 1558 ut

551 1580 662 1647 alii
708 1601 967 1666 quoque
1012 1582 1174 1648 alios
1216 1594 1443 1648 mutuo
1489 1583 1765 1649 doceant
1806 1591 2000 1666 atque
2042 1580 2407 1646 hortentur.

1188 1923 1322 1989 EX
1365 1924 1633 1992 DEU'P.
1678 1922 1870 1989 XVI.

715 2094 779 2160 3.
848 2094 994 2160 Non
1053 2095 1325 2162 comedes
1385 2114 1523 2160 cum
1577 2094 1687 2160 illo
1738 2095 2178 2177 fermentatum
2195 2116 2215 2157 .·
2268 2095 2498 2172 septem

541 2178 763 2248 diebus
815 2181 1090 2247 comedes
1145 2200 1287 2247 cum
1343 2179 1451 2245 illo
1492 2179 1934 2262 infermentata
1955 2228 1972 2258 ,
2016 2197 2253 2263 panem
2295 2177 2498 2259 afflic-

543 2266 767 2334 tionis:
824 2267 978 2349 quia
1027 2265 1404 2348 festinanter
1455 2285 1739 2349 eyrcssus
1796 2284 1863 2330 es
1905 2286 1939 2330 e
1980 2269 2151 2330 terra
2192 2262 2498 2346 Aeyypti:

541 2357 613 2418 ut
668 2353 1033 2416 memineris
1087 2351 1216 2416 diei
1273 2371 1394 2434 quo
1450 2370 1736 2434 eyressus
1789 2371 1856 2416 es
1903 2371 1937 2415 e
1992 2355 2163 2416 terra
2205 2350 2496 2431 Aeyypti,

543 2436 831 2504 omnibus
895 2436 1112 2503 diebus
1175 2437 1343 2502 vitae
1404 2441 1568 2502 tuae.
1677 2437 1739 2501 4.
1810 2436 2029 2517 Neque
2089 2434 2499 2516 conspicietur

543 2523 720 2605 apud
753 2529 810 2587 te
844 2521 1216 2603 fermentum
1250 2523 1322 2587 in
1356 2522 1525 2587 omni
1557 2523 1814 2586 termmo
1855 2526 1959 2588 tuo
1992 2525 2219 2603 septem
2251 2519 2499 2586 diebus.-

546 2629 743 2691 neque
796 2607 1182 2687 pernoctabit
1245 2607 1322 2673 de
1387 2608 1683 2674 carnibus
1744 2627 1905 2690 quas
1979 2605 2364 2689 sacrificabis
2425 2606 2498 2671 in

547 2714 809 2777 vespera
850 2694 957 2759 die
989 2693 1206 2775 primo
1245 2712 1446 2775 usque
1487 2713 1691 2759 mane.

1130 3035 1263 3102 EX
1307 3034 1612 3104 EXODI
1653 3035 1924 3105 XXIII.

724 3208 825 3275 18.
896 3208 1045 3276 Non
1123 3208 1477 3276 immolabis
1539 3229 1677 3274 eum
1752 3209 2051 3292 fermento
2127 3210 2497 3293 sanquinem

549 3292 839 3359 victimae
897 3315 1106 3361 meae.-
1184 3316 1382 3378 neque
1447 3295 1833 3379 pernoctabit
1906 3297 2098 3379 adeps
2160 3296 2314 3380 ayni
2375 3294 2500 3360 mei

550 3398 749 3461 usque
795 3399 992 3445 mane.

1105 3722 1238 3789 EX
1278 3721 1583 3789 EXODI
1625 3720 1959 3788 XXXIV.

723 3891 826 3959 25.
896 3893 1044 3959 Non
1121 3892 1476 3959 immolabis
1551 3912 1691 3959 cum
1764 3894 2054 3976 fermento
2129 3896 2500 3978 sanquinem

553 3979 1279 4133 ffiffldfflttfae
1301 3979 1685 4062 mmm*
1703 3999 1896 4063 ’ΨΘ
1914 4000 2098 4046 *⁰⁹²⁰
2118 3982 2501 4064 mmm

729 4235 927 4302 Dent.
974 4258 1028 4301 c.
1077 4235 1178 4313 16,
1239 4234 1299 4300 3.
1351 4236 1500 4301 Non
1554 4237 1827 4303 comedes
1879 4257 2019 4303 cum
2072 4237 2180 4303 illo
2231 4238 2501 4321 femen-

557 4326 775 4386 tatum.
887 4321 1060 4402 Quia
1123 4321 1246 4388 hoc
1324 4322 1619 4406 symbolo
1695 4322 2217 4388 admonebantur
2278 4346 2348 4388 se
2413 4345 2500 4389 ex

559 4408 888 4490 praesenti
932 4406 1235 4473 incendio
1279 4405 1533 4490 trepide
1575 4406 1830 4492 elapsos
1872 4428 2045 4474 esse:
2106 4409 2250 4474 ideo
2305 4411 2499 4476 toties

559 4492 850 4557 inculcat
872 4494 1092 4558 Moses
1135 4492 1641 4576 prohibitionem
1685 4494 2007 4559 fermenti.
2078 4496 2292 4578 Atque
2337 4496 2501 4561 haec

561 4581 733 4642 ratio
775 4598 952 4642 nunc
1004 4579 1432 4660 exprimitur,
1487 4588 1564 4643 ut
1620 4580 1691 4645 in
1735 4581 2114 4645 memoriam
2157 4592 2501 4647 revocetur

563 4663 869 4742 afflictio,
913 4685 996 4728 ex
1041 4685 1170 4747 qua
1209 4666 1414 4748 erepti
1458 4667 1736 4731 fuerant.
1824 4665 1997 4730 Nam
2040 4686 2242 4749 quum
2286 4689 2372 4732 ne
2416 4666 2500 4731 ad

561 4770 803 4834 panem
899 4749 1162 4831 quidem
1261 4750 1668 4833 coquendum
1762 4761 2139 4836 suppeteret
2222 4762 2500 4837 tempus,

561 4835 837 4901 summis
880 4836 1205 4916 angustiis
1257 4835 1458 4902 fuisse
1514 4845 1874 4903 coarctatos
1932 4845 2207 4920 oportet.
2295 4837 2501 4904 Panis

561 4940 720 5004 ergo
765 4940 1040 5003 azymus
1085 4929 1352 4986 vocatur
1408 4923 1813 5001 afflictionis,
1872 4930 1948 4987 ut
1990 4921 2219 4988 modus
2264 4923 2501 4989 libera-

562 5006 762 5071 tionis
818 5005 1032 5087 magis
1086 5005 1375 5071 illustret
1430 5007 1556 5073 Dei
1622 5010 1919 5092 gratiam.
2004 5008 2276 5090 Repetit
2329 5009 2502 5092 quod

562 5104 717 5158 ante
771 5091 1094 5170 vidimus,
1153 5113 1238 5157 ne
1297 5091 1454 5176 quid
1496 5095 1566 5158 in
1612 5094 1783 5158 diem
1828 5094 2200 5177 proximum
2246 5104 2507 5161 maneat

560 5176 895 5243 residuum
942 5199 1024 5243 ex
1070 5199 1267 5243 carne
1310 5179 1482 5261 agni.
1547 5179 1630 5244 In
1673 5180 1886 5262 priore
1930 5180 2069 5246 loco
2102 5180 2318 5246 Exodi
2353 5182 2509 5266 quia

562 5264 960 5347 generaliter
983 5262 1273 5347 loquitur
1295 5264 1533 5345 Moses,
1567 5266 1780 5346 primo
1813 5267 2055 5332 intuitu
2092 5279 2505 5352 praeceptum

564 5348 797 5415 referri
861 5360 1086 5433 posset
1147 5350 1229 5415 ad
1293 5351 1447 5437 iuge
1511 5352 1921 5419 sacrificium.
2023 5350 2274 5418 Verum
2339 5354 2509 5419 alter

2019 450 2398 519 PRIMUM
2442 446 3090 519 PRAEOEPTUM.

4405 449 4519 515 296

2605 638 2787 705 locus
2852 637 3321 705 dubitationem
3388 637 3590 714 tollit,
3671 637 3780 703 ubi
3847 636 4088 702 diserte
4151 637 4524 719 exprimitur

2606 724 2867 807 pascha.
2958 723 3240 808 Adipem
3300 746 3454 790 vero
3509 726 3661 807 poni
3720 744 3852 789 uno
3909 723 3978 786 in
4038 722 4176 787 loco
4230 742 4345 806 pro
4397 731 4524 787 tota

2604 831 2801 876 carne
2843 817 2913 874 et
2953 809 3244 895 qualibet
3285 820 3470 893 parte
3514 811 3704 894 agni,
3749 810 3993 874 mirum
4034 830 4167 873 non
4211 818 4340 873 est:
4398 808 4525 872 sive

2603 917 2722 980 per
2785 896 3237 982 synecdochen
3305 894 3372 961 id
3435 897 3578 974 fiat,
3656 897 3797 961 sive
3862 894 4045 959 Deus
4123 894 4525 977 praecipuam

2603 983 3016 1048 sanctitatem
3051 985 3121 1047 in
3157 982 3346 1065 adipe
3381 980 3809 1058 commendet,
3854 1001 3936 1045 ex
3973 999 4102 1063 quo
4137 999 4267 1045 non
4301 978 4529 1044 licebat

2603 1068 2797 1146 vesci,
2843 1077 2910 1133 et
2951 1068 3062 1152 qui
3107 1068 3504 1134 exurebatur
3547 1069 3617 1131 in
3660 1065 3962 1133 omnibus
4011 1065 4367 1131 sacrificiis.

3220 1408 3351 1474 EX
3389 1407 3742 1475 NUMER.
3787 1407 3912 1474 IX.

2776 1583 2835 1647 1.
2871 1581 3197 1664 Loquutus
3231 1585 3319 1646 est
3353 1584 3555 1646 autem
3579 1578 3807 1644 Iebova
3839 1578 3927 1644 ad
3948 1576 4172 1647 Mosen
4202 1577 4273 1641 in
4306 1576 4532 1641 deserto

2608 1667 2814 1747 Sinai,
2857 1688 3024 1733 anno
3064 1666 3329 1733 secundo
3369 1686 3489 1748 quo
3532 1665 3764 1749 cyressi
3804 1669 3949 1729 sunt
3980 1683 4013 1729 e
4054 1668 4229 1728 terra
4250 1662 4535 1745 Aeyypti,

2601 1774 2809 1820 mense
2838 1754 3079 1836 prime,
3121 1752 3405 1818 dicendo:
3488 1750 3548 1816 2.
3599 1749 3860 1815 Facient
3909 1749 4037 1832 filii
4081 1747 4292 1813 Israel
4339 1746 4538 1812 Pesah

2602 1842 2675 1906 in
2715 1844 2983 1922 tempore
3023 1857 3155 1903 suo.
3244 1837 3303 1902 3.
3368 1836 3628 1903 Decimo
3670 1840 3892 1919 quarto
3932 1835 4034 1900 die
4074 1835 4313 1901 mensis
4352 1833 4537 1899 huius

2602 1928 2764 1992 inter
2782 1926 2947 1991 duas
2967 1942 3259 2006 vesperas
3287 1923 3538 2006 facietis
3559 1922 3718 1987 illud
3737 1928 4000 2004 tempore
4031 1940 4177 1985 suo.-
4209 1919 4540 1985 secundum

2603 2030 2812 2077 omnes
2852 2010 3020 2075 ritus
3078 2027 3255 2086 suos,
3325 2013 3380 2073 et
3436 2011 3619 2073 iuxta
3672 2027 3879 2072 omnes
3921 2006 4347 2072 caeremonias
4388 2024 4537 2070 sitas

2598 2097 2848 2180 facietis
2905 2095 3083 2161 illud.
3171 2094 3234 2160 4.
3280 2094 3663 2175 Alloquutus
3713 2099 3802 2160 est
3855 2093 4068 2174 itaque
4108 2088 4327 2157 Moses
4379 2090 4541 2171 filios

2605 2181 2814 2247 Israel
2868 2186 2938 2245 ut
2988 2183 3262 2265 facerent
3306 2179 3534 2246 Pesalz.
3620 2178 3679 2245 5.
3743 2177 4157 2258 Feceruntque
4213 2175 4426 2241 Pesah
4473 2177 4540 2240 in

2590 2269 2804 2351 primo
2857 2280 3095 2345 mense,
3152 2265 3384 2332 decimo
3436 2269 3662 2347 quarto
3716 2264 3820 2331 dic
3860 2264 4136 2329 eiusdem
4175 2262 4343 2327 inter
4383 2263 4542 2329 duas

2599 2374 2892 2435 vesperas
2968 2353 3039 2419 in
3115 2352 3350 2417 deserto
3418 2349 3635 2416 Sinai:
3710 2350 4048 2416 secundum
4109 2349 4326 2414 omnia
4389 2366 4544 2428 quac

2588 2443 2994 2521 praeceperat
3058 2437 3286 2503 lehcva
3350 2435 3550 2516 Mosi,
3629 2436 3721 2501 sic
3790 2435 4063 2518 fecerunt
4121 2433 4251 2515 lilii
4317 2431 4541 2498 Israel.

2600 2525 2661 2590 6.
2729 2524 3012 2590 Fuerunt
3077 2528 3280 2590 autem
3342 2523 3604 2604 quidam
3666 2521 3977 2586 immundi
4052 2539 4243 2602 super
4320 2521 4536 2585 anima

2599 2610 2873 2678 hominis
2886 2661 2903 2691 ,
2967 2610 3079 2692 qui
3130 2630 3254 2675 non
3298 2612 3635 2691 potuerunt
3687 2608 3895 2691 facere
3955 2605 4162 2672 Pesalz
4213 2604 4319 2671 die
4369 2606 4535 2686 ipsc.-

2598 2702 2745 2762 tunc
2787 2700 3168 2763 accesserunt
3219 2715 3427 2762 coram
3471 2692 3650 2759 Mose
3705 2698 3764 2758 et
3816 2711 4025 2758 coram
4081 2690 4350 2756 Aharon
4401 2691 4538 2772 ipso

2598 2782 2719 2849 die.
2832 2783 2891 2847 7.
2972 2781 3409 2862 Dixeruntque
3484 2778 3762 2844 homines
3838 2778 3935 2843 illi
4011 2778 4097 2844 ad
4159 2796 4335 2842 eum:
4406 2774 4541 2840 Nos

2600 2868 2913 2934 immundi
2952 2886 3174 2933 sumus
3214 2886 3406 2948 super
3460 2866 3679 2930 anima
3734 2862 4007 2930 hominis
4020 2914 4036 2941 ,
4092 2867 4162 2928 ut
4202 2862 4362 2944 quid
4393 2881 4541 2944 pro-

2600 2954 2887 3019 hibemur
2926 2974 3002 3019 ne
3045 2952 3382 3034 offeramus
3422 2950 3784 3017 oblationem
3825 2949 4088 3014 Iehovae
4119 2953 4391 3030 tempore
4432 2965 4541 3011 suo

2600 3041 2672 3105 in
2712 3040 2914 3107 medio
2951 3038 3232 3120 filiorum
3269 3035 3529 3102 Israel?
3598 3037 3657 3104 8.
3704 3035 3792 3101 Et
3832 3036 3999 3102 dimit
4041 3033 4127 3100 ad
4158 3053 4259 3101 eos
4294 3033 4542 3100 Moses:

2605 3125 2803 3203 State,
2861 3131 2920 3191 et
2975 3125 3241 3191 audiam
3293 3124 3448 3205 quid
3491 3123 3852 3205 praecipiat
3893 3121 4125 3187 Iehova
4168 3141 4292 3203 pro
4349 3120 4538 3185 vobis.

2601 3212 2662 3278 9.
2724 3212 3052 3293 Loquutus
3103 3215 3193 3276 est
3244 3214 3452 3275 autem
3510 3208 3744 3275 Iehova
3795 3208 3881 3272 ad
3939 3207 4189 3286 Mosen,
4248 3205 4542 3272 dicendo.-

2605 3298 2706 3363 10.
2752 3297 3086 3380 Alloquere
3120 3295 3290 3376 filios
3333 3294 3570 3372 Israel,
3616 3294 3900 3361 dicendo.-
3949 3294 4309 3376 Quicunque
4350 3290 4547 3371 fuerit

2601 3384 2966 3449 immundus
3006 3402 3196 3463 super
3236 3382 3472 3459 anima,
3517 3385 3631 3446 aut
3668 3379 3863 3462 fuerit
3905 3380 3976 3444 in
4015 3380 4125 3444 via
4166 3384 4425 3455 remota,
4468 3395 4545 3442 ea:

2601 3468 2790 3546 vobis,
2812 3468 2908 3534 vel
2929 3488 3007 3533 eoe
3024 3467 3526 3551 qenerationibus
3546 3467 3785 3544 vestris,
3816 3466 4007 3548 faciet
4032 3463 4238 3529 Pesah
4260 3464 4543 3529 Iehooae.

2607 3555 2707 3621 11.
2775 3554 2994 3620 Mense
3056 3553 3349 3630 secunde,
3411 3552 3643 3618 decimo
3699 3556 3922 3633 quarto
3986 3552 4086 3615 die
4150 3550 4313 3616 inter
4381 3550 4545 3615 duas

2599 3660 2891 3723 vesperas
2942 3641 3173 3722 facient
3235 3638 3399 3703 illud
3410 3663 3428 3703 .·
3491 3658 3630 3703 cum
3705 3637 4162 3720 infermentatis
4224 3641 4281 3702 et
4336 3634 4546 3701 herbis

2604 3728 2848 3792 amaris
2883 3724 3191 3790 comedent
3223 3723 3400 3789 illud.
3467 3724 3567 3790 12.
3617 3723 3764 3789 Non
3805 3723 4150 3804 relinquent
4189 3720 4547 3805 quidquam

2603 3832 2680 3878 m:
2711 3832 2781 3877 eo
2815 3831 3011 3892 usque
3031 3829 3230 3888 mane,
3266 3830 3461 3890 neque
3493 3831 3561 3875 os
3581 3810 3964 3893 consrinyent
3980 3810 4050 3873 in
4084 3828 4181 3874 co.-
4213 3809 4550 3874 secundum

2603 3917 2813 3963 omnes
2852 3899 3020 3961 ritus
3066 3894 3273 3960 Pesah
3313 3896 3547 3976 facient
3585 3897 3773 3961 illud.
3864 3894 3968 3962 13.
4029 3893 4147 3959 Vir
4188 3899 4399 3958 autem
4441 3891 4548 3974 qui

2601 3988 2692 4048 est
2732 3982 3021 4056 mundus.
3070 3987 3183 4047 aut
3223 3982 3293 4046 in
3325 3983 3436 4047 via
3467 4002 3591 4047 non
3630 3981 3843 4064 fuerit,
3889 3987 3948 4047 et
3982 3980 4315 4046 cessaverit
4343 3980 4548 4057 facere

2608 4067 2817 4134 Pesah
2832 4119 2846 4146 ,
2914 4067 3229 4133 excidetur
3293 4068 3513 4133 anima
3576 4067 3695 4132 illa
3743 4088 3776 4133 e
3831 4066 4093 4148 populis
4155 4066 4297 4131 suis
4311 4116 4326 4142 ,
4397 4063 4549 4146 quia

2603 4153 2969 4219 oblationem
3011 4152 3275 4217 Iehovae
3315 4172 3443 4217 non
3485 4152 3705 4220 obtulit
3744 4158 4017 4233 tempore
4058 4171 4190 4231 suo,
4222 4157 4550 4232 peccatum

2602 4260 2792 4305 suum
2821 4238 3101 4321 portabit
3140 4239 3242 4303 vir
3284 4238 3407 4304 ille.
3500 4239 3602 4304 14.
3664 4238 3741 4303 Si
3782 4259 3921 4304 vero
3962 4237 4335 4303 habitaverit
4375 4234 4549 4316 apud

2602 4326 3144 4477 ‘’taff“m.
3175 4323 3761 4476 Zesffleffiss
3794 4323 4114 4492 ἑῖῆοὲαῗὲὲι
4132 4324 4351 4474 Ἥ...
4351 4324 4549 4474 '2¹33

2603 4498 2721 4562 erit
2761 4498 2945 4578 vobis,
2988 4501 3118 4562 tam
3147 4497 3486 4580 pereyrino
3529 4517 3720 4579 quam
3762 4496 4090 4579 indiyenae
4131 4500 4352 4561 terrae.

2775 4667 3044 4735 Numer.
3082 4668 3143 4749 9,
3191 4668 3249 4733 1.
3297 4667 3626 4749 Loquutus
3666 4672 3758 4732 est
3787 4672 3997 4732 autem
4032 4665 4282 4733 Ielzova.
4352 4664 4547 4748 Quod

2606 4754 2789 4819 Deus
2855 4764 3008 4818 ante
3075 4775 3318 4819 annum
3382 4754 3673 4836 elapsum
3737 4752 3978 4836 populo
4038 4754 4108 4816 in
4162 4754 4547 4818 memoriam

2605 4839 2859 4905 reducit
2892 4839 3392 4906 celebrationem
3433 4837 3775 4923 paschatis,
3813 4847 4062 4921 quanta
4097 4839 4293 4902 fuerit
4326 4836 4546 4921 populi

2605 4926 2865 4991 incuria
2906 4923 3059 4990 inde
3102 4924 3463 5008 colligitur,
3524 4945 3689 5008 quae
3749 4924 3947 4989 etiam
4002 4924 4545 5008 ingratitudinem

2606 5010 2841 5094 prodit.
2932 5009 3109 5091 Quid
3169 5011 3344 5076 enim
3406 5011 3638 5077 facturi
3683 5019 3875 5076 erant
3916 5022 4068 5092 post
4108 5030 4317 5075 annos
4357 5011 4543 5092 quin·

2607 5098 2936 5181 quaginta,
2981 5115 3184 5180 quum
3221 5096 3582 5178 periculum
3617 5096 3817 5161 fuerit
3852 5105 3934 5161 ne
3969 5096 4211 5162 oblivio
4245 5096 4374 5161 illis
4411 5110 4542 5160 tam

2608 5183 2844 5265 exiguo
2867 5197 3161 5265 tempore
3194 5180 3580 5265 obreperet?
3627 5182 3799 5248 Nam
3835 5182 3895 5248 si
3930 5180 4105 5247 ultro
4140 5181 4223 5246 ad
4257 5182 4544 5247 officium

2608 5266 2823 5333 seduli
2867 5268 3178 5348 fuissent,
3237 5288 3718 5352 supervacuum
3768 5276 3913 5333 erat
3969 5268 4210 5333 iterum
4252 5277 4543 5350 repetere

2612 5352 2785 5438 quod
2852 5364 2988 5418 tam
3052 5375 3279 5420 severe
3344 5353 3583 5420 additis
3631 5355 3829 5419 minis
3881 5352 4254 5420 iniunctum
4312 5354 4540 5419 fuerat.
