<?xml version="1.0" encoding="UTF-8"?>
<!DOCTYPE html PUBLIC "-//W3C//DTD XHTML 1.0 Transitional//EN"
    "http://www.w3.org/TR/xhtml1/DTD/xhtml1-transitional.dtd">
<html xmlns="http://www.w3.org/1999/xhtml" xml:lang="en" lang="en">
 <head>
  <title>
</title>
<meta http-equiv="Content-Type" content="text/html;charset=utf-8" />
  <meta name='ocr-system' content='tesseract 3.04.00' />
  <meta name='ocr-capabilities' content='ocr_page ocr_carea ocr_par ocr_line ocrx_word'/>
</head>
<body>
  <div class='ocr_page' id='page_1' title='image "./ioanniscalvinio04unkngoog_0348.png"; bbox 0 0 4867 6150; ppageno 0'>
   <div class='ocr_carea' id='block_1_1' title="bbox 568 409 4549 485">
    <p class='ocr_par' dir='ltr' id='par_1_1' title="bbox 568 409 4549 485">
     <span class='ocr_line' id='line_1_1' title="bbox 568 409 4549 485; baseline -0 0"><span class='ocrx_word' id='word_1_1' title='bbox 568 419 696 485; x_wconf 82' lang='lat'><strong>667</strong></span> <span class='ocrx_word' id='word_1_2' title='bbox 1987 409 2476 480; x_wconf 67' lang='lat' dir='ltr'>SEPTIMUM</span> <span class='ocrx_word' id='word_1_3' title='bbox 2519 411 3167 484; x_wconf 72' lang='lat' dir='ltr'><strong>PRAEOEP&#39;PUM.</strong></span> <span class='ocrx_word' id='word_1_4' title='bbox 4440 416 4549 484; x_wconf 74' lang='lat'><strong>668</strong></span> 
     </span>
    </p>
   </div>
   <div class='ocr_carea' id='block_1_2' title="bbox 470 598 2529 2307">
    <p class='ocr_par' dir='ltr' id='par_1_2' title="bbox 470 598 2529 2307">
     <span class='ocr_line' id='line_1_2' title="bbox 569 598 2526 688; baseline -0.004 -14"><span class='ocrx_word' id='word_1_5' title='bbox 569 627 713 674; x_wconf 90' lang='lat' dir='ltr'><strong>essc</strong></span> <span class='ocrx_word' id='word_1_6' title='bbox 756 603 1227 688; x_wconf 72' lang='lat' dir='ltr'><strong>imputandam,</strong></span> <span class='ocrx_word' id='word_1_7' title='bbox 1273 622 1467 686; x_wconf 92' lang='lat' dir='ltr'><strong>quam</strong></span> <span class='ocrx_word' id='word_1_8' title='bbox 1514 601 1686 667; x_wconf 90' lang='lat' dir='ltr'><strong>tanti</strong></span> <span class='ocrx_word' id='word_1_9' title='bbox 1730 600 1993 668; x_wconf 90' lang='lat' dir='ltr'><strong>sceleris</strong></span> <span class='ocrx_word' id='word_1_10' title='bbox 2039 598 2394 679; x_wconf 88' lang='lat' dir='ltr'><strong>autoribus,</strong></span> <span class='ocrx_word' id='word_1_11' title='bbox 2442 621 2526 667; x_wconf 92' lang='lat' dir='ltr'><strong>ne</strong></span> 
     </span>
     <span class='ocr_line' id='line_1_3' title="bbox 470 686 2524 773; baseline -0.004 -13"><span class='ocrx_word' id='word_1_12' title='bbox 470 711 478 719; x_wconf 83' lang='grc'><strong><em>·</em></strong></span> <span class='ocrx_word' id='word_1_13' title='bbox 567 692 844 773; x_wconf 90' lang='lat' dir='ltr'><strong>iudices,</strong></span> <span class='ocrx_word' id='word_1_14' title='bbox 923 689 1352 756; x_wconf 88' lang='lat' dir='ltr'><strong>humanitatis</strong></span> <span class='ocrx_word' id='word_1_15' title='bbox 1415 694 1767 770; x_wconf 85' lang='lat' dir='ltr'><strong>praetextu</strong></span> <span class='ocrx_word' id='word_1_16' title='bbox 1783 738 1800 768; x_wconf 89' lang='lat'><strong>,</strong></span> <span class='ocrx_word' id='word_1_17' title='bbox 1865 686 2281 753; x_wconf 84' lang='lat' dir='ltr'><strong>severitatem</strong></span> <span class='ocrx_word' id='word_1_18' title='bbox 2349 686 2524 752; x_wconf 87' lang='lat' dir='ltr'><strong>refu·</strong></span> 
     </span>
     <span class='ocr_line' id='line_1_4' title="bbox 567 770 2526 865; baseline -0.003 -21"><span class='ocrx_word' id='word_1_19' title='bbox 567 779 788 865; x_wconf 84' lang='lat' dir='ltr'><strong>giant:</strong></span> <span class='ocrx_word' id='word_1_20' title='bbox 833 783 912 843; x_wconf 91' lang='lat' dir='ltr'><strong>ut</strong></span> <span class='ocrx_word' id='word_1_21' title='bbox 952 795 1148 860; x_wconf 88' lang='lat' dir='ltr'><strong>saepe</strong></span> <span class='ocrx_word' id='word_1_22' title='bbox 1188 773 1512 858; x_wconf 89' lang='lat' dir='ltr'><strong>contingit</strong></span> <span class='ocrx_word' id='word_1_23' title='bbox 1553 794 1666 840; x_wconf 88' lang='lat' dir='ltr'><strong>eos</strong></span> <span class='ocrx_word' id='word_1_24' title='bbox 1708 772 1791 838; x_wconf 91' lang='lat' dir='ltr'><strong>ad</strong></span> <span class='ocrx_word' id='word_1_25' title='bbox 1828 773 2093 839; x_wconf 91' lang='lat' dir='ltr'><strong>inanem</strong></span> <span class='ocrx_word' id='word_1_26' title='bbox 2135 770 2526 841; x_wconf 87' lang='lat' dir='ltr'><strong>clementiae</strong></span> 
     </span>
     <span class='ocr_line' id='line_1_5' title="bbox 569 855 2528 949; baseline -0.004 -17"><span class='ocrx_word' id='word_1_27' title='bbox 569 864 849 949; x_wconf 90' lang='lat' dir='ltr'><strong>speciem</strong></span> <span class='ocrx_word' id='word_1_28' title='bbox 906 861 1254 929; x_wconf 88' lang='lat' dir='ltr'><strong>deflectere</strong></span> <span class='ocrx_word' id='word_1_29' title='bbox 1311 860 1426 945; x_wconf 91' lang='lat' dir='ltr'><strong>qui</strong></span> <span class='ocrx_word' id='word_1_30' title='bbox 1483 880 1619 926; x_wconf 91' lang='lat' dir='ltr'><strong>non</strong></span> <span class='ocrx_word' id='word_1_31' title='bbox 1662 855 1827 926; x_wconf 82' lang='lat' dir='ltr'><strong>satis</strong></span> <span class='ocrx_word' id='word_1_32' title='bbox 1869 858 2252 943; x_wconf 85' lang='lat' dir='ltr'><strong>expendunt</strong></span> <span class='ocrx_word' id='word_1_33' title='bbox 2293 858 2528 926; x_wconf 89' lang='lat' dir='ltr'><strong>atroci-</strong></span> 
     </span>
     <span class='ocr_line' id='line_1_6' title="bbox 569 943 2526 1030; baseline -0.003 -14"><span class='ocrx_word' id='word_1_34' title='bbox 569 959 777 1016; x_wconf 87' lang='lat' dir='ltr'><strong>tatem</strong></span> <span class='ocrx_word' id='word_1_35' title='bbox 831 947 1009 1014; x_wconf 91' lang='lat' dir='ltr'><strong>mali.</strong></span> <span class='ocrx_word' id='word_1_36' title='bbox 1097 946 1366 1013; x_wconf 80' lang='lat' dir='ltr'><strong>Interea</strong></span> <span class='ocrx_word' id='word_1_37' title='bbox 1417 943 1679 1030; x_wconf 90' lang='lat' dir='ltr'><strong>oblique</strong></span> <span class='ocrx_word' id='word_1_38' title='bbox 1733 943 2100 1013; x_wconf 71' lang='lat' dir='ltr'><strong>subindicat</strong></span> <span class='ocrx_word' id='word_1_39' title='bbox 2157 944 2377 1011; x_wconf 84' lang='lat' dir='ltr'><strong>Moses</strong></span> <span class='ocrx_word' id='word_1_40' title='bbox 2393 995 2410 1025; x_wconf 90' lang='lat'><strong>,</strong></span> <span class='ocrx_word' id='word_1_41' title='bbox 2468 944 2526 1011; x_wconf 89' lang='lat' dir='ltr'><strong>si</strong></span> 
     </span>
     <span class='ocr_line' id='line_1_7' title="bbox 570 1029 2526 1116; baseline -0.004 -12"><span class='ocrx_word' id='word_1_42' title='bbox 570 1037 768 1106; x_wconf 79' lang='lat' dir='ltr'><strong>venia</strong></span> <span class='ocrx_word' id='word_1_43' title='bbox 829 1034 1027 1100; x_wconf 88' lang='lat' dir='ltr'><strong>detur</strong></span> <span class='ocrx_word' id='word_1_44' title='bbox 1093 1033 1345 1112; x_wconf 83' lang='lat' dir='ltr'><strong>noxiis,</strong></span> <span class='ocrx_word' id='word_1_45' title='bbox 1411 1032 1750 1116; x_wconf 84' lang='lat' dir='ltr'><strong>provocari</strong></span> <span class='ocrx_word' id='word_1_46' title='bbox 1812 1030 1935 1098; x_wconf 91' lang='lat' dir='ltr'><strong>hoc</strong></span> <span class='ocrx_word' id='word_1_47' title='bbox 2003 1029 2196 1097; x_wconf 93' lang='lat' dir='ltr'><strong>modo</strong></span> <span class='ocrx_word' id='word_1_48' title='bbox 2265 1029 2526 1097; x_wconf 77' lang='lat' dir='ltr'><strong>vindic·</strong></span> 
     </span>
     <span class='ocr_line' id='line_1_8' title="bbox 570 1116 2527 1203; baseline -0.004 -14"><span class='ocrx_word' id='word_1_49' title='bbox 570 1131 710 1189; x_wconf 87' lang='lat' dir='ltr'><strong>tam</strong></span> <span class='ocrx_word' id='word_1_50' title='bbox 768 1121 839 1187; x_wconf 92' lang='lat' dir='ltr'><strong>in</strong></span> <span class='ocrx_word' id='word_1_51' title='bbox 904 1127 1121 1185; x_wconf 89' lang='lat' dir='ltr'><strong>totum</strong></span> <span class='ocrx_word' id='word_1_52' title='bbox 1184 1117 1537 1203; x_wconf 90' lang='lat' dir='ltr'><strong>populum:</strong></span> <span class='ocrx_word' id='word_1_53' title='bbox 1605 1116 1761 1201; x_wconf 87' lang='lat' dir='ltr'><strong>quia</strong></span> <span class='ocrx_word' id='word_1_54' title='bbox 1817 1117 2208 1202; x_wconf 78' lang='lat' dir='ltr'><strong>impunitate</strong></span> <span class='ocrx_word' id='word_1_55' title='bbox 2265 1118 2527 1183; x_wconf 89' lang='lat' dir='ltr'><strong>fovetur</strong></span> 
     </span>
     <span class='ocr_line' id='line_1_9' title="bbox 568 1202 2527 1291; baseline -0.003 -17"><span class='ocrx_word' id='word_1_56' title='bbox 568 1207 903 1291; x_wconf 89' lang='lat' dir='ltr'><strong>iniquitas,</strong></span> <span class='ocrx_word' id='word_1_57' title='bbox 950 1204 1155 1272; x_wconf 89' lang='lat' dir='ltr'><strong>donec</strong></span> <span class='ocrx_word' id='word_1_58' title='bbox 1197 1206 1409 1270; x_wconf 90' lang='lat' dir='ltr'><strong>instar</strong></span> <span class='ocrx_word' id='word_1_59' title='bbox 1453 1202 1686 1270; x_wconf 87' lang='lat' dir='ltr'><strong>diluvii</strong></span> <span class='ocrx_word' id='word_1_60' title='bbox 1729 1204 2034 1269; x_wconf 85' lang='lat' dir='ltr'><strong>exundet.</strong></span> <span class='ocrx_word' id='word_1_61' title='bbox 2124 1203 2266 1269; x_wconf 92' lang='lat' dir='ltr'><strong>Iam</strong></span> <span class='ocrx_word' id='word_1_62' title='bbox 2312 1223 2527 1286; x_wconf 90' lang='lat' dir='ltr'><strong>poena</strong></span> 
     </span>
     <span class='ocr_line' id='line_1_10' title="bbox 569 1288 2524 1374; baseline -0.004 -12"><span class='ocrx_word' id='word_1_63' title='bbox 569 1292 871 1362; x_wconf 79' lang='lat' dir='ltr'><strong>orbitatis</strong></span> <span class='ocrx_word' id='word_1_64' title='bbox 909 1289 1171 1359; x_wconf 89' lang='lat' dir='ltr'><strong>crimini</strong></span> <span class='ocrx_word' id='word_1_65' title='bbox 1212 1288 1581 1374; x_wconf 78' lang='lat' dir='ltr'><strong>respondet,</strong></span> <span class='ocrx_word' id='word_1_66' title='bbox 1639 1290 1792 1373; x_wconf 90' lang='lat' dir='ltr'><strong>quia</strong></span> <span class='ocrx_word' id='word_1_67' title='bbox 1833 1291 2079 1355; x_wconf 92' lang='lat' dir='ltr'><strong>iustum</strong></span> <span class='ocrx_word' id='word_1_68' title='bbox 2125 1297 2225 1354; x_wconf 91' lang='lat' dir='ltr'><strong>est</strong></span> <span class='ocrx_word' id='word_1_69' title='bbox 2267 1289 2524 1355; x_wconf 90' lang='lat' dir='ltr'><strong>steriles</strong></span> 
     </span>
     <span class='ocr_line' id='line_1_11' title="bbox 569 1375 2525 1460; baseline -0.003 -13"><span class='ocrx_word' id='word_1_70' title='bbox 569 1402 608 1447; x_wconf 92' lang='lat' dir='ltr'><strong>e</strong></span> <span class='ocrx_word' id='word_1_71' title='bbox 650 1377 899 1446; x_wconf 90' lang='lat' dir='ltr'><strong>mundo</strong></span> <span class='ocrx_word' id='word_1_72' title='bbox 943 1376 1404 1454; x_wconf 83' lang='lat' dir='ltr'><strong>exterminari,</strong></span> <span class='ocrx_word' id='word_1_73' title='bbox 1473 1375 1586 1460; x_wconf 91' lang='lat' dir='ltr'><strong>qui</strong></span> <span class='ocrx_word' id='word_1_74' title='bbox 1629 1375 1998 1441; x_wconf 86' lang='lat' dir='ltr'><strong>adulterino</strong></span> <span class='ocrx_word' id='word_1_75' title='bbox 2042 1375 2292 1441; x_wconf 88' lang='lat' dir='ltr'><strong>semine</strong></span> <span class='ocrx_word' id='word_1_76' title='bbox 2335 1395 2525 1442; x_wconf 89' lang='lat' dir='ltr'><strong>sanc-</strong></span> 
     </span>
     <span class='ocr_line' id='line_1_12' title="bbox 566 1463 2186 1547; baseline -0.005 -13"><span class='ocrx_word' id='word_1_77' title='bbox 566 1476 711 1534; x_wconf 86' lang='lat' dir='ltr'><strong>tum</strong></span> <span class='ocrx_word' id='word_1_78' title='bbox 755 1463 1068 1531; x_wconf 86' lang='lat' dir='ltr'><strong>Abrahae</strong></span> <span class='ocrx_word' id='word_1_79' title='bbox 1110 1483 1318 1547; x_wconf 88' lang='lat' dir='ltr'><strong>genus</strong></span> <span class='ocrx_word' id='word_1_80' title='bbox 1362 1482 1781 1544; x_wconf 90' lang='lat' dir='ltr'><strong>corrumpere</strong></span> <span class='ocrx_word' id='word_1_81' title='bbox 1823 1468 2186 1527; x_wconf 87' lang='lat' dir='ltr'><strong>tentarunt.</strong></span> 
     </span>
     <span class='ocr_line' id='line_1_13' title="bbox 740 1546 2527 1631; baseline -0.004 -13"><span class='ocrx_word' id='word_1_82' title='bbox 740 1551 847 1618; x_wconf 79' lang='lat'><strong>22.</strong></span> <span class='ocrx_word' id='word_1_83' title='bbox 909 1548 1221 1617; x_wconf 55' lang='lat' dir='ltr'><strong>Custodia</strong></span> <span class='ocrx_word' id='word_1_84' title='bbox 1280 1550 1508 1631; x_wconf 76' lang='lat' dir='ltr'><strong>itaque.</strong></span> <span class='ocrx_word' id='word_1_85' title='bbox 1612 1547 1756 1613; x_wconf 89' lang='lat' dir='ltr'><strong>Iam</strong></span> <span class='ocrx_word' id='word_1_86' title='bbox 1823 1547 2019 1613; x_wconf 88' lang='lat' dir='ltr'><strong>tertio</strong></span> <span class='ocrx_word' id='word_1_87' title='bbox 2083 1546 2420 1613; x_wconf 85' lang='lat' dir='ltr'><strong>Israelitas</strong></span> <span class='ocrx_word' id='word_1_88' title='bbox 2487 1566 2527 1611; x_wconf 91' lang='lat' dir='ltr'><strong>a</strong></span> 
     </span>
     <span class='ocr_line' id='line_1_14' title="bbox 654 1632 2529 1719; baseline -0.004 -15"><span class='ocrx_word' id='word_1_89' title='bbox 654 1638 870 1704; x_wconf 90' lang='lat' dir='ltr'><strong>ntium</strong></span> <span class='ocrx_word' id='word_1_90' title='bbox 914 1634 1284 1701; x_wconf 87' lang='lat' dir='ltr'><strong>imitatione</strong></span> <span class='ocrx_word' id='word_1_91' title='bbox 1327 1634 1629 1714; x_wconf 84' lang='lat' dir='ltr'><strong>retrahit,</strong></span> <span class='ocrx_word' id='word_1_92' title='bbox 1673 1643 1870 1719; x_wconf 89' lang='lat' dir='ltr'><strong>atque</strong></span> <span class='ocrx_word' id='word_1_93' title='bbox 1908 1641 1986 1698; x_wconf 91' lang='lat' dir='ltr'><strong>ut</strong></span> <span class='ocrx_word' id='word_1_94' title='bbox 2033 1655 2103 1699; x_wconf 90' lang='lat' dir='ltr'><strong>se</strong></span> <span class='ocrx_word' id='word_1_95' title='bbox 2146 1632 2529 1700; x_wconf 89' lang='lat' dir='ltr'><strong>contineant</strong></span> 
     </span>
     <span class='ocr_line' id='line_1_15' title="bbox 567 1718 2525 1806; baseline -0.004 -15"><span class='ocrx_word' id='word_1_96' title='bbox 567 1735 747 1792; x_wconf 71' lang='lat' dir='ltr'><strong>intra</strong></span> <span class='ocrx_word' id='word_1_97' title='bbox 804 1725 970 1789; x_wconf 88' lang='lat' dir='ltr'><strong>fines</strong></span> <span class='ocrx_word' id='word_1_98' title='bbox 1026 1721 1192 1806; x_wconf 86' lang='lat' dir='ltr'><strong>legis</strong></span> <span class='ocrx_word' id='word_1_99' title='bbox 1251 1719 1572 1787; x_wconf 86' lang='lat' dir='ltr'><strong>hortatur.</strong></span> <span class='ocrx_word' id='word_1_100' title='bbox 1663 1718 1856 1801; x_wconf 78' lang='lat' dir='ltr'><strong>Quod</strong></span> <span class='ocrx_word' id='word_1_101' title='bbox 1915 1740 2047 1785; x_wconf 92' lang='lat' dir='ltr'><strong>non</strong></span> <span class='ocrx_word' id='word_1_102' title='bbox 2093 1727 2338 1785; x_wconf 89' lang='lat' dir='ltr'><strong>temere</strong></span> <span class='ocrx_word' id='word_1_103' title='bbox 2381 1718 2525 1784; x_wconf 88' lang='lat' dir='ltr'><strong>fieri</strong></span> 
     </span>
     <span class='ocr_line' id='line_1_16' title="bbox 570 1804 2527 1893; baseline -0.005 -16"><span class='ocrx_word' id='word_1_104' title='bbox 570 1810 916 1888; x_wconf 89' lang='lat' dir='ltr'><strong>admonui,</strong></span> <span class='ocrx_word' id='word_1_105' title='bbox 984 1808 1138 1893; x_wconf 86' lang='lat' dir='ltr'><strong>quia</strong></span> <span class='ocrx_word' id='word_1_106' title='bbox 1210 1805 1451 1889; x_wconf 85' lang='lat' dir='ltr'><strong>alioqui</strong></span> <span class='ocrx_word' id='word_1_107' title='bbox 1517 1806 1824 1890; x_wconf 83' lang='lat' dir='ltr'><strong>proclivis</strong></span> <span class='ocrx_word' id='word_1_108' title='bbox 1889 1805 2119 1870; x_wconf 86' lang='lat' dir='ltr'><strong>fuisset</strong></span> <span class='ocrx_word' id='word_1_109' title='bbox 2175 1804 2399 1889; x_wconf 88' lang='lat' dir='ltr'><strong>lapsus</strong></span> <span class='ocrx_word' id='word_1_110' title='bbox 2454 1804 2527 1868; x_wconf 91' lang='lat' dir='ltr'><strong>in</strong></span> 
     </span>
     <span class='ocr_line' id='line_1_17' title="bbox 568 1890 2527 1981; baseline -0.004 -18"><span class='ocrx_word' id='word_1_111' title='bbox 568 1893 1099 1981; x_wconf 86' lang='lat' dir='ltr'><strong>approbationem</strong></span> <span class='ocrx_word' id='word_1_112' title='bbox 1138 1892 1349 1959; x_wconf 89' lang='lat' dir='ltr'><strong>malae</strong></span> <span class='ocrx_word' id='word_1_113' title='bbox 1384 1890 1890 1959; x_wconf 88' lang='lat' dir='ltr'><strong>consuetudinis.</strong></span> <span class='ocrx_word' id='word_1_114' title='bbox 1935 1891 2143 1956; x_wconf 88' lang='lat' dir='ltr'><strong>Porro</strong></span> <span class='ocrx_word' id='word_1_115' title='bbox 2178 1913 2260 1956; x_wconf 92' lang='lat' dir='ltr'><strong>ne</strong></span> <span class='ocrx_word' id='word_1_116' title='bbox 2294 1890 2527 1974; x_wconf 88' lang='lat' dir='ltr'><strong>iugum</strong></span> 
     </span>
     <span class='ocr_line' id='line_1_18' title="bbox 570 1975 2528 2065; baseline -0.005 -16"><span class='ocrx_word' id='word_1_117' title='bbox 570 1982 930 2065; x_wconf 83' lang='lat' dir='ltr'><strong>excutiant,</strong></span> <span class='ocrx_word' id='word_1_118' title='bbox 985 1989 1327 2064; x_wconf 82' lang='lat' dir='ltr'><strong>postquam</strong></span> <span class='ocrx_word' id='word_1_119' title='bbox 1373 1978 1544 2044; x_wconf 82' lang='lat' dir='ltr'><strong>dixit</strong></span> <span class='ocrx_word' id='word_1_120' title='bbox 1588 1989 1818 2063; x_wconf 90' lang='lat' dir='ltr'><strong>gentes</strong></span> <span class='ocrx_word' id='word_1_121' title='bbox 1864 1976 2183 2043; x_wconf 84' lang='lat' dir='ltr'><strong>Ohanaan</strong></span> <span class='ocrx_word' id='word_1_122' title='bbox 2228 1976 2309 2044; x_wconf 98' lang='lat' dir='ltr'><strong>ob</strong></span> <span class='ocrx_word' id='word_1_123' title='bbox 2354 1975 2528 2042; x_wconf 91' lang='lat' dir='ltr'><strong>eius-</strong></span> 
     </span>
     <span class='ocr_line' id='line_1_19' title="bbox 569 2061 2528 2151; baseline -0.004 -17"><span class='ocrx_word' id='word_1_124' title='bbox 569 2066 750 2134; x_wconf 90' lang='lat' dir='ltr'><strong>modi</strong></span> <span class='ocrx_word' id='word_1_125' title='bbox 782 2065 1352 2151; x_wconf 87' lang='lat' dir='ltr'><strong>inquinamentum</strong></span> <span class='ocrx_word' id='word_1_126' title='bbox 1396 2063 1617 2145; x_wconf 89' lang='lat' dir='ltr'><strong>deleri,</strong></span> <span class='ocrx_word' id='word_1_127' title='bbox 1655 2063 1978 2148; x_wconf 86' lang='lat' dir='ltr'><strong>adiungit,</strong></span> <span class='ocrx_word' id='word_1_128' title='bbox 2011 2064 2136 2131; x_wconf 88' lang='lat' dir='ltr'><strong>hac</strong></span> <span class='ocrx_word' id='word_1_129' title='bbox 2157 2061 2528 2130; x_wconf 88' lang='lat' dir='ltr'><strong>conditione</strong></span> 
     </span>
     <span class='ocr_line' id='line_1_20' title="bbox 569 2148 2528 2235; baseline -0.003 -15"><span class='ocrx_word' id='word_1_130' title='bbox 569 2156 592 2220; x_wconf 90' lang='lat' dir='ltr'><strong>i</strong></span> <span class='ocrx_word' id='word_1_131' title='bbox 712 2176 743 2220; x_wconf 88' lang='lat' dir='ltr'><strong>s</strong></span> <span class='ocrx_word' id='word_1_132' title='bbox 786 2155 929 2219; x_wconf 88' lang='lat' dir='ltr'><strong>ficri</strong></span> <span class='ocrx_word' id='word_1_133' title='bbox 971 2159 1189 2218; x_wconf 88' lang='lat' dir='ltr'><strong>terrae</strong></span> <span class='ocrx_word' id='word_1_134' title='bbox 1230 2149 1566 2230; x_wconf 88' lang='lat' dir='ltr'><strong>haeredes,</strong></span> <span class='ocrx_word' id='word_1_135' title='bbox 1613 2159 1686 2216; x_wconf 92' lang='lat' dir='ltr'><strong>ut</strong></span> <span class='ocrx_word' id='word_1_136' title='bbox 1729 2159 2119 2235; x_wconf 82' lang='lat' dir='ltr'><strong>separentur</strong></span> <span class='ocrx_word' id='word_1_137' title='bbox 2161 2170 2201 2213; x_wconf 90' lang='lat' dir='ltr'><strong>a</strong></span> <span class='ocrx_word' id='word_1_138' title='bbox 2235 2148 2528 2234; x_wconf 85' lang='lat' dir='ltr'><strong>profanis</strong></span> 
     </span>
     <span class='ocr_line' id='line_1_21' title="bbox 567 2175 1191 2307; baseline -0.005 0"><span class='ocrx_word' id='word_1_139' title='bbox 567 2175 836 2307; x_wconf 46' lang='lat' dir='ltr'><strong>iffifrum</strong></span> <span class='ocrx_word' id='word_1_140' title='bbox 880 2238 1191 2305; x_wconf 90' lang='lat' dir='ltr'><strong>moribus.</strong></span> 
     </span>
    </p>
   </div>
   <div class='ocr_carea' id='block_1_3' title="bbox 1193 2626 1905 2697">
    <p class='ocr_par' dir='ltr' id='par_1_3' title="bbox 1193 2626 1905 2697">
     <span class='ocr_line' id='line_1_22' title="bbox 1193 2626 1905 2697; baseline -0.003 -1"><span class='ocrx_word' id='word_1_141' title='bbox 1193 2631 1326 2697; x_wconf 80' lang='lat' dir='ltr'><strong>Ex</strong></span> <span class='ocrx_word' id='word_1_142' title='bbox 1361 2628 1633 2697; x_wconf 71' lang='lat' dir='ltr'><strong>DEU‘P.</strong></span> <span class='ocrx_word' id='word_1_143' title='bbox 1677 2626 1905 2694; x_wconf 83' lang='lat' dir='ltr'><strong>XXV.</strong></span> 
     </span>
    </p>
   </div>
   <div class='ocr_carea' id='block_1_4' title="bbox 551 2799 2528 3227">
    <p class='ocr_par' dir='ltr' id='par_1_4' title="bbox 551 2799 2528 3227">
     <span class='ocr_line' id='line_1_23' title="bbox 741 2799 2528 2887; baseline -0.002 -17"><span class='ocrx_word' id='word_1_144' title='bbox 741 2806 841 2872; x_wconf 91' lang='lat'><strong>11.</strong></span> <span class='ocrx_word' id='word_1_145' title='bbox 894 2805 1103 2887; x_wconf 76' lang='lat' dir='ltr'><strong>Quum</strong></span> <span class='ocrx_word' id='word_1_146' title='bbox 1164 2803 1369 2868; x_wconf 72' lang='lat' dir='ltr'><strong>rixati</strong></span> <span class='ocrx_word' id='word_1_147' title='bbox 1430 2801 1688 2881; x_wconf 74' lang='lat' dir='ltr'><strong>fuerunt</strong></span> <span class='ocrx_word' id='word_1_148' title='bbox 1741 2801 1871 2866; x_wconf 75' lang='lat' dir='ltr'><strong>viri</strong></span> <span class='ocrx_word' id='word_1_149' title='bbox 1925 2799 2119 2865; x_wconf 75' lang='lat' dir='ltr'><strong>simul</strong></span> <span class='ocrx_word' id='word_1_150' title='bbox 2176 2799 2334 2865; x_wconf 81' lang='lat' dir='ltr'><strong>alter</strong></span> <span class='ocrx_word' id='word_1_151' title='bbox 2386 2821 2528 2866; x_wconf 74' lang='lat' dir='ltr'><strong>cum</strong></span> 
     </span>
     <span class='ocr_line' id='line_1_24' title="bbox 554 2887 2528 2970; baseline -0.004 -11"><span class='ocrx_word' id='word_1_152' title='bbox 554 2893 786 2970; x_wconf 80' lang='lat' dir='ltr'><strong>altero,</strong></span> <span class='ocrx_word' id='word_1_153' title='bbox 858 2896 917 2956; x_wconf 78' lang='lat' dir='ltr'><strong>et</strong></span> <span class='ocrx_word' id='word_1_154' title='bbox 981 2889 1307 2956; x_wconf 68' lang='lat' dir='ltr'><strong>accesserit</strong></span> <span class='ocrx_word' id='word_1_155' title='bbox 1369 2907 1534 2953; x_wconf 77' lang='lat' dir='ltr'><strong>uxor</strong></span> <span class='ocrx_word' id='word_1_156' title='bbox 1595 2887 1791 2952; x_wconf 71' lang='lat' dir='ltr'><strong>unius</strong></span> <span class='ocrx_word' id='word_1_157' title='bbox 1852 2891 1924 2951; x_wconf 75' lang='lat' dir='ltr'><strong>ut</strong></span> <span class='ocrx_word' id='word_1_158' title='bbox 1985 2891 2166 2951; x_wconf 78' lang='lat' dir='ltr'><strong>emat</strong></span> <span class='ocrx_word' id='word_1_159' title='bbox 2223 2888 2528 2952; x_wconf 67' lang='lat' dir='ltr'><strong>maritum</strong></span> 
     </span>
     <span class='ocr_line' id='line_1_25' title="bbox 559 2972 2527 3058; baseline -0.004 -14"><span class='ocrx_word' id='word_1_160' title='bbox 559 2997 754 3044; x_wconf 78' lang='lat' dir='ltr'><strong>suum</strong></span> <span class='ocrx_word' id='word_1_161' title='bbox 804 2998 837 3043; x_wconf 87' lang='lat' dir='ltr'><strong>e</strong></span> <span class='ocrx_word' id='word_1_162' title='bbox 876 2996 1072 3041; x_wconf 79' lang='lat' dir='ltr'><strong>manu</strong></span> <span class='ocrx_word' id='word_1_163' title='bbox 1104 2974 1518 3058; x_wconf 75' lang='lat' dir='ltr'><strong>percutientis</strong></span> <span class='ocrx_word' id='word_1_164' title='bbox 1561 2993 1704 3038; x_wconf 81' lang='lat' dir='ltr'><strong>eum</strong></span> <span class='ocrx_word' id='word_1_165' title='bbox 1717 3023 1732 3050; x_wconf 90' lang='lat'><strong>,</strong></span> <span class='ocrx_word' id='word_1_166' title='bbox 1792 2977 1849 3038; x_wconf 77' lang='lat' dir='ltr'><strong>et</strong></span> <span class='ocrx_word' id='word_1_167' title='bbox 1888 2972 2224 3037; x_wconf 76' lang='lat' dir='ltr'><strong>immiserit</strong></span> <span class='ocrx_word' id='word_1_168' title='bbox 2263 2994 2527 3038; x_wconf 79' lang='lat' dir='ltr'><strong>manum</strong></span> 
     </span>
     <span class='ocr_line' id='line_1_26' title="bbox 551 3056 2528 3147; baseline -0.002 -16"><span class='ocrx_word' id='word_1_169' title='bbox 551 3084 786 3142; x_wconf 72' lang='lat' dir='ltr'><strong>suam,</strong></span> <span class='ocrx_word' id='word_1_170' title='bbox 861 3060 1457 3147; x_wconf 67' lang='lat' dir='ltr'><strong>amn-ehenderitque</strong></span> <span class='ocrx_word' id='word_1_171' title='bbox 1512 3059 1813 3142; x_wconf 76' lang='lat' dir='ltr'><strong>pudenda</strong></span> <span class='ocrx_word' id='word_1_172' title='bbox 1876 3058 2049 3125; x_wconf 74' lang='lat' dir='ltr'><strong>eius.-</strong></span> <span class='ocrx_word' id='word_1_173' title='bbox 2172 3056 2274 3125; x_wconf 79' lang='lat'><strong>12.</strong></span> <span class='ocrx_word' id='word_1_174' title='bbox 2349 3060 2528 3127; x_wconf 76' lang='lat' dir='ltr'><strong>Tunc</strong></span> 
     </span>
     <span class='ocr_line' id='line_1_27' title="bbox 559 3147 2303 3227; baseline -0.005 -9"><span class='ocrx_word' id='word_1_175' title='bbox 559 3151 886 3218; x_wconf 76' lang='lat' dir='ltr'><strong>abscindes</strong></span> <span class='ocrx_word' id='word_1_176' title='bbox 925 3167 1191 3215; x_wconf 78' lang='lat' dir='ltr'><strong>manum</strong></span> <span class='ocrx_word' id='word_1_177' title='bbox 1229 3147 1428 3226; x_wconf 77' lang='lat' dir='ltr'><strong>illius,</strong></span> <span class='ocrx_word' id='word_1_178' title='bbox 1471 3166 1581 3212; x_wconf 76' lang='lat' dir='ltr'><strong>nec</strong></span> <span class='ocrx_word' id='word_1_179' title='bbox 1623 3147 1840 3211; x_wconf 65' lang='lat' dir='ltr'><strong>oculte-⁹</strong></span> <span class='ocrx_word' id='word_1_180' title='bbox 1884 3151 2033 3210; x_wconf 79' lang='lat' dir='ltr'><strong>tuus</strong></span> <span class='ocrx_word' id='word_1_181' title='bbox 2066 3150 2303 3227; x_wconf 78' lang='lat' dir='ltr'><strong>parcet.</strong></span> 
     </span>
    </p>
   </div>
   <div class='ocr_carea' id='block_1_5' title="bbox 555 3315 2530 4607">
    <p class='ocr_par' dir='ltr' id='par_1_5' title="bbox 555 3315 2530 4607">
     <span class='ocr_line' id='line_1_28' title="bbox 736 3315 2525 3403; baseline -0.003 -17"><span class='ocrx_word' id='word_1_182' title='bbox 736 3322 926 3386; x_wconf 92' lang='lat' dir='ltr'><strong>Dura</strong></span> <span class='ocrx_word' id='word_1_183' title='bbox 959 3320 1068 3385; x_wconf 83' lang='lat' dir='ltr'><strong>lex</strong></span> <span class='ocrx_word' id='word_1_184' title='bbox 1112 3321 1181 3384; x_wconf 90' lang='lat' dir='ltr'><strong>in</strong></span> <span class='ocrx_word' id='word_1_185' title='bbox 1225 3318 1528 3403; x_wconf 82' lang='lat' dir='ltr'><strong>speciem.</strong></span> <span class='ocrx_word' id='word_1_186' title='bbox 1575 3317 1690 3381; x_wconf 87' lang='lat' dir='ltr'><strong>sed</strong></span> <span class='ocrx_word' id='word_1_187' title='bbox 1732 3338 1815 3382; x_wconf 83' lang='lat' dir='ltr'><strong>ex</strong></span> <span class='ocrx_word' id='word_1_188' title='bbox 1849 3315 2036 3383; x_wconf 90' lang='lat' dir='ltr'><strong>cuius</strong></span> <span class='ocrx_word' id='word_1_189' title='bbox 2071 3316 2290 3400; x_wconf 91' lang='lat' dir='ltr'><strong>rigore</strong></span> <span class='ocrx_word' id='word_1_190' title='bbox 2324 3336 2525 3400; x_wconf 88' lang='lat' dir='ltr'><strong>appa-</strong></span> 
     </span>
     <span class='ocr_line' id='line_1_29' title="bbox 558 3402 2525 3491; baseline -0.002 -19"><span class='ocrx_word' id='word_1_191' title='bbox 558 3416 665 3472; x_wconf 90' lang='lat' dir='ltr'><strong>ret</strong></span> <span class='ocrx_word' id='word_1_192' title='bbox 718 3414 1123 3491; x_wconf 87' lang='lat' dir='ltr'><strong>quantopere</strong></span> <span class='ocrx_word' id='word_1_193' title='bbox 1181 3404 1438 3487; x_wconf 90' lang='lat' dir='ltr'><strong>placeat</strong></span> <span class='ocrx_word' id='word_1_194' title='bbox 1481 3402 1627 3469; x_wconf 92' lang='lat' dir='ltr'><strong>Deo</strong></span> <span class='ocrx_word' id='word_1_195' title='bbox 1690 3402 2110 3480; x_wconf 83' lang='lat' dir='ltr'><strong>verecundia,</strong></span> <span class='ocrx_word' id='word_1_196' title='bbox 2178 3412 2247 3466; x_wconf 91' lang='lat' dir='ltr'><strong>et</strong></span> <span class='ocrx_word' id='word_1_197' title='bbox 2289 3423 2525 3470; x_wconf 89' lang='lat' dir='ltr'><strong>rursus</strong></span> 
     </span>
     <span class='ocr_line' id='line_1_30' title="bbox 559 3487 2525 3576; baseline -0.003 -17"><span class='ocrx_word' id='word_1_198' title='bbox 559 3492 1041 3576; x_wconf 86' lang='lat' dir='ltr'><strong>impudentiam</strong></span> <span class='ocrx_word' id='word_1_199' title='bbox 1087 3490 1517 3556; x_wconf 86' lang='lat' dir='ltr'><strong>abominetur.</strong></span> <span class='ocrx_word' id='word_1_200' title='bbox 1607 3487 1801 3570; x_wconf 78' lang='lat' dir='ltr'><strong>Quod</strong></span> <span class='ocrx_word' id='word_1_201' title='bbox 1861 3489 1917 3552; x_wconf 91' lang='lat' dir='ltr'><strong>si</strong></span> <span class='ocrx_word' id='word_1_202' title='bbox 1973 3489 2047 3552; x_wconf 90' lang='lat' dir='ltr'><strong>in</strong></span> <span class='ocrx_word' id='word_1_203' title='bbox 2092 3509 2354 3571; x_wconf 86' lang='lat' dir='ltr'><strong>pugnae</strong></span> <span class='ocrx_word' id='word_1_204' title='bbox 2397 3489 2525 3553; x_wconf 87' lang='lat' dir='ltr'><strong>fer·</strong></span> 
     </span>
     <span class='ocr_line' id='line_1_31' title="bbox 559 3574 2524 3658; baseline -0.002 -14"><span class='ocrx_word' id='word_1_205' title='bbox 559 3600 721 3646; x_wconf 81' lang='lat' dir='ltr'><strong>vore</strong></span> <span class='ocrx_word' id='word_1_206' title='bbox 740 3630 755 3656; x_wconf 90' lang='lat'>‚</span> <span class='ocrx_word' id='word_1_207' title='bbox 811 3578 930 3643; x_wconf 92' lang='lat' dir='ltr'><strong>ubi</strong></span> <span class='ocrx_word' id='word_1_208' title='bbox 995 3578 1199 3642; x_wconf 91' lang='lat' dir='ltr'><strong>animi</strong></span> <span class='ocrx_word' id='word_1_209' title='bbox 1247 3575 1655 3658; x_wconf 84' lang='lat' dir='ltr'><strong>perturbatio</strong></span> <span class='ocrx_word' id='word_1_210' title='bbox 1712 3574 2175 3656; x_wconf 87' lang='lat' dir='ltr'><strong>intemperiem</strong></span> <span class='ocrx_word' id='word_1_211' title='bbox 2231 3586 2524 3653; x_wconf 84' lang='lat' dir='ltr'><strong>excusat,</strong></span> 
     </span>
     <span class='ocr_line' id='line_1_32' title="bbox 558 3659 2526 3748; baseline -0.003 -17"><span class='ocrx_word' id='word_1_212' title='bbox 558 3665 821 3731; x_wconf 90' lang='lat' dir='ltr'><strong>mulieri</strong></span> <span class='ocrx_word' id='word_1_213' title='bbox 879 3662 1160 3748; x_wconf 87' lang='lat' dir='ltr'><strong>capitale</strong></span> <span class='ocrx_word' id='word_1_214' title='bbox 1216 3661 1344 3727; x_wconf 84' lang='lat' dir='ltr'><strong>fuit</strong></span> <span class='ocrx_word' id='word_1_215' title='bbox 1396 3659 1706 3743; x_wconf 89' lang='lat' dir='ltr'><strong>pudenda</strong></span> <span class='ocrx_word' id='word_1_216' title='bbox 1757 3660 1958 3726; x_wconf 90' lang='lat' dir='ltr'><strong>alieni</strong></span> <span class='ocrx_word' id='word_1_217' title='bbox 2023 3660 2151 3725; x_wconf 86' lang='lat' dir='ltr'><strong>viri</strong></span> <span class='ocrx_word' id='word_1_218' title='bbox 2212 3662 2526 3743; x_wconf 86' lang='lat' dir='ltr'><strong>arripere,</strong></span> 
     </span>
     <span class='ocr_line' id='line_1_33' title="bbox 558 3746 2527 3833; baseline -0.002 -17"><span class='ocrx_word' id='word_1_219' title='bbox 558 3752 773 3817; x_wconf 87' lang='lat' dir='ltr'><strong>multo</strong></span> <span class='ocrx_word' id='word_1_220' title='bbox 814 3750 1037 3814; x_wconf 91' lang='lat' dir='ltr'><strong>miuus</strong></span> <span class='ocrx_word' id='word_1_221' title='bbox 1080 3749 1334 3833; x_wconf 90' lang='lat' dir='ltr'><strong>ignosci</strong></span> <span class='ocrx_word' id='word_1_222' title='bbox 1379 3746 1592 3812; x_wconf 85' lang='lat' dir='ltr'><strong>voluit</strong></span> <span class='ocrx_word' id='word_1_223' title='bbox 1637 3747 1819 3811; x_wconf 91' lang='lat' dir='ltr'><strong>Deus</strong></span> <span class='ocrx_word' id='word_1_224' title='bbox 1878 3746 2220 3823; x_wconf 83' lang='lat' dir='ltr'><strong>lasciviae,</strong></span> <span class='ocrx_word' id='word_1_225' title='bbox 2282 3748 2339 3810; x_wconf 93' lang='lat' dir='ltr'><strong>si</strong></span> <span class='ocrx_word' id='word_1_226' title='bbox 2396 3767 2527 3830; x_wconf 91' lang='lat' dir='ltr'><strong>qua</strong></span> 
     </span>
     <span class='ocr_line' id='line_1_34' title="bbox 558 3830 2524 3916; baseline -0.002 -15"><span class='ocrx_word' id='word_1_227' title='bbox 558 3836 802 3902; x_wconf 88' lang='lat' dir='ltr'><strong>mulier</strong></span> <span class='ocrx_word' id='word_1_228' title='bbox 841 3835 1113 3900; x_wconf 84' lang='lat' dir='ltr'><strong>libidine</strong></span> <span class='ocrx_word' id='word_1_229' title='bbox 1167 3833 1453 3916; x_wconf 89' lang='lat' dir='ltr'><strong>impulsa</strong></span> <span class='ocrx_word' id='word_1_230' title='bbox 1495 3832 1629 3897; x_wconf 88' lang='lat' dir='ltr'><strong>tale</strong></span> <span class='ocrx_word' id='word_1_231' title='bbox 1672 3830 1916 3915; x_wconf 91' lang='lat' dir='ltr'><strong>aliquid</strong></span> <span class='ocrx_word' id='word_1_232' title='bbox 1961 3841 2299 3898; x_wconf 87' lang='lat' dir='ltr'><strong>tentasset.</strong></span> <span class='ocrx_word' id='word_1_233' title='bbox 2391 3833 2524 3897; x_wconf 91' lang='lat' dir='ltr'><strong>Ne-</strong></span> 
     </span>
     <span class='ocr_line' id='line_1_35' title="bbox 558 3917 2526 4007; baseline -0.003 -19"><span class='ocrx_word' id='word_1_234' title='bbox 558 3943 689 4007; x_wconf 89' lang='lat' dir='ltr'><strong>que</strong></span> <span class='ocrx_word' id='word_1_235' title='bbox 734 3922 911 3986; x_wconf 92' lang='lat' dir='ltr'><strong>enim</strong></span> <span class='ocrx_word' id='word_1_236' title='bbox 956 3919 1225 3986; x_wconf 91' lang='lat' dir='ltr'><strong>dubium</strong></span> <span class='ocrx_word' id='word_1_237' title='bbox 1285 3929 1388 3984; x_wconf 88' lang='lat' dir='ltr'><strong>est</strong></span> <span class='ocrx_word' id='word_1_238' title='bbox 1451 3919 1612 4001; x_wconf 90' lang='lat' dir='ltr'><strong>quin</strong></span> <span class='ocrx_word' id='word_1_239' title='bbox 1670 3917 1938 3992; x_wconf 87' lang='lat' dir='ltr'><strong>iudices,</strong></span> <span class='ocrx_word' id='word_1_240' title='bbox 1996 3918 2067 3982; x_wconf 89' lang='lat' dir='ltr'><strong>in</strong></span> <span class='ocrx_word' id='word_1_241' title='bbox 2125 3917 2526 3984; x_wconf 81' lang='lat' dir='ltr'><strong>vindicanda</strong></span> 
     </span>
     <span class='ocr_line' id='line_1_36' title="bbox 555 4003 2522 4084; baseline -0.003 -9"><span class='ocrx_word' id='word_1_242' title='bbox 555 4008 1023 4084; x_wconf 88' lang='lat' dir='ltr'><strong>obscoenitate,</strong></span> <span class='ocrx_word' id='word_1_243' title='bbox 1061 4004 1442 4071; x_wconf 87' lang='lat' dir='ltr'><strong>ratiocinari</strong></span> <span class='ocrx_word' id='word_1_244' title='bbox 1466 4004 1818 4069; x_wconf 87' lang='lat' dir='ltr'><strong>debuerint</strong></span> <span class='ocrx_word' id='word_1_245' title='bbox 1845 4025 1892 4069; x_wconf 88' lang='lat' dir='ltr'><strong>a·</strong></span> <span class='ocrx_word' id='word_1_246' title='bbox 1920 4003 2163 4069; x_wconf 87' lang='lat' dir='ltr'><strong>minori</strong></span> <span class='ocrx_word' id='word_1_247' title='bbox 2184 4003 2266 4068; x_wconf 89' lang='lat' dir='ltr'><strong>ad</strong></span> <span class='ocrx_word' id='word_1_248' title='bbox 2292 4005 2522 4070; x_wconf 89' lang='lat' dir='ltr'><strong>maius.</strong></span> 
     </span>
     <span class='ocr_line' id='line_1_37' title="bbox 565 4090 2527 4174; baseline -0.003 -13"><span class='ocrx_word' id='word_1_249' title='bbox 565 4094 854 4161; x_wconf 81' lang='lat' dir='ltr'><strong>Additur</strong></span> <span class='ocrx_word' id='word_1_250' title='bbox 896 4094 1095 4158; x_wconf 91' lang='lat' dir='ltr'><strong>etiam</strong></span> <span class='ocrx_word' id='word_1_251' title='bbox 1135 4092 1558 4157; x_wconf 88' lang='lat' dir='ltr'><strong>comminatio</strong></span> <span class='ocrx_word' id='word_1_252' title='bbox 1599 4110 1683 4154; x_wconf 90' lang='lat' dir='ltr'><strong>ne</strong></span> <span class='ocrx_word' id='word_1_253' title='bbox 1725 4109 1975 4171; x_wconf 90' lang='lat' dir='ltr'><strong>poenae</strong></span> <span class='ocrx_word' id='word_1_254' title='bbox 2018 4090 2339 4174; x_wconf 85' lang='lat' dir='ltr'><strong>asperitas</strong></span> <span class='ocrx_word' id='word_1_255' title='bbox 2384 4092 2527 4156; x_wconf 88' lang='lat' dir='ltr'><strong>ani-</strong></span> 
     </span>
     <span class='ocr_line' id='line_1_38' title="bbox 560 4175 2527 4257; baseline -0.003 -11"><span class='ocrx_word' id='word_1_256' title='bbox 560 4202 706 4246; x_wconf 90' lang='lat' dir='ltr'><strong>mos</strong></span> <span class='ocrx_word' id='word_1_257' title='bbox 750 4180 1060 4257; x_wconf 85' lang='lat' dir='ltr'><strong>inflectat,</strong></span> <span class='ocrx_word' id='word_1_258' title='bbox 1105 4189 1182 4243; x_wconf 93' lang='lat' dir='ltr'><strong>ut</strong></span> <span class='ocrx_word' id='word_1_259' title='bbox 1223 4175 1454 4241; x_wconf 92' lang='lat' dir='ltr'><strong>molles</strong></span> <span class='ocrx_word' id='word_1_260' title='bbox 1497 4176 1637 4241; x_wconf 91' lang='lat' dir='ltr'><strong>sint</strong></span> <span class='ocrx_word' id='word_1_261' title='bbox 1678 4186 1876 4257; x_wconf 90' lang='lat' dir='ltr'><strong>atque</strong></span> <span class='ocrx_word' id='word_1_262' title='bbox 1918 4177 2177 4241; x_wconf 88' lang='lat' dir='ltr'><strong>remissi</strong></span> <span class='ocrx_word' id='word_1_263' title='bbox 2220 4176 2290 4240; x_wconf 93' lang='lat' dir='ltr'><strong>in</strong></span> <span class='ocrx_word' id='word_1_264' title='bbox 2337 4196 2527 4243; x_wconf 84' lang='lat' dir='ltr'><strong>exse-</strong></span> 
     </span>
     <span class='ocr_line' id='line_1_39' title="bbox 557 4261 2528 4350; baseline -0.002 -19"><span class='ocrx_word' id='word_1_265' title='bbox 557 4265 824 4350; x_wconf 87' lang='lat' dir='ltr'><strong>quenda</strong></span> <span class='ocrx_word' id='word_1_266' title='bbox 865 4263 989 4332; x_wconf 91' lang='lat' dir='ltr'><strong>hac</strong></span> <span class='ocrx_word' id='word_1_267' title='bbox 1032 4263 1345 4329; x_wconf 86' lang='lat' dir='ltr'><strong>vindicta.</strong></span> <span class='ocrx_word' id='word_1_268' title='bbox 1391 4261 1530 4328; x_wconf 89' lang='lat' dir='ltr'><strong>Nec</strong></span> <span class='ocrx_word' id='word_1_269' title='bbox 1575 4282 1733 4326; x_wconf 85' lang='lat' dir='ltr'><strong>vero</strong></span> <span class='ocrx_word' id='word_1_270' title='bbox 1776 4261 2169 4327; x_wconf 83' lang='lat' dir='ltr'><strong>excusabilis</strong></span> <span class='ocrx_word' id='word_1_271' title='bbox 2211 4261 2340 4327; x_wconf 86' lang='lat' dir='ltr'><strong>fuit</strong></span> <span class='ocrx_word' id='word_1_272' title='bbox 2381 4283 2528 4345; x_wconf 91' lang='lat' dir='ltr'><strong>pro-</strong></span> 
     </span>
     <span class='ocr_line' id='line_1_40' title="bbox 559 4346 2526 4433; baseline -0.002 -15"><span class='ocrx_word' id='word_1_273' title='bbox 559 4353 795 4428; x_wconf 80' lang='lat' dir='ltr'><strong>tervia,</strong></span> <span class='ocrx_word' id='word_1_274' title='bbox 839 4350 1140 4416; x_wconf 89' lang='lat' dir='ltr'><strong>consulto</strong></span> <span class='ocrx_word' id='word_1_275' title='bbox 1175 4346 1493 4413; x_wconf 83' lang='lat' dir='ltr'><strong>invadere</strong></span> <span class='ocrx_word' id='word_1_276' title='bbox 1526 4359 1783 4430; x_wconf 88' lang='lat' dir='ltr'><strong>partem</strong></span> <span class='ocrx_word' id='word_1_277' title='bbox 1819 4347 2027 4425; x_wconf 89' lang='lat' dir='ltr'><strong>illam,</strong></span> <span class='ocrx_word' id='word_1_278' title='bbox 2071 4347 2263 4413; x_wconf 89' lang='lat' dir='ltr'><strong>cuius</strong></span> <span class='ocrx_word' id='word_1_279' title='bbox 2299 4369 2526 4433; x_wconf 91' lang='lat' dir='ltr'><strong>aspec-</strong></span> 
     </span>
     <span class='ocr_line' id='line_1_41' title="bbox 560 4433 2530 4504; baseline -0.003 0"><span class='ocrx_word' id='word_1_280' title='bbox 560 4449 705 4504; x_wconf 88' lang='lat' dir='ltr'><strong>tum</strong></span> <span class='ocrx_word' id='word_1_281' title='bbox 753 4446 820 4500; x_wconf 91' lang='lat' dir='ltr'><strong>et</strong></span> <span class='ocrx_word' id='word_1_282' title='bbox 853 4445 1226 4503; x_wconf 89' lang='lat' dir='ltr'><strong>contactum</strong></span> <span class='ocrx_word' id='word_1_283' title='bbox 1270 4443 1491 4500; x_wconf 89' lang='lat' dir='ltr'><strong>castae</strong></span> <span class='ocrx_word' id='word_1_284' title='bbox 1529 4454 1759 4500; x_wconf 89' lang='lat' dir='ltr'><strong>omnes</strong></span> <span class='ocrx_word' id='word_1_285' title='bbox 1800 4433 2086 4499; x_wconf 87' lang='lat' dir='ltr'><strong>feminae</strong></span> <span class='ocrx_word' id='word_1_286' title='bbox 2130 4435 2530 4500; x_wconf 88' lang='lat' dir='ltr'><strong>naturaliter</strong></span> 
     </span>
     <span class='ocr_line' id='line_1_42' title="bbox 562 4523 925 4607; baseline -0.008 -17"><span class='ocrx_word' id='word_1_287' title='bbox 562 4523 925 4607; x_wconf 86' lang='lat' dir='ltr'><strong>refugiunt.</strong></span> 
     </span>
    </p>
   </div>
   <div class='ocr_carea' id='block_1_6' title="bbox 2567 601 2590 4623">
    <p class='ocr_par' dir='ltr' id='par_1_6' title="bbox 2567 601 2590 4623">
     <span class='ocr_line' id='line_1_43' title="bbox 2567 601 2590 4623; baseline 0 0"><span class='ocrx_word' id='word_1_288' title='bbox 2567 601 2590 4623; x_wconf 95' lang='lat' dir='ltr'><strong> </strong></span> 
     </span>
    </p>
   </div>
   <div class='ocr_carea' id='block_1_7' title="bbox 2623 602 4572 2495">
    <p class='ocr_par' dir='ltr' id='par_1_7' title="bbox 3241 602 3964 672">
     <span class='ocr_line' id='line_1_44' title="bbox 3241 602 3964 672; baseline 0.001 -2"><span class='ocrx_word' id='word_1_289' title='bbox 3241 603 3375 670; x_wconf 75' lang='lat' dir='ltr'><strong>Ex</strong></span> <span class='ocrx_word' id='word_1_290' title='bbox 3414 602 3684 672; x_wconf 71' lang='lat' dir='ltr'><strong>DEUT.</strong></span> <span class='ocrx_word' id='word_1_291' title='bbox 3729 602 3964 671; x_wconf 85' lang='lat' dir='ltr'><strong>XXII.</strong></span> 
     </span>
    </p>

    <p class='ocr_par' dir='ltr' id='par_1_8' title="bbox 2624 739 4557 910">
     <span class='ocr_line' id='line_1_45' title="bbox 2801 739 4557 825; baseline 0.001 -19"><span class='ocrx_word' id='word_1_292' title='bbox 2801 739 2903 806; x_wconf 83' lang='lat'><strong>12.</strong></span> <span class='ocrx_word' id='word_1_293' title='bbox 2943 740 3274 808; x_wconf 68' lang='lat' dir='ltr'><strong>Fmtbnas‘</strong></span> <span class='ocrx_word' id='word_1_294' title='bbox 3182 743 3196 756; x_wconf 85' lang='lat'>&#39;</span> <span class='ocrx_word' id='word_1_295' title='bbox 3326 742 3527 821; x_wconf 76' lang='lat' dir='ltr'><strong>facies</strong></span> <span class='ocrx_word' id='word_1_296' title='bbox 3576 742 3689 807; x_wconf 72' lang='lat' dir='ltr'><strong>tibi</strong></span> <span class='ocrx_word' id='word_1_297' title='bbox 3740 742 3815 808; x_wconf 78' lang='lat' dir='ltr'><strong>in</strong></span> <span class='ocrx_word' id='word_1_298' title='bbox 3863 745 4139 824; x_wconf 63' lang='lat' dir='ltr'><strong>quatuor</strong></span> <span class='ocrx_word' id='word_1_299' title='bbox 4194 742 4327 808; x_wconf 74' lang='lat' dir='ltr'><strong>oris</strong></span> <span class='ocrx_word' id='word_1_300' title='bbox 4379 746 4557 825; x_wconf 70' lang='lat' dir='ltr'><strong>open-⁶</strong></span> 
     </span>
     <span class='ocr_line' id='line_1_46' title="bbox 2624 826 3526 910; baseline 0.003 -19"><span class='ocrx_word' id='word_1_301' title='bbox 2624 826 2814 892; x_wconf 78' lang='lat' dir='ltr'><strong>menti</strong></span> <span class='ocrx_word' id='word_1_302' title='bbox 2854 827 2964 905; x_wconf 73' lang='lat' dir='ltr'><strong>tui,</strong></span> <span class='ocrx_word' id='word_1_303' title='bbox 3008 846 3130 910; x_wconf 74' lang='lat' dir='ltr'><strong>quo</strong></span> <span class='ocrx_word' id='word_1_304' title='bbox 3174 829 3415 910; x_wconf 70' lang='lat' dir='ltr'><strong>operies</strong></span> <span class='ocrx_word' id='word_1_305' title='bbox 3454 833 3526 894; x_wconf 82' lang='lat' dir='ltr'><strong>te.</strong></span> 
     </span>
    </p>

    <p class='ocr_par' dir='ltr' id='par_1_9' title="bbox 2623 946 4572 2495">
     <span class='ocr_line' id='line_1_47' title="bbox 2796 946 4556 1031; baseline 0.001 -18"><span class='ocrx_word' id='word_1_306' title='bbox 2796 946 2983 1014; x_wconf 88' lang='lat' dir='ltr'><strong>Haec</strong></span> <span class='ocrx_word' id='word_1_307' title='bbox 3019 968 3276 1031; x_wconf 89' lang='lat' dir='ltr'><strong>quoque</strong></span> <span class='ocrx_word' id='word_1_308' title='bbox 3318 947 3443 1014; x_wconf 82' lang='lat' dir='ltr'><strong>fuit</strong></span> <span class='ocrx_word' id='word_1_309' title='bbox 3498 968 3655 1031; x_wconf 89' lang='lat' dir='ltr'><strong>pars</strong></span> <span class='ocrx_word' id='word_1_310' title='bbox 3712 947 4062 1028; x_wconf 87' lang='lat' dir='ltr'><strong>castitatis,</strong></span> <span class='ocrx_word' id='word_1_311' title='bbox 4118 947 4221 1014; x_wconf 82' lang='lat' dir='ltr'><strong>vel</strong></span> <span class='ocrx_word' id='word_1_312' title='bbox 4279 950 4556 1025; x_wconf 80' lang='lat' dir='ltr'><strong>accessio.</strong></span> 
     </span>
     <span class='ocr_line' id='line_1_48' title="bbox 2624 1031 4560 1117; baseline 0.001 -17"><span class='ocrx_word' id='word_1_313' title='bbox 2624 1053 2851 1100; x_wconf 90' lang='lat' dir='ltr'><strong>curam</strong></span> <span class='ocrx_word' id='word_1_314' title='bbox 2894 1031 3138 1099; x_wconf 88' lang='lat' dir='ltr'><strong>habere</strong></span> <span class='ocrx_word' id='word_1_315' title='bbox 3180 1031 3448 1117; x_wconf 86' lang='lat' dir='ltr'><strong>pudoris</strong></span> <span class='ocrx_word' id='word_1_316' title='bbox 3490 1034 3566 1098; x_wconf 89' lang='lat' dir='ltr'><strong>in</strong></span> <span class='ocrx_word' id='word_1_317' title='bbox 3624 1034 3888 1100; x_wconf 84' lang='lat' dir='ltr'><strong>vestitu.</strong></span> <span class='ocrx_word' id='word_1_318' title='bbox 3979 1032 4151 1098; x_wconf 88' lang='lat' dir='ltr'><strong>Nam</strong></span> <span class='ocrx_word' id='word_1_319' title='bbox 4211 1033 4365 1116; x_wconf 86' lang='lat' dir='ltr'><strong>quia</strong></span> <span class='ocrx_word' id='word_1_320' title='bbox 4416 1042 4560 1102; x_wconf 85' lang='lat' dir='ltr'><strong>tunc</strong></span> 
     </span>
     <span class='ocr_line' id='line_1_49' title="bbox 2625 1118 4563 1199; baseline 0.001 -15"><span class='ocrx_word' id='word_1_321' title='bbox 2625 1118 3041 1185; x_wconf 78' lang='lat' dir='ltr'><strong>femoralium</strong></span> <span class='ocrx_word' id='word_1_322' title='bbox 3101 1141 3260 1185; x_wconf 89' lang='lat' dir='ltr'><strong>usus</strong></span> <span class='ocrx_word' id='word_1_323' title='bbox 3316 1141 3445 1185; x_wconf 92' lang='lat' dir='ltr'><strong>non</strong></span> <span class='ocrx_word' id='word_1_324' title='bbox 3493 1126 3667 1199; x_wconf 88' lang='lat' dir='ltr'><strong>erat,</strong></span> <span class='ocrx_word' id='word_1_325' title='bbox 3727 1119 3787 1185; x_wconf 89' lang='lat' dir='ltr'><strong>si</strong></span> <span class='ocrx_word' id='word_1_326' title='bbox 3828 1120 3995 1185; x_wconf 87' lang='lat' dir='ltr'><strong>forte</strong></span> <span class='ocrx_word' id='word_1_327' title='bbox 4037 1127 4322 1185; x_wconf 76' lang='lat' dir='ltr'><strong>retectae</strong></span> <span class='ocrx_word' id='word_1_328' title='bbox 4361 1126 4563 1187; x_wconf 87' lang='lat' dir='ltr'><strong>essent</strong></span> 
     </span>
     <span class='ocr_line' id='line_1_50' title="bbox 2623 1204 4569 1290; baseline -0.001 -19"><span class='ocrx_word' id='word_1_329' title='bbox 2623 1214 2848 1289; x_wconf 89' lang='lat' dir='ltr'><strong>partes</strong></span> <span class='ocrx_word' id='word_1_330' title='bbox 2890 1205 3232 1290; x_wconf 89' lang='lat' dir='ltr'><strong>pudendae</strong></span> <span class='ocrx_word' id='word_1_331' title='bbox 3248 1255 3264 1282; x_wconf 93' lang='lat'><strong>,</strong></span> <span class='ocrx_word' id='word_1_332' title='bbox 3308 1207 3509 1272; x_wconf 89' lang='lat' dir='ltr'><strong>ianua</strong></span> <span class='ocrx_word' id='word_1_333' title='bbox 3564 1205 3791 1272; x_wconf 89' lang='lat' dir='ltr'><strong>multis</strong></span> <span class='ocrx_word' id='word_1_334' title='bbox 3834 1204 4103 1290; x_wconf 88' lang='lat' dir='ltr'><strong>flagitiis</strong></span> <span class='ocrx_word' id='word_1_335' title='bbox 4149 1205 4569 1288; x_wconf 78' lang='lat' dir='ltr'><strong>aperiebatur,</strong></span> 
     </span>
     <span class='ocr_line' id='line_1_51' title="bbox 2626 1291 4564 1376; baseline 0.001 -19"><span class='ocrx_word' id='word_1_336' title='bbox 2626 1299 2694 1358; x_wconf 91' lang='lat' dir='ltr'><strong>et</strong></span> <span class='ocrx_word' id='word_1_337' title='bbox 2758 1291 2947 1357; x_wconf 87' lang='lat' dir='ltr'><strong>multi</strong></span> <span class='ocrx_word' id='word_1_338' title='bbox 3014 1291 3139 1358; x_wconf 84' lang='lat' dir='ltr'><strong>hac</strong></span> <span class='ocrx_word' id='word_1_339' title='bbox 3216 1291 3482 1357; x_wconf 90' lang='lat' dir='ltr'><strong>licentia</strong></span> <span class='ocrx_word' id='word_1_340' title='bbox 3559 1291 3752 1376; x_wconf 88' lang='lat' dir='ltr'><strong>quasi</strong></span> <span class='ocrx_word' id='word_1_341' title='bbox 3828 1311 3951 1376; x_wconf 88' lang='lat' dir='ltr'><strong>per</strong></span> <span class='ocrx_word' id='word_1_342' title='bbox 4029 1311 4321 1356; x_wconf 91' lang='lat' dir='ltr'><strong>errorem</strong></span> <span class='ocrx_word' id='word_1_343' title='bbox 4395 1292 4564 1358; x_wconf 82' lang='lat' dir='ltr'><strong>abusi</strong></span> 
     </span>
     <span class='ocr_line' id='line_1_52' title="bbox 2625 1375 4564 1477; baseline 0.001 -34"><span class='ocrx_word' id='word_1_344' title='bbox 2625 1376 2907 1477; x_wconf 79' lang='lat' dir='ltr'><strong>fuissent</strong></span> <span class='ocrx_word' id='word_1_345' title='bbox 2947 1376 3028 1442; x_wconf 92' lang='lat' dir='ltr'><strong>ad</strong></span> <span class='ocrx_word' id='word_1_346' title='bbox 3070 1376 3364 1443; x_wconf 88' lang='lat' dir='ltr'><strong>libidinis</strong></span> <span class='ocrx_word' id='word_1_347' title='bbox 3403 1377 3776 1443; x_wconf 75' lang='lat' dir='ltr'><strong>illecebras:</strong></span> <span class='ocrx_word' id='word_1_348' title='bbox 3832 1377 3991 1462; x_wconf 89' lang='lat' dir='ltr'><strong>quin</strong></span> <span class='ocrx_word' id='word_1_349' title='bbox 4033 1378 4234 1442; x_wconf 86' lang='lat' dir='ltr'><strong>etiam</strong></span> <span class='ocrx_word' id='word_1_350' title='bbox 4284 1375 4564 1444; x_wconf 81' lang='lat' dir='ltr'><strong>videmus</strong></span> 
     </span>
     <span class='ocr_line' id='line_1_53' title="bbox 2626 1462 4565 1634; baseline 0.001 -20"><span class='ocrx_word' id='word_1_351' title='bbox 2626 1462 4565 1634; x_wconf 47' lang='lat' dir='ltr'><strong>2330303333053‘faetssx.‘f⁸‘¹ffi.¹.¹²2¹;}.”3{tabem</strong></span> 
     </span>
     <span class='ocr_line' id='line_1_54' title="bbox 2627 1634 4567 1720; baseline -0.001 -18"><span class='ocrx_word' id='word_1_352' title='bbox 2627 1636 2722 1702; x_wconf 91' lang='lat' dir='ltr'><strong>sic</strong></span> <span class='ocrx_word' id='word_1_353' title='bbox 2764 1635 2974 1701; x_wconf 83' lang='lat' dir='ltr'><strong>voluit</strong></span> <span class='ocrx_word' id='word_1_354' title='bbox 3014 1634 3241 1719; x_wconf 88' lang='lat' dir='ltr'><strong>ligulis</strong></span> <span class='ocrx_word' id='word_1_355' title='bbox 3281 1635 3389 1701; x_wconf 82' lang='lat' dir='ltr'><strong>vel</strong></span> <span class='ocrx_word' id='word_1_356' title='bbox 3433 1635 3747 1720; x_wconf 88' lang='lat' dir='ltr'><strong>laqueolis</strong></span> <span class='ocrx_word' id='word_1_357' title='bbox 3782 1634 4127 1719; x_wconf 82' lang='lat' dir='ltr'><strong>adstringi,</strong></span> <span class='ocrx_word' id='word_1_358' title='bbox 4175 1641 4253 1700; x_wconf 93' lang='grc' dir='ltr'><strong>ιιι</strong></span> <span class='ocrx_word' id='word_1_359' title='bbox 4296 1654 4383 1698; x_wconf 90' lang='lat' dir='ltr'><strong>ne</strong></span> <span class='ocrx_word' id='word_1_360' title='bbox 4424 1655 4567 1701; x_wconf 86' lang='lat' dir='ltr'><strong>casu</strong></span> 
     </span>
     <span class='ocr_line' id='line_1_55' title="bbox 2628 1718 4567 1806; baseline -0.001 -19"><span class='ocrx_word' id='word_1_361' title='bbox 2628 1721 2889 1806; x_wconf 91' lang='lat' dir='ltr'><strong>quidem</strong></span> <span class='ocrx_word' id='word_1_362' title='bbox 2949 1727 3165 1804; x_wconf 89' lang='lat' dir='ltr'><strong>posset</strong></span> <span class='ocrx_word' id='word_1_363' title='bbox 3216 1718 3635 1806; x_wconf 87' lang='lat' dir='ltr'><strong>discooperiri</strong></span> <span class='ocrx_word' id='word_1_364' title='bbox 3691 1721 3866 1806; x_wconf 91' lang='lat' dir='ltr'><strong>quod</strong></span> <span class='ocrx_word' id='word_1_365' title='bbox 3925 1721 4199 1787; x_wconf 89' lang='lat' dir='ltr'><strong>honeste</strong></span> <span class='ocrx_word' id='word_1_366' title='bbox 4264 1728 4334 1785; x_wconf 90' lang='lat' dir='ltr'><strong>et</strong></span> <span class='ocrx_word' id='word_1_367' title='bbox 4397 1741 4567 1786; x_wconf 80' lang='lat' dir='ltr'><strong>vere-</strong></span> 
     </span>
     <span class='ocr_line' id='line_1_56' title="bbox 2628 1805 4569 1891; baseline -0.002 -17"><span class='ocrx_word' id='word_1_368' title='bbox 2628 1807 2844 1874; x_wconf 91' lang='lat' dir='ltr'><strong>cunde</strong></span> <span class='ocrx_word' id='word_1_369' title='bbox 2900 1828 3033 1873; x_wconf 90' lang='lat' dir='ltr'><strong>non</strong></span> <span class='ocrx_word' id='word_1_370' title='bbox 3093 1807 3422 1890; x_wconf 89' lang='lat' dir='ltr'><strong>aspicitur.</strong></span> <span class='ocrx_word' id='word_1_371' title='bbox 3514 1807 3709 1889; x_wconf 78' lang='lat' dir='ltr'><strong>Quod</strong></span> <span class='ocrx_word' id='word_1_372' title='bbox 3766 1808 3824 1873; x_wconf 93' lang='lat' dir='ltr'><strong>si</strong></span> <span class='ocrx_word' id='word_1_373' title='bbox 3869 1805 3952 1874; x_wconf 89' lang='lat' dir='ltr'><strong>ad</strong></span> <span class='ocrx_word' id='word_1_374' title='bbox 4009 1807 4328 1873; x_wconf 76' lang='lat' dir='ltr'><strong>vestitum</strong></span> <span class='ocrx_word' id='word_1_375' title='bbox 4378 1827 4569 1891; x_wconf 90' lang='lat' dir='ltr'><strong>usque</strong></span> 
     </span>
     <span class='ocr_line' id='line_1_57' title="bbox 2629 1892 4569 1977; baseline 0.002 -20"><span class='ocrx_word' id='word_1_376' title='bbox 2629 1894 2951 1960; x_wconf 79' lang='lat' dir='ltr'><strong>divinitus</strong></span> <span class='ocrx_word' id='word_1_377' title='bbox 2994 1892 3328 1977; x_wconf 88' lang='lat' dir='ltr'><strong>provisum</strong></span> <span class='ocrx_word' id='word_1_378' title='bbox 3375 1893 3532 1973; x_wconf 87' lang='lat' dir='ltr'><strong>fuit,</strong></span> <span class='ocrx_word' id='word_1_379' title='bbox 3584 1901 3662 1959; x_wconf 91' lang='grc' dir='ltr'><strong>ιιι</strong></span> <span class='ocrx_word' id='word_1_380' title='bbox 3704 1893 4084 1977; x_wconf 87' lang='lat' dir='ltr'><strong>pudicitiam</strong></span> <span class='ocrx_word' id='word_1_381' title='bbox 4128 1892 4379 1959; x_wconf 89' lang='lat' dir='ltr'><strong>coleret</strong></span> <span class='ocrx_word' id='word_1_382' title='bbox 4418 1893 4569 1960; x_wconf 89' lang='lat' dir='ltr'><strong>elec-</strong></span> 
     </span>
     <span class='ocr_line' id='line_1_58' title="bbox 2627 1978 4569 2062; baseline -0.001 -17"><span class='ocrx_word' id='word_1_383' title='bbox 2627 1988 2736 2045; x_wconf 92' lang='lat' dir='ltr'><strong>tus</strong></span> <span class='ocrx_word' id='word_1_384' title='bbox 2801 1978 3115 2062; x_wconf 89' lang='lat' dir='ltr'><strong>populus,</strong></span> <span class='ocrx_word' id='word_1_385' title='bbox 3183 1987 3249 2045; x_wconf 88' lang='lat' dir='ltr'><strong>et</strong></span> <span class='ocrx_word' id='word_1_386' title='bbox 3292 1979 3520 2045; x_wconf 90' lang='lat' dir='ltr'><strong>sedulo</strong></span> <span class='ocrx_word' id='word_1_387' title='bbox 3583 1987 3849 2047; x_wconf 83' lang='lat' dir='ltr'><strong>caveret</strong></span> <span class='ocrx_word' id='word_1_388' title='bbox 3926 1978 4008 2044; x_wconf 91' lang='lat' dir='ltr'><strong>ab</strong></span> <span class='ocrx_word' id='word_1_389' title='bbox 4065 1980 4247 2044; x_wconf 92' lang='lat' dir='ltr'><strong>omni</strong></span> <span class='ocrx_word' id='word_1_390' title='bbox 4330 1978 4569 2062; x_wconf 88' lang='lat' dir='ltr'><strong>probro,</strong></span> 
     </span>
     <span class='ocr_line' id='line_1_59' title="bbox 2628 2063 4570 2148; baseline -0.001 -17"><span class='ocrx_word' id='word_1_391' title='bbox 2628 2065 2790 2132; x_wconf 88' lang='lat' dir='ltr'><strong>satis</strong></span> <span class='ocrx_word' id='word_1_392' title='bbox 2842 2074 3068 2148; x_wconf 88' lang='lat' dir='ltr'><strong>aperte</strong></span> <span class='ocrx_word' id='word_1_393' title='bbox 3110 2064 3315 2148; x_wconf 88' lang='lat' dir='ltr'><strong>liquet</strong></span> <span class='ocrx_word' id='word_1_394' title='bbox 3358 2086 3489 2131; x_wconf 92' lang='lat' dir='ltr'><strong>non</strong></span> <span class='ocrx_word' id='word_1_395' title='bbox 3535 2066 3728 2132; x_wconf 95' lang='lat' dir='ltr'><strong>modo</strong></span> <span class='ocrx_word' id='word_1_396' title='bbox 3777 2064 4104 2132; x_wconf 90' lang='lat' dir='ltr'><strong>adulteria</strong></span> <span class='ocrx_word' id='word_1_397' title='bbox 4150 2063 4363 2131; x_wconf 85' lang='lat' dir='ltr'><strong>fuisse</strong></span> <span class='ocrx_word' id='word_1_398' title='bbox 4403 2064 4570 2130; x_wconf 85' lang='lat' dir='ltr'><strong>dam·</strong></span> 
     </span>
     <span class='ocr_line' id='line_1_60' title="bbox 2627 2148 4571 2236; baseline -0.001 -20"><span class='ocrx_word' id='word_1_399' title='bbox 2627 2160 2784 2218; x_wconf 89' lang='lat' dir='ltr'><strong>nata</strong></span> <span class='ocrx_word' id='word_1_400' title='bbox 2799 2202 2816 2232; x_wconf 90' lang='lat'><strong>,</strong></span> <span class='ocrx_word' id='word_1_401' title='bbox 2875 2148 2991 2218; x_wconf 90' lang='lat' dir='ltr'><strong>sed</strong></span> <span class='ocrx_word' id='word_1_402' title='bbox 3048 2148 3363 2235; x_wconf 91' lang='lat' dir='ltr'><strong>quidquid</strong></span> <span class='ocrx_word' id='word_1_403' title='bbox 3407 2172 3611 2235; x_wconf 90' lang='lat' dir='ltr'><strong>purae</strong></span> <span class='ocrx_word' id='word_1_404' title='bbox 3659 2151 3948 2219; x_wconf 90' lang='lat' dir='ltr'><strong>castitati</strong></span> <span class='ocrx_word' id='word_1_405' title='bbox 3991 2158 4338 2236; x_wconf 80' lang='lat' dir='ltr'><strong>repugnat.</strong></span> <span class='ocrx_word' id='word_1_406' title='bbox 4425 2151 4571 2217; x_wconf 88' lang='lat' dir='ltr'><strong>Per-</strong></span> 
     </span>
     <span class='ocr_line' id='line_1_61' title="bbox 2627 2233 4572 2322; baseline -0.001 -18"><span class='ocrx_word' id='word_1_407' title='bbox 2627 2259 2857 2322; x_wconf 89' lang='lat' dir='ltr'><strong>peram</strong></span> <span class='ocrx_word' id='word_1_408' title='bbox 2921 2237 3103 2303; x_wconf 90' lang='lat' dir='ltr'><strong>locus</strong></span> <span class='ocrx_word' id='word_1_409' title='bbox 3171 2236 3280 2303; x_wconf 91' lang='lat' dir='ltr'><strong>hic</strong></span> <span class='ocrx_word' id='word_1_410' title='bbox 3343 2235 3424 2303; x_wconf 93' lang='lat' dir='ltr'><strong>de</strong></span> <span class='ocrx_word' id='word_1_411' title='bbox 3502 2238 3784 2304; x_wconf 88' lang='lat' dir='ltr'><strong>fimbriis</strong></span> <span class='ocrx_word' id='word_1_412' title='bbox 3848 2237 4204 2321; x_wconf 81' lang='lat' dir='ltr'><strong>exponitur</strong></span> <span class='ocrx_word' id='word_1_413' title='bbox 4271 2256 4439 2321; x_wconf 90' lang='lat' dir='ltr'><strong>quae</strong></span> <span class='ocrx_word' id='word_1_414' title='bbox 4499 2233 4572 2302; x_wconf 83' lang='lat' dir='ltr'><strong>ad</strong></span> 
     </span>
     <span class='ocr_line' id='line_1_62' title="bbox 2627 2321 4569 2406; baseline -0.003 -16"><span class='ocrx_word' id='word_1_415' title='bbox 2627 2322 3073 2390; x_wconf 87' lang='lat' dir='ltr'><strong>renovandam</strong></span> <span class='ocrx_word' id='word_1_416' title='bbox 3118 2321 3285 2406; x_wconf 88' lang='lat' dir='ltr'><strong>legis</strong></span> <span class='ocrx_word' id='word_1_417' title='bbox 3330 2325 3715 2390; x_wconf 88' lang='lat' dir='ltr'><strong>memoriam</strong></span> <span class='ocrx_word' id='word_1_418' title='bbox 3759 2323 4055 2390; x_wconf 82' lang='lat' dir='ltr'><strong>vestibus</strong></span> <span class='ocrx_word' id='word_1_419' title='bbox 4112 2323 4569 2391; x_wconf 85' lang='lat' dir='ltr'><strong>assuebautur:</strong></span> 
     </span>
     <span class='ocr_line' id='line_1_63' title="bbox 2628 2407 4570 2495; baseline -0.002 -19"><span class='ocrx_word' id='word_1_420' title='bbox 2628 2410 2782 2495; x_wconf 91' lang='lat' dir='ltr'><strong>quia</strong></span> <span class='ocrx_word' id='word_1_421' title='bbox 2816 2410 2924 2477; x_wconf 91' lang='lat' dir='ltr'><strong>hic</strong></span> <span class='ocrx_word' id='word_1_422' title='bbox 2960 2407 3267 2474; x_wconf 89' lang='lat' dir='ltr'><strong>decorum</strong></span> <span class='ocrx_word' id='word_1_423' title='bbox 3303 2410 3714 2476; x_wconf 88' lang='lat' dir='ltr'><strong>solummodo</strong></span> <span class='ocrx_word' id='word_1_424' title='bbox 3749 2418 3817 2475; x_wconf 89' lang='lat' dir='ltr'><strong>et</strong></span> <span class='ocrx_word' id='word_1_425' title='bbox 3851 2409 4161 2476; x_wconf 88' lang='lat' dir='ltr'><strong>honestas</strong></span> <span class='ocrx_word' id='word_1_426' title='bbox 4187 2416 4570 2494; x_wconf 74' lang='lat' dir='ltr'><strong>spectantur.</strong></span> 
     </span>
    </p>
   </div>
   <div class='ocr_carea' id='block_1_8' title="bbox 3242 2699 3970 2768">
    <p class='ocr_par' dir='ltr' id='par_1_10' title="bbox 3242 2699 3970 2768">
     <span class='ocr_line' id='line_1_64' title="bbox 3242 2699 3970 2768; baseline 0 -2"><span class='ocrx_word' id='word_1_427' title='bbox 3242 2701 3375 2766; x_wconf 86' lang='lat' dir='ltr'><strong>EX</strong></span> <span class='ocrx_word' id='word_1_428' title='bbox 3416 2699 3690 2768; x_wconf 71' lang='lat' dir='ltr'><strong>DEUT.</strong></span> <span class='ocrx_word' id='word_1_429' title='bbox 3734 2699 3970 2767; x_wconf 85' lang='lat' dir='ltr'><strong>XXII.</strong></span> 
     </span>
    </p>
   </div>
   <div class='ocr_carea' id='block_1_9' title="bbox 2625 2835 4576 4417">
    <p class='ocr_par' dir='ltr' id='par_1_11' title="bbox 2627 2835 4574 3094">
     <span class='ocr_line' id='line_1_65' title="bbox 2800 2835 4573 2919; baseline -0.002 -16"><span class='ocrx_word' id='word_1_430' title='bbox 2800 2838 2862 2903; x_wconf 85' lang='lat'><strong>5.</strong></span> <span class='ocrx_word' id='word_1_431' title='bbox 2932 2835 3175 2902; x_wconf 77' lang='lat' dir='ltr'><strong>Mulier</strong></span> <span class='ocrx_word' id='word_1_432' title='bbox 3230 2857 3358 2903; x_wconf 79' lang='lat' dir='ltr'><strong>non</strong></span> <span class='ocrx_word' id='word_1_433' title='bbox 3411 2837 3575 2919; x_wconf 78' lang='lat' dir='ltr'><strong>feret</strong></span> <span class='ocrx_word' id='word_1_434' title='bbox 3624 2858 3809 2903; x_wconf 82' lang='lat' dir='ltr'><strong>arma</strong></span> <span class='ocrx_word' id='word_1_435' title='bbox 3850 2838 4011 2915; x_wconf 63' lang='grc' dir='ltr'><strong>υὸνί,</strong></span> <span class='ocrx_word' id='word_1_436' title='bbox 4070 2857 4178 2903; x_wconf 78' lang='lat' dir='ltr'><strong>nec</strong></span> <span class='ocrx_word' id='word_1_437' title='bbox 4228 2838 4450 2904; x_wconf 75' lang='lat' dir='ltr'><strong>induet</strong></span> <span class='ocrx_word' id='word_1_438' title='bbox 4486 2835 4573 2901; x_wconf 81' lang='lat' dir='ltr'><strong>vir</strong></span> 
     </span>
     <span class='ocr_line' id='line_1_66' title="bbox 2627 2920 4574 3005; baseline -0.002 -15"><span class='ocrx_word' id='word_1_439' title='bbox 2627 2924 2921 2990; x_wconf 72' lang='lat' dir='ltr'><strong>muliebre</strong></span> <span class='ocrx_word' id='word_1_440' title='bbox 2953 2923 3413 2990; x_wconf 64' lang='lat' dir='ltr'><strong>vestanmztum:</strong></span> <span class='ocrx_word' id='word_1_441' title='bbox 3453 2924 3609 3005; x_wconf 76' lang='lat' dir='ltr'><strong>quia</strong></span> <span class='ocrx_word' id='word_1_442' title='bbox 3640 2922 4021 2990; x_wconf 77' lang='lat' dir='ltr'><strong>abominatio</strong></span> <span class='ocrx_word' id='word_1_443' title='bbox 4045 2922 4313 2992; x_wconf 76' lang='lat' dir='ltr'><strong>Iehovae</strong></span> <span class='ocrx_word' id='word_1_444' title='bbox 4335 2923 4462 2992; x_wconf 73' lang='lat' dir='ltr'><strong>Dei</strong></span> <span class='ocrx_word' id='word_1_445' title='bbox 4491 2920 4574 2987; x_wconf 72' lang='lat' dir='ltr'><strong>tui</strong></span> 
     </span>
     <span class='ocr_line' id='line_1_67' title="bbox 2627 3009 3507 3094; baseline -0.002 -16"><span class='ocrx_word' id='word_1_446' title='bbox 2627 3014 2718 3078; x_wconf 74' lang='lat' dir='ltr'><strong>est</strong></span> <span class='ocrx_word' id='word_1_447' title='bbox 2757 3010 3107 3094; x_wconf 72' lang='lat' dir='ltr'><strong>quicunque</strong></span> <span class='ocrx_word' id='word_1_448' title='bbox 3148 3009 3294 3078; x_wconf 74' lang='lat' dir='ltr'><strong>haec</strong></span> <span class='ocrx_word' id='word_1_449' title='bbox 3331 3009 3507 3094; x_wconf 70' lang='lat' dir='ltr'><strong>facit.</strong></span> 
     </span>
    </p>

    <p class='ocr_par' dir='ltr' id='par_1_12' title="bbox 2625 3147 4576 4089">
     <span class='ocr_line' id='line_1_68' title="bbox 2802 3147 4576 3234; baseline -0.002 -21"><span class='ocrx_word' id='word_1_450' title='bbox 2802 3148 2988 3213; x_wconf 90' lang='lat' dir='ltr'><strong>Haec</strong></span> <span class='ocrx_word' id='word_1_451' title='bbox 3052 3148 3253 3211; x_wconf 89' lang='lat' dir='ltr'><strong>etiam</strong></span> <span class='ocrx_word' id='word_1_452' title='bbox 3332 3147 3668 3213; x_wconf 89' lang='lat' dir='ltr'><strong>sententia</strong></span> <span class='ocrx_word' id='word_1_453' title='bbox 3744 3149 3817 3213; x_wconf 91' lang='lat' dir='ltr'><strong>in</strong></span> <span class='ocrx_word' id='word_1_454' title='bbox 3882 3169 4128 3233; x_wconf 89' lang='lat' dir='ltr'><strong>genere</strong></span> <span class='ocrx_word' id='word_1_455' title='bbox 4205 3147 4576 3234; x_wconf 76' lang='lat' dir='ltr'><strong>pudicitiam</strong></span> 
     </span>
     <span class='ocr_line' id='line_1_69' title="bbox 2628 3232 4576 3317; baseline -0.001 -18"><span class='ocrx_word' id='word_1_456' title='bbox 2628 3233 3075 3311; x_wconf 88' lang='lat' dir='ltr'><strong>commendat,</strong></span> <span class='ocrx_word' id='word_1_457' title='bbox 3121 3232 3235 3299; x_wconf 90' lang='lat' dir='ltr'><strong>ubi</strong></span> <span class='ocrx_word' id='word_1_458' title='bbox 3278 3235 3569 3317; x_wconf 89' lang='lat' dir='ltr'><strong>periculo</strong></span> <span class='ocrx_word' id='word_1_459' title='bbox 3626 3233 3812 3301; x_wconf 89' lang='lat' dir='ltr'><strong>Deus</strong></span> <span class='ocrx_word' id='word_1_460' title='bbox 3856 3235 4175 3311; x_wconf 88' lang='lat' dir='ltr'><strong>occurrit,</strong></span> <span class='ocrx_word' id='word_1_461' title='bbox 4226 3254 4316 3299; x_wconf 91' lang='lat' dir='ltr'><strong>ne</strong></span> <span class='ocrx_word' id='word_1_462' title='bbox 4358 3232 4576 3298; x_wconf 85' lang='lat' dir='ltr'><strong>mulier</strong></span> 
     </span>
     <span class='ocr_line' id='line_1_70' title="bbox 2629 3319 4575 3405; baseline -0.001 -20"><span class='ocrx_word' id='word_1_463' title='bbox 2629 3320 2970 3385; x_wconf 88' lang='lat' dir='ltr'><strong>audaciam</strong></span> <span class='ocrx_word' id='word_1_464' title='bbox 3050 3320 3316 3403; x_wconf 88' lang='lat' dir='ltr'><strong>colligat</strong></span> <span class='ocrx_word' id='word_1_465' title='bbox 3374 3319 3803 3386; x_wconf 84' lang='lat' dir='ltr'><strong>excutiendae</strong></span> <span class='ocrx_word' id='word_1_466' title='bbox 3867 3321 4229 3386; x_wconf 89' lang='lat' dir='ltr'><strong>modestiae</strong></span> <span class='ocrx_word' id='word_1_467' title='bbox 4244 3369 4263 3405; x_wconf 91' lang='lat'><strong>,</strong></span> <span class='ocrx_word' id='word_1_468' title='bbox 4314 3328 4433 3386; x_wconf 91' lang='lat' dir='ltr'><strong>aut</strong></span> <span class='ocrx_word' id='word_1_469' title='bbox 4486 3319 4575 3383; x_wconf 85' lang='lat' dir='ltr'><strong>vir</strong></span> 
     </span>
     <span class='ocr_line' id='line_1_71' title="bbox 2626 3404 4574 3492; baseline 0 -22"><span class='ocrx_word' id='word_1_470' title='bbox 2626 3406 2695 3470; x_wconf 91' lang='lat' dir='ltr'><strong>in</strong></span> <span class='ocrx_word' id='word_1_471' title='bbox 2740 3405 3090 3471; x_wconf 89' lang='lat' dir='ltr'><strong>mollitiem</strong></span> <span class='ocrx_word' id='word_1_472' title='bbox 3132 3418 3375 3471; x_wconf 89' lang='lat' dir='ltr'><strong>natura</strong></span> <span class='ocrx_word' id='word_1_473' title='bbox 3417 3426 3540 3471; x_wconf 91' lang='lat' dir='ltr'><strong>sua</strong></span> <span class='ocrx_word' id='word_1_474' title='bbox 3581 3406 3926 3492; x_wconf 90' lang='lat' dir='ltr'><strong>indignam</strong></span> <span class='ocrx_word' id='word_1_475' title='bbox 3970 3406 4347 3492; x_wconf 88' lang='lat' dir='ltr'><strong>degeneret.</strong></span> <span class='ocrx_word' id='word_1_476' title='bbox 4426 3404 4574 3471; x_wconf 85' lang='lat' dir='ltr'><strong>Ves-</strong></span> 
     </span>
     <span class='ocr_line' id='line_1_72' title="bbox 2628 3488 4575 3577; baseline -0.001 -22"><span class='ocrx_word' id='word_1_477' title='bbox 2628 3492 2793 3557; x_wconf 88' lang='lat' dir='ltr'><strong>titus</strong></span> <span class='ocrx_word' id='word_1_478' title='bbox 2854 3512 2974 3575; x_wconf 91' lang='lat' dir='ltr'><strong>per</strong></span> <span class='ocrx_word' id='word_1_479' title='bbox 3031 3511 3102 3556; x_wconf 91' lang='lat' dir='ltr'><strong>se</strong></span> <span class='ocrx_word' id='word_1_480' title='bbox 3148 3512 3283 3556; x_wconf 91' lang='lat' dir='ltr'><strong>non</strong></span> <span class='ocrx_word' id='word_1_481' title='bbox 3335 3490 3496 3557; x_wconf 88' lang='lat' dir='ltr'><strong>adeo</strong></span> <span class='ocrx_word' id='word_1_482' title='bbox 3554 3504 3731 3558; x_wconf 88' lang='lat' dir='ltr'><strong>esset</strong></span> <span class='ocrx_word' id='word_1_483' title='bbox 3783 3493 4008 3577; x_wconf 86' lang='lat' dir='ltr'><strong>magni</strong></span> <span class='ocrx_word' id='word_1_484' title='bbox 4064 3493 4420 3558; x_wconf 89' lang='lat' dir='ltr'><strong>momenti:</strong></span> <span class='ocrx_word' id='word_1_485' title='bbox 4474 3488 4575 3555; x_wconf 85' lang='lat' dir='ltr'><strong>sed</strong></span> 
     </span>
     <span class='ocr_line' id='line_1_73' title="bbox 2627 3576 4574 3661; baseline 0 -19"><span class='ocrx_word' id='word_1_486' title='bbox 2627 3577 2783 3661; x_wconf 88' lang='lat' dir='ltr'><strong>quia</strong></span> <span class='ocrx_word' id='word_1_487' title='bbox 2858 3578 3037 3642; x_wconf 80' lang='lat' dir='ltr'><strong>viros</strong></span> <span class='ocrx_word' id='word_1_488' title='bbox 3102 3577 3473 3643; x_wconf 85' lang='lat' dir='ltr'><strong>effeminari</strong></span> <span class='ocrx_word' id='word_1_489' title='bbox 3548 3587 3745 3661; x_wconf 89' lang='lat' dir='ltr'><strong>turpe</strong></span> <span class='ocrx_word' id='word_1_490' title='bbox 3810 3589 3941 3658; x_wconf 88' lang='lat' dir='ltr'><strong>est,</strong></span> <span class='ocrx_word' id='word_1_491' title='bbox 4024 3578 4219 3644; x_wconf 85' lang='lat' dir='ltr'><strong>sicuti</strong></span> <span class='ocrx_word' id='word_1_492' title='bbox 4272 3576 4574 3649; x_wconf 78' lang='lat' dir='ltr'><strong>‚mulieres</strong></span> 
     </span>
     <span class='ocr_line' id='line_1_74' title="bbox 2628 3663 4575 3748; baseline -0.001 -21"><span class='ocrx_word' id='word_1_493' title='bbox 2628 3674 2937 3747; x_wconf 89' lang='lat' dir='ltr'><strong>appetere</strong></span> <span class='ocrx_word' id='word_1_494' title='bbox 2980 3664 3176 3728; x_wconf 85' lang='lat' dir='ltr'><strong>virile</strong></span> <span class='ocrx_word' id='word_1_495' title='bbox 3211 3667 3279 3729; x_wconf 91' lang='lat' dir='ltr'><strong>in</strong></span> <span class='ocrx_word' id='word_1_496' title='bbox 3315 3672 3511 3748; x_wconf 84' lang='lat' dir='ltr'><strong>gestu</strong></span> <span class='ocrx_word' id='word_1_497' title='bbox 3546 3671 3614 3729; x_wconf 91' lang='lat' dir='ltr'><strong>et</strong></span> <span class='ocrx_word' id='word_1_498' title='bbox 3650 3663 3884 3730; x_wconf 90' lang='lat' dir='ltr'><strong>habitu</strong></span> <span class='ocrx_word' id='word_1_499' title='bbox 3927 3665 4146 3742; x_wconf 86' lang='lat' dir='ltr'><strong>robur,</strong></span> <span class='ocrx_word' id='word_1_500' title='bbox 4191 3663 4575 3730; x_wconf 84' lang='lat' dir='ltr'><strong>continentia</strong></span> 
     </span>
     <span class='ocr_line' id='line_1_75' title="bbox 2627 3749 4573 3833; baseline 0.001 -19"><span class='ocrx_word' id='word_1_501' title='bbox 2627 3760 2696 3814; x_wconf 89' lang='lat' dir='ltr'><strong>et</strong></span> <span class='ocrx_word' id='word_1_502' title='bbox 2738 3749 3059 3814; x_wconf 86' lang='lat' dir='ltr'><strong>modestia</strong></span> <span class='ocrx_word' id='word_1_503' title='bbox 3103 3750 3537 3833; x_wconf 88' lang='lat' dir='ltr'><strong>praecipitur,</strong></span> <span class='ocrx_word' id='word_1_504' title='bbox 3593 3771 3727 3816; x_wconf 91' lang='lat' dir='ltr'><strong>non</strong></span> <span class='ocrx_word' id='word_1_505' title='bbox 3772 3759 4032 3816; x_wconf 88' lang='lat' dir='ltr'><strong>tantum</strong></span> <span class='ocrx_word' id='word_1_506' title='bbox 4076 3750 4336 3817; x_wconf 87' lang='lat' dir='ltr'><strong>decoris</strong></span> <span class='ocrx_word' id='word_1_507' title='bbox 4379 3767 4573 3823; x_wconf 84' lang='lat' dir='ltr'><strong>causa,</strong></span> 
     </span>
     <span class='ocr_line' id='line_1_76' title="bbox 2626 3833 4575 3920; baseline -0.001 -20"><span class='ocrx_word' id='word_1_508' title='bbox 2626 3833 2741 3900; x_wconf 90' lang='lat' dir='ltr'><strong>sed</strong></span> <span class='ocrx_word' id='word_1_509' title='bbox 2789 3855 2876 3899; x_wconf 92' lang='lat' dir='ltr'><strong>ne</strong></span> <span class='ocrx_word' id='word_1_510' title='bbox 2932 3855 3146 3919; x_wconf 89' lang='lat' dir='ltr'><strong>genus</strong></span> <span class='ocrx_word' id='word_1_511' title='bbox 3203 3856 3412 3901; x_wconf 92' lang='lat' dir='ltr'><strong>unum</strong></span> <span class='ocrx_word' id='word_1_512' title='bbox 3459 3835 3760 3902; x_wconf 86' lang='lat' dir='ltr'><strong>licentiae</strong></span> <span class='ocrx_word' id='word_1_513' title='bbox 3806 3836 4052 3920; x_wconf 91' lang='lat' dir='ltr'><strong>aliquid</strong></span> <span class='ocrx_word' id='word_1_514' title='bbox 4097 3835 4370 3902; x_wconf 89' lang='lat' dir='ltr'><strong>tandem</strong></span> <span class='ocrx_word' id='word_1_515' title='bbox 4414 3836 4575 3901; x_wconf 87' lang='lat' dir='ltr'><strong>dete·</strong></span> 
     </span>
     <span class='ocr_line' id='line_1_77' title="bbox 2628 3918 4573 4006; baseline 0.001 -21"><span class='ocrx_word' id='word_1_516' title='bbox 2628 3920 2767 3986; x_wconf 91' lang='lat' dir='ltr'><strong>rius</strong></span> <span class='ocrx_word' id='word_1_517' title='bbox 2866 3920 2878 3934; x_wconf 88' lang='grc'><em>“</em></span> <span class='ocrx_word' id='word_1_518' title='bbox 2932 3932 3067 3987; x_wconf 89' lang='lat' dir='ltr'><strong>nat.</strong></span> <span class='ocrx_word' id='word_1_519' title='bbox 3161 3920 3601 3987; x_wconf 82' lang='lat' dir='ltr'><strong>Verissimum</strong></span> <span class='ocrx_word' id='word_1_520' title='bbox 3646 3943 3931 4006; x_wconf 88' lang='lat' dir='ltr'><strong>namque</strong></span> <span class='ocrx_word' id='word_1_521' title='bbox 3975 3931 4076 3989; x_wconf 89' lang='lat' dir='ltr'><strong>est</strong></span> <span class='ocrx_word' id='word_1_522' title='bbox 4125 3921 4298 3989; x_wconf 87' lang='lat' dir='ltr'><strong>illud</strong></span> <span class='ocrx_word' id='word_1_523' title='bbox 4339 3918 4573 4004; x_wconf 86' lang='lat' dir='ltr'><strong>profani</strong></span> 
     </span>
     <span class='ocr_line' id='line_1_78' title="bbox 2625 4012 2966 4089; baseline -0.003 -17"><span class='ocrx_word' id='word_1_524' title='bbox 2625 4017 2858 4089; x_wconf 88' lang='lat' dir='ltr'><strong>poetae</strong></span> <span class='ocrx_word' id='word_1_525' title='bbox 2886 4012 2905 4051; x_wconf 84' lang='lat'>²</span> <span class='ocrx_word' id='word_1_526' title='bbox 2950 4026 2966 4071; x_wconf 77' lang='grc' dir='ltr'><strong><em>ε</em></strong></span> 
     </span>
    </p>

    <p class='ocr_par' dir='ltr' id='par_1_13' title="bbox 2864 4109 4372 4249">
     <span class='ocr_line' id='line_1_79' title="bbox 2870 4109 4372 4181; baseline 0.002 -19"><span class='ocrx_word' id='word_1_527' title='bbox 2870 4109 3044 4174; x_wconf 84' lang='lat' dir='ltr'><strong>Quem</strong></span> <span class='ocrx_word' id='word_1_528' title='bbox 3083 4115 3364 4179; x_wconf 81' lang='lat' dir='ltr'><strong>praestare</strong></span> <span class='ocrx_word' id='word_1_529' title='bbox 3398 4114 3584 4180; x_wconf 86' lang='lat' dir='ltr'><strong>potest</strong></span> <span class='ocrx_word' id='word_1_530' title='bbox 3618 4111 3819 4165; x_wconf 89' lang='lat' dir='ltr'><strong>mulier</strong></span> <span class='ocrx_word' id='word_1_531' title='bbox 3851 4111 4067 4180; x_wconf 79' lang='lat' dir='ltr'><strong>galeata</strong></span> <span class='ocrx_word' id='word_1_532' title='bbox 4100 4110 4372 4181; x_wconf 84' lang='lat' dir='ltr'><strong>pudorem</strong></span> 
     </span>
     <span class='ocr_line' id='line_1_80' title="bbox 2864 4178 3464 4249; baseline 0.003 -17"><span class='ocrx_word' id='word_1_533' title='bbox 2864 4179 3012 4243; x_wconf 79' lang='lat' dir='ltr'><strong>Quae</strong></span> <span class='ocrx_word' id='word_1_534' title='bbox 3044 4178 3187 4249; x_wconf 77' lang='lat' dir='ltr'><strong>fugit</strong></span> <span class='ocrx_word' id='word_1_535' title='bbox 3222 4196 3256 4232; x_wconf 83' lang='lat' dir='ltr'><strong>a</strong></span> <span class='ocrx_word' id='word_1_536' title='bbox 3289 4181 3464 4234; x_wconf 73' lang='lat' dir='ltr'><strong>sexu?</strong></span> 
     </span>
    </p>

    <p class='ocr_par' dir='ltr' id='par_1_14' title="bbox 2804 4260 4575 4351">
     <span class='ocr_line' id='line_1_81' title="bbox 2804 4260 4575 4351; baseline 0 -21"><span class='ocrx_word' id='word_1_537' title='bbox 2804 4260 3080 4347; x_wconf 88' lang='lat' dir='ltr'><strong>Optima</strong></span> <span class='ocrx_word' id='word_1_538' title='bbox 3114 4266 3323 4351; x_wconf 89' lang='lat' dir='ltr'><strong>igitur</strong></span> <span class='ocrx_word' id='word_1_539' title='bbox 3362 4265 3714 4350; x_wconf 89' lang='lat' dir='ltr'><strong>pudicitiae</strong></span> <span class='ocrx_word' id='word_1_540' title='bbox 3774 4265 4076 4332; x_wconf 87' lang='lat' dir='ltr'><strong>custodia</strong></span> <span class='ocrx_word' id='word_1_541' title='bbox 4118 4275 4220 4333; x_wconf 90' lang='lat' dir='ltr'><strong>est</strong></span> <span class='ocrx_word' id='word_1_542' title='bbox 4238 4317 4254 4348; x_wconf 94' lang='lat'><strong>,</strong></span> <span class='ocrx_word' id='word_1_543' title='bbox 4318 4267 4575 4333; x_wconf 83' lang='lat' dir='ltr'><strong>honesta</strong></span> 
     </span>
    </p>

    <p class='ocr_par' dir='ltr' id='par_1_15' title="bbox 2629 4349 3184 4417">
     <span class='ocr_line' id='line_1_82' title="bbox 2629 4349 3184 4417; baseline 0.005 -3"><span class='ocrx_word' id='word_1_544' title='bbox 2629 4350 2910 4415; x_wconf 84' lang='lat' dir='ltr'><strong>vestitus</strong></span> <span class='ocrx_word' id='word_1_545' title='bbox 2954 4349 3184 4417; x_wconf 87' lang='lat' dir='ltr'><strong>forma.</strong></span> 
     </span>
    </p>
   </div>
   <div class='ocr_carea' id='block_1_10' title="bbox 2640 4477 3031 4488">
    <p class='ocr_par' dir='ltr' id='par_1_16' title="bbox 2640 4477 3031 4488">
     <span class='ocr_line' id='line_1_83' title="bbox 2640 4477 3031 4488; baseline 0 1662"><span class='ocrx_word' id='word_1_546' title='bbox 2640 4477 3031 4488; x_wconf 95' lang='lat' dir='ltr'><strong> </strong></span> 
     </span>
    </p>
   </div>
   <div class='ocr_carea' id='block_1_11' title="bbox 2806 4538 3593 4607">
    <p class='ocr_par' dir='ltr' id='par_1_17' title="bbox 2806 4538 3593 4607">
     <span class='ocr_line' id='line_1_84' title="bbox 2806 4538 3593 4607; baseline 0.004 -14"><span class='ocrx_word' id='word_1_547' title='bbox 2806 4538 2865 4607; x_wconf 93' lang='grc'><strong>1)</strong></span> <span class='ocrx_word' id='word_1_548' title='bbox 2897 4538 3149 4596; x_wconf 70' lang='grc' dir='ltr'>Ιιωαιαῖ.</span> <span class='ocrx_word' id='word_1_549' title='bbox 3188 4538 3302 4595; x_wconf 74' lang='lat' dir='ltr'><strong>Sat.</strong></span> <span class='ocrx_word' id='word_1_550' title='bbox 3340 4540 3433 4596; x_wconf 79' lang='lat' dir='ltr'><strong>VI.</strong></span> <span class='ocrx_word' id='word_1_551' title='bbox 3471 4538 3593 4596; x_wconf 82' lang='lat'><strong>252.</strong></span> 
     </span>
    </p>
   </div>
   <div class='ocr_carea' id='block_1_12' title="bbox 2162 5022 2982 5033">
    <p class='ocr_par' dir='ltr' id='par_1_18' title="bbox 2162 5022 2982 5033">
     <span class='ocr_line' id='line_1_85' title="bbox 2162 5022 2982 5033; baseline 0 0"><span class='ocrx_word' id='word_1_552' title='bbox 2162 5022 2982 5033; x_wconf 95' lang='lat' dir='ltr'><strong> </strong></span> 
     </span>
    </p>
   </div>
   <div class='ocr_carea' id='block_1_13' title="bbox 4795 1416 4798 2041">
    <p class='ocr_par' dir='ltr' id='par_1_19' title="bbox 4795 1416 4798 2041">
     <span class='ocr_line' id='line_1_86' title="bbox 4795 1416 4798 2041; baseline 0 0"><span class='ocrx_word' id='word_1_553' title='bbox 4795 1416 4798 2041; x_wconf 95' lang='lat' dir='ltr'><strong> </strong></span> 
     </span>
    </p>
   </div>
   <div class='ocr_carea' id='block_1_14' title="bbox 4789 3099 4806 6118">
    <p class='ocr_par' dir='ltr' id='par_1_20' title="bbox 4789 3099 4806 6118">
     <span class='ocr_line' id='line_1_87' title="bbox 4789 3099 4806 6118; baseline 0 0"><span class='ocrx_word' id='word_1_554' title='bbox 4789 3099 4806 6118; x_wconf 95' lang='lat' dir='ltr'><strong> </strong></span> 
     </span>
    </p>
   </div>
  </div>
 </body>
</html>
