4867 6150
539 430 673 496 467

539 621 600 684 et
682 616 2507 702 aastodiaeommeritpermanmnltkamarfilii

543 701 818 771 Ahurou
857 702 1210 769 sacerdotis.

930 1062 966 1093 ⁸
1060 1046 1192 1111 EX
1234 1044 1568 1111 EODEM
1615 1043 1971 1114 ΟΑΡΙΤΕ.

715 1217 820 1284 31.
877 1217 1053 1284 Haec
1127 1222 1342 1282 autem
1404 1217 1525 1283 erit
1585 1219 1869 1285 custodia
1948 1222 2155 1286 oneris
2215 1219 2500 1302 filiomm

550 1303 822 1384 merari,
864 1325 991 1386 pro
1046 1303 1397 1369 ministerio
1446 1322 1659 1368 eorum
1700 1305 1772 1369 iu
1813 1304 2205 1373 tabemaoulo
2245 1326 2499 1374 conveu-

545 1390 735 1456 tionis
750 1441 765 1469 ,
823 1389 1069 1456 tabulae
1110 1388 1512 1468 tubernaculi,
1555 1394 1611 1453 et
1651 1395 1843 1456 vectes
1883 1393 2039 1471 eius,
2084 1398 2142 1458 et
2181 1393 2500 1460 columnae

543 1477 700 1555 eiua,
742 1480 799 1540 et
838 1477 1019 1542 bases
1058 1477 1213 1542 eius,
1302 1475 1405 1541 32.
1449 1473 1785 1542 Columnae
1828 1478 1977 1544 item
2019 1480 2176 1545 air-ii
2209 1499 2337 1561 per
2377 1481 2497 1545 eir-

541 1564 798 1641 cattum,
856 1566 914 1628 et
958 1561 1139 1628 bases
1182 1582 1418 1640 earum,
1477 1566 1535 1626 et
1576 1562 1740 1627 clavi
1776 1584 2016 1642 carui»,
2063 1570 2122 1631 et
2159 1567 2349 1647 funes
2393 1587 2497 1632 ea·-

541 1669 705 1725 m,
752 1667 894 1713 cum
935 1649 1236 1736 oumibus‘
1257 1649 1694 1714 instrumentis
1735 1669 1975 1728 earum,
2016 1657 2073 1716 et
2104 1671 2280 1717 omne
2310 1652 2499 1717 mini-

541 1736 804 1803 εὐαίωνι
860 1753 1109 1814 earum,
1153 1739 1211 1800 et
1239 1754 1362 1816 per
1401 1735 1659 1800 uomina
1699 1735 2061 1802 numerabis
2097 1759 2260 1803 vasa
2299 1743 2495 1803 meto-

544 1822 689 1888 diae
709 1821 917 1886 oneris
933 1840 1164 1887 eorum.
1208 1820 1313 1886 33.
1340 1819 1477 1886 Hoc
1497 1821 1616 1886 erit
1642 1822 2065 1888 ministerium
2092 1823 2498 1906 familiarum

541 1908 825 1985 filiorum
847 1905 1112 1986 Merari,
1135 1907 1318 1972 iuxta
1338 1927 1512 1972 omne
1532 1908 1956 1973 ministerium
1976 1930 2189 1975 eorum
2210 1912 2278 1975 iu
2299 1910 2499 1975 taber-

540 1994 767 2060 nacula
806 1994 1216 2060 conventionis
1245 2014 1373 2075 per
1415 2012 1674 2059 monum
1718 1993 2013 2062 Ithamar
2060 1995 2189 2078 filii
2231 1996 2502 2062 Alimon

535 2079 889 2147 sacerdotis.

713 2251 777 2318 4.
824 2251 1012 2318 Istud
1069 2253 1190 2318 erit
1233 2271 1391 2333 opus
1438 2251 1720 2333 filiorum
1787 2252 2038 2320 Cehath.
2141 2253 2502 2321 Distribuit

542 2358 822 2406 munera
862 2338 1040 2402 inter
1073 2338 1370 2419 Levitae,
1427 2339 1714 2422 primum
1761 2361 1845 2404 ne
1888 2341 2259 2424 promiscua
2304 2340 2500 2405 sedu-

541 2425 698 2491 litas
736 2424 1184 2490 confusionem
1207 2425 1438 2508 pariat,
1485 2424 1724 2490 deinde
1768 2447 1852 2492 ne
1895 2425 2164 2492 ambitio
2207 2426 2503 2510 singulos

545 2509 947 2588 exstimulet,
977 2508 1149 2574 unde
1182 2512 1546 2576 certamina
1569 2518 1635 2575 et
1656 2514 2110 2578 contentiones
2133 2522 2499 2597 emergant.

546 2596 810 2665 Scimus
872 2616 1073 2680 quam
1131 2609 1545 2680 praepostere
1605 2607 1912 2681 satagant
1966 2599 2301 2677 homines,
2367 2599 2502 2664 nisi

546 2692 725 2751 certa
769 2682 904 2747 illis
949 2683 1124 2748 ratio
1165 2683 1680 2766 praescribatur,
1737 2706 1820 2749 ne
1865 2705 2037 2769 vaga
2079 2684 2501 2751 festinatione

544 2778 919 2836 excurrant.
1017 2767 1162 2833 Iam
1223 2768 1416 2849 dumg
1439 2771 1710 2853 quisque
1765 2771 1947 2854 cupit
1990 2771 2152 2837 alios
2194 2782 2500 2837 antever-

545 2862 705 2936 tere,
747 2856 1047 2921 exoritur
1069 2876 1380 2939 perversa
1404 2857 1774 2938 aemulatio,
1811 2878 1977 2940 quae
2011 2868 2162 2942 post
2202 2858 2272 2922 in
2317 2858 2502 2924 rixas

543 2942 793 3008 ebullit.
882 2941 1063 3025 Ergo
1125 2941 1252 3006 nisi
1295 2941 1554 3008 obviam
1598 2941 1770 3008 itum
1811 2942 2065 3021 fuisset,
2110 2944 2499 3009 tumultuati

542 3028 829 3096 fuissent
881 3025 1168 3094 subinde
1221 3027 1503 3094 Levitae
1558 3028 1630 3094 in
1686 3050 1805 3096 suo
1876 3029 2127 3111 officio,
2194 3037 2259 3095 et
2324 3029 2499 3096 inter

541 3116 723 3200 ipsos
785 3124 960 3181 esset
1023 3122 1364 3181 certatum.
1488 3115 1726 3181 Prodit
1784 3116 2006 3200 itaque
2072 3117 2144 3181 in
2207 3114 2496 3183 medium

543 3203 768 3280 Deus,
828 3201 943 3284 qui
988 3221 1110 3266 sua
1151 3202 1507 3267 autoritate
1575 3202 1872 3287 singulos
1928 3204 2264 3269 contineat
2316 3204 2496 3268 intra

543 3289 754 3354 iustos
797 3288 982 3368 fines,
1025 3296 1095 3352 et
1139 3288 1378 3354 stultas
1412 3287 1806 3372 cupiditates
1840 3300 2227 3371 compescat.
2293 3288 2509 3371 Quod,

545 3382 769 3441 autem
837 3373 994 3439 filiis
1064 3373 1328 3439 Oehath
1395 3375 1782 3439 attribuitur
1852 3377 2066 3460 magis
2133 3376 2496 3442 honorifica

544 3460 793 3526 functio
829 3481 1025 3543 quam
1064 3458 1351 3543 reliquis,
1388 3482 1468 3525 ex
1506 3462 1794 3545 gratuito
1817 3459 1946 3526 Dei
1983 3462 2208 3527 favore
2232 3471 2494 3527 manat:

543 3555 739 3629 atque
780 3546 876 3611 ita
918 3546 986 3611 in
1029 3542 1330 3611 ordinem
1364 3555 1588 3613 coacta
1621 3545 1750 3612 fuit
1782 3548 1999 3613 omnis
2042 3546 2364 3632 superbia,
2412 3570 2495 3613 ne

546 3635 692 3717 quis
748 3652 934 3698 suam
987 3631 1476 3712 dexteritatem,
1539 3632 1643 3698 vel
1688 3633 2114 3711 industriam,
2177 3635 2279 3701 vel
2330 3634 2495 3700 alias

547 3719 733 3784 dotes
776 3720 1065 3784 iactaret.
1153 3718 1347 3784 Filiis
1384 3740 1540 3800 ergo
1577 3717 1839 3785 Cehath
1882 3720 2238 3786 mandatur
2278 3728 2496 3787 custo-

548 3803 674 3875 dia.
716 3804 927 3870 sancti
1000 3814 1406 3870 sanctorum:
1473 3826 1602 3869 non
1660 3814 1737 3870 ut
1795 3813 2144 3872 attrectent
2208 3807 2494 3890 aliquam

547 3892 690 3958 eius
755 3899 1006 3975 partem
1027 3940 1042 3968 ‚
1110 3889 1223 3955 sed
1291 3900 1547 3955 tantum
1605 3899 1679 3956 ut
1735 3913 1899 3959 vasa
1952 3914 1992 3958 a
2054 3893 2497 3959 sacerdotibus

549 3976 884 4044 recondita
937 3998 1054 4060 per
1096 3975 1226 4040 iter
1282 3984 1563 4060 gestent.
1653 3977 1847 4043 Iubet
1910 3979 2086 4043 enim
2135 3979 2317 4044 Deus
2383 4000 2497 4045 ve·

443 4093 450 4098 ¹
550 4064 696 4129 nire
760 4062 927 4128 filios
987 4062 1261 4127 Aharon
1326 4064 1441 4145 qui
1506 4062 1822 4147 colligant
1886 4066 2366 4145 sanctuarium,
2432 4073 2500 4130 et

551 4148 797 4225 velum,
854 4149 1081 4228 altare,
1140 4148 1401 4232 aliaque
1456 4170 1644 4216 sacra
1685 4169 1849 4214 vasa
1889 4149 2028 4216 suis
2071 4151 2501 4234 operimentis

553 4235 909 4318 diligenter
949 4247 1206 4320 tegant,
1263 4245 1619 4318 antequam
1661 4256 1901 4301 manus
1944 4236 2338 4302 admoveant
2379 4236 2499 4302 filii

553 4320 847 4387 Oehath·:
908 4342 1143 4404 nempe
1195 4330 1271 4385 ut
1315 4322 1525 4386 maior
1566 4332 1741 4387 esset
1783 4342 2118 4389 sacrorum
2161 4324 2503 4389 veneratio

555 4406 731 4490 apud
776 4406 1109 4489 populum.
1202 4406 1462 4473 Deinde
1496 4428 1700 4492 quum
1736 4407 2039 4473 viderent
2082 4409 2248 4474 aliae
2292 4410 2504 4475 tribus

556 4493 831 4559 Levitae
889 4513 1146 4576 quoque
1209 4494 1587 4559 submoveri
1648 4516 1685 4558 a
1751 4495 2107 4559 sanctuarii
2173 4505 2500 4575 contactu,

554 4597 716 4644 suae
774 4577 1187 4660 indignitatis
1244 4579 1654 4657 admonitae,
1699 4580 1911 4662 magis
1969 4579 2501 4647 humiliarentur.

558 4664 668 4731 Ad
712 4663 877 4728 haec
920 4664 1178 4731 sublata
1222 4666 1347 4730 fuit
1389 4666 1679 4732 invidiae
1720 4665 2018 4744 materia,
2065 4688 2267 4750 quum
2315 4667 2501 4733 audi-

556 4760 709 4817 rent
760 4749 994 4832 reliqui
1055 4751 1333 4817 Levitae
1390 4752 1543 4818 filiis
1587 4751 1848 4818 Oehath
1909 4753 2345 4836 periculosum
2400 4755 2502 4818 in·

555 4836 744 4920 iungi
800 4856 1058 4902 munus.
1162 4838 1461 4903 Minatur
1516 4838 1692 4903 enim
1762 4837 1944 4905 Deus
2009 4840 2388 4918 interitum,
2449 4841 2503 4906 si

559 4922 717 5007 quid
794 4923 1073 4986 vetitum
1139 4924 1499 5007 attingant:
1569 4925 1833 4989 demum
1902 4927 2271 4994 sacerdotes
2335 4928 2505 4993 filios

555 5010 831 5075 Ahamn
894 5008 1202 5074 admonet
1260 5032 1339 5074 ne
1390 5030 1511 5075 sua
1560 5012 1820 5078 incuria
1878 5012 2117 5078 fratres
2183 5014 2506 5097 perdant:

555 5097 714 5179 quia
753 5095 810 5158 si
854 5094 1010 5177 quid
1055 5094 1530 5177 discoopertum
1569 5097 2031 5181 relinquerent,
2077 5097 2286 5164 futuri
2317 5110 2508 5166 erant

555 5180 691 5247 illis
730 5201 929 5246 causa
972 5180 1175 5246 exitii.

731 5267 835 5332 24.
883 5268 1071 5333 Istud
1140 5267 1258 5331 erit
1327 5287 1487 5347 opus
1541 5267 1944 5351 familiarum
2008 5269 2504 5337 Gersouitarum.

551 5352 744 5420 'Viles
787 5355 860 5418 in
904 5354 1185 5435 speciem
1234 5373 1310 5418 ac
1354 5352 1660 5419 molestae
1704 5355 1972 5419 fuerunt
2015 5377 2283 5440 operae,
2344 5378 2505 5441 quas

1941 428 2459 497 SECUNDUM
2501 428 3159 498 PRAEOEPTUM.
3212 429 3219 439 ’

4401 433 4513 500 468

2609 627 2742 684 tam
2788 618 2944 686 filiis
2990 619 3255 686 Gerson
3297 638 3494 703 quam
3535 619 3689 686 filiis
3732 619 3985 685 Morari
4027 618 4329 704 iniungit.
4382 620 4521 688 cos

2606 705 2781 770 tinas
2840 705 3014 770 enim
3072 714 3140 772 et
3184 704 3682 771 tabernaculum
3743 727 3893 773 cum
3954 706 4093 771 suis
4134 706 4524 790 operimentis

2605 792 2795 876 ferre,
2854 791 3115 857 tabulas
3158 792 3338 871 item,
3396 800 3464 857 et
3507 800 3745 871 vectes,
3807 801 3873 857 et
3914 792 4286 877 columnas,
4345 790 4525 859 durus

2604 875 2731 942 fuit
2788 877 2993 956 labor,
3053 898 3173 944 nec
3233 879 3450 943 minus
3495 877 3775 944 servilis.
3865 877 4118 944 Verum
4164 878 4316 946 hinc
4357 879 4524 944 disci·

2603 983 2751 1027 mus
2794 963 2963 1029 nihil
3008 963 3077 1029 in
3122 962 3253 1028 Dei
3298 965 3482 1030 cultu
3527 985 3669 1030 esse
3713 963 4201 1042 fastidiendum,
4262 963 4372 1030 sed
4408 966 4528 1031 ala-

2602 1048 2802 1116 criter
2857 1048 3190 1115 obeundas
3244 1070 3389 1116 esse
3452 1048 3777 1134 quaslibet
3832 1059 4054 1135 partes
4068 1100 4084 1130 ,
4149 1050 4303 1134 quia
4362 1049 4529 1118 nobis

2602 1134 2860 1202 abunde
2904 1136 3207 1202 sufficere
3251 1134 3473 1216 debet,
3530 1136 3643 1202 ubi
3686 1156 3805 1202 nos
3850 1135 4093 1221 eligere
4138 1137 4321 1203 Deus
4361 1157 4528 1203 sanc-

2601 1221 2803 1287 tuarii
2863 1223 2962 1288 sui
3026 1223 3364 1288 ministros
3409 1220 3720 1306 dignatus
3762 1230 3879 1302 est,
3941 1244 4028 1288 ne
4087 1223 4193 1289 vel
4238 1222 4529 1304 taedium,

2600 1306 2709 1374 vel
2753 1308 3061 1392 superbia
3104 1329 3226 1375 nos
3269 1310 3341 1373 in
3387 1308 3603 1375 officio
3648 1307 3982 1393 impediat.

3194 1650 3326 1716 Ex
3371 1650 3679 1716 LE'VI'I'.
3722 1649 3954 1717 XVII.

2776 1822 2832 1887 1.
2898 1821 3223 1904 Loquutus
3313 1826 3404 1888 est
3481 1821 3712 1889 Iehova
3789 1823 3878 1889 ad
3938 1821 4185 1903 Meu,
4264 1823 4535 1891 dicendo.-

2600 1910 2661 1975 2.
2704 1907 2988 1991 Loquere
3029 1908 3115 1973 ad
3158 1907 3449 1987 Ahawn,
3493 1912 3551 1974 et
3592 1909 3680 1974 ad
3716 1908 3886 1990 filios
3918 1910 4075 1990 eius,
4119 1914 4176 1976 et
4217 1911 4307 1976 ad
4346 1930 4535 1977 omues

2594 1995 2765 2077 filios
2808 1992 3034 2073 Israel,
3094 1999 3151 2059 et
3190 1993 3293 2059 dic
3332 1994 3502 2061 alis.-
3544 1993 3682 2061 Hoe
3720 1999 3814 2061 est
3851 1995 4105 2062 verbnm
4160 1997 4329 2079 quod
4364 2017 4538 2079 prae-

2599 2081 2757 2163 cepit
2808 2079 3062 2161 Iehova,
3119 2080 3409 2146 dicendo.-
3461 2080 3531 2147 3.
3587 2081 3948 2164 Quicunque
3998 2083 4078 2148 de
4119 2083 4300 2149 domo
4344 2084 4538 2149 Israel

2599 2166 2963 2233 mactaverit
3002 2166 3233 2243 bonan,
3277 2171 3391 2233 aut
3429 2187 3680 2251 aynum,
3741 2173 3854 2233 aut
3894 2188 4154 2250 capram
4193 2170 4270 2235 iu
4310 2171 4539 2252 castris,

2601 2253 3267 2335 maquimactaven‘t
3321 2258 3501 2320 embra
3540 2259 3769 2333 castra,
3834 2253 3896 2319 4.
3943 2253 4540 2322 Etodostiumta-

2602 2338 2919 2405 beruaotdi
2975 2338 3388 2405 conventionis
3443 2359 3569 2406 non
3624 2340 3959 2406 adduxerit
4010 2360 4169 2421 eum,
4228 2347 4300 2407 ut
4340 2343 4542 2425 offlerat

2602 2426 2970 2491 oblationem
2993 2424 3256 2491 Iehovae
3287 2445 3499 2492 coram
3540 2425 3930 2493 tabernaculo
3952 2426 4254 2494 Iehovae:
4297 2428 4543 2513 sanquis

2604 2512 3022 2594 imputabitur
3060 2513 3197 2577 viro
3240 2510 3341 2577 illi
3356 2536 3376 2576 .·
3415 2514 3553 2593 ipse
3585 2512 3954 2596 sanyuiuem
3985 2513 4175 2596 fudit,
4209 2514 4541 2581 excidam*-

2604 2619 2722 2681 que
2778 2599 2881 2662 vir
2928 2597 3037 2663 ille
3090 2619 3125 2662 e
3164 2598 3366 2663 medio
3395 2597 3628 2679 populi
3666 2599 3793 2664 eui.
3880 2598 3941 2665 5.
4002 2598 4083 2666 Ut
4125 2601 4395 2683 afferma
4428 2599 4545 2682 filii

2607 2683 2819 2749 Israel
2859 2683 3174 2765 sacrificia
3214 2704 3338 2749 sua
3374 2704 3538 2767 quae
3577 2686 3917 2750 mactatur-i
3948 2691 4100 2750 sunt
4129 2687 4203 2751 iu
4232 2685 4546 2769 superficie

2606 2771 2782 2855 ayri:
2822 2774 2895 2834 ut
2926 2770 3193 2851 offerant
3223 2770 3486 2852 iuquam
3529 2770 3647 2837 illa
3670 2769 3935 2837 Iehovae
3976 2772 4064 2838 ad
4096 2774 4334 2838 ostium
4366 2772 4546 2840 taber-

2604 2856 2820 2924 naculi
2869 2856 3283 2921 conventioni-s·
3335 2855 3423 2921 ad
3476 2858 3880 2934 sacer-dotent,
3938 2862 3998 2924 et
4050 2858 4408 2941 sacrificant
4450 2858 4549 2926 ali

2601 2940 2926 3024 sacrificia
2951 2944 3446 3026 prosperitatum
3468 2942 3749 3009 Iehovae.
3833 2943 3892 3009 6.
3942 2942 4334 3029 Sparyetque
4362 2965 4548 3011 sacer-

2602 3029 2716 3096 dos
2756 3028 3128 3113 savtyuiuem
3170 3028 3258 3095 αᾶ
3300 3027 3502 3094 aliare
3546 3027 3828 3110 Iekovae,
3872 3030 3961 3097 ud
4001 3031 4236 3097 ostium
4278 3030 4547 3100 tabam-

2601 3116 2733 3182 οιαὶ
2771 3115 3209 3193 consentientis,
3255 3120 3311 3180 et
3354 3114 3621 3181 adolebit
3660 3116 3911 3199 adipem
3943 3116 4017 3182 iu
4046 3116 4303 3184 odorem
4332 3119 4548 3202 quietis

2604 3201 2884 3268 Iskome.
2976 3200 3035 3267 7.
3080 3200 3172 3266 Et
3209 3221 3338 3267 nou
3376 3201 3822 3284 sacrificabunt
3861 3203 4035 3269 ultra
4076 3204 4398 3286 sacrificia
4436 3223 4547 3270 m

2598 3288 3004 3355 daamuibus
3041 3307 3181 3352 cum
3225 3287 3449 3368 quihus
3487 3287 3917 3369 fornicantem
3975 3294 4286 3355 statutum
4332 3309 4547 3374 perpe-

2598 3379 2775 3440 tuum
2816 3374 2940 3439 wit
2979 3372 3089 3439 hoo
3128 3373 3268 3439 illis
3309 3373 3382 3439 iu
3415 3373 3925 3456 generationibus
3956 3395 4187 3441 eorum.
4261 3378 4323 3444 8.
4368 3376 4547 3443 Dices

2584 3465 2918 3542 praeterea
2937 3458 3106 3524 illis.-
3157 3459 3521 3541 Quicunque
3560 3480 3596 3526 e
3627 3460 3803 3525 domo
3839 3461 4068 3540 Israel,
4113 3468 4234 3528 aut
4275 3465 4354 3530 de
4378 3482 4546 3545 pere-

2676 3546 3024 3699 hwa
3032 3546 3654 3714 wammam?
3717 3547 3920 3698 aas
3956 3549 4547 3702 mm

2597 3720 2810 3786 nacula·
2851 3717 3267 3784 convevttimis
3305 3739 3432 3784 uon
3470 3717 3809 3783 adduxerit
3846 3717 4017 3785 illud
4058 3719 4361 3788 Iekovae:
4412 3726 4546 3787 m

2597 3807 2915 3874 amicietur
2957 3805 3061 3869 vir
3100 3803 3211 3869 ille
3253 3824 3286 3867 e
3315 3804 3585 3886 populis
3626 3804 3785 3870 suis.

2774 3976 2829 4042 1.
2882 3976 3206 4058 Loquubus
3264 3979 3357 4040 est
3398 3972 3645 4042 Iehova.
3735 3976 3882 4044 Hoc
3933 3975 4075 4044 loco
4119 3985 4186 4045 et
4232 3979 4545 4046 similibus

2601 4065 2896 4149 praeficit
2930 4063 3115 4129 Deus
3150 4060 3519 4128 sacerdotes
3563 4062 3917 4128 offerendis
3960 4064 4271 4132 victimis.
4330 4064 4543 4148 Quan-

2602 4170 2802 4234 quam
2847 4149 3025 4214 enim
3071 4146 3448 4214 communia
3491 4147 3694 4214 totius
3729 4150 3952 4233 populi
3991 4161 4181 4215 erant
4218 4152 4545 4230 sacrificia,

2604 4235 2812 4301 voluit
2863 4242 3086 4299 tamen
3143 4234 3323 4299 Deus
3382 4254 3500 4315 per
3557 4254 3826 4301 manum
3888 4239 4104 4314 unius,
4151 4249 4223 4303 et
4265 4249 4443 4304 certo
4483 4239 4542 4302 iu

2602 4322 2744 4389 loco
2788 4320 2909 4386 sibi
2955 4321 3193 4385 offerri.
3284 4318 3584 4384 Primum
3648 4341 3729 4386 ne
3766 4324 3825 4386 si
3868 4323 4111 4405 passim
4157 4323 4401 4391 altaria
4441 4346 4542 4390 ex-

2604 4418 2859 4474 struere
2871 4406 3301 4491 permitteret‚
3326 4404 3451 4472 hac
3468 4406 3788 4471 varietate
3800 4419 4339 4492 corrumperetur
4356 4431 4544 4496 purus

2605 4503 2673 4560 et
2730 4494 3060 4578 genuinus
3120 4493 3371 4559 cultus:
3433 4491 3671 4558 deinde
3727 4504 3802 4558 ut
3860 4494 4174 4578 populum
4239 4496 4547 4582 dirigeret

2608 4581 2689 4647 ad
2769 4579 3228 4644 mediatorem:
3307 4577 3463 4661 quia
3540 4577 3933 4662 principium
4010 4580 4174 4646 illud
4262 4582 4548 4648 fidelibus

2610 4686 2869 4749 semper
2900 4666 3258 4731 tenendum
3304 4664 3450 4741 fuit,
3492 4664 3710 4730 nullas
3756 4664 3882 4731 nisi
3927 4666 4069 4732 eius
4113 4669 4335 4753 gratia
4379 4668 4544 4735 obla-

2609 4754 2820 4818 tiones
2864 4773 3006 4817 esse
3041 4751 3389 4835 legitimas.
3459 4750 3710 4816 Eadem
3750 4751 4047 4818 doctrina
4080 4756 4349 4838 saepius
4380 4763 4543 4839 post·

2611 4841 2733 4905 hac
2789 4846 3116 4915 occurret,
3183 4837 3297 4903 ubi
3357 4837 3439 4902 de
3492 4837 3826 4903 sacrificiis
3888 4845 4156 4922 agetur:
4222 4841 4341 4906 sed
4402 4839 4545 4925 quia

2608 4945 2785 4992 nunc
2818 4934 3174 4990 tractamus
3209 4943 3453 4988 munus
3471 4922 3890 5003 sacerdotale,
3925 4925 4127 4989 semel
4149 4925 4275 4992 hoc
4311 4927 4544 4993 dictum

2608 5012 2913 5096 oportuit,
2960 5011 3058 5074 fas
3080 5030 3216 5074 non
3246 5011 3452 5074 fuisse
3486 5009 3766 5091 privatis
3802 5009 4180 5077 bominibus
4200 5012 4543 5098 quidquam

2609 5099 2845 5164 offerre
2891 5098 3051 5176 Deo,
3094 5096 3222 5161 nisi
3266 5116 3384 5179 per
3429 5115 3698 5160 manum
3745 5095 4116 5176 sacerdotis,
4160 5100 4266 5164 cui
4302 5099 4545 5165 iniunc-

2609 5194 2751 5248 tum
2812 5193 2954 5247 erat
3017 5203 3275 5247 munus.
3377 5179 3705 5262 Quoniam
3760 5191 3984 5248 autem
4051 5182 4177 5251 hae
4240 5186 4309 5249 iau
4368 5193 4541 5268 parte

2611 5271 2775 5334 mire
2820 5271 3072 5334 animos
3129 5267 3471 5332 hominum
3533 5267 3758 5333 titillat
3802 5267 4090 5349 ambitio,
4151 5292 4381 5337 severe
4430 5268 4540 5334 mi-

2610 5365 2812 5420 natur
2853 5356 2909 5419 si
2950 5355 3099 5437 quis
3140 5354 3209 5418 id
3252 5373 3599 5439 aggressus
3640 5353 3858 5433 fuerit,
3913 5375 3984 5420 se
4027 5355 4165 5421 fore
4208 5356 4541 5424 vindicem.
