4867 6150
530 425 659 494 239

1194 617 1327 683 Ex
1364 615 1630 684 DEUT.
1675 616 1799 682 XI.

703 796 763 861 8.
848 790 1161 859 Custodite
1227 809 1368 873 erqo
1426 808 1598 854 omne
1662 794 2067 872 praeceptum
2144 790 2307 871 qaod
2372 810 2480 874 eye

518 879 846 966 praecipio
887 878 1059 944 vobis
1098 875 1304 954 hodie,
1349 879 1421 939 ut
1461 874 1861 952 roboremini,
1907 882 1964 940 et
2003 877 2477 959 inprediamini,

518 967 1020 1053 possideatisque
1061 968 1293 1028 terram
1335 960 1421 1025 ad
1463 982 1650 1041 quam
1694 981 1800 1026 vos
1842 963 2135 1028 transitis
2167 967 2240 1027 ut
2270 963 2480 1043 possi-

533 1056 736 1121 deatis
770 1072 926 1118 eam.
993 1049 1051 1115 9.
1100 1050 1306 1129 Atque
1337 1051 1410 1111 ut
1438 1048 1819 1131 prolonyetis
1852 1049 1992 1115 dies
2023 1068 2216 1131 super
2243 1053 2479 1113 terram

532 1161 722 1224 quam
765 1136 1005 1203 iuravit
1026 1134 1254 1199 Iehova
1286 1133 1583 1216 patribus
1626 1136 1855 1198 vestris
1894 1154 1960 1199 se
2003 1134 2302 1199 daturum
2344 1135 2480 1201 illie

533 1231 588 1292 et
628 1224 856 1292 amini
898 1242 1126 1301 εονιινη,
1170 1225 1405 1285 terram
1438 1220 1728 1299 fluentem
1771 1219 1921 1285 lacte
1965 1225 2022 1285 et
2063 1221 2259 1286 melle.

708 1397 764 1460 1.
845 1393 1038 1460 Omne
1069 1396 1492 1473 praeceptum.
1583 1390 1907 1470 Quamvis
1951 1391 2206 1475 primus
2252 1413 2480 1458 versus

531 1484 708 1550 inter
783 1478 1247 1564 promissiones
1326 1475 1559 1542 referri
1637 1478 1873 1559 possit,
1955 1477 2189 1560 quibus
2254 1489 2482 1561 postea

532 1567 899 1636 videbimus
944 1564 1261 1630 sancitam
1306 1563 1508 1627 fuisse
1553 1562 1764 1646 legem
1810 1583 1850 1626 a
1894 1563 2110 1642 Mose,
2166 1566 2319 1646 quia
2362 1584 2480 1646 spe

533 1654 854 1721 mercedis
910 1650 1244 1734 proposita
1300 1648 1637 1714 Israelitas
1691 1648 1773 1712 ad
1830 1649 2116 1715 officium
2176 1651 2482 1716 bortatur

534 1751 599 1808 et
643 1738 950 1823 impellit:
996 1746 1361 1819 opportuno
1405 1745 1625 1798 tamen
1670 1734 1811 1798 loco
1858 1735 1965 1800 hic
2007 1758 2154 1801 eum
2192 1737 2481 1802 inserere

533 1827 699 1895 mihi
744 1826 928 1890 visus
973 1841 1149 1887 sum:
1196 1820 1453 1904 quando
1496 1820 1845 1886 consilium
1872 1822 2078 1887 Mosis
2124 1844 2256 1886 000
2303 1820 2481 1886 aliud

533 1915 700 1991 fuit,
781 1931 972 1992 quam
1054 1909 1409 1990 promissae
1472 1906 1897 1972 haereditatis
1965 1908 2302 1973 dulcedine
2369 1929 2482 1973 eos

536 2000 802 2065 allicere
867 1996 948 2061 ad
1017 1993 1455 2076 recipiendam
1521 1993 1685 2076 legis
1752 1990 2136 2059 doctrinam.
2240 1995 2483 2059 Merito

537 2086 563 2152 i
680 2105 761 2149 ue
821 2083 981 2147 haec
1037 2079 1369 2145 sententia
1422 2080 1597 2143 inter
1655 2078 1816 2144 alias
1873 2081 2206 2145 numerari
2250 2091 2481 2164 potest,

536 2103 772 2256 qttiilms
816 2167 1185 2251 praeparati
1229 2166 1489 2229 fuerant
1534 2165 1733 2229 animi
1779 2186 2039 2246 eorum,
2107 2176 2182 2231 ut
2228 2168 2368 2232 Deo
2412 2189 2483 2232 se

540 2277 670 2342 qua
712 2255 983 2320 decebat
1027 2251 1529 2317 mansuetudine
1572 2260 1638 2315 et
1682 2250 2012 2316 docilitate
2056 2252 2479 2318 subiicerent:

538 2365 616 2410 ae
659 2343 714 2409 si
762 2341 1061 2405 dixisset:
1111 2337 1287 2418 Quia
1329 2358 1463 2401 non
1509 2338 1732 2419 procul
1778 2337 1909 2402 iam
1959 2358 1997 2401 a
2047 2337 2228 2403 vobis
2286 2339 2487 2404 distat

537 2438 716 2496 terra
751 2426 1089 2505 Chanaan,
1135 2423 1437 2490 vicinitas
1479 2424 1622 2505 ipsa
1664 2422 1958 2488 animare
2002 2445 2122 2489 vos
2166 2423 2356 2490 debet
2400 2424 2483 2489 ad

539 2512 952 2582 subeundum
1000 2510 1282 2576 alacrius
1327 2508 1452 2575 Dei
1511 2509 1759 2592 iugum.
1849 2511 2019 2574 Nam
2080 2510 2255 2575 idem
2301 2512 2486 2576 Deus

540 2601 655 2686 qui
695 2600 908 2683 legem
955 2596 1141 2663 vobis
1201 2595 1394 2660 hodie
1450 2596 1716 2673 statuit,
1771 2593 1855 2659 ad
1912 2595 2285 2660 fruitionem
2344 2598 2485 2662 eius

539 2696 757 2753 terrae
802 2705 922 2749 vos
965 2683 1239 2761 invitat,
1306 2702 1501 2765 quam
1545 2679 1970 2746 iureiurando
2016 2681 2341 2764 pollicitus
2388 2694 2489 2747 est

540 2771 839 2858 patribus
884 2769 1139 2835 vestris.
1225 2768 1318 2832 Et
1360 2776 1538 2833 certe
1579 2789 1663 2832 ex
1715 2766 1839 2833 hac
1897 2768 2195 2833 clausula
2254 2790 2488 2834 versus

541 2866 729 2945 patet
786 2857 1017 2922 Mosen
1077 2874 1214 2919 non
1279 2853 1663 2936 simpliciter
1721 2852 1854 2918 illis
1916 2854 2283 2920 mercedem
2338 2876 2487 2938 pro·

543 2947 826 3022 mittere,
864 2941 922 3007 si
952 2942 1165 3025 legem
1201 2938 1640 3005 servaverint:
1681 2936 1795 3004 sed
1829 2940 2051 3023 potius
2084 2942 2488 3023 superiorem

545 3032 844 3118 gratiam,
881 3049 1009 3113 qua
1029 3026 1215 3092 Deus
1238 3025 1414 3092 ultro
1450 3026 1599 3092 illos
1622 3036 2069 3109 praevenerat,
2105 3026 2175 3092 in
2198 3026 2489 3092 medium

540 3119 857 3203 proferre,
903 3124 977 3180 ut
1013 3113 1303 3180 vicissim
1348 3122 1676 3198 gratos-se
1709 3123 2060 3196 praestent.
2129 3114 2494 3197 Praecepta

545 3226 701 3270 vero
759 3222 877 3267 sua
934 3209 1154 3281 vocat,
1220 3198 1321 3286 (ut
1374 3200 1511 3266 iam
1568 3209 1722 3264 ante
1774 3198 2085 3287 vidimus)
2138 3221 2273 3265 non
2328 3221 2493 3283 quae

544 3292 685 3374 ipse
726 3310 845 3372 pro
892 3288 1160 3353 arbitrio
1203 3293 1610 3351 commentus
1656 3286 1774 3365 sit,
1842 3285 1956 3351 sed
1999 3307 2167 3369 quae
2206 3307 2319 3350 ore
2364 3285 2492 3351 Dei

543 3376 753 3459 ipsius
818 3373 1060 3440 dictata
1125 3371 1407 3437 fideliter
1465 3370 1698 3449 tradit,
1767 3373 1949 3454 quasi
2017 3372 2097 3437 de
2153 3392 2358 3436 manu
2422 3373 2492 3437 in

546 3481 841 3527 manum.
951 3458 1097 3524 Hoc
1154 3458 1355 3522 etiam
1419 3479 1504 3523 ex
1570 3476 1767 3522 versu
1831 3458 2129 3540 proxime
2194 3459 2493 3541 sequenti

547 3547 855 3631 colligere
877 3546 1112 3610 melius
1133 3544 1289 3610 licet
1311 3543 1422 3608 ubi
1446 3543 1800 3626 superioris
1837 3545 2145 3627 temporis
2180 3544 2496 3610 beneficia

543 3642 1042 3711 commemorat,
1100 3640 1166 3695 et
1218 3631 1417 3694 simul
1457 3630 1529 3694 in
1575 3630 1959 3694 memoriam
2002 3629 2284 3709 reducit,
2338 3639 2496 3714 quot

545 3729 613 3785 et
666 3738 861 3801 quam
923 3716 1130 3782 variis
1185 3715 1591 3781 documentis
1636 3736 1745 3780 808
1791 3716 1974 3780 Deus
2030 3715 2373 3795 erudierit,
2423 3726 2493 3782 ut

546 3805 981 3871 assuefaceret
1036 3811 1104 3865 et
1166 3803 1480 3866 formaret
1524 3791 1606 3865 ad
1649 3799 2049 3885 obsequium.
2141 3805 2239 3868 Ac
2283 3805 2496 3886 primo

546 3890 808 3975 quidem
843 3889 914 3953 in
954 3908 1191 3971 genere
1225 3908 1496 3968 operum
1520 3885 1667 3965 Dei,
1705 3908 1869 3969 quae
1904 3910 2023 3972 per
2056 3889 2496 3972 quadraginta

547 3997 755 4042 annos
823 3972 1161 4052 viderunt,
1226 3972 1556 4037 reeordari
1619 3971 1831 4038 iubet:
1904 3995 2056 4039 mox
2125 3985 2344 4041 tamen
2410 3975 2494 4040 ad

547 4063 798 4146 species
855 4059 1219 4135 descendit,
1282 4079 1516 4140 nempe
1575 4058 2039 4125 afflictionibus
2083 4061 2299 4126 Deum
2345 4083 2493 4152 pro-

547 4149 739 4214 basse
793 4145 948 4231 quid
1006 4146 1076 4209 10
1134 4165 1363 4209 eorum
1423 4144 1725 4211 cordibus
1791 4144 2044 4211 lateret.
2147 4144 2259 4213 Sic
2317 4149 2493 4213 enim

547 4234 790 4300 resolvi
835 4232 1025 4298 debet
1070 4232 1312 4296 oratio:
1360 4230 1455 4297 Ut
1513 4229 1864 4315 affligendo
1921 4241 2208 4298 tentaret
2263 4243 2359 4311 te,
2422 4255 2497 4300 ae

547 4322 761 4387 sciret.
865 4317 1121 4399 Quibus
1186 4316 1405 4383 verbis
1471 4316 1779 4383 admonet
1843 4339 1975 4382 non
2041 4321 2185 4383 sine
2247 4321 2497 4402 optima

548 4428 747 4472 causa
792 4404 999 4471 fuisse
1032 4404 1256 4469 multis
1291 4402 1623 4469 aerumnis
1659 4421 1727 4467 et
1774 4403 2203 4471 incommodis
2241 4405 2498 4471 duriter

548 4493 968 4559 exercitatos:
1030 4490 1183 4572 quia
1240 4510 1402 4573 opus
1460 4499 1632 4555 esset
1691 4489 1806 4554 tali
1860 4491 2185 4574 examine.
2280 4491 2494 4558 Simul

549 4587 775 4645 tamen
819 4576 1076 4659 oblique
1119 4574 1508 4660 perstringit
1551 4596 1777 4641 eorum
1824 4577 2285 4659 pervicaciam,
2330 4600 2496 4660 quae

549 4672 710 4732 tunc
775 4662 1029 4729 detecta
1092 4661 1248 4727 fuit:
1319 4683 1520 4745 quum
1585 4661 1827 4744 alioqui
1880 4661 2013 4727 illis
2076 4663 2265 4729 facile
2324 4674 2500 4730 esset

549 4750 746 4818 rebus
823 4770 1130 4832 prospere
1194 4748 1550 4813 fluentibus
1615 4749 1924 4813 simulare
1991 4769 2303 4833 magnum
2372 4751 2497 4816 Dei

553 4839 870 4914 timorem,
914 4835 1027 4918 qui
1073 4844 1292 4900 tamen
1337 4835 1559 4900 nullus
1604 4844 1764 4914 erat,
1808 4835 1980 4900 sicut
2023 4856 2093 4899 re
2137 4837 2279 4918 ipsa
2322 4859 2496 4903 eom-

549 4934 812 5009 pertum
858 4929 976 4987 est.

725 5009 922 5073 Deut.
982 5006 1042 5085 8,
1100 5006 1160 5072 3.
1247 5003 1336 5071 Et
1398 5004 1641 5087 afflixit
1692 5012 1748 5071 te
1804 5028 1878 5073 ac
1936 5008 2177 5073 esurire
2234 5012 2291 5072 te
2331 5008 2497 5090 feeit.

554 5093 750 5176 Quod
793 5092 1196 5176 aliquamdiu
1239 5091 1484 5156 fuerint
1539 5092 1610 5155 in
1671 5092 1926 5158 deserto
1983 5093 2296 5173 famelici,
2357 5095 2500 5159 eius

551 5179 865 5265 penuriae
888 5179 1236 5244 utilitatem
1259 5175 1683 5256 demonstrat,
1720 5180 1871 5259 quia
1894 5179 2047 5244 inde
2071 5181 2502 5264 cognoverint

553 5288 686 5332 non
732 5287 901 5350 pane
944 5273 1198 5329 tantum
1244 5273 1312 5327 et
1358 5264 1545 5339 vinc,
1615 5261 1728 5327 sed
1788 5285 2026 5329 arcana
2071 5267 2197 5331 Dei
2255 5268 2499 5332 virtute

553 5352 644 5419 ali
685 5373 893 5436 genus
929 5352 1310 5416 humanum.
1379 5350 1525 5414 Etsi
1570 5348 1748 5414 enim
1793 5350 2083 5417 fatentur
2118 5374 2345 5418 omues
2372 5353 2499 5418 Dei

1903 471 1910 479 -
1989 426 2524 494 PRAEFATIO
2568 427 2664 492 IN
2714 426 3062 493 LEGEM.

4389 431 4500 498 240

2574 613 3008 681 beneficentia
3051 628 3293 680 terram
3339 638 3480 683 esse
3533 617 3851 697 fertilem,
3915 618 4008 686 sic
4059 626 4281 685 tamen
4338 628 4501 703 potui

2578 711 2646 765 et
2688 701 2831 768 cibo
2890 701 3073 767 affixi
3129 711 3286 768 sunt
3338 724 3563 768 eorum
3608 724 3866 783 sensus,
3913 714 3987 769 ut
4031 726 4161 771 non
4207 726 4501 773 conscen-

2579 788 2740 851 dant
2782 787 3013 863 altius,
3063 809 3184 855 nee
3230 787 3445 854 Deum
3492 802 3854 873 agnoscant
3897 798 4152 873 patrem
4196 803 4262 857 et
4307 795 4501 859 nutri-

2579 873 2762 954 tium,
2797 872 2909 938 sed
2943 875 3163 955 potius
3196 895 3346 940 eum
3387 875 3661 959 alligent
3694 876 3987 942 externis
4022 877 4254 944 mediis
4288 879 4505 961 quibus

2578 971 2740 1024 sunt
2798 959 3071 1024 addicti:
3129 982 3204 1027 ac
3263 962 3318 1025 si
3376 963 3517 1026 eius
3571 983 3806 1028 manus
3862 983 3982 1045 per
4036 984 4108 1028 88
4166 974 4231 1028 et
4274 965 4504 1048 absque

2577 1047 3036 1111 instrumentis
3103 1046 3457 1130 quidquam
3522 1049 3779 1114 efficere
3848 1069 3923 1114 ae
3988 1062 4321 1131 praestare
4385 1071 4504 1116 000

2580 1144 2814 1213 posset.
2923 1131 3177 1197 Deinde
3255 1132 3423 1216 quod
3507 1155 3545 1199 a
3610 1135 3752 1200 Deo
3823 1135 4120 1200 sentiunt
4195 1138 4509 1219 procreari
4594 1186 4600 1191 -

2580 1229 2796 1283 terrae
2841 1219 3122 1295 fructus,
3166 1218 3406 1304 frigida
3453 1228 3710 1285 tantum
3757 1221 4139 1305 imaginatio
4184 1231 4311 1302 est,
4353 1245 4509 1305 quae

2579 1305 2801 1369 statim
2838 1305 3063 1382 effluit,
3101 1326 3221 1372 nec
3260 1307 3485 1370 haeret
3520 1306 3586 1370 in
3627 1308 3959 1372 memoria.
4010 1308 4224 1373 Lucet
4258 1309 4510 1391 quidem

2581 1393 2739 1455 satis
2784 1390 2958 1456 clare
3000 1391 3072 1455 in
3119 1412 3257 1472 usu,
3303 1393 3414 1474 qui
3460 1393 3848 1459 naturaliter
3890 1414 3975 1458 ex
4017 1395 4333 1461 creaturis
4377 1416 4512 1476 per·

2581 1473 2851 1557 cipitur,
2896 1485 3031 1541 tam
3081 1476 3374 1559 potentia
3419 1478 3542 1543 Dei
3590 1499 3787 1561 quam
3833 1479 4104 1544 bouitas.
4196 1478 4326 1546 Sed
4372 1481 4516 1545 facit

2581 1562 2874 1643 pravitas
2919 1562 3190 1628 humaui
3236 1565 3509 1643 ingenii,
3566 1577 3639 1628 ut
3683 1585 3850 1647 quae
3894 1567 4270 1631 testimonia
4314 1578 4514 1644 erant,

2580 1648 2761 1729 quasi
2808 1649 2960 1713 vela
2994 1650 3342 1715 obscurent
3375 1649 3614 1714 claram
3654 1651 3884 1716 lucem.
3957 1652 4063 1716 Ad
4098 1652 4276 1731 haec,
4324 1653 4519 1718 maior

2582 1755 2735 1816 pars
2781 1733 2999 1799 Deum
3046 1736 3267 1818 procul
3312 1734 3618 1802 subducit
3657 1746 3724 1801 et
3766 1737 3836 1800 in
3882 1738 4090 1802 otium
4133 1740 4402 1821 relegat,
4451 1759 4521 1804 ac

2583 1821 2638 1885 si
2683 1832 2900 1902 partes
2945 1840 3097 1885 suas
3142 1823 3543 1905 resignasset
3586 1824 3763 1888 coelo
3808 1832 3874 1887 et
3920 1834 4150 1888 terrae.
4234 1824 4412 1889 Hinc
4455 1826 4524 1889 fit

2585 1915 2659 1970 ut
2712 1907 3044 1989 praesenti
3100 1909 3285 1990 copia
3343 1921 3409 1972 et
3466 1910 3698 1991 opibus
3756 1911 4016 1988 confisi,
4064 1910 4190 1975 Dei
4247 1910 4523 1991 gratiam

2585 2013 2715 2057 non
2765 1992 3136 2077 implorent,
3182 1995 3314 2059 imo
3360 2006 3775 2079 praetereant
3815 1996 4000 2078 quasi
4035 2017 4524 2079 supervacuam,

2585 2078 2879 2143 destituti
2904 2090 3119 2144 autem
3158 2082 3486 2146 consuetis
3521 2080 3827 2147 subsidiis
3862 2102 4130 2165 prorsus
4165 2082 4526 2164 desperent,

2584 2185 2660 2229 ac
2725 2165 2779 2229 81
2845 2165 2925 2229 ad
3008 2165 3526 2231 succurrendum
3595 2189 3726 2232 non
3806 2170 4134 2234 sufficeret
4199 2168 4344 2234 sola
4411 2169 4527 2232 Dei

2584 2271 2835 2315 manus.
2898 2251 3076 2334 Ergo
3110 2254 3417 2334 quoniam
3463 2274 3592 2317 non
3640 2255 3801 2319 satis
3847 2253 4193 2336 proficiunt
4237 2254 4532 2318 homines

2587 2347 2821 2400 natura
2859 2336 3023 2403 duce
3058 2348 3123 2401 et
3163 2339 3512 2422 magistra:
3558 2340 3714 2422 quin
3752 2343 3972 2422 potius
4006 2342 4074 2404 in
4100 2361 4379 2422 operum
4406 2338 4531 2404 Dei

2586 2423 2831 2488 intuitu
2876 2426 3280 2504 caecutiunt,
3341 2424 3809 2491 documentum
3848 2426 4050 2491 semel
4091 2427 4162 2490 in
4210 2426 4528 2491 miraculo

2591 2508 2713 2574 hoc
2757 2509 2961 2574 statui
3005 2510 3330 2592 oportuit,
3388 2511 3561 2577 unde
3606 2512 3820 2595 palam
3867 2514 4087 2590 fieret,
4147 2532 4275 2577 non
4324 2513 4534 2578 solum

2589 2594 2716 2659 Dei
2762 2594 3192 2662 beneficentia
3233 2600 3411 2679 pasci
3451 2597 3745 2663 homines
3783 2598 3937 2663 dum
3972 2607 4335 2664 vescuntur
4371 2617 4537 2681 pane

2591 2693 2658 2745 et
2735 2682 2891 2746 vino
2917 2733 2932 2760 ,
3021 2682 3135 2747 sed
3214 2683 3412 2748 etiam
3491 2685 3547 2750 si
3624 2683 3881 2749 deficiat
3958 2684 4171 2749 omnis
4251 2704 4535 2749 annona.

2591 2765 2921 2847 Quamvis
2956 2767 3175 2852 aliqua
3206 2769 3278 2832 in
3313 2769 3532 2835 verbis
3568 2771 3656 2834 sit
3678 2770 4013 2852 asperitas,
4052 2771 4289 2854 planus
4313 2780 4536 2836 tamen

2593 2864 2692 2919 est
2736 2875 3000 2932 sensus,
3058 2875 3192 2919 non
3251 2855 3607 2922 consistere
3664 2856 4004 2920 bominum
4054 2857 4256 2922 vitam
4304 2857 4378 2921 in
4425 2857 4538 2921 ali-

2595 2941 2867 3016 mentis,
2930 2939 3042 3005 sed
3099 2942 3562 3023 inpirationem
3607 2942 3735 3007 Dei
3793 2943 4092 3010 sufficere
4149 2953 4223 3007 ut
4283 2944 4537 3009 vivant.

2597 3025 2696 3092 Ac
2739 3025 3096 3092 tenendum
3143 3035 3271 3107 est,
3334 3049 3464 3093 non
3510 3026 3592 3094 de
3636 3039 3905 3094 aeterna
3948 3030 4204 3094 animae
4248 3030 4396 3095 vita
4438 3027 4542 3095 hic

2597 3113 2738 3197 agi,
2784 3112 2897 3178 sed
2946 3124 3204 3178 tantum
3250 3114 3636 3197 simpliciter
3680 3114 3926 3192 doceri,
3974 3116 4279 3198 quamvis
4327 3115 4543 3181 absint

2596 3199 2782 3283 panis
2817 3208 2884 3263 et
2921 3200 3164 3277 vinum,
3209 3202 3566 3266 sustentari
3602 3210 3670 3266 et
3713 3202 4008 3286 vegetari
4042 3222 4232 3285 posse
4265 3221 4543 3286 corpora

2598 3284 2734 3350 solo
2782 3285 2905 3349 Dei
2952 3295 3138 3352 nutu.
3230 3284 3335 3351 Ita
3377 3288 3585 3353 fixum
3630 3296 3922 3368 maneat,
3966 3308 4348 3372 perperam,
4396 3288 4545 3354 licet

2597 3380 2848 3455 argute,
2886 3371 3008 3436 hoc
3032 3371 3113 3435 ad
3145 3372 3345 3438 vitam
3383 3374 3790 3456 spiritualem
3827 3374 4019 3454 trabi,
4054 3384 4120 3438 et
4152 3374 4545 3439 relationem

2595 3458 2757 3541 fingi
2808 3457 3138 3523 doctrinae
3185 3458 3265 3523 ad
3311 3458 3539 3523 fidem:
3585 3461 3768 3542 quasi
3815 3460 4029 3544 gratia
4059 3481 4226 3542 quae
4261 3460 4547 3543 promis·

2596 3543 2888 3609 sionibus
2931 3544 3225 3623 offertur,
3272 3553 3335 3608 et
3379 3545 3507 3610 fide
3551 3547 3883 3628 recipitur,
3930 3546 4185 3612 animas
4220 3546 4545 3613 vivificet:

2597 3630 2749 3712 quia
2792 3628 3177 3712 simpliciter
3224 3630 3427 3713 vigor,
3468 3631 3580 3715 qui
3619 3631 3893 3697 diffusus
3927 3652 3966 3696 a
3999 3632 4236 3715 spiritu
4260 3633 4392 3698 Dei
4434 3651 4549 3696 008

2597 3715 2909 3795 sustinet,
2969 3715 3206 3780 dicitur
3264 3717 3488 3800 egredi
3547 3738 3627 3782 ex
3688 3738 3800 3783 ore
3858 3718 4022 3784 eius.
4113 3721 4212 3783 Ae
4277 3718 4547 3783 omnino

2597 3802 2912 3884 repetitur
2935 3800 3201 3868 Psalmo
3247 3803 3391 3882 104,
3426 3803 3514 3869 30
3548 3803 3719 3887 quod
3756 3805 3939 3887 prius
3975 3804 4218 3870 dictum
4252 3804 4480 3874 fuerat
4512 3823 4551 3867 a

2600 3888 2813 3952 Mose:
2853 3888 3123 3952 Emittis
3145 3889 3447 3971 spiritum
3479 3900 3686 3967 tuum,
3723 3901 3789 3956 et
3809 3899 4135 3968 creantur,
4174 3900 4243 3954 et
4266 3910 4549 3955 renovas

2598 3975 2829 4039 faciem
2873 3987 3109 4039 terrae.
3199 3975 3481 4040 Videtur
3525 3987 3743 4041 autem
3787 3975 4028 4042 diserte
4074 3976 4300 4041 addita
4350 3979 4550 4042 fuisse

2600 4053 2919 4143 particula
2961 4061 3114 4125 Non
3156 4061 3222 4124 in
3271 4061 3443 4126 solo:
3503 4084 3618 4139 ne,
3663 4064 3718 4127 si
3766 4083 4004 4146 panem
4057 4064 4169 4146 qui
4230 4063 4422 4128 nobis
4467 4060 4548 4127 ad

2599 4147 2845 4212 victum
2913 4145 3276 4213 destinatus
3342 4157 3474 4227 est,
3541 4170 3808 4232 prorsus
3867 4148 4248 4215 excluderet
4309 4150 4548 4223 Moses,

2602 4231 2745 4297 Deo
2810 4233 3053 4298 faceret
3115 4234 3442 4299 iniuriam.
3546 4233 3661 4301 Sic
3717 4255 3874 4318 ergo
3931 4233 4135 4300 verba
4201 4242 4546 4317 temperat,

2600 4318 2896 4401 quamvis
2919 4318 3259 4384 hominum
3284 4321 3488 4385 vitam
3511 4320 3834 4386 sustineat
3866 4321 4078 4403 panis,
4119 4320 4288 4386 banc
4323 4335 4548 4385 tamen

2599 4405 2912 4470 fulturam
2959 4404 3156 4470 nimis
3197 4406 3335 4470 fore
3380 4405 3676 4483 debilem,
3723 4407 3853 4472 nisi
3898 4406 4281 4489 praecipuas
4324 4418 4549 4489 partes

2601 4502 2873 4575 occupet
2927 4491 3201 4556 interior
3259 4490 3387 4556 Dei
3445 4494 3686 4558 virtus:
3756 4493 3990 4558 deinde
4054 4494 4358 4558 sufficere
4417 4492 4550 4559 vim

2600 4579 3057 4657 intrinsecam,
3102 4576 3206 4665 (ut
3247 4577 3631 4666 loquuntur)
3674 4599 3870 4661 quam
3917 4599 3957 4643 a
3999 4599 4070 4643 se
4112 4578 4434 4661 inspirat,
4477 4586 4550 4642 ut

2601 4664 2820 4729 desint
2842 4663 2972 4728 alia
2991 4664 3407 4730 adminicula.
3476 4668 3694 4748 Atque
3732 4666 3894 4731 haec
3928 4663 4225 4730 doctrina
4259 4665 4549 4747 primum

2602 4772 2719 4815 nos
2764 4750 2846 4815 ad
2891 4750 3359 4833 gratitudinem
3402 4751 3651 4828 incitat,
3699 4763 3773 4814 ut
3816 4761 4152 4833 acceptum
4189 4748 4334 4815 Deo
4381 4752 4550 4815 fera·

2601 4858 2749 4902 mus
2810 4835 3124 4920 quidquid
3189 4836 3563 4919 suppeditat
3627 4837 3811 4902 nobis
3880 4857 3995 4919 per
4059 4845 4400 4903 creaturas
4467 4834 4549 4901 ad

2606 4925 2810 4986 vitam
2855 4921 3196 4986 fovendam
3244 4944 3318 4988 ac
3365 4923 3708 4988 tuendam:
3758 4922 3992 4987 deinde
4027 4922 4083 4988 81
4128 4921 4394 5006 quando
4432 4942 4549 4987 nos

2602 5008 2961 5074 destituant
3024 5008 3246 5072 omnia
3309 5007 3543 5073 mundi
3608 5007 4015 5086 adiumenta,
4083 5018 4160 5073 ut
4219 5007 4549 5074 discamus

2603 5105 2824 5159 tamen
2868 5092 2949 5158 ab
2995 5114 3071 5158 eo
3114 5092 3253 5158 solo
3313 5094 3515 5160 vitam
3571 5116 3853 5178 sperare.
3943 5093 4139 5175 Quod
4197 5108 4549 5177 utrumque

2601 5189 2827 5244 tenere
2893 5200 3021 5244 non
3087 5179 3383 5263 vulgaris
3437 5182 3796 5265 sapientiae
3848 5189 3964 5247 est.
4065 5180 4267 5248 Hunc
4323 5181 4543 5246 locum

2603 5265 2909 5331 Christus
2975 5264 3055 5330 ad
3123 5286 3350 5331 veram
3415 5274 3481 5332 et
3544 5268 3900 5351 genuinam
3981 5268 4218 5352 praxin
4295 5267 4549 5350 optime

2602 5354 2851 5435 aptavit
2885 5350 3153 5439 (Matth.
3198 5352 3258 5431 4,
3305 5349 3394 5438 4).
3462 5352 3634 5418 Nam
3669 5375 3869 5437 quum
3904 5352 4214 5422 suaderet
4248 5352 4548 5420 diabolus
