4867 6150
401 433 536 503 449

406 623 536 689 Dei
582 622 938 705 quamlibet
995 621 1167 688 tristi
1225 619 1659 687 subscribant.
1748 621 1919 688 Nam
1980 622 2103 687 hoc
2160 620 2353 687 modo

404 709 933 794 impediebantur
998 729 1038 772 a
1094 727 1211 774 suo
1269 725 1579 773 munere:
1645 707 1798 790 quia
1864 728 1994 772 non
2060 707 2353 774 licuisset

405 795 850 862 sanctuarium
896 792 1167 878 ingredi.
1243 792 1470 876 ltaque
1512 804 1790 859 mortem
1835 793 1966 860 illis
2009 793 2355 859 minitatur

402 882 606 961 Deus,
653 880 783 946 nisi
833 881 1034 945 etiam
1068 879 1139 944 in
1176 878 1526 945 domestico
1566 878 1794 944 funere
1832 879 2118 946 dolorem
2155 900 2349 946 suum

405 974 787 1051 temperent.
893 966 1018 1032 Est
1077 973 1295 1031 autem
1354 964 1514 1030 haec
1570 986 1719 1030 rara
1776 965 1990 1031 virtus
2048 964 2150 1052 (ut
2193 965 2349 1031 alibi

405 1052 654 1120 dictum
692 1051 838 1139 est),
883 1064 1139 1119 nostros
1175 1051 1446 1116 affectus
1482 1051 1575 1116 sic
1609 1050 1930 1132 fraenare,
1974 1054 2087 1117 ubi
2127 1052 2343 1116 fratri·-

402 1139 524 1206 bus
567 1146 635 1205 et
677 1138 904 1204 amicis
948 1137 1276 1215 orbamur,
1316 1158 1398 1201 ne
1445 1136 1684 1203 doloris
1727 1138 2045 1204 acerbitas
2094 1137 2347 1221 patien-

403 1225 563 1291 tiam
602 1236 669 1290 et
725 1222 1154 1307 tranquillum
1212 1222 1417 1287 animi
1475 1234 1719 1288 statum
1780 1223 1971 1291 nobie
2035 1223 2344 1290 exentiat.

401 1311 635 1396 Itaque
693 1310 815 1376 hoc
873 1308 1065 1374 modo
1110 1311 1383 1392 probata
1427 1308 1549 1373 fuit
1593 1309 1837 1375 eximia
1880 1310 1947 1374 in
1994 1308 2345 1375 sacerdoti·

400 1396 526 1464 bus
590 1396 817 1480 pietas.
907 1393 1098 1461 Adde
1161 1392 1334 1477 quod
1402 1394 1802 1460 abstinentia
1846 1417 1885 1461 a
1927 1395 2113 1461 luctu
2158 1416 2343 1478 spem

399 1480 693 1550 ostendit
749 1481 974 1548 beatae
1031 1480 1545 1546 resurrectionis.
1647 1482 1828 1566 Ergo
1891 1481 1964 1546 in
2007 1479 2346 1548 funeribus

399 1568 769 1636 sacerdotes
836 1591 875 1633 a
938 1567 1120 1633 luctu
1181 1568 1450 1631 fuerunt
1492 1567 1848 1633 immunes:
1911 1575 1984 1633 ιιι
2038 1568 2342 1634 solatium

399 1654 709 1721 tristitiae
752 1654 833 1719 ab
879 1653 1010 1718 illis
1056 1661 1304 1735 peteret
1348 1651 1638 1735 reliquus
1682 1652 1981 1736 populus.
2080 1654 2226 1720 Hoc
2268 1653 2343 1719 in

401 1740 665 1807 Christo
733 1760 889 1805 vere
953 1752 1019 1804 et
1084 1736 1289 1805 solide
1354 1738 1753 1821 completum
1818 1739 1971 1817 fuit,
2039 1738 2152 1822 qui
2218 1739 2345 1805 etsi

398 1847 530 1893 non
577 1846 937 1892 moerorem
976 1834 1256 1901 tautum,
1302 1822 1416 1889 sed
1464 1833 1834 1890 extremum
1924 1846 2134 1909 uoque
2170 1847 2342 1891 mor·

398 1913 484 1979 tis
526 1911 865 1978 horrorem
910 1909 1199 1995 pertulit,
1244 1920 1587 1993 exemptus
1622 1920 1839 1976 tamen
1913 1911 2010 1976 uit
2046 1910 2128 1976 ab
2162 1911 2344 1977 omni

395 1999 575 2077 labe,
643 2008 711 2063 et
767 1996 848 2063 de
912 2006 1125 2062 morte
1166 1995 1310 2078 ipsa
1355 1997 1700 2080 magnifice
1745 1996 2203 2081 triumphavit:
2268 2006 2345 2062 ut

393 2085 532 2152 sola
574 2084 786 2151 crucis
831 2083 971 2149 eius
1028 2082 1377 2160 memoria,
1434 2081 1615 2148 luctu
1677 2082 2000 2164 absterso,
2058 2104 2178 2150 nos
2235 2106 2347 2149 ex-

392 2170 655 2237 hilaret.
742 2168 887 2233 Iam
931 2189 1134 2252 quum
1196 2166 1464 2233 dicitur:
1529 2167 1679 2233 Non
1744 2168 2043 2251 polluent
2101 2189 2343 2236 nomen

393 2257 522 2323 Dei
580 2257 714 2322 sui:
771 2264 839 2320 et
897 2254 976 2319 de
1041 2273 1300 2319 summo
1344 2253 1706 2320 sacerdote:
1775 2255 1924 2319 Non
1969 2253 2346 2338 egredietur

393 2362 435 2407 a
478 2342 881 2408 sanctuario:
926 2341 1270 2405 confirmat
1313 2340 1472 2406 haec
1515 2339 1681 2404 ratio
1724 2340 1897 2423 quod
1935 2362 2143 2422 nuper
2186 2340 2343 2421 dixi,

394 2429 669 2496 vetitum
734 2426 866 2492 illis
933 2426 1133 2492 fuisse
1188 2425 1475 2505 luctum,
1542 2427 1696 2509 quia
1751 2446 1861 2492 eos
1920 2449 1960 2493 a
2014 2428 2344 2493 functione

393 2514 673 2581 arcebat.
766 2511 1047 2595 Squalor
1091 2511 1266 2577 enim
1316 2513 1457 2612 ipse
1501 2510 1978 2594 quodammodo
2022 2513 2345 2585 foedasset

394 2599 523 2666 Dei
566 2599 1051 2679 sanctuarium,
1115 2596 1228 2663 ubi
1296 2596 1458 2662 nihil
1527 2597 1814 2664 deforme
1878 2598 2165 2682 conspici
2232 2597 2337 2664 de·

393 2685 553 2753 buit.
642 2686 735 2751 Et
778 2682 1206 2750 contaminati
1249 2705 1381 2749 non
1424 2690 1727 2767 poterant
1768 2683 2092 2768 supplices
2137 2684 2341 2751 inter-

391 2772 627 2839 cedere
672 2792 791 2855 pro
827 2770 1086 2855 populo.
1175 2769 1387 2835 Puros
1442 2790 1630 2854 ergo,
1698 2779 1766 2835 et
1823 2770 1904 2836 ab
1964 2770 2146 2835 omni
2205 2791 2344 2836 ma-

391 2856 543 2925 cula
608 2858 907 2943 integros
972 2876 1239 2921 manere
1312 2855 1494 2921 iubet
1558 2853 1742 2921 Deus
1763 2907 1782 2937 ,
1864 2876 1949 2922 ne
2025 2865 2347 2941 cogantur

394 2965 639 3010 munus
696 2962 888 3010 suum
946 2939 1276 3020 deserere,
1336 2953 1404 3006 et
1457 2942 1908 3007 sanctuarium
1953 2942 2343 3027 relinquere,

391 3030 580 3097 cuius
623 3037 811 3097 erant
854 3026 1177 3095 custodes.
1267 3027 1473 3095 Porro
1518 3027 1713 3095 huius
1754 3027 2009 3114 figurae
2056 3029 2344 3113 comple-

391 3129 692 3183 mentum
757 3136 900 3183 esse
954 3116 1025 3180 in
1079 3114 1378 3192 Christo,
1446 3135 1530 3179 ex
1597 3115 1852 3180 ratione
1917 3135 2068 3181 mox
2124 3113 2347 3182 addita

392 3203 803 3288 colligimus:
863 3200 1043 3282 Quia
1086 3201 1303 3267 oleum
1348 3201 1716 3267 sanctitatis
1758 3200 1846 3266 sit
1902 3221 2104 3284 super
2146 3212 2346 3286 caput

392 3288 636 3357 summi
701 3285 1076 3355 sacerdotis.
1184 3285 1332 3367 Quo
1397 3286 1727 3371 significat
1788 3287 2008 3366 Deus,
2073 3287 2346 3353 minime

392 3383 645 3442 rectum
714 3395 875 3454 esse,
941 3380 1015 3437 ut
1069 3373 1280 3458 gloria
1332 3372 1538 3455 ipsius
1603 3381 1671 3438 et
1736 3370 1928 3439 decor
1986 3372 2124 3438 ullo
2185 3373 2344 3439 vitio

437 3461 794 3527 rofanetur.
886 3457 1080 3541 Quod
1136 3457 1219 3524 ad
1284 3457 1485 3524 verba
1529 3467 1807 3542 spectat:
1866 3459 2078 3542 primo
2138 3461 2346 3525 maior

423 3546 662 3613 ’bertas
718 3543 1096 3613 conceditur
1150 3544 1421 3628 reliquis
1476 3544 1751 3628 posteris
1810 3544 2083 3610 Aharon
2148 3566 2343 3628 quam

393 3654 650 3701 summo
693 3629 1047 3699 sacerdoti:
1106 3629 1222 3696 sed
1277 3639 1540 3697 tantum
1585 3637 1660 3695 ut
1703 3641 1988 3714 patrem,
2045 3641 2343 3710 matrem,

395 3719 656 3800 liberos,
700 3727 768 3785 et
808 3717 1048 3784 fratres
1092 3737 1439 3801 germanos
1483 3716 1772 3800 lugeant,
1813 3738 1889 3784 ac
1932 3737 2189 3784 sorores
2234 3716 2346 3783 ad-

394 3806 527 3872 huc
567 3805 902 3888 innuptas.
990 3802 1138 3869 Iam
1183 3824 1264 3869 ne
1305 3800 1571 3868 ambitio
1614 3823 1723 3869 eos
1780 3801 2041 3887 lougius
2101 3803 2342 3883 trahat,

395 3891 637 3958 diserte
691 3898 1001 3958 vetantur
1058 3888 1255 3954 etiam
1313 3890 1383 3954 in
1441 3897 1654 3954 morte
1721 3888 2035 3973 principis
2091 3889 2345 3958 luctum

395 3978 747 4062 suscipere.
804 3976 944 4042 Nec
979 3974 1250 4040 dubium
1274 3983 1375 4040 est
1397 3975 1558 4058 quin
1582 3974 1803 4041 vitiosi
1824 3973 2075 4041 fuerint
2106 3976 2343 4055 luctus,

395 4085 558 4148 quos
601 4062 788 4129 Deus
846 4061 1206 4128 secundum
1272 4059 1756 4144 indulgentiam
1799 4061 2116 4144 permisit.
2210 4060 2344 4128 Sed

393 4149 619 4216 habita
675 4149 801 4214 fuit
856 4146 1263 4213 infirmitatis
1314 4147 1518 4227 rati0,
1585 4168 1667 4213 ne
1725 4146 2112 4214 immodicus
2165 4149 2344 4233 rigor

383 4257 497 4303 eos
541 4234 624 4302 ad
670 4234 1028 4302 violentam
1075 4232 1532 4315 intemperiem
1581 4232 1929 4316 abriperet.
2035 4232 2150 4301 Sic
2186 4254 2344 4319 ergo

381 4323 521 4388 illis
565 4322 749 4387 Deus
807 4318 1127 4404 pepercit,
1189 4327 1264 4384 ut
1309 4326 1530 4383 tamen
1576 4339 1617 4384 a
1665 4318 1865 4404 vulgo
1925 4313 2340 4386 discerneret.

389 4407 862 4475 Contaminare
908 4426 978 4471 se
1024 4403 1125 4490 (ut
1168 4403 1321 4469 alibi
1372 4404 1682 4492 vidimus)
1730 4405 2121 4471 tantundem
2164 4406 2345 4471 valet

392 4513 469 4561 ac
487 4493 741 4560 luctum
765 4493 1095 4575 suscipere
1119 4512 1315 4574 super
1338 4499 1613 4572 mortuo,
1632 4490 1960 4557 celebrare
1982 4493 2342 4576 exsequias,

388 4587 461 4647 et
502 4581 704 4646 funus
750 4578 1090 4663 prosequi:
1148 4577 1305 4661 quia
1347 4577 1418 4641 in
1463 4584 1673 4642 morte
1717 4576 2001 4643 hominis
2060 4599 2131 4643 se
2190 4598 2343 4661 pro-

391 4667 520 4733 fert
579 4666 708 4731 Dei
764 4663 1150 4742 maledicti0,
1211 4672 1288 4728 ut
1330 4663 1614 4728 cadaver
1657 4685 1765 4729 eos
1810 4664 2195 4747 contagione
2239 4664 2343 4728 in-

394 4752 593 4831 ficiat,
660 4774 701 4817 a
768 4750 1004 4834 quibus
1070 4748 1453 4833 attingitur:
1521 4747 1754 4814 deinde
1812 4748 1960 4831 quia
2010 4750 2150 4814 fieri
2212 4772 2342 4815 non

397 4846 632 4922 potest,
678 4837 838 4922 quin
883 4836 998 4901 ubi
1043 4836 1401 4902 accersitur
1444 4855 1699 4901 moeror
1744 4844 1812 4900 et
1855 4836 2144 4914 acuitur,
2200 4836 2344 4919 ipsa

397 4923 724 4990 affectatio
763 4921 846 4988 ad
880 4920 1363 5005 impatientiam
1384 4932 1703 5004 erumpat.
1773 4920 1970 5002 Quod
2004 4930 2188 4986 vetat
2210 4922 2343 4987 cal-

401 5009 636 5076 vitium
680 5011 913 5082 facere,
959 5029 1040 5073 nc
1085 5004 1153 5072 id
1197 5005 1458 5090 quidem
1498 5007 1764 5091 reliquis
1799 5028 1836 5073 e
1868 5006 2109 5091 populo
2142 5006 2344 5088 licuit,

393 5094 512 5162 sed
577 5096 658 5161 de
722 5092 1167 5161 sacerdotibus
1231 5113 1539 5176 expresse
1603 5094 1790 5161 Deus
1853 5091 2157 5172 mandat,
2216 5114 2345 5177 quo

397 5180 524 5248 sub
580 5181 856 5248 arctiore
913 5181 1088 5263 ipsos
1145 5177 1371 5244 fraeno
1425 5180 1774 5245 contineat.
1858 5177 1966 5243 De
2009 5179 2345 5245 sacerdote

399 5268 686 5333 maximo
748 5265 1008 5333 videtur
1066 5277 1324 5348 praeter
1366 5267 1782 5349 exceptiones
1838 5264 2088 5349 aliquid
2133 5266 2345 5333 maius

387 5354 619 5431 statui,
656 5372 742 5418 ne
776 5361 977 5436 caput
1011 5350 1457 5434 discooperiat,
1490 5362 1557 5417 et
1596 5362 1812 5419 vestes
1847 5350 2134 5417 scindat:
2172 5353 2344 5437 quod

607 5452 833 5511 Calvim‘
864 5470 1051 5524 opera.
1128 5452 1245 5510 Vol.
1288 5452 1519 5511 XXIV.

1807 432 2316 502 SECUNDUM
2360 433 3009 502 PRAECEP'PUM.

4283 446 4417 513 450

2458 630 2682 687 tamen
2726 623 2878 689 filiis
2922 624 3201 691 Aharon
3246 626 3400 691 alibi
3448 629 3838 713 iniungitur.
3910 630 4042 698 Sed
4082 632 4189 700 hic
4224 632 4409 699 dam-

2456 716 2654 774 natur
2711 712 2781 774 in
2844 732 3099 776 summo
3143 711 3477 778 sacerdote
3522 715 3696 797 quod
3742 716 4081 784 tolerabile
4122 729 4295 785 esset
4336 721 4411 786 in

2453 793 2616 859 aliis.
2664 794 2756 860 Et
2800 804 2974 862 certe
3018 810 3534 864 consentaneum
3577 801 3724 883 fuit,
3771 811 3846 867 ut
3887 804 4218 887 peculiare
4262 828 4410 889 spe·

2453 881 2665 946 cimen
2725 880 2949 947 ederet
3011 883 3478 952 moderationis
3535 898 3602 951 et
3658 890 4022 971 gravitatis.
4113 891 4204 956 Et
4258 891 4408 958 ideo

2452 978 2796 1033 revocatur
2853 970 2921 1032 in
2983 970 3360 1034 memoriam
3420 973 3564 1056 ipsa
3589 996 3594 1001 ·
3619 974 3821 1040 officii
3887 974 4211 1062 dignitas,
4277 999 4409 1062 qua

2452 1073 2653 1135 supra
2696 1052 2860 1119 alios
2903 1053 3202 1134 excellit,
3271 1069 3346 1121 ut
3390 1068 3572 1122 tanto
3619 1060 3832 1144 magis
3888 1083 3960 1126 se
4018 1061 4403 1131 obstrictum

2451 1151 2780 1221 agnoscat.
2820 1139 3004 1205 Haec
3040 1141 3300 1224 quidem
3339 1163 3594 1208 summa
3633 1158 3752 1225 est,
3789 1148 3940 1229 quia
3964 1149 4402 1216 sacerdotium

2450 1224 2576 1323 pei
2621 1226 2937 1325 sanctitas
2997 1234 3126 1304 est,
3195 1227 3604 1297 miscendum
3665 1253 3794 1297 non
3854 1253 3995 1298 esse
4053 1255 4202 1299 cum
4248 1236 4407 1303 ullis

2448 1314 2991 1393 inquinamentis.

3042 1656 3172 1723 EX
3216 1657 3486 1724 DEUT.
3532 1656 3801 1724 XXXI.

2619 1825 2678 1889 9.
2725 1823 3111 1908 Sco-ipsisque
3154 1826 3364 1896 Moses
3420 1830 3610 1914 legem
3651 1830 3843 1895 istam
3857 1879 3872 1907 ‚
3934 1835 3991 1895 et
4037 1832 4204 1900 dedic
4257 1857 4409 1903 eam

2445 1911 2863 1977 sacerdotibus
2899 1910 3064 1992 filiis
3107 1913 3263 1980 Levi
3293 1916 3695 1998 portantibus
3737 1936 3954 1982 arcam
3983 1918 4252 1999 foederis
4295 1922 4398 1990 Ie-

2445 1995 2639 2063 hovae
2678 2001 2734 2062 et
2767 1997 2999 2064 eunctis
3039 2001 3385 2067 senioribus
3422 2002 3649 2068 Israel.

2492 2252 2505 2266 ·
2617 2165 2676 2233 9.
2729 2166 3116 2251 Scripsitque
3160 2167 3384 2236 Moses.
3475 2171 3678 2256 Legis
3717 2171 4025 2239 volumen
4060 2174 4237 2243 haud
4274 2180 4394 2247 du-

2446 2254 2551 2319 bie
2596 2254 2815 2319 Moses
2859 2254 2930 2319 in
2973 2254 3332 2321 custodiam
3380 2256 3681 2340 deposuit
3738 2258 3910 2341 apud
3955 2262 4259 2346 Levitae,
4321 2278 4393 2332 ut

2444 2338 2578 2404 illis
2619 2338 2995 2423 iniungeret
3039 2339 3314 2406 docendi
3357 2364 3616 2408 munus.
3706 2344 3853 2409 Etsi
3919 2346 4096 2413 enim
4141 2349 4391 2434 simpli-

2444 2425 2608 2491 citer
2652 2435 2959 2490 narratur
3002 2425 3387 2493 mandatum
3431 2427 3652 2508 fuisse,
3696 2441 3772 2495 ut
3813 2434 4090 2514 septimo
4135 2456 4391 2521 quoque

2447 2530 2619 2575 anno
2675 2509 2912 2576 librum
2960 2530 3177 2577 coram
3221 2515 3459 2597 populo
3502 2516 3883 2581 recitarent:
3931 2519 4237 2604 colligere
4298 2536 4394 2589 ta·

2447 2616 2601 2661 men
2666 2606 3043 2680 promptum
3111 2607 3227 2675 est,
3294 2609 3546 2665 creatos
3608 2602 3810 2667 fuisse
3873 2605 4017 2670 eius
4061 2605 4397 2676 doctrinae

2450 2682 2744 2748 assiduos
2804 2704 3176 2766 praecones.
3260 2686 3643 2752 Absurdum
3687 2688 3866 2754 enim
3911 2691 4140 2757 fuisset
4181 2694 4398 2779 legem

2448 2769 2606 2834 totis
2664 2780 2918 2852 septem
2979 2769 3171 2835 anuis
3240 2771 3564 2854 sepultam
3621 2774 3866 2854 iacere,
3936 2797 4059 2843 nec
4122 2781 4397 2848 verbum

2450 2852 2531 2920 de
2574 2854 2716 2920 eius
2759 2853 3055 2921 doctrina
3097 2856 3274 2922 fieri:
3319 2856 3559 2942 frigida
3603 2857 3836 2925 deinde
3876 2860 4108 2929 fuisset
4150 2865 4399 2933 auditio

2449 2940 2516 3005 iu
2565 2949 2749 3005 tanta
2802 2940 3258 3021 multitudine,
3315 2944 3628 3009 memoria
3685 2952 3945 3029 quoqu‘e
3998 2949 4185 3016 facile
4243 2972 4396 3018 eva-

2449 3025 2719 3094 nuisset.
2765 3024 3070 3111 Denique
3112 3048 3430 3113 perquam
3474 3030 3750 3116 exiguus
3793 3031 4026 3100 fuisset
4067 3055 4399 3105 caeremo-

2450 3113 2600 3179 niae
2655 3114 2937 3193 fructus,
2996 3112 3054 3180 si
3115 3113 3383 3197 reliquis
3442 3117 3848 3200 temporibus
3892 3121 4058 3186 muti
4117 3122 4400 3191 fuissent

2449 3199 2750 3275 Levitae,
2809 3208 2876 3264 et
2919 3199 3090 3265 nihil
3134 3199 3205 3264 in
3260 3211 3398 3266 tota
3441 3211 3619 3267 terra
3675 3202 3973 3270 auditum
4029 3207 4260 3275 fuisset
4316 3210 4398 3278 de

2449 3286 2628 3351 cultu
2673 3286 2822 3353 Dei.
2910 3285 3064 3353 Huc
3119 3286 3339 3369 itaque
3394 3287 3716 3371 spectavit
3770 3290 4062 3358 solennis
4107 3297 4395 3377 promul·

2451 3371 2647 3455 gati0,
2691 3392 2858 3455 quae
2901 3392 3074 3438 anno
3117 3373 3518 3440 remissionis
3541 3372 3755 3454 fiebat,
3801 3387 3879 3442 ut
3919 3380 4201 3462 populus
4244 3404 4397 3466 quo-

2449 3456 2608 3523 tidie
2673 3456 2930 3524 colendi
2988 3456 3119 3524 Dei
3177 3459 3468 3544 regulam
3534 3469 3788 3546 peteret
3847 3482 3886 3527 a
3929 3463 4215 3548 Levitis,
4282 3470 4396 3551 qui

2448 3543 2642 3610 electi
2686 3545 2949 3611 fuerant
2983 3546 3166 3629 quasi
3202 3546 3626 3630 νομοφύλακες,
3674 3560 3749 3613 ιιι
3789 3549 3861 3613 in
3907 3559 4200 3635 tempore
4242 3575 4392 3638 pro·

2447 3631 2697 3695 ferrent
2760 3629 3076 3714 quidquid
3142 3643 3285 3696 erat
3347 3632 3511 3698 utile
3574 3634 3864 3718 cognitu.
3973 3636 4207 3720 Itaque
4286 3641 4396 3708 hic

2448 3714 2638 3782 nobis
2683 3737 2753 3780 re
2799 3726 3211 3783 raeseutatur
3266 3718 3473 3783 veluti
3539 3719 3609 3783 in
3655 3720 3945 3803 speculo,
4006 3723 4178 3806 quod
4238 3724 4398 3793 dicit

2447 3803 2698 3869 Paulus
2773 3802 2830 3869 1.
2878 3802 3045 3868 Tim.
3090 3803 3150 3881 3,
3201 3802 3339 3891 15),
3399 3803 3739 3871 ecclesiam
3785 3807 3912 3872 Dei
3960 3829 4105 3874 esse
4149 3811 4399 3878 colum-

2448 3909 2607 3955 nam
2652 3897 2718 3953 et
2761 3887 3275 3954 stabilimentum
3345 3892 3672 3970 veritatis,
3733 3892 3886 3974 quia
3951 3894 4202 3961 seilicet
4245 3897 4396 3965 doc-

2447 3975 2663 4040 trinae
2705 3974 2983 4059 puritas,
3021 3985 3355 4058 pastorum
3403 3977 3764 4042 ministerio
3808 3979 3880 4043 in
3925 3980 4170 4047 mundo
4217 3984 4398 4067 viget

2445 4060 2819 4141 incolumis,
2880 4070 3073 4143 atque
3149 4072 3577 4146 propagatur:
3644 4063 3837 4128 sicuti
3901 4086 4163 4132 rursum
4240 4090 4396 4136 mox

2445 4144 2870 4212 intercideret
2934 4147 3192 4231 religio,
3259 4149 3314 4212 si
3386 4147 3539 4213 viva
3605 4147 3940 4216 doctrinae
4005 4151 4397 4235 praedicatio

2446 4243 2749 4299 cessaret.
2859 4231 3017 4299 Ideo
3073 4231 3232 4298 alibi
3287 4232 3470 4298 iubet
3523 4234 3695 4299 idem
3766 4235 4014 4303 Paulus
4075 4236 4163 4325 (2.
4224 4240 4393 4308 Tim.

2446 4318 2508 4397 2,
2556 4315 2658 4404 2),
2726 4337 2952 4383 sanam
3023 4316 3407 4398 doctrinam,
3473 4320 3660 4386 cuius
3702 4321 3917 4387 fuerat
3974 4324 4295 4404 minister,
4356 4351 4396 4394 a

2445 4403 2791 4470 Timotheo
2858 4404 3302 4469 commendari
3369 4404 3520 4471 fidis
3580 4406 3990 4486 hominibus,
4070 4412 4179 4493 qui
4262 4413 4398 4480 sint

2445 4489 2662 4556 idonei
2707 4489 2787 4556 ad
2845 4490 3004 4555 alios
3073 4489 3413 4557 docendos.
3503 4492 3730 4558 Primo
3768 4493 3973 4577 igitur
4022 4497 4397 4580 tenendum,

2449 4576 2755 4642 volumen
2823 4575 2988 4660 legis
3053 4575 3224 4660 apud
3288 4577 3558 4644 Levitas
3625 4589 3939 4662 tanquam
4004 4580 4155 4648 fidei
4221 4607 4396 4651 com·

2446 4665 2717 4730 missum
2786 4663 3004 4741 fuisse,
3075 4672 3150 4727 ut
3207 4661 3379 4747 quod
3438 4675 3689 4730 rectum
3748 4675 3923 4744 erat,
3983 4667 4066 4734 ab
4108 4668 4240 4737 illis
4283 4693 4397 4755 po-

2448 4749 2647 4834 pulus
2691 4748 2989 4815 disceret.
3079 4748 3272 4830 Quod
3316 4750 3498 4815 addit
3541 4752 3852 4830 seniores,
3900 4773 4032 4818 non
4077 4776 4393 4838 superva-

2446 4857 2721 4902 caneum
2768 4846 2885 4902 est.
2968 4834 3119 4900 Etsi
3161 4834 3338 4901 enim
3384 4834 3516 4901 illis
3561 4835 3875 4903 mandata
3918 4859 4049 4904 non
4108 4840 4232 4906 fuit
4275 4841 4395 4907 do-

2447 4921 2639 4989 cendi
2696 4922 3063 5006 provincia,
3139 4921 3397 4987 Levitis
3458 4929 3680 4986 tamen
3739 4923 4071 4990 adiutores
4127 4926 4397 4994 fuerunt

2447 5007 2687 5088 additi,
2747 5018 2818 5072 ut
2861 5007 3030 5093 legis
3074 5007 3436 5074 doctrinam
3485 5019 3868 5090 assererent,
3929 5031 4049 5077 nec
4092 5023 4396 5093 pateren-

2447 5105 2557 5159 tur
2601 5090 2881 5158 ludibrio
2928 5092 3174 5159 haberi.
3247 5090 3512 5159 Scimus
3557 5094 3735 5159 enim
3780 5105 4026 5178 quanta
4067 5098 4152 5161 sit
4185 5097 4397 5180 plebis

2446 5179 2780 5263 protervia
2831 5178 2915 5244 ad
2967 5177 3405 5262 repudiandos
3462 5181 3602 5263 pios
3658 5181 3982 5261 doctores,
4053 5181 4181 5246 nisi
4248 5204 4393 5252 eam

2446 5276 2860 5347 compescant
2903 5264 3015 5350 qui
3049 5276 3395 5349 praesunt:
3441 5279 3506 5329 et
3540 5279 3716 5331 certe
3754 5288 3885 5332 non
3921 5267 4203 5350 implent
4235 5290 4393 5338 suas

2395 5403 2400 5408 .
2446 5361 2702 5436 partes,
2758 5351 2889 5417 nisi
2946 5351 3016 5416 in
3074 5351 3295 5418 studio
3348 5352 3613 5435 pietatis
3664 5352 4042 5419 contineant
4068 5353 4399 5425 'homines

3904 5451 3975 5506 29
