4867 6150
575 423 704 493 691

1191 617 1324 683 EX
1367 615 1673 683 EXODI
1715 614 1950 682 XXII.

760 788 803 856 5
831 788 897 877 ¹).
937 788 1015 856 Si
1047 789 1300 871 depasci
1339 789 1553 871 fecerit
1586 789 1906 872 quispiam
1939 809 2163 873 aprum
2197 793 2309 854 aut
2341 787 2546 866 vitem

579 882 644 943 et
685 876 1018 942 immiserit
1050 875 1398 941 iumentum
1440 894 1627 942 suum
1692 880 1763 939 ut
1824 875 2263 958 depasceretur
2324 894 2551 959 aprum

583 964 883 1030 alterius:
939 961 1164 1028 bonum
1206 962 1350 1045 apri
1391 963 1529 1027 eius
1572 966 1629 1026 et
1668 960 1891 1027 bonum
1933 963 2150 1027 vineae
2190 962 2329 1026 eius
2369 960 2549 1026 resti-

585 1053 727 1115 tuet.
816 1049 876 1114 6.
931 1047 1138 1129 Quum
1179 1066 1467 1132 eyressus
1504 1047 1699 1130 fuerit
1742 1047 1928 1131 iynis,
1972 1052 2031 1111 et
2071 1047 2378 1113 invenerit
2418 1047 2549 1127 spi-

583 1155 742 1200 nas:
774 1135 1260 1216 absumptusque
1298 1133 1495 1216 fuerit
1535 1141 1821 1210 acervus,
1857 1133 1953 1198 vel
1992 1153 2166 1217 seges
2182 1184 2198 1213 ,
2243 1132 2339 1198 vel
2379 1153 2547 1216 aye-r,

584 1220 898 1286 reddendo
938 1219 1149 1285 reddet
1204 1219 1317 1302 qui
1370 1219 1577 1303 ionem
1637 1219 1938 1298 accendit,
1978 1239 2110 1284 rem
2151 1218 2544 1286 combustam.

585 1306 624 1371 7
632 1356 647 1372 .
700 1306 905 1389 Quum
947 1304 1187 1371 dederit
1229 1305 1554 1388 quispiam
1587 1305 1882 1386 proximo
1924 1325 2037 1371 suo
2071 1310 2413 1389 amentum,
2450 1304 2547 1369 vel

580 1412 741 1458 vasa
783 1388 872 1458 ad
911 1391 1393 1469 custodiendum,
1439 1396 1496 1455 et
1532 1391 1705 1472 furto
1748 1391 2027 1457 ablatum
2064 1393 2262 1474 fuerit
2294 1413 2326 1456 e
2366 1391 2547 1456 domo

579 1478 712 1543 vimi
773 1478 984 1545 illius.-
1044 1478 1106 1542 si
1169 1478 1460 1543 inventus
1518 1477 1712 1558 fuerit
1758 1477 1905 1559 fur,
1982 1478 2197 1543 reddet
2260 1477 2542 1559 duplum.

582 1562 644 1630 8.
695 1562 770 1628 Si
810 1584 935 1629 non
977 1565 1262 1629 inventus
1300 1563 1502 1646 fuerit
1535 1562 1666 1645 fur,
1706 1567 1852 1629 tunc
1896 1563 2318 1645 applicabitur
2349 1563 2547 1628 domi-

582 1669 708 1715 nus
749 1651 974 1716 domus
1015 1650 1101 1714 ad
1142 1649 1413 1729 iudices,
1479 1669 1687 1715 annon
1740 1649 1986 1715 miserit
2040 1669 2301 1715 manum
2359 1668 2545 1714 suam

582 1735 656 1801 in
700 1736 1120 1802 substantiam
1148 1737 1439 1816 proximi
1472 1734 1595 1800 sui.

1106 2077 1237 2143 EX
1281 2075 1616 2143 EODEM
1660 2076 2021 2143 CAPITE.

764 2248 843 2313 10
861 2247 915 2336 ²)
963 2248 1040 2316 Si
1093 2249 1334 2316 dederit
1384 2250 1706 2332 quispiam
1750 2251 2051 2330 proximo
2104 2270 2218 2315 suo
2262 2251 2539 2325 asinum,

585 2335 686 2401 vel
727 2335 963 2415 bovem,
1022 2336 1115 2401 vel
1156 2336 1493 2415 pecudem,
1549 2340 1662 2400 aut
1715 2336 2114 2417 quodcunque
2170 2336 2416 2401 animal
2457 2336 2544 2400 ad

583 2421 1072 2500 custodiendum,
1120 2426 1175 2485 et
1214 2426 1532 2486 mortitam
1570 2421 1785 2503 fuerit,
1828 2426 1941 2486 aut
1980 2426 2354 2488 contractum
2371 2472 2386 2499 ,
2433 2425 2545 2486 aut

585 2505 665 2574 ab
708 2505 986 2572 hostibus
1027 2511 1275 2588 captum
1316 2507 1561 2571 nemine
1603 2507 1864 2584 vidente,
1958 2507 2058 2572 11.
2106 2506 2545 2573 Iao-amentum

588 2591 853 2657 Iehovae
907 2593 1027 2659 erit
1081 2595 1245 2657 inter
1296 2597 1628 2673 utrumque
1644 2643 1661 2670 ,
1718 2612 1931 2658 annon
1986 2594 2231 2658 miserit
2283 2613 2544 2658 manum

584 2698 772 2777 suam
813 2679 887 2743 in
924 2678 1343 2777 substantiam
1373 2679 1664 2759 proximi
1697 2679 1823 2755 sui,
1861 2682 1916 2742 et
1949 2679 2373 2743 iuramentum
2405 2699 2545 2744 sus-

584 2765 1114 2932 gzffizztugomssiss
1147 2764 1832 2927 diffiieffd'dtondbindiziid·
1858 2763 2014 2917 eila}
2058 2764 2235 2916 Qitgd
2267 2785 2345 2915 ¹asS'zi
2368 2765 2545 2917 ΐῖεντξ

584 2936 1208 3088 ναρίεηιιῖῐιὲθιναρίαοη
1268 2936 1493 3018 fuerit,
1557 2937 1818 3002 adducet
1873 2937 1933 3002 ei
1990 2941 2228 3003 testem,-
2290 2942 2545 3019 raptum

586 3041 711 3088 non
752 3042 823 3088 re
967 3074 982 3087 .

762 3194 822 3261 5.
886 3193 963 3258 Si
1017 3193 1289 3277 depasci.
1394 3194 1635 3259 Merito
1690 3195 1863 3259 inter
1919 3194 2099 3260 furta
2157 3203 2546 3261 numeratur

589 3280 716 3347 hoc
763 3301 974 3364 genus
1018 3279 1303 3346 fraudis:
1354 3279 1427 3347 Si
1473 3282 1620 3362 quis
1667 3278 1913 3345 animal
1959 3302 2151 3346 suum
2197 3281 2546 3346 immiserit

589 3367 659 3431 in
698 3387 932 3450 agrum
970 3366 1241 3430 alterius
1276 3376 1388 3431 aut
1433 3366 1634 3431 vitem
1674 3365 1754 3431 ad
1792 3366 2211 3449 pascendum.
2277 3367 2451 3432 Nam
2489 3368 2544 3433 si

595 3452 743 3536 quis
800 3451 881 3516 ad
941 3451 1293 3517 furandum
1347 3453 1588 3518 abusus
1632 3453 1720 3517 sit
1764 3453 1940 3518 servi
1994 3473 2221 3535 opera,
2283 3461 2546 3518 tenetur

590 3538 734 3622 ipse
778 3558 930 3603 reus
974 3536 1218 3615 delicti,
1266 3538 1526 3604 etiamsi
1571 3557 1770 3604 manu
1817 3535 1983 3604 nihil
2029 3546 2365 3605 attrectet:
2411 3560 2545 3603 non

591 3625 814 3689 minus
862 3635 1077 3688 autem
1127 3633 1346 3703 nocet,
1393 3624 1504 3706 qui
1547 3645 1667 3707 per
1711 3624 1955 3689 animal
1999 3625 2266 3690 brutum
2312 3644 2549 3690 causae

591 3729 835 3776 noxam
882 3709 1149 3774 dederit.
1234 3710 1627 3792 Quanquam
1671 3711 1853 3776 Deus
1896 3718 2224 3794 temperat
2269 3732 2544 3794 poenam

593 3795 807 3879 quoad
865 3795 1046 3879 dupli
1105 3797 1646 3875 satisfactionem,
1707 3797 1861 3879 quia
1916 3807 2093 3863 certo
2151 3797 2352 3863 statui
2412 3818 2547 3861 non

597 3889 811 3964 potest
868 3902 953 3946 an
1011 3881 1464 3946 fraudulenter
1521 3904 1595 3948 ac
1641 3883 1794 3948 data
1839 3903 2039 3966 opera
2085 3883 2397 3949 damnum
2446 3883 2549 3947 in-

591 3969 766 4032 ferre
811 3967 1099 4032 voluerit
1142 3967 1446 4033 dominus
1491 3968 1812 4033 animalis.
1879 3968 2073 4034 Iubet
2116 3979 2339 4034 tamen
2366 3969 2549 4034 Deus

597 4051 910 4119 damnum
968 4055 1212 4118 sarcire
1255 4054 1487 4135 quanti
1531 4055 1822 4119 maximo
1867 4055 2285 4120 aestimatum
2330 4055 2548 4121 fuerit.

597 4138 712 4206 Sic
756 4141 929 4205 enim
975 4137 1335 4204 bonitatem
1384 4139 1529 4224 agri
1572 4150 1638 4204 et
1695 4141 1927 4205 vineae
1992 4141 2421 4223 interpretor,
2476 4152 2551 4206 ut

597 4224 739 4291 loco
764 4227 1073 4308 inspecte,
1098 4224 1457 4290 liberaliter
1481 4225 1742 4290 domino
1782 4224 2187 4292 adiudicetur
2222 4236 2548 4310 quantum

598 4311 932 4393 probabile
999 4311 1198 4376 fuerit
1253 4312 1322 4375 in
1381 4332 1639 4376 summa
1681 4310 2125 4378 foecunditate
2168 4311 2307 4377 illic
2346 4313 2551 4378 fuisse

598 4395 1011 4479 productum.

775 4482 835 4547 6.
880 4484 1085 4564 Quum
1117 4503 1405 4568 eyressus
1435 4483 1648 4566 fuerit.
1715 4483 1900 4550 Haec
1935 4505 2108 4551 noxa
2143 4484 2551 4568 aliquantum

604 4568 926 4650 superiori
972 4568 1305 4634 dissimilis
1353 4580 1469 4649 est,
1515 4571 1669 4653 quia
1712 4571 1976 4636 iubetur
2018 4572 2131 4654 qui
2175 4570 2395 4654 ignem
2446 4592 2550 4636 ac-

605 4652 826 4720 cendit
873 4651 1180 4719 damnum
1230 4678 1312 4720 ex
1357 4677 1433 4721 eo
1488 4654 1735 4722 factum
1799 4657 2192 4740 rependere,
2251 4656 2554 4739 quamvis

604 4739 789 4804 nulla
846 4738 1120 4803 nocendi
1179 4742 1484 4807 voluntas
1543 4743 2006 4809 intercesserit.
2096 4742 2268 4808 Nam
2332 4746 2554 4808 incen-

605 4824 855 4890 diarius
899 4826 1009 4907 qui
1056 4824 1202 4890 dolo
1247 4829 1419 4893 malo
1464 4829 1566 4893 vel
1613 4839 1899 4912 segetem
1947 4829 2052 4894 vel
2111 4830 2370 4893 vineam
2415 4850 2555 4894 cor·

604 4911 911 4993 rupisset,
960 4911 1155 4994 longe
1199 4915 1467 4996 gravius
1525 4914 1907 4997 plectendus
1954 4915 2110 4991 fuit,
2171 4914 2277 4979 hie
2334 4924 2557 4979 autem

605 4997 886 5080 punitur
928 4998 1066 5063 sola
1109 4996 1381 5063 incuria.
1471 5001 1620 5065 Etsi
1664 5012 1883 5066 autem
1943 5002 2173 5065 domus
2222 5001 2323 5064 vel
2368 5021 2559 5065 areae

608 5083 793 5148 nulla
835 5085 913 5148 fit
962 5085 1236 5161 mentio,
1283 5084 1392 5147 lex
1437 5096 1654 5151 tamen
1703 5088 1951 5168 species
1996 5106 2222 5151 omnes
2266 5105 2560 5171 compre-

783 5292 844 5430 13
865 5290 1030 5344 Hebr.
1065 5287 1220 5343 4-7.

784 5361 818 5414 2
877 5360 1045 5413 Hebr.
1083 5357 1271 5414 9—12.

1994 425 2451 530 OOTAVFM
2493 425 3141 493 PRAECEP'PUM.

4447 426 4551 492 692

2653 614 2901 697 hendit,
2938 616 3444 682 satisfactionem
3471 615 3552 680 ab
3577 635 3651 679 eo
3675 614 3946 698 exigens
3976 616 4089 697 qui
4127 613 4230 681 vel
4263 616 4328 678 in
4360 635 4556 699 campo

2650 713 2876 787 aperto
2942 704 3162 787 ignem
3232 699 3620 767 accenderit.
3722 699 4005 764 Videtur
4063 709 4279 765 autem
4333 701 4387 765 is
4436 722 4556 767 esse

2650 798 2837 854 extra
2896 788 3184 871 culpam,
3246 787 3400 870 quia
3455 785 3839 870 praevidere
3884 786 3997 851 vix
4042 787 4250 868 potuit
4294 806 4376 851 an
4411 787 4560 871 ignis

2650 876 2876 957 spinas
2949 874 3346 957 corriperet:
3420 893 3652 938 verum
3709 884 3783 935 ut
3839 873 4113 955 quisque
4172 870 4432 937 eandem
4479 873 4559 937 rei

2650 961 2903 1026 alienae
2938 982 3161 1027 curam
3208 980 3403 1042 quam
3448 959 3750 1041 propriae
3793 958 4131 1038 sustineat,
4177 959 4437 1040 supinae
4473 959 4561 1024 vel

2650 1066 2911 1112 crassae
2953 1046 3325 1112 securitatis
3370 1064 3513 1109 eam
3560 1065 3837 1127 poenam
3880 1046 4061 1109 luere
4102 1045 4287 1109 iubet
4327 1043 4509 1109 Deus.

2824 1132 2884 1198 7.
2964 1131 3168 1213 Quum
3236 1131 3490 1196 dederit.
3600 1129 3731 1196 Hie
3801 1130 4194 1196 discernitur
4262 1150 4561 1213 quousque

2650 1227 2978 1302 competat
3013 1218 3183 1283 actio
3220 1217 3379 1281 furti
3424 1217 3493 1280 in
3539 1213 3863 1298 deposito:
3909 1236 4163 1300 nempe,
4209 1216 4267 1281 si
4307 1237 4406 1281 res
4444 1218 4561 1280 ina-

2647 1304 2848 1369 nimis
2878 1303 3028 1368 data
3052 1303 3254 1368 fuerit
3297 1303 3363 1367 in
3410 1301 3791 1380 custodiam,
3840 1310 3912 1366 ut
3955 1303 4177 1380 vestis,
4224 1311 4340 1366 aut
4378 1303 4563 1384 supel-

2648 1389 2776 1468 lex,
2815 1410 2889 1456 ac
2924 1390 3208 1472 excipiat
3245 1388 3678 1471 depositarius
3714 1408 3860 1452 eam
3896 1389 4069 1453 furto
4103 1387 4385 1452 ablatam
4418 1408 4563 1453 esse:

2648 1475 2830 1541 iubet
2889 1477 3107 1552 Deus,
3180 1476 3237 1539 si
3296 1475 3400 1539 fur
3456 1484 3834 1556 compertus
3889 1473 4121 1553 fuerit,
4194 1473 4266 1538 in
4325 1472 4564 1555 duplum

2650 1560 2980 1627 damnari:
3027 1563 3126 1627 sin
3174 1561 3412 1636 minus,
3453 1560 3904 1625 iusiurandum
3951 1559 4032 1625 ab
4077 1581 4153 1625 eo
4197 1559 4564 1643 exigendum

2647 1650 2759 1731 qui
2815 1669 2959 1713 rem
3002 1648 3122 1713 sibi
3170 1647 3454 1713 ablatam
3502 1646 3674 1710 dicit.
3767 1644 3840 1712 Si
3883 1667 4041 1711 vero
4085 1646 4444 1729 depositum
4481 1645 4564 1709 fu·

2651 1734 2774 1799 erit
2833 1733 3074 1799 animal
3123 1735 3190 1797 in
3236 1729 3633 1811 custodiam,
3688 1731 3796 1796 ius
3841 1731 4216 1797 decernitur
4262 1731 4449 1815 paulo
4487 1730 4565 1796 di·

2652 1839 2949 1885 versum:
3014 1840 3249 1903 nempe
3316 1819 3374 1883 si
3436 1827 3699 1901 raptum
3762 1818 4084 1882 violenter
4140 1818 4341 1882 fuerit
4395 1817 4488 1882 vel
4534 1836 4566 1880 a

2647 1907 2805 1971 feris
2851 1906 3296 1982 dilaceratum,
3340 1903 3656 1969 liberetur
3700 1916 3941 1969 custos:
3997 1903 4170 1968 furto
4216 1913 4431 1969 autem
4471 1902 4565 1967 ab·

2646 1992 2853 2057 latum
2899 1992 3219 2057 restituat.
3302 1990 3507 2055 Cuius
3552 1989 3715 2073 legis
3760 1990 3927 2056 ratio
3973 2000 4046 2053 ut
4092 1989 4281 2055 nobis
4325 1998 4563 2067 constet,

2649 2087 2874 2143 notare
2918 2078 3255 2156 convenit,
3314 2097 3442 2140 non
3489 2075 3664 2141 ultra
3709 2076 4039 2161 urgendos
4083 2097 4228 2140 esse
4273 2074 4564 2158 deposita-

2645 2165 2777 2229 rios
2813 2183 3008 2246 quam
3048 2172 3125 2227 ut
3161 2183 3298 2228 rem
3347 2162 3472 2228 sibi
3515 2163 3927 2227 commissam
3973 2161 4259 2228 fideliter
4302 2168 4564 2227 servent:

2643 2250 2916 2333 perinde
2954 2261 3029 2314 ut
3064 2247 3374 2332 providus
3411 2258 3480 2313 et
3521 2246 3789 2312 sedulus
3833 2247 4307 2331 paterfamilias
4353 2246 4430 2311 ad
4467 2267 4564 2311 sua

2645 2333 2972 2402 servanda
3026 2343 3321 2400 attentus
3366 2344 3484 2399 est.
3574 2333 3706 2399 Ubi
3752 2334 3876 2399 hac
3922 2333 4269 2417 diligentia
4312 2332 4563 2398 defuncti

2645 2433 2836 2500 sunt,
2880 2422 3177 2503 iniquum
3226 2431 3401 2486 esset
3446 2419 3591 2502 plus
3628 2420 3708 2485 ab
3752 2419 3913 2502 ipsis
3957 2419 4308 2503 postulari:
4354 2417 4566 2501 alioqui

2647 2508 2802 2573 dum
2868 2529 3036 2573 onus
3097 2507 3367 2589 gratuiti
3430 2505 3625 2570 officii
3692 2506 4091 2589 suscipiunt,
4154 2502 4372 2571 fraudi
4435 2505 4565 2587 ipsis

2646 2602 2819 2659 esset
2878 2615 2997 2659 sua
3054 2592 3428 2659 liberalitas.
3516 2592 3768 2656 Verum
3828 2592 3984 2675 quia
4027 2613 4155 2656 non
4204 2592 4366 2656 adeo
4407 2588 4564 2656 facile

2650 2695 2750 2745 est
2794 2678 3043 2744 animal
3090 2701 3126 2743 e
3169 2678 3372 2744 caulis
3416 2676 3524 2745 vel
3570 2678 3852 2760 pastoris
3897 2677 4196 2742 manibus
4243 2678 4563 2759 subripere,

2648 2765 3055 2851 negligentia
3120 2764 3404 2848 pastoris
3460 2785 3531 2829 se
3590 2763 3808 2848 prodit
3865 2763 3935 2827 in
3991 2764 4237 2829 amisso
4293 2764 4562 2838 iumento,

2649 2853 2705 2917 si
2766 2851 2949 2917 nulla
3009 2851 3109 2919 vis
3163 2849 3615 2915 intervenerit.
3704 2849 3910 2916 Recte
3965 2849 4168 2933 igitur
4214 2858 4564 2932 utrumque:

2648 2939 2751 3004 Ne
2787 2959 2925 3016 vas,
2972 2951 3087 3003 aut
3127 2937 3494 3020 pecuniam,
3542 2943 3658 3000 aut
3701 2946 3947 3002 vestem
3992 2936 4306 3001 restituat
4349 2933 4565 3017 deposi-

2650 3026 2887 3091 tarius:
2934 3025 3085 3108 quia
3119 3022 3241 3089 hoe
3278 3031 3450 3089 esset
3485 3020 3960 3106 quodammodo
4004 3043 4153 3087 eum
4200 3022 4565 3089 substituere

2649 3113 2718 3176 in
2790 3110 3005 3176 locum
3078 3109 3263 3175 furis.
3371 3107 3442 3175 Si
3506 3129 3660 3174 vero
3721 3109 4022 3174 abactum
4076 3109 4281 3173 fuerit
4337 3105 4563 3183 animal,

2649 3198 2930 3281 pretium
2991 3196 3206 3263 solvat
3260 3195 3371 3278 qui
3430 3216 3500 3260 se
3559 3195 3640 3259 ab
3681 3195 3934 3259 incuria
3977 3216 4265 3278 purgare
4310 3215 4436 3260 uon
4474 3212 4564 3276 Ρο-

2650 3293 2799 3350 test.
2864 3281 2939 3350 Si
2975 3283 3121 3366 quis
3164 3290 3351 3364 putet
3393 3281 3671 3344 nimium
3717 3279 3982 3346 concedi
4028 3279 4440 3363 depositario,
4480 3277 4565 3343 ubi

2649 3370 2837 3436 Deus
2904 3390 2986 3434 ex
3044 3367 3225 3434 illius
3279 3366 3706 3432 iureiurando
3766 3366 3948 3430 litem
4018 3368 4163 3432 vult
4224 3367 4429 3432 finiri:
4483 3385 4563 3429 re-

2649 3456 2911 3539 sponsio
2945 3455 3015 3519 in
3061 3462 3368 3539 promptu
3417 3461 3533 3531 est,
3580 3474 3699 3517 nos
3744 3453 4014 3518 alterius
4058 3452 4211 3517 fidei
4257 3474 4388 3518 non
4425 3471 4565 3517 com·

2651 3543 2913 3607 mittere
2956 3539 3202 3624 aliquid
3249 3538 3684 3614 servandum,
3745 3539 3875 3603 nisi
3920 3538 4000 3604 de
4044 3539 4234 3604 cuius
4282 3538 4565 3622 probitate

2650 3649 2877 3694 sumus
2933 3625 3242 3711 persuasi.
3335 3625 3468 3706 Qui
3530 3644 3687 3708 ergo
3744 3625 3841 3695 rei
3885 3645 4044 3690 suae
4088 3624 4422 3690 custodem
4461 3623 4563 3688 ele·

2650 3715 2766 3797 git,
2813 3734 2930 3779 suo
2967 3711 3362 3795 praeiudicio
3400 3719 3679 3775 testatus
3716 3720 3814 3776 est
3860 3732 4011 3775 eum
4056 3732 4198 3777 esse
4250 3713 4479 3777 bonum
4514 3715 4566 3772 et

2650 3800 2983 3882 integrum
3056 3800 3286 3863 virum.
3395 3800 3616 3879 Atque
3675 3797 3770 3861 ita
3828 3797 4020 3881 paulo
4081 3804 4263 3879 post.
4327 3798 4403 3862 ob
4454 3815 4566 3859 rem

2649 3886 2973 3971 perditam
3029 3884 3189 3950 furti
3246 3884 3520 3950 crimine
3576 3883 3819 3965 absque
3880 3883 4269 3965 probatione
4325 3878 4566 3958 onerari,

2653 3971 3008 4038 absurdum
3055 3979 3245 4036 esset.
3314 3969 3755 4050 Quamobrem
3804 3990 3936 4034 non
3982 3968 4097 4034 abs
4142 3988 4216 4034 re
4262 3967 4440 4033 Deus
4478 3966 4567 4030 do·

2652 4058 2904 4124 minum
2961 4058 3056 4122 rei
3113 4056 3367 4122 ablatae
3412 4055 3821 4138 acquiescere
3866 4054 4011 4119 vult
4052 4056 4192 4121 eius
4240 4056 4567 4120 iuramento

2653 4165 2844 4227 quem
2900 4142 3104 4207 fidum
3164 4141 3285 4208 sibi
3345 4142 3626 4207 amicum
3687 4162 3827 4206 esse
3886 4141 4094 4207 duxit.
4183 4140 4377 4206 Adde
4428 4134 4568 4222 quod

2652 4245 2811 4296 tunc
2867 4229 3130 4293 demum
3189 4228 3553 4293 absolvitur
3605 4227 3716 4311 qui
3776 4249 3844 4291 se
3893 4225 4037 4292 Deo
4095 4235 4265 4293 teste
4309 4225 4567 4291 adhibito

2654 4325 2925 4400 purgat,
2985 4316 3040 4379 si
3084 4315 3268 4379 nulla
3309 4315 3574 4379 sinistra
3617 4313 3901 4396 suspicio
3943 4312 4015 4377 in
4060 4334 4209 4378 eum
4257 4312 4567 4398 profertur,

2655 4411 2722 4468 et
2764 4424 2834 4468 se
2877 4403 3017 4482 ipse
3061 4409 3332 4467 excusat
3375 4399 3695 4481 probabili
3738 4400 4134 4464 coniectura.

2829 4485 2963 4575 [10.
3014 4486 3090 4552 Si
3143 4486 3385 4552 dederit
3421 4487 3763 4569 quispiam.
3854 4484 4181 4566 Quoniam
4228 4486 4300 4550 iu
4343 4505 4415 4550 eo
4453 4483 4568 4546 loco

2656 4574 2830 4640 uude
2862 4573 3026 4639 istos
3069 4583 3349 4655 quatuor
3395 4594 3622 4638 versus
3667 4573 3935 4654 sumpsi,
3982 4570 4260 4655 depositi
4303 4572 4379 4636 fit
4416 4589 4569 4632 men·

2658 4662 2784 4739 tie,
2843 4672 2909 4723 et
2952 4659 3173 4725 Moses
3231 4658 3605 4734 fraudibus,
3653 4657 3935 4739 rapinis,
3982 4667 4049 4722 et
4090 4657 4284 4722 furtis
4329 4678 4407 4721 ex
4447 4672 4569 4737 pro·

2658 4747 2829 4811 fesso
2865 4746 3180 4812 occurrit:
3227 4747 3294 4809 in
3333 4766 3409 4809 ea
3453 4744 3659 4809 classe
3704 4763 4022 4825 reponere
4066 4742 4331 4826 placuit.
4400 4740 4570 4823 Spec-

2660 4842 2757 4898 tat
2794 4831 3056 4914 quidem
3093 4831 3509 4914 aliquatenus
3546 4828 3623 4893 ad
3664 4831 3932 4894 tertium
3972 4841 4404 4912 praeceptum,
4446 4824 4572 4908 quia

2660 4919 3027 5002 legitimum
3073 4939 3259 4982 usum
3306 4914 3731 4981 iurisiurandi
3776 4914 4090 4981 ostendit:
4138 4936 4370 4998 nempe
4413 4910 4567 4977 utin

2660 5005 2853 5070 rebus
2913 5004 3185 5070 occultis
3239 5001 3318 5065 ad
3368 5003 3492 5067 Dei
3549 4999 3992 5066 testimonium
4050 5001 4424 5085 confugiant
4473 4995 4569 5060 ho·

2662 5091 2906 5168 mines,
2971 5110 3046 5154 ac
3098 5089 3482 5171 interposito
3536 5108 3722 5153 sacro
3776 5087 3918 5152 eius
3975 5087 4237 5151 nomine
4293 5087 4371 5151 lis
4423 5085 4570 5179 inter

2660 5177 2839 5258 ipsos
2896 5176 3259 5240 dirimatur.
3351 5173 3577 5253 Quum
3638 5184 3861 5238 autem
3915 5192 3998 5238 ex
4054 5172 4183 5238 Dei
4234 5175 4570 5237 reverentia

2664 5262 2944 5344 pendeat
3001 5282 3166 5344 quae
3222 5260 3514 5325 defertur
3572 5262 3889 5324 autoritas
3948 5259 4361 5336 iuramentis,
4403 5248 4567 5320 simul

2662 5348 2734 5411 in
2793 5348 2953 5430 ipsis
3012 5347 3505 5412 commendatur
3557 5345 3719 5412 fides
3772 5357 3839 5411 et
3882 5345 4143 5430 religio,
4205 5352 4276 5410 ut
4319 5344 4477 5407 inter
4509 5355 4567 5401 se
