4867 6150
552 492 637 557 15
1795 485 2536 554 COMMENTARIUS
2581 485 2677 552 IN
2721 485 3025 555 EXODI
3068 486 3265 554 OAP.
3311 486 3367 552 Ι.
4480 486 4554 550 16

544 694 710 756 erat,
758 687 831 743 ut
875 677 1163 743 innoxiis
1210 676 1602 751 hominibus,
1652 674 1885 759 quibus
1935 695 2241 740 concessa
2284 675 2503 741 fuerat

550 767 756 832 libera
777 764 1115 843 habitatio,
1138 785 1311 827 nova
1345 763 1591 827 tributa
1627 763 2067 846 imponerent.
2136 761 2305 826 Erat
2328 762 2502 826 enim

553 851 765 936 primo
800 850 941 914 loco
978 849 1518 914 considerandum
1557 870 1687 931 qua
1720 850 1865 932 lege
1901 848 2181 912 fuissent
2215 846 2502 913 admissi.

554 939 716 1003 Fuit
757 937 961 1020 igitur
1005 938 1133 1000 iam
1184 957 1298 1016 per
1340 957 1408 1000 se
1454 936 1680 1016 iniqua
1723 935 2008 1009 exactio,
2063 955 2194 1015 qua
2229 934 2509 997 violavit

557 1024 819 1089 Pharao
866 1021 1086 1086 datam
1129 1021 1345 1097 fidem,
1392 1020 1505 1085 sed
1549 1021 1621 1084 in
1658 1020 1791 1084 fine
1836 1021 2105 1103 gravius
2146 1028 2503 1102 peccatum,

559 1108 734 1194 quod
775 1109 1035 1174 lucrum
1079 1127 1209 1170 non
1269 1105 1653 1188 simpliciter
1710 1107 2067 1188 quaesivit,
2126 1105 2241 1169 sed
2301 1106 2509 1170 voluit

561 1196 854 1278 affligere
897 1213 1168 1258 onerum
1216 1192 1541 1275 gravitate
1585 1193 1899 1257 miserum
1946 1191 2279 1274 populum.
2369 1190 2509 1256 Nec

563 1303 717 1345 vero
784 1278 865 1343 ad
931 1276 1345 1362 pendendum
1413 1277 1604 1342 modo
1670 1279 1989 1343 tributum
2070 1278 2272 1343 coacti
2353 1286 2510 1341 sunt

564 1367 919 1444 Israelitae,
963 1364 1075 1428 sed
1122 1364 1201 1427 ad
1248 1365 1519 1429 serviles
1563 1385 1826 1446 operas,
1888 1373 1964 1428 ut
2008 1365 2315 1428 continuo
2362 1376 2511 1444 post

564 1452 744 1518 addit
790 1452 1023 1516 Moses.
1117 1448 1460 1530 Quantum
1506 1450 1587 1513 ad
1633 1450 1793 1515 duas
1835 1450 2027 1515 urbes
2069 1459 2337 1532 spectat,
2382 1470 2509 1530 quo

565 1559 762 1604 sensu
810 1553 1125 1601 vocentur
1168 1536 1566 1614 Miscenoth,
1630 1536 1900 1600 dubium
1961 1544 2077 1601 est.
2171 1535 2510 1619 Accipitur

563 1624 689 1691 hoc
767 1644 1008 1687 nomen
1088 1621 1420 1686 interdum
1488 1643 1604 1704 pro
1670 1621 1851 1687 cellis
1915 1635 1981 1685 et
2051 1622 2334 1700 horreis,
2402 1620 2506 1684 vel

565 1709 1018 1775 reconditoriis
1093 1707 1386 1772 omnium
1467 1729 1683 1772 rerum
1765 1728 1927 1789 quae
2006 1708 2084 1773 ad
2177 1727 2509 1771 annonam

567 1795 973 1861 necessariae
1018 1802 1202 1858 sunt:
1252 1814 1478 1857 verum
1524 1796 1677 1875 quia
1727 1792 2071 1876 aliquando
2115 1794 2513 1857 munitiones

567 1903 820 1965 quoque
907 1880 1261 1962 significat,
1347 1900 1476 1943 non
1559 1879 1729 1943 male
1815 1882 2163 1944 conveniet
2248 1899 2509 1944 sensus:

568 1969 856 2033 claustra
911 1966 1048 2029 suis
1103 1965 1405 2030 manibus
1463 1978 1803 2030 exstruere
1859 1966 2070 2030 iussos
2130 1987 2301 2042 esse,
2347 1986 2515 2047 quae

569 2073 681 2120 eos
748 2059 1046 2119 arcerent
1112 2051 1192 2116 ab
1247 2052 1449 2115 exitu.
1540 2052 1709 2115 Nam
1763 2051 2130 2116 Rhameses
2187 2052 2386 2116 fuisse
2445 2050 2514 2114 in

570 2140 687 2205 illa
733 2150 917 2222 parte
962 2137 1247 2219 regionis
1307 2137 1500 2200 sitam
1563 2149 1819 2201 constat
1877 2160 1958 2201 ex
2004 2136 2296 2219 pluribus
2340 2136 2518 2217 lociS,

571 2236 640 2291 et
684 2234 908 2310 postea
949 2223 1319 2288 videbimus
1361 2223 1529 2288 filios
1567 2222 1771 2288 Israel
1834 2246 1916 2287 ex
1961 2224 2325 2288 Rhameses
2369 2243 2517 2305 pro·

573 2314 771 2378 sectos
815 2332 957 2375 esse
1001 2308 1197 2395 (Gen.
1236 2308 1341 2386 47,
1384 2310 1480 2374 11.
1527 2309 1736 2374 Exod.
1779 2310 1876 2389 12,
1913 2310 2014 2374 37.
2062 2309 2257 2375 Num.
2291 2309 2394 2387 33,
2431 2307 2517 2395 3).

749 2483 850 2547 12.
926 2482 1057 2562 Quo
1121 2485 1328 2544 autem
1391 2481 1597 2563 mayis
1649 2480 2018 2563 premebant
2081 2503 2251 2563 eum,
2314 2482 2524 2566 mayis

576 2569 878 2636 crescebat
939 2573 996 2632 et
1056 2567 1425 2650 anyebatur:
1484 2571 1540 2630 et
1618 2569 1930 2632 anxietate
2005 2569 2315 2633 constricti
2377 2572 2524 2633 sunt

567 2660 825 2740 propter
876 2652 1046 2734 filios
1093 2653 1316 2718 Israel.
1410 2651 1507 2717 13.
1556 2652 1783 2734 Itaque
1840 2653 2179 2737 adeyerunt
2222 2656 2291 2717 in
2331 2655 2524 2721 servi-

576 2747 764 2806 tutem
802 2740 972 2821 filios
1015 2739 1227 2804 Israel
1268 2759 1409 2804 cum
1450 2741 1734 2804 saevitia.
1828 2738 1928 2803 14.
1981 2738 2257 2804 Proinde
2300 2761 2523 2805 amara

576 2827 716 2893 illis
747 2825 874 2907 fuit
915 2825 1047 2889 vita
1087 2824 1369 2907 ipsorum
1411 2825 1483 2890 in
1522 2827 1816 2890 servitute
1858 2827 2045 2899 dura,
2090 2825 2161 2889 in
2203 2831 2521 2903 caementa,

578 2916 651 2978 in
684 2910 1001 2987 lateribaS,
1046 2914 1103 2973 et
1141 2912 1215 2975 in
1258 2911 1429 2975 omni
1472 2931 1649 2992 opere
1692 2913 1955 2993 ayresti:
2002 2912 2157 2992 quia
2201 2912 2526 2976 servitium

580 3019 754 3065 omne
797 3015 1011 3063 eorum
1052 3016 1171 3078 quo
1213 2996 1558 3062 serviebant
1598 2996 1751 3074 illis,
1797 3002 1932 3062 erat
1973 3017 2113 3063 cum
2155 2998 2437 3063 saevitia.

754 3171 856 3236 12.
910 3170 1043 3251 Quo
1090 3173 1294 3234 autem
1336 3170 1559 3251 mayis.
1626 3168 2020 3236 Conflictum
2060 3181 2287 3236 narrat
2309 3171 2528 3236 Moses

582 3260 755 3325 inter
800 3257 927 3322 Dei
983 3255 1266 3339 gratiam
1329 3266 1394 3319 et
1453 3254 1910 3321 crudelitatem
1969 3259 2144 3342 regis
2195 3257 2527 3342 Aegyptii.

584 3343 805 3425 Quum
853 3362 1008 3425 ergo
1053 3339 1393 3426 tyrannice
1436 3351 1843 3406 vexarentur
1901 3343 2127 3408 miseri
2170 3342 2529 3423 Israelitae‚

585 3431 803 3496 Deum
866 3427 1003 3492 illis
1046 3426 1436 3509 opitulatum
1502 3427 1702 3492 fuisse
1758 3427 1949 3507 dicit,
2009 3437 2077 3495 et
2134 3429 2396 3512 quidem
2439 3431 2533 3493 ita

585 3521 885 3600 potenter
929 3523 1004 3577 ut
1045 3512 1486 3595 praevaluerit
1528 3513 1670 3579 eius
1707 3514 2046 3581 auxilium.
2115 3515 2221 3579 Ita
2257 3515 2533 3580 frustra·

588 3613 697 3666 tus
742 3611 842 3666 est
883 3597 1254 3683 improbum
1300 3598 1464 3664 illud
1502 3607 1569 3664 et
1618 3599 2109 3666 fraudulentum
2159 3601 2531 3666 consilium:

586 3685 757 3770 quod
795 3686 874 3750 de
918 3684 1188 3750 ecclesia
1233 3684 1510 3749 delenda
1544 3686 1716 3751 inter
1750 3687 2161 3773 se'Aeg-yptii
2204 3695 2533 3769 ceperant.

585 3771 780 3839 Unde
838 3789 905 3836 et
961 3792 1108 3852 spes
1163 3771 1352 3835 nobis
1409 3772 1832 3854 concipienda
1888 3785 2018 3852 est,
2079 3773 2395 3858 quidquid
2464 3773 2535 3836 in

588 3879 709 3923 nos
752 3858 1112 3922 moliantur
1154 3858 1367 3939 impii,
1415 3858 1553 3921 fore
1597 3858 1894 3939 irritum,
1939 3861 2090 3940 quia
2133 3860 2426 3941 superior
2473 3871 2539 3922 et

588 3945 829 4009 victrix
874 3943 1001 4006 erit
1036 3940 1159 4007 Dei
1209 3964 1461 4008 manus.
1552 3942 1685 4008 Sed
1733 3944 1917 4010 nobis
1963 3945 2287 4028 patienter
2330 3945 2540 4009 feren-

590 4031 710 4095 dae
755 4037 914 4094 sunt
956 4029 1374 4103 afflictiones,
1418 4027 1571 4111 quia
1607 4030 1791 4094 Deus
1836 4052 1954 4097 nos
2012 4040 2239 4097 contra
2282 4030 2540 4114 pondus

588 4114 775 4180 nobis
818 4115 1193 4197 impositum
1239 4114 1385 4179 vult
1428 4113 1587 4179 eniti
1626 4124 1689 4179 et
1734 4136 2095 4200 assurgere.
2164 4116 2339 4198 Quia
2384 4138 2540 4181 vero

589 4201 924 4284 proprium
973 4201 1095 4264 Dei
1142 4221 1384 4265 munus
1429 4213 1530 4265 est
1576 4222 1645 4266 se
1698 4222 2027 4284 opponere
2079 4203 2343 4268 iniustis
2387 4223 2537 4267 con-

592 4286 776 4364 siliis,
821 4296 894 4350 ut
927 4306 1233 4351 successu
1278 4299 1563 4365 careant,
1612 4286 1937 4353 discamus
1973 4290 2053 4354 ab
2089 4289 2267 4353 omni
2312 4287 2539 4354 fraude

594 4385 658 4436 et
720 4372 1032 4436 violentia
1095 4394 1215 4437 nos
1276 4373 1638 4451 abstinere,
1706 4395 1786 4438 ne
1854 4374 2070 4440 Deum
2136 4375 2323 4457 quasi
2388 4374 2541 4438 data

596 4479 795 4541 opera
870 4477 1314 4542 provocemus.
1432 4456 1568 4522 Sed
1633 4458 1739 4523 hic
1806 4458 1986 4525 locus
2051 4461 2394 4543 praecipue
2460 4457 2540 4524 ad

599 4546 858 4628 piorum
904 4543 1405 4609 consolationem
1472 4544 1675 4624 valet,
1723 4554 1795 4609 ut
1848 4546 2152 4629 aequiore
2198 4547 2415 4610 animo
2460 4545 2540 4609 ad

602 4630 816 4696 crucis
859 4629 1273 4694 tolerantiam
1334 4631 1469 4695 sint
1527 4630 1768 4710 parati:
1827 4632 1980 4713 quia
2024 4634 2383 4698 instructus
2446 4642 2546 4695 est

603 4717 789 4782 Deus
830 4714 912 4779 ad
956 4715 1258 4780 ferendas
1300 4718 1655 4798 suppetias,
1701 4717 1935 4800 quibus
1977 4718 2329 4800 impiorum
2375 4718 2546 4783 furo-

602 4822 743 4865 retn
767 4800 1030 4868 demum
1052 4801 1280 4867 cedere
1317 4823 1579 4867 necesse
1616 4803 1757 4867 erit:
1827 4802 2016 4883 Quod
2056 4805 2223 4870 dixit
2258 4804 2547 4870 secunda

604 4901 788 4970 parte
854 4907 1113 4963 versus,
1182 4887 1414 4952 anxios
1490 4888 1692 4953 fuisse
1761 4892 2154 4975 Aegyptios,
2220 4881 2550 4976 significat

603 4975 815 5058 magis
891 4971 1203 5042 sollicitos
1277 4974 1511 5051 fuisse,
1590 4995 1788 5056 quum
1869 4976 2035 5040 nihil
2098 4999 2169 5043 se
2235 4978 2550 5059 proficere

607 5058 940 5136 viderent,
986 5061 1137 5140 quia
1180 5060 1519 5142 inopinata
1563 5059 2015 5143 multiplicatio
2060 5064 2271 5128 maius
2316 5063 2545 5128 discri-

606 5166 758 5209 men
805 5144 1249 5210 minitabatur.
1341 5145 1510 5209 Nam
1556 5167 1758 5228 quum
1803 5170 1911 5213 eos
1955 5150 2135 5230 prius
2179 5157 2551 5214 metuerent

606 5233 840 5314 quibus
884 5229 1048 5296 nihil
1108 5231 1397 5296 fecerant
1453 5232 1759 5309 iniuriae,
1817 5255 1948 5297 non
2009 5234 2249 5300 mirum
2295 5243 2395 5299 est
2439 5256 2550 5299 eos

608 5318 938 5401 trepidare
983 5338 1065 5380 ne
1110 5317 1393 5384 lacessiti
1442 5320 1646 5384 vicem
1683 5319 2064 5401 rependant.
2135 5325 2347 5404 Atque
2394 5320 2550 5386 hinc

606 5405 790 5469 utilis
825 5402 1153 5485 colligitur
1188 5404 1499 5480 doctrina,
1535 5404 1689 5469 dum
1731 5425 1848 5488 per
1887 5407 2207 5471 horrenda
2226 5407 2549 5474 maleficia

2610 687 3002 758 grassantur
3043 676 3361 752 scelerati,
3408 696 3536 758 quo
3580 676 3707 739 sibi
3752 673 4295 755 tranquillitatem
4342 675 4552 757 acqui-

2613 771 2782 842 rant,
2829 763 2998 828 hanc
3042 762 3308 827 demum
3352 762 3775 826 iustissimam
3810 760 3944 825 illis
3980 759 4347 825 mercedem
4393 758 4551 825 divi·

2613 849 2791 913 nitus
2856 848 3156 931 rependi,
3224 856 3298 912 ut
3361 849 3570 913 maior
3646 868 3757 912 eos
3830 846 4130 912 anxietas
4209 847 4549 912 excruciet.

2614 932 2900 1014 Quidam
2962 943 3266 999 vertunt:
3327 932 3686 1020 Aegyptios
3740 932 4146 998 abominatos
4201 931 4405 996 fuisse
4447 952 4551 1014 po·

2615 1019 2841 1102 pulum
2877 1019 3345 1085 Israeliticum:
3391 1031 3459 1085 et
3499 1021 3591 1083 ita
3634 1019 3806 1102 apud
3846 1019 4184 1083 Hebraeos
4226 1017 4548 1082 interdum

2612 1107 2897 1171 sumitur
2974 1106 3250 1172 verbum
3395 1121 3464 1194 p:
3535 1127 3765 1171 verum
3851 1104 4347 1170 circumstantia
4436 1104 4550 1169 loci

2613 1213 2877 1258 sensum
2923 1214 3115 1275 quem
3152 1192 3404 1258 reddidi
3447 1192 3752 1277 postulat.

2786 1278 2886 1344 13.
2945 1279 3172 1360 Itaque
3239 1280 3576 1363 adeyerunt
3638 1278 3709 1342 in
3766 1277 3972 1342 servit.
4074 1274 4289 1341 Docet
4338 1275 4548 1341 Moses

2615 1362 2775 1429 adeo
2797 1374 2979 1429 metu
3015 1386 3151 1429 non
3186 1365 3387 1430 fuisse
3428 1363 3511 1429 ad
3546 1362 3958 1429 clementiam
3994 1362 4216 1440 flexos,
4254 1368 4329 1424 ut
4349 1362 4548 1445 magis

2617 1448 3045 1514 obduruerint
3089 1460 3155 1515 et
3199 1450 3515 1515 stimulati
3560 1449 3810 1514 fuerint
3854 1447 3935 1513 ad
3975 1448 4282 1512 maiorem
4328 1447 4549 1510 imma·

2618 1537 2913 1601 nitatem.
3025 1537 3255 1619 Neque
3319 1538 3493 1601 enim
3566 1536 3861 1601 sentiunt
3924 1533 4140 1615 impii,
4211 1530 4369 1596 dum
4431 1531 4550 1598 illis

2616 1619 2966 1687 infeliciter
3010 1621 3253 1686 cedunt
3294 1624 3585 1705 perversi
3613 1636 3940 1697 conatus,
3988 1621 4204 1684 Deum
4250 1618 4373 1683 sibi
4419 1639 4549 1682 esse

2619 1707 3001 1773 adversum:
3047 1719 3129 1785 et,
3177 1711 3231 1774 si
3277 1709 3535 1791 quando
3585 1718 3941 1791 tangantur
3986 1705 4111 1770 hac
4153 1704 4552 1789 cogitatione,

2618 1815 2850 1859 caecus
2895 1805 3115 1858 tamen
3161 1795 3488 1859 amentiae
3530 1794 3817 1876 impetus
3859 1813 3970 1857 eos
4011 1799 4261 1875 raptat,
4318 1803 4391 1855 ut
4432 1810 4554 1854 non

2621 1879 2949 1957 dubitent,
3019 1881 3121 1943 vel
3199 1890 3606 1964 repugnante
3674 1881 3816 1944 Deo
3895 1877 4225 1942 obstinata
4301 1875 4555 1949 libidine

2621 1986 3077 2049 perrumpere:
3153 1966 3323 2033 sicut
3387 1988 3472 2032 ex
3539 1966 3850 2032 historiae
3915 1984 4266 2046 progressu
4338 1963 4555 2028 melius

2623 2051 2912 2133 liquebit.
3002 2052 3212 2135 Rigor
3270 2051 3685 2118 exactionum
3752 2049 4175 2135 exprimitur,
4238 2049 4348 2114 ubi
4413 2048 4556 2114 dicit

2623 2140 2949 2219 oppressis
2985 2158 3276 2203 amaram
3313 2139 3516 2203 fuisse
3552 2139 3773 2213 vitam,
3812 2159 3938 2220 qua
3961 2136 4130 2201 nihil
4152 2149 4257 2199 est
4293 2134 4552 2201 dulcius.

2625 2224 2979 2289 Extremas
3058 2225 3262 2308 igitur
3335 2234 3403 2290 et
3477 2224 3917 2289 intolerabiles
3996 2222 4295 2286 miserias
4373 2222 4558 2285 fuisse

2625 2322 2913 2393 apparet,
2956 2331 3119 2392 quae
3162 2311 3430 2376 vivendi
3473 2311 3757 2375 taedium
3794 2308 4151 2375 attulerint.
4219 2307 4366 2372 Hoc
4401 2306 4557 2372 idem

2627 2395 2769 2460 aliis
2816 2396 3032 2460 verbis
3074 2399 3450 2462 confirmat:
3509 2396 3757 2478 speeies
3809 2396 4000 2459 etiam
4062 2404 4339 2458 onerum
4396 2411 4557 2458 com·

2626 2492 2966 2557 memorat,
3005 2483 3174 2565 quod
3206 2482 3533 2548 miscendo
3569 2492 3921 2561 caemento,
3955 2479 4374 2546 conficiendis
4408 2479 4554 2543 late·

2628 2568 2831 2647 ribus,
2867 2568 3139 2651 aliisque
3174 2569 3494 2634 similibus
3529 2568 3819 2633 servitiis
3853 2566 4095 2632 addicti
4130 2566 4394 2630 fuerint.
4452 2562 4556 2628 Bis

2629 2662 2847 2719 autem
2896 2656 3166 2737 repetit,
3227 2655 3427 2720 fuisse
3484 2663 3795 2720 tractatos
3854 2675 3999 2720 cum
4047 2652 4353 2717 saevitia:
4399 2645 4555 2733 quod

2631 2740 3016 2806 tantundem
3063 2740 3240 2806 valet
3283 2761 3357 2806 ac
3402 2740 3675 2806 duriter.

2806 2911 2905 2976 15.
2951 2911 3142 2978 Discit
3174 2914 3361 2977 etiam
3386 2912 3646 2979 Pharao
3680 2933 3793 2977 rex
3814 2910 4084 2994 Aegypti
4118 2910 4204 2974 ad
4238 2905 4559 2974 obstetrices

2632 2996 2973 3075 Hebraeae,
3018 3018 3290 3082 quarum
3329 3000 3526 3064 unias
3566 3018 3788 3064 nomen
3819 3002 3952 3063 erat
3976 2995 4271 3079 Sephera,
4320 2993 4560 3059 alterius

2637 3082 2844 3149 Pnah.
2921 3085 3018 3151 16.
3070 3083 3177 3150 Sic
3218 3086 3417 3150 dixit.-
3467 3086 3728 3167 Quando
3769 3083 4154 3152 adiuvabitis
4199 3083 4287 3148 ad
4318 3083 4560 3163 partum

2634 3170 2987 3249 Hebraeae,
3055 3176 3112 3237 et
3170 3170 3462 3237 videbitis
3523 3172 3597 3236 in
3658 3172 3798 3238 illis
3862 3171 4027 3253 quod
4089 3169 4179 3234 sit
4241 3165 4559 3260 nuscum-52

2634 3255 2957 3337 interficite
2997 3276 3169 3321 eum.-
3208 3258 3270 3321 si
3313 3263 3517 3323 autem
3559 3257 3645 3323 sit
3691 3257 3964 3340 femina,
4022 3256 4214 3321 vivat.
4309 3254 4407 3318 17.
4467 3248 4562 3314 Τι-

2636 3347 2925 3408 maerunt
2980 3363 3123 3408 vero
3186 3342 3531 3409 obstetrices
3594 3343 3804 3409 Deum
3823 3394 3839 3422 ,
3905 3361 4011 3408 nec
4082 3341 4364 3423 fecerunt
4420 3336 4564 3402 sime

2626 3434 3029 3513 praeceperat
3079 3428 3216 3495 illis
3269 3450 3384 3494 rex
3439 3428 3739 3514 Aeyypti:
3802 3433 4363 3509 conservaruntque
4409 3439 4561 3519 mas:

2636 3516 2807 3581 culos
2849 3517 2920 3579 in
2961 3515 3111 3580 vita.
3183 3514 3282 3581 18.
3330 3515 3419 3580 Et
3448 3536 3674 3582 vocans
3712 3513 3971 3581 Pharao
4013 3513 4373 3592 obstetrices,
4413 3507 4564 3576 dixit

2636 3601 2803 3666 illis:
2857 3601 3066 3682 Quare
3104 3602 3346 3683 fecistis·
3385 3622 3517 3667 rem
3558 3600 3747 3679 hanc,
3791 3606 3847 3667 et
3887 3600 4187 3667 servastis
4219 3589 4558 3663 masculos?

2643 3688 2742 3753 19.
2781 3686 3257 3769 Responderunt
3288 3687 3629 3754 obstetrices
3655 3686 4017 3754 Pharaoni:
4068 3686 4237 3767 Quia
4275 3704 4392 3748 non
4433 3679 4563 3746 sunt

2641 3773 2966 3839 Hebraeae
3007 3773 3301 3839 mulieres
3333 3779 3402 3839 at
3435 3774 3807 3858 Aeyyptiae:
3848 3777 3996 3838 sunt
4035 3772 4206 3837 enim
4240 3774 4483 3852 veyetae,
4514 3765 4564 3827 d

2630 3860 3014 3943 priusquam
3048 3861 3256 3925 veniat
3286 3861 3374 3925 ad
3404 3881 3513 3925 eas
3546 3860 3856 3938 obstetrix,
3882 3860 4177 3943 pariunt.
4245 3857 4346 3923 20.
4385 3853 4562 3920 Bene-

2638 3945 2785 4027 fecit
2826 3967 2967 4028 erqo
3010 3944 3191 4010 Deus
3234 3941 3684 4012 obstetricibus:
3739 3952 3797 4011 et
3851 3945 4305 4026 multiplicatus
4344 3944 4431 4008 est
4458 3954 4562 4018 Ρο-

2632 4031 2834 4115 putus
2851 4082 2865 4108 ,
2924 4036 2979 4096 et
3036 4031 3306 4097 roborati
3362 4036 3508 4098 sunt
3563 4031 3958 4099 vehementer.
4049 4032 4154 4097 21.
4205 4030 4294 4095 Et
4345 4028 4562 4110 factum

2644 4121 2749 4194 est,
2792 4117 2946 4199 quia
2987 4118 3306 4183 tinnierunt
3346 4119 3689 4185 obstetrices
3723 4118 3950 4197 Deam,
3992 4119 4140 4199 fecit
4180 4116 4313 4181 illis
4353 4113 4558 4179 domos.

2643 4204 2747 4269 22.
2801 4203 2976 4267 Tunc
3006 4206 3324 4285 praecepit
3363 4204 3619 4271 Pharao
3659 4210 3867 4270 cuncto
3898 4205 4132 4287 populo
4165 4221 4300 4282 sao,
4342 4199 4563 4265 dicens:

2652 4289 2911 4355 Omnem
2954 4293 3171 4353 natum
3214 4292 3563 4356 masculum
3605 4293 3678 4355 in
3712 4291 3943 4371 flumen-
3975 4289 4297 4373 proiicite:
4349 4295 4564 4349 omnem

2643 4395 2782 4440 vero
2825 4375 3129 4456 feminam
3169 4377 3380 4440 vivam
3421 4375 3766 4442 servabitis,

2821 4545 2921 4611 15.
2969 4546 3162 4611 Dixit
3212 4545 3400 4610 etiam
3464 4544 3736 4613 Pharao.
3826 4550 3888 4613 A
3947 4549 4014 4613 vi
4073 4557 4138 4613 et
4196 4533 4562 4610 truculentia

2650 4642 2894 4716 aperta,
2937 4653 3101 4713 quae
3146 4631 3311 4696 nihil
3360 4631 3623 4713 profuit,
3669 4656 3838 4701 nunc
3889 4633 4222 4699 descendit
4263 4637 4559 4713 tyrannus

2650 4719 2731 4784 ad
2790 4718 3076 4784 occultas
3134 4719 3398 4784 fraudes
3453 4731 3520 4785 et
3578 4720 3866 4786 insidias.
3971 4720 4213 4786 Foetus
4268 4713 4436 4780 enim
4489 4723 4559 4766 01

2654 4815 2839 4869 utero
2885 4805 3280 4887 prodeuntes
3325 4805 3506 4869 iubet
3550 4806 3712 4870 clam
3760 4806 4067 4872 interfici:
4126 4817 4315 4887 atque
4370 4793 4558 4886 obstq·

2654 4890 2920 4956 tricibus
2958 4891 3225 4955 mandat
3262 4900 3336 4954 ut
3377 4900 3510 4955 tam
3536 4890 3715 4956 dirae
3751 4900 3818 4956 et
3852 4892 4160 4957 barbarae
4181 4883 4558 4977 crudelitatls

2654 4978 2787 5041 sint
2822 4979 3177 5041 ministrae.
3246 4976 3518 5042 Nullum
3561 4990 3692 5042 tam
3732 4977 4112 5042 detestabile
4141 4955 4557 5060 severitatisf)

2656 5064 3028 5146 exemplum
3107 5085 3145 5126 a
3228 5063 3471 5128 mundo
3550 5062 3813 5128 condito
3893 5062 4148 5146 legitur.
4268 5056 4555 5130 configit,

2654 5149 2877 5225 fateor,
2925 5168 3054 5211 non
3103 5150 3321 5225 semel,
3369 5163 3447 5214 ut
3489 5152 3773 5215 victores
3809 5149 3967 5213 urbe
4005 5149 4216 5231 aliqua
4257 5151 4451 5224 capta,
4484 5148 4556 5228 ¹30

2653 5235 2869 5316 pueris
2928 5234 3186 5314 quidem
3246 5247 3310 5300 et
3374 5235 3733 5302 infantibus
3791 5248 4158 5319 parcerent:
4227 5242 4446 5306 nemP⁰
4494 5233 4555 5277 ¹⁰

2789 5424 2847 5492 1)
2881 5423 3051 5490 Leqe:
3082 5421 3333 5476 feritatis.
