4867 6150
428 449 517 515 55
1616 450 2365 522 COMMENTARIUS
2410 451 2512 518 IN
2560 448 2859 516 EXODI
2900 448 3099 517 CAP.
3143 447 3264 515 IV.
4356 449 4440 515 56

426 641 752 723 aspiciens
796 639 1129 707 lactabitur
1168 641 1238 706 in
1280 640 1464 707 corde
1495 658 1626 705 suo.
1697 638 1796 704 15.
1846 639 2157 720 Loqueris
2192 641 2391 726 ἐρίων

430 728 520 793 ad
563 747 731 804 eum,
793 730 850 790 et
895 746 1094 807 pones
1151 725 1338 791 verba
1396 727 1467 791 in
1522 745 1592 791 os
1635 726 1803 804 eius,
1858 731 1916 790 et
1957 746 2063 809 cyo
2105 747 2207 793 ero
2251 747 2389 793 cum

432 833 536 880 ore
579 817 681 878 tuo
723 817 780 877 et
822 832 961 875 cum
1006 832 1111 878 ore
1153 814 1318 894 eius,
1377 817 1433 877 et
1473 812 1787 877 ostendam
1830 811 1999 876 vobis
2044 832 2204 893 quae
2244 814 2391 879 sitis

424 899 687 983 facturi.
791 899 892 963 16.
956 898 1045 963 Et
1099 898 1381 981 loquetur
1435 899 1571 979 ipse
1618 918 1744 978 pro
1809 901 1863 961 te
1919 898 2005 962 ad
2057 899 2388 982 populum.

431 986 667 1067 eritque
712 984 827 1049 tibi
860 1004 985 1065 pro
1029 1004 1163 1062 ore,
1209 989 1269 1049 et
1312 989 1381 1048 tu
1424 985 1553 1048 eris
1608 983 1710 1048 2122·
1744 1002 1867 1065 pro
1910 982 2063 1050 Deo.
2157 986 2257 1050 17.
2304 985 2392 1051 Et

432 1070 727 1135 baculum
768 1069 933 1135 hunc
988 1070 1259 1153 accipies
1314 1071 1387 1135 in
1441 1088 1638 1137 manu
1694 1074 1838 1145 tua,
1898 1073 1971 1133 ut
2020 1071 2232 1153 focius
2268 1092 2392 1153 per

431 1176 574 1222 cum
612 1154 658 1242 ¹)
698 1156 903 1240 siqua.

612 1327 713 1392 10.
810 1325 1067 1392 Obsecro
1155 1325 1440 1393 Domine.
1567 1326 1819 1392 Omnes
1910 1327 2388 1412 tergiversandi

433 1412 662 1479 modos
692 1421 910 1496 captat
936 1412 1173 1489 Moses,
1211 1421 1288 1478 ut
1323 1432 1489 1478 onus
1526 1411 1649 1477 sibi
1684 1413 2059 1496 impositum
2098 1423 2386 1480 avertat:

435 1520 570 1565 non
629 1497 798 1583 quod
855 1498 1208 1581 imperium
1264 1497 1628 1564 detrectare
1688 1499 1760 1563 in
1821 1500 2040 1564 animo
2097 1501 2213 1579 sit,
2273 1501 2386 1566 sed

433 1585 587 1669 quia
649 1585 1046 1670 gravitatem
1106 1584 1432 1651 formidat.
1523 1584 1785 1650 Virium
1854 1587 2055 1669 igitur
2117 1607 2385 1651 suarum

434 1670 802 1736 diffidentia
846 1691 993 1734 eum
1040 1670 1134 1734 ita
1179 1670 1431 1736 lentum
1477 1692 1552 1736 ac
1597 1671 1923 1754 trepidum
1982 1671 2214 1739 reddit.
2305 1672 2384 1737 In

435 1766 744 1842 promptu
805 1756 1168 1821 remedium
1224 1768 1396 1836 erat,
1454 1767 1741 1822 statuere
1800 1757 1972 1840 apud
2033 1780 2133 1833 se,
2186 1779 2387 1841 quum

435 1850 618 1909 certo
664 1844 861 1909 sciret
905 1838 1070 1906 nihil
1115 1863 1184 1906 se
1230 1851 1476 1908 temere
1533 1842 1838 1927 aggredi,
1899 1841 2148 1923 Deum,
2204 1846 2391 1910 cuius

435 1927 752 1993 mandato
797 1927 1086 2011 parebat,
1133 1938 1449 2011 quantum
1498 1930 1659 1993 satis
1705 1937 1873 1994 esset
1919 1931 2188 1996 virtutis
2233 1952 2385 2014 sup—

435 2012 899 2099 peditaturum.
986 2014 1133 2079 Hoc
1176 2036 1332 2098 ergo
1389 2014 1696 2080 vitiosum
1757 2015 1881 2080 fuit
1938 2037 2066 2080 non
2123 2017 2390 2082 reiicere

436 2102 507 2166 in
541 2099 761 2165 Deum
798 2120 1026 2165 omnes
1061 2121 1271 2176 curas,
1318 2108 1383 2165 et
1415 2100 1789 2182 posthabita
1823 2123 1943 2167 sua
1985 2102 2386 2179 infirmitate,

354 2184 367 2195 “
440 2206 707 2271 sperare
764 2194 1024 2269 praeter
1080 2206 1265 2269 spem
1326 2185 1635 2252 Abrahae
1693 2186 2024 2270 exempln,
2085 2190 2194 2271 qui
2260 2210 2390 2253 non

443 2272 884 2339 consideravit
927 2293 1159 2354 corpus
1203 2294 1392 2338 suum
1440 2272 1782 2351 effoetum,
1842 2294 1962 2338 nec
2020 2283 2386 2339 emortuam

439 2358 711 2424 vulvam
761 2356 998 2434 Sarae,
1056 2357 1169 2422 sed
1215 2359 1428 2424 Deum
1478 2379 1666 2441 posse
1721 2358 2000 2424 credidit
2056 2369 2389 2444 praestare

432 2444 605 2529 quod
664 2444 1056 2529 promiserat
1099 2442 1318 2529 (Rom.
1363 2444 1425 2520 4,
1486 2444 1612 2532 19).
1702 2445 2064 2511 Modestiae
2120 2446 2386 2529 quidem

431 2532 663 2596 fuisset
707 2529 881 2594 hunc
916 2551 1109 2613 quem
1147 2530 1440 2596 obtendit
1478 2530 1798 2597 defectum
1837 2542 2160 2615 reputare,
2198 2530 2390 2597 modo

434 2625 697 2682 tantum
743 2616 1074 2699 suppetias
1120 2638 1159 2681 a
1202 2617 1347 2682 Deo
1391 2628 1721 2701 rogasset:
1777 2617 1887 2684 sed
1948 2640 2153 2702 quum
2213 2618 2393 2683 ultra

435 2700 886 2786 progreditur,
955 2710 1031 2766 ut
1095 2703 1581 2768 immunitatem
1639 2703 1977 2786 impetret,
2033 2703 2178 2770 Deo
2235 2705 2392 2771 facit

437 2788 784 2866 iniuriam,
852 2809 926 2853 ac
974 2789 1028 2851 si
1087 2790 1294 2854 servis
1351 2790 1485 2855 suis
1541 2790 1690 2874 plus
1744 2792 2110 2873 imponeret
2170 2791 2390 2856 oneris

440 2895 632 2959 quam
680 2875 814 2937 sint
856 2872 1154 2954 ferendo,
1208 2875 1311 2938 vel
1356 2875 1838 2941 inconsiderate
1895 2876 2159 2959 quidvis
2202 2899 2388 2941 man·

438 2961 646 3027 daret.
718 2960 955 3024 Merito
989 2960 1210 3042 itaque
1248 2959 1602 3026 damnatur
1636 2961 1797 3028 haec
1833 2962 2111 3028 sollicita
2155 2963 2389 3042 cautio,

441 3047 746 3132 quamvis
811 3045 1054 3129 aliquid
1131 3045 1369 3112 habeat
1434 3048 1705 3114 virtutis
1762 3048 2158 3115 admixtum:
2241 3050 2393 3134 quia

436 3153 867 3218 quaecunque
911 3132 1099 3198 nobis
1141 3146 1440 3199 occurrat
1483 3134 1863 3212 difficultas,
1909 3135 2212 3201 solatium
2273 3137 2395 3203 hoc

435 3221 736 3287 sufficere
772 3217 982 3297 debet,
1028 3219 1295 3284 formari
1350 3230 1417 3284 et
1453 3220 1692 3286 instrui
1728 3242 1768 3286 a
1791 3221 1953 3299 Dec,
1996 3223 2106 3304 qni
2144 3221 2393 3287 nullam
2422 3225 2430 3233 '

441 3306 525 3372 ad
596 3326 735 3370 rem
797 3302 1013 3370 idonei
1070 3314 1227 3371 sunt
1294 3306 1550 3388 quoties
1615 3328 1723 3373 008
1789 3307 1971 3392 eligit
2036 3308 2392 3374 ministros.

439 3394 702 3458 Timere
747 3389 1008 3473 quidem
1054 3391 1210 3458 licet
1264 3392 1335 3456 in
1392 3391 1588 3458 rebus
1646 3392 2010 3477 perplexis,
2074 3393 2266 3459 modo
2313 3415 2396 3458 ne

436 3474 717 3563 parendi
769 3476 1060 3541 studium
1124 3475 1438 3561 impediat
1496 3478 1831 3544 anxietas:
1899 3478 2011 3544 sed
2078 3478 2394 3562 quidquid

421 3561 735 3647 iniungit
770 3562 956 3627 Deus
998 3584 1303 3629 recusare
1345 3585 1682 3647 nunquam
1727 3566 1824 3631 fas
1870 3574 1968 3631 est
2011 3586 2397 3650 quocunque

440 3657 808 3735 praetextu.
877 3647 1225 3715 Caeterum
1264 3651 1565 3715 videmus
1613 3661 1685 3715 ut
1721 3672 1886 3734 quae
1931 3652 2199 3716 minime
2242 3661 2398 3735 apta

446 3737 755 3803 videntur
832 3737 1306 3815 instrumenta,
1386 3735 1729 3820 praecipue
1794 3738 1861 3801 in
1928 3758 2121 3802 usum
2202 3758 2395 3803 suum

444 3822 744 3906 applicet,
781 3841 907 3903 quo
943 3820 1177 3894 melius
1214 3823 1536 3907 refulgeat
1570 3825 1711 3889 eius
1746 3825 2058 3907 potentia.
2128 3824 2399 3889 Poterat

446 3910 699 3984 Mosen,
746 3908 801 3971 si
840 3927 914 3971 eo
958 3907 1220 3973 volebat
1262 3908 1477 3993 legato
1523 3909 1639 3988 uti,
1684 3909 2038 3976 facundum
2084 3909 2166 3974 ab
2209 3918 2399 3975 utero

446 4012 702 4061 creare:
749 3992 984 4057 saltem
1021 3994 1133 4059 ubi
1177 3993 1260 4059 ad
1306 4014 1470 4077 opus
1504 3995 1731 4072 mittit,
1779 4005 2069 4062 correcta
2111 3994 2399 4062 balbutie

444 4082 733 4147 formare
779 4078 921 4143 eius
965 4077 1283 4163 linguam.
1355 4080 1635 4146 Videtur
1679 4102 1836 4166 crgo
1881 4102 1997 4164 per
2039 4081 2399 4147 ludibrium

448 4168 641 4234 balbo
685 4163 1000 4229 mandare
1042 4165 1351 4249 loquendi
1396 4174 1648 4251 partes:
1708 4166 1822 4233 sed
1878 4169 2002 4233 hoc
2061 4167 2254 4232 modo
2298 4165 2401 4254 (ut

448 4251 619 4339 dixi)
655 4275 724 4317 se
759 4272 889 4317 non
937 4251 1203 4316 aliunde
1239 4251 1531 4317 adiutum
1569 4253 1789 4318 omnia
1824 4273 2015 4337 posse
2049 4251 2402 4320 ostendens

449 4339 725 4425 gloriam
772 4357 959 4402 suam
1006 4337 1245 4403 clarius
1288 4337 1591 4403 illustrat.
1681 4337 1763 4403 In
1812 4339 2159 4404 verborum
2205 4359 2403 4405 sensu

451 4425 711 4489 variant.
752 4423 1177 4506 interpretes:
1226 4423 1347 4490 hoc
1392 4425 1785 4489 membrum:
1835 4425 1940 4490 Ex
2001 4446 2129 4509 quo
2171 4426 2403 4508 loquu-

450 4522 559 4576 tus
604 4530 674 4574 es
721 4508 803 4573 ad
849 4528 1112 4574 servum
1162 4517 1379 4575 tuum:
1425 4510 1693 4593 quidam
1731 4511 2173 4595 amplificandi
2208 4532 2406 4577 causa

449 4595 748 4661 additum
794 4593 996 4660 fuisse
1041 4604 1295 4677 putant,
1343 4597 1532 4679 quasi
1574 4608 1724 4682 post
1762 4598 2073 4662 visionem
2120 4598 2403 4663 oblatam

448 4679 825 4765 impeditior
889 4700 1029 4746 esse
1094 4683 1382 4766 coeperit
1434 4683 1644 4748 Mosis
1710 4684 1961 4768 lingua:
2027 4682 2139 4748 sed
2200 4705 2405 4769 quum

453 4766 777 4853 particula
834 4777 911 4833 02
969 4779 1069 4831 ter
1134 4778 1497 4851 repetatur,
1562 4769 1949 4852 simpliciter
2013 4770 2406 4853 interpretor

454 4856 687 4921 Mosen
735 4853 814 4918 ab
860 4854 1142 4918 infantia
1184 4875 1387 4938 usque
1432 4875 1764 4938 nunquam
1812 4855 2014 4920 fuisse
2064 4856 2401 4934 disertum,

450 4961 670 5025 neque
714 4940 909 5004 etiam
958 4961 1134 5005 nunc
1179 4940 1490 5005 donatum
1539 4963 1710 5006 nova
1755 4941 2143 5024 eloquentia.

630 5027 729 5091 11.
795 5026 954 5108 Quis
998 5026 1217 5108 posuit
1258 5046 1327 5092 os
1368 5028 1441 5091 in
1496 5027 1789 5093 homine?
1872 5027 2004 5093 Hic
2047 5046 2244 5093 causa
2290 5048 2406 5092 ex-

448 5114 761 5197 primitur
837 5133 956 5177 cur
1041 5112 1551 5195 reprehensione
1639 5113 1839 5198 digna
1925 5114 2122 5179 fuerit
2200 5114 2408 5180 Mosis

446 5198 811 5265 cunctatio:
866 5218 1105 5282 nempe
1163 5198 1330 5281 quod
1378 5199 1446 5263 in
1504 5200 1774 5283 propria
1826 5200 2210 5265 infirmitate
2256 5199 2407 5265 sub-

592 5387 651 5457 1)
688 5386 761 5442 In
795 5387 1070 5455 marqinc:
1109 5386 1233 5453 Vel,
1272 5401 1393 5440 011111
1430 5403 1510 5441 eo.

2493 640 2734 705 sistens
2759 659 2892 704 non
2932 636 3284 721 respiceret
3313 637 3380 702 in
3407 637 3645 717 Deum,
3682 637 3793 721 qui
3829 637 4078 703 nullius
4113 638 4443 706 humanae

2492 726 2635 810 opis
2678 725 2978 810 indigus,
3028 745 3146 808 per
3190 744 3260 789 80
3305 724 3487 789 1111110
3533 723 3794 807 negotio
3838 723 4071 807 implet
4128 723 4442 809 quidquid
4518 744 4526 749 ·

2494 811 2814 889 (1001·ον11,
2885 821 2951 875 01
3014 809 3365 876 obstaculis
3430 832 3597 892 quae
3666 830 3783 874 nos
3843 817 4095 875 terrent
4137 811 4442 892 subactis,

2494 897 2876 962 adiumenta
2939 896 3063 961 sibi
3128 918 3245 979 pro
3303 894 3569 960 arbitrio
3633 895 4061 979 undecunque
4120 896 4438 965 adsciscit.

2493 984 2847 1049 Remoram
2886 1004 2964 1047 ex
3003 1002 3122 1047 sua
3159 981 3447 1048 balbutie
3484 982 3606 1048 sibi
3640 981 3857 1048 obiicit
3883 983 4128 1048 Moses:
4171 1003 4441 1068 respon-

2495 1069 2591 1134 dit
2637 1070 2819 1135 Deus
2862 1089 2934 1133 80
2978 1090 3181 1134 unum
3229 1088 3370 1133 esse
3415 1068 3528 1151 qui
3573 1067 3836 1150 linguas
3879 1066 4217 1134 hominum
4282 1090 4442 1154 quas

2495 1156 2744 1222 creavit
2778 1153 3126 1239 gubernet:
3173 1156 3392 1238 itaque
3427 1151 3599 1238 quod
3635 1154 3748 1219 alii
3791 1163 3948 1219 sunt
3981 1154 4299 1239 elingues,
4331 1155 4443 1223 vel

2492 1242 2694 1320 muti,
2736 1241 2848 1305 alii
2895 1248 3114 1306 antem
3157 1240 3445 1325 prompti
3488 1239 3568 1304 ad
3614 1239 4042 1325 loquendum,
4088 1241 4442 1307 discrimen

2493 1348 2635 1393 esse
2714 1348 2794 1392 ex
2864 1346 3045 1392 mero
3123 1347 3243 1392 suo
3325 1325 3748 1410 beneplacito.
3855 1326 4049 1392 Unde
4127 1329 4443 1411 sequitur,

2493 1413 2744 1479 subiici·
2782 1413 2923 1477 eius
2975 1413 3250 1495 imperio
3310 1422 3511 1477 totam
3557 1420 3858 1476 naturam
3904 1410 4005 1499 (111
4059 1412 4442 1501 loquuntur)

2494 1508 2570 1564 ut
2626 1498 2840 1564 media
2895 1519 3061 1582 quae
3121 1497 3305 1564 nulla
3362 1506 3519 1563 sunt
3580 1497 3770 1564 facile
3827 1499 4152 1565 inveniat:
4212 1508 4444 1566 contra

2493 1606 2652 1650 vero
2730 1605 3154 1668 quaecunque
3232 1593 3609 1668 repugnant
3695 1582 4164 1666 impedimenta
4248 1585 4444 1671 longe

2496 1679 2771 1747 avertat,
2815 1671 2912 1737 vel
2952 1680 3142 1754 cogat
3178 1671 3380 1735 etiam
3419 1668 3541 1735 sub
3574 1669 3977 1753 obsequium.
4046 1670 4443 1755 Quanquam

2494 1779 2628 1822 non
2673 1766 2932 1823 tantum
2979 1758 3098 1822 sibi
3145 1757 3279 1821 vim
3325 1766 3392 1820 01
3435 1764 3819 1839 potestatem
3866 1756 4250 1823 moderandi
4293 1780 4445 1823 ven-

2495 1841 2669 1909 dicat
2713 1843 2783 1907 in
2828 1842 3124 1928 generali
3179 1853 3455 1907 naturae
3496 1863 3719 1919 cursu,
3778 1842 3891 1908 sed
3937 1842 4125 1910 docet
4168 1866 4248 1909 ex
4294 1866 4440 1928 spe-

2494 1928 2644 1995 ciali
2711 1950 2831 1994 sua
2895 1930 3113 2012 gratia
3175 1929 3380 1993 fluere
3440 1926 3607 2011 quod
3667 1928 3779 1993 alii
3832 1950 4031 2011 supra
4087 1930 4250 1996 alios
4308 1932 4441 1996 elo-

2495 2015 2763 2098 quentia
2805 2015 3079 2098 pollent:
3141 2034 3351 2097 neque
3396 2012 3461 2078 id
3505 2014 3732 2093 modo,
3788 2013 3899 2079 sed
3957 2016 4028 2080 in
4072 2035 4273 2081 manu
4318 2016 4441 2082 sibi

2495 2122 2639 2166 esse
2696 2101 2896 2165 miras
2957 2102 3445 2177 conversiones,
3504 2110 3580 2164 ut
3639 2099 4100 2168 disertissimos
4160 2123 4447 2186 quosque

2494 2187 2941 2253 obmutescere
2993 2187 3215 2262 faeiat,
3274 2187 3477 2251 mutis
3522 2195 3740 2267 autem
3801 2187 4093 2271 linguam
4139 2189 4446 2272 expediat

2496 2273 2577 2337 ad
2622 2272 3034 2356 loquendum.
3117 2272 3294 2353 Nam
3339 2278 3408 2336 et
3451 2272 3853 2355 experientia
3896 2272 4022 2338 hoc
4066 2273 4281 2353 docet,
4331 2276 4446 2360 qui

2496 2359 2763 2443 linguae
2808 2359 3102 2443 agilitate
3146 2367 3488 2442 praestant
3529 2355 3859 2423 interdum
3905 2380 4205 2425 sermone
4250 2361 4446 2427 desti-

2497 2448 2623 2510 tui:
2672 2466 2935 2510 rursum
2970 2442 3196 2510 balbos
3242 2451 3357 2509 aut
3392 2442 3613 2509 tardos
3649 2443 4015 2512 incredibili
4051 2444 4447 2512 dexteritate

2497 2552 2690 2616 agere
2734 2550 2996 2597 causam
3043 2551 3262 2609 unam,
3303 2551 3506 2613 quum
3543 2530 3615 2594 in
3658 2530 3804 2596 aliis
3841 2532 4144 2599 omnibus
4190 2533 4450 2600 deficiat

2496 2636 2607 2684 eos
2650 2617 2940 2683 facultas.
3032 2615 3256 2697 Quum
3303 2637 3460 2701 ergo
3514 2617 3586 2680 in
3627 2637 3825 2681 manu
3873 2618 3997 2683 Dei
4055 2619 4142 2684 sit
4186 2618 4448 2704 linguas

2495 2703 2772 2788 singulis
2816 2702 3165 2768 momentis
3210 2702 3311 2767 vel
3358 2703 3826 2787 constringere,
3853 2704 3955 2769 vel
3999 2705 4271 2783 solvere,
4297 2726 4447 2789 per-

2498 2810 2721 2873 peram
2785 2789 3004 2857 Moses
3058 2788 3242 2871 quasi
3301 2787 3747 2872 deprehensus
3800 2788 4046 2870 haesit,
4107 2791 4261 2874 qnia
4313 2813 4449 2858 non

2500 2883 2880 2959 suppeteret
2924 2874 3241 2940 naturalis
3285 2873 3621 2941 facundia:
3680 2897 3754 2940 ac
3798 2876 3852 2940 si
3898 2896 4097 2958 penes
4151 2888 4449 2943 autorem

2502 2973 2778 3027 naturae
2855 2981 2988 3026 non
3070 2969 3240 3026 esset
3318 2960 3518 3025 huius
3595 2960 3988 3026 incommodi
4067 2962 4451 3031 remedium.

2502 3047 2755 3114 Verum
2792 3047 2983 3115 sicuti
3017 3046 3407 3113 immensam
3430 3045 3560 3112 Dei
3595 3048 3955 3132 potentiam
3992 3069 4191 3134 supra
4224 3070 4452 3117 omnes

2500 3137 2609 3218 qui
2654 3135 2840 3200 nobis
2883 3134 3319 3200 adversantur
3361 3133 3577 3199 obices
3621 3133 3934 3199 extollere
3978 3137 4305 3216 convenit,
4354 3137 4449 3203 ita

2499 3242 2729 3287 rursus
2771 3220 3140 3286 cavendum
3185 3241 3269 3285 ne
3313 3221 3683 3302 promiscue
3726 3231 3791 3285 et
3833 3221 3974 3286 sine
4020 3221 4273 3288 delectu
4318 3223 4449 3290 huc

2498 3307 2657 3373 illuc
2693 3328 2839 3372 eam
2875 3307 3232 3383 trahamus,
3283 3327 3358 3371 ac
3400 3306 3456 3371 81
3502 3305 3743 3372 nostris
3778 3307 4113 3390 figmentis
4158 3309 4453 3375 subiecta

2502 3402 2693 3459 esset.
2763 3392 3080 3457 Videmus
3116 3393 3289 3456 enim
3329 3391 3688 3476 plerosque,
3728 3391 3881 3457 dum
3921 3394 4118 3460 nimis
4143 3393 4453 3461 audacter

2502 3479 2870 3563 suscipiunt
2891 3476 3202 3562 quidquid
3226 3478 3378 3543 tulit
3400 3498 3621 3543 eorum
3661 3477 3881 3557 libido,
3919 3480 4181 3564 nequid
4218 3501 4446 3546 eorum

2502 3566 2818 3648 impetum
2868 3574 3190 3643 moretur,
3247 3563 3423 3629 hune
3467 3564 3768 3648 elypeum
3830 3566 4148 3650 arripere,
4208 3568 4273 3632 in
4321 3565 4452 3632 Dei

2502 3672 2706 3716 manu
2754 3670 2915 3721 ,0880
2981 3649 3204 3714 omnia
3268 3649 3485 3714 media
3542 3657 3609 3714 et
3664 3660 3962 3717 eventus.
4066 3653 4269 3736 Atqui
4328 3652 4453 3719 hac

2503 3738 2817 3802 iactantia
2879 3735 3147 3817 indigne
3213 3736 3595 3819 profanatur
3659 3734 3791 3801 Dei
3858 3738 4101 3802 virtus:
4180 3737 4456 3822 ideoque

2503 3845 2635 3887 non
2682 3832 2901 3906 potest
2944 3823 3104 3887 haec
3148 3823 3472 3886 sententia
3518 3825 3640 3887 rite
3676 3823 4154 3889 accommodari
4189 3826 4260 3890 in
4295 3825 4458 3910 legi-

2504 3910 2738 3974 timum
2780 3910 3007 3987 finem,
3051 3907 3176 3973 nisi
3223 3908 3597 3990 praeluceat
3640 3911 3895 3974 vocatio
3941 3917 4007 3974 et
4049 3910 4454 3978 mandatum.

2504 3994 2733 4078 Itaque
2792 3993 3079 4059 notanda
3136 4001 3236 4059 est
3294 3993 3647 4059 connexio:
3707 3995 4130 4062 Proficiscere
4193 4018 4323 4080 quo
4387 4005 4455 4063 te

2506 4083 2801 4147 mittam:
2866 4101 3083 4146 nonne
3148 4100 3269 4163 ego
3334 4100 3479 4145 sum
3537 4079 3818 4163 Iehova,
3884 4081 3997 4164 qui
4065 4103 4455 4164 sermonem,

2503 4168 2723 4234 visum
2789 4174 2857 4232 et
2921 4164 3217 4231 auditum
3277 4165 3657 4232 hominibus
3713 4166 4004 4251 largior?
4074 4167 4261 4249 Quae
4326 4170 4458 4236 11110

2505 4252 2736 4332 tendit,
2773 4260 2846 4317 111
2869 4252 3088 4317 Μο808
3123 4251 3536 4320 liberalitatis
3575 4252 3834 4318 divinae
3880 4252 4116 4318 fiducia
4144 4255 4226 4320 ad
4264 4277 4454 4322 exse-

2508 4337 2844 4423 quendum
2887 4359 3129 4404 munus
3169 4358 3363 4402 suum
3406 4351 3671 4403 strenue
3713 4339 4065 4404 incumbat.

2683 4424 2783 4490 13.
2831 4423 3011 4490 Mitte
3036 4444 3155 4507 per
3194 4443 3470 4489 manum.
3539 4423 3732 4505 Quod
3775 4424 3949 4490 hunc
3994 4425 4206 4492 locum
4251 4426 4455 4492 inter-

2507 4518 2858 4596 pretantur
2900 4510 3200 4576 nonnulli
3246 4507 3326 4574 de
3368 4508 3662 4589 Christe,
3714 4512 3895 4594 quasi
3943 4510 4188 4576 diceret
4230 4513 4456 4579 Moses

2510 4598 2652 4662 01118
2686 4596 2932 4661 virtute
2968 4616 3133 4681 opus
3168 4615 3309 4661 esse
3333 4593 3413 4660 ad
3451 4597 3618 4660 tanti
3656 4597 3871 4680 operis
3910 4598 4452 4681 magnitudinem,

2510 4693 2801 4749 coactum
2849 4690 2950 4748 est
2993 4694 3062 4747 et
3101 4683 3295 4765 longe
3340 4682 3638 4765 petitum,
3684 4692 3752 4747 et
3793 4682 4115 4748 refellitur
4160 4687 4455 4766 proximo

2509 4777 2849 4835 contextu:
2908 4769 3063 4851 quia
3113 4768 3197 4832 ad
3244 4768 3413 4834 hanc
3456 4770 3897 4852 precationem
3941 4790 4068 4834 non
4116 4780 4455 4854 tantopere

2512 4854 2971 4921 excanduisset
3024 4852 3224 4920 Deus.
3328 4852 3432 4917 De
3497 4854 3803 4920 Aharone
3856 4875 3973 4921 cur
4036 4853 4146 4920 alii
4203 4855 4454 4923 dictum

2510 4941 2834 5024 accipiant
2869 4961 3000 5006 non
3037 4940 3254 5006 video:
3300 4939 3467 5004 nihil
3504 4942 3676 5005 enim
3713 4942 3778 5005 in
3818 4963 4038 5006 eorum
4076 4942 4456 5010 coniectura

2510 5029 2779 5092 firmum
2831 5036 2961 5103 est,
3024 5024 3195 5109 quod
3255 5027 3471 5091 Moses
3534 5025 3655 5090 sibi
3721 5028 3991 5093 fratrem
4052 5027 4452 5110 praetulerit.

2510 5114 2776 5180 Tertius
2820 5134 3050 5179 sensus
3094 5114 3302 5196 magis
3343 5123 3444 5177 est
3490 5111 3865 5192 tolerabilis,
3917 5123 3991 5177 ut
4034 5113 4215 5179 Deus
4259 5136 4456 5197 quem

2513 5199 2594 5264 ad
2632 5200 2758 5265 hoc
2791 5219 2956 5281 opus
2991 5196 3367 5277 destinavit,
3411 5197 3592 5264 velut
3625 5208 3926 5282 porrecta
3959 5219 4159 5264 manu
4190 5200 4255 5265 di
4298 5201 4312 5214 ‘
4405 5214 4453 5266 t:

2512 5285 2681 5369 quod
2750 5283 3136 5350 tantundem
3204 5282 3380 5349 valet
3457 5293 3652 5367 atque
3731 5284 4115 5351 necessariis
4195 5285 4331 5351 doti
4377 5307 4455 5353 us

2513 5392 2765 5437 ornare.
2869 5369 3002 5437 Sed
3058 5378 3216 5435 tunc
3278 5370 3625 5436 relativum
3688 5372 4082 5442 vertendum
4147 5381 4319 5437 esset
4383 5373 4455 5439 in
