4867 6150
547 432 675 497 603
1741 524 1760 549 ι
1983 427 2214 510 QUIN
2217 429 2415 497 TUM
2459 430 3115 501 PRAEGEPTUM.
4419 436 4530 503 604

1565 616 1743 699 Quia
1800 624 2023 683 autem
2082 618 2501 686 observantia

547 725 747 792 quam
789 704 1172 790 parentibus
1229 702 1539 770 deferunt
1600 704 1818 782 liberi,
1875 716 2181 770 censetur
2237 705 2500 788 pietatis

547 794 831 877 species:
890 790 1016 857 hoc
1071 799 1418 875 praetextu
1466 789 1729 873 quidam
1789 790 2023 857 inscite
2083 791 2387 858 locarunt
2427 792 2498 857 in

546 879 762 964 prima
826 877 1049 943 tabula
1112 873 1286 960 quod
1365 897 1545 942 nunc
1621 878 2038 960 praecipitur.
2151 876 2211 942 N
2215 898 2288 944 ec
2363 877 2499 943 illis

548 965 718 1031 suffr
845 972 953 1029 tur
1018 962 1269 1029 Paulus
1333 960 1555 1048 (Rom.
1625 961 1727 1039 13,
1793 962 1882 1049 9),
1949 961 2110 1028 dum
2167 984 2500 1030 summam

549 1072 746 1119 secun
796 1069 874 1115 ae
937 1049 1197 1116 tabulae
1262 1048 1608 1133 colligens,
1698 1049 1895 1114 huius
1958 1050 2294 1133 praecepti
2365 1070 2499 1116 non

548 1136 883 1203 meminit:
928 1135 996 1200 id
1040 1135 1217 1201 enim
1259 1134 1558 1201 consulto
1600 1132 1786 1217 fecit,
1844 1134 2000 1218 quia
2041 1135 2176 1201 illic
2219 1157 2301 1202 ex
2347 1154 2498 1220 pro-

545 1224 718 1290 &seo
762 1219 967 1302 docet,
1034 1240 1263 1305 regum
1298 1230 1367 1286 et
1410 1221 1916 1306 magistratuum
1953 1222 2227 1304 imperio
2264 1240 2499 1305 paren·

545 1309 706 1376 dum
773 1328 933 1374 esse.
1040 1307 1349 1373 Ohristus
1413 1327 1574 1372 vero
1640 1327 1902 1373 omnem
1975 1309 2497 1375 controversiam

549 1395 831 1475 dirimit,
896 1393 1008 1459 ubi
1053 1395 1227 1458 inter
1270 1402 1619 1477 praecepta
1660 1392 1988 1459 secundae
2031 1392 2293 1460 tabulae
2336 1414 2500 1459 enu-

545 1488 781 1564 merat,
848 1490 923 1544 ut
977 1479 1095 1546 filii
1159 1489 1469 1564 parentes
1538 1480 1863 1545 honorent
1926 1478 2147 1566 (Matt.
2210 1481 2311 1559 19,
2369 1479 2497 1567 19⁷).

546 1566 818 1633 Diserte
864 1586 1018 1632 vero
1063 1585 1298 1630 nomen
1344 1572 1635 1630 matrum
1677 1567 2067 1648 exprimitur
2086 1617 2102 1644 ,
2163 1588 2246 1632 ne
2300 1588 2499 1633 sexus

547 1673 661 1719 eas
726 1650 1250 1735 contemptibiles
1316 1650 1545 1716 reddat
1608 1651 1781 1736 apud
1848 1652 2086 1718 liberos
2150 1652 2497 1719 masculos.

548 1739 690 1806 Iam
734 1737 892 1821 quid
937 1738 1154 1805 valeat
1198 1736 1564 1804 honorandi
1621 1737 1897 1802 verbum
1917 1790 1931 1814 ,
1989 1747 2212 1804 tenere
2260 1760 2500 1805 conve·

546 1827 668 1904 nit,
714 1845 847 1890 non
894 1822 1108 1908 quoad
1153 1822 1699 1909 significationem
1742 1826 2271 1908 grammaticam:
2316 1823 2344 1911 (
2391 1825 2502 1891 uia

546 1925 678 1981 “122
720 1908 890 1975 nihil
934 1909 1111 1975 aliud
1155 1917 1257 1974 est
1289 1930 1485 1993 quam
1512 1908 1656 1975 Deo
1691 1920 1757 1974 et
1793 1908 2170 1976 hominibus
2205 1912 2319 1994 qui
2345 1847 2501 1996 qug-

548 1998 755 2065 nitate
811 1995 1062 2079 pollent
1112 1995 1359 2062 iustum
1416 1996 1734 2061 honorem
1792 1993 2103 2083 deferre):
2160 1998 2276 2062 sed
2340 2017 2499 2080 quo-

549 2082 634 2149 ad
677 2103 998 2150 summam
1045 2082 1158 2148 rei.
1208 2080 1405 2147 Certe
1450 2102 1652 2165 quum
1700 2081 1881 2146 Deus
1925 2102 2152 2148 servos
2195 2104 2348 2149 suos
2390 2106 2501 2149 ex·

548 2169 757 2236 ternis
820 2176 1080 2233 tantum
1144 2168 1571 2233 caeremoniis
1634 2164 1904 2252 defungi
1970 2169 2167 2243 nolit,
2232 2168 2502 2235 minime

547 2254 824 2320 dubium
879 2265 981 2318 est
1035 2252 1256 2318 omnia
1314 2253 1577 2335 pietatis
1634 2254 1848 2319 officia
1913 2274 2090 2319 nunc
2133 2254 2499 2337 complecti,

548 2341 787 2425 quibus
844 2339 987 2422 ipse
1046 2349 1319 2403 naturae
1369 2360 1601 2405 sensus
1658 2338 1897 2404 liberos
1955 2339 2334 2423 parentibus
2392 2341 2500 2407 ob-

550 2426 852 2511 stringit:
899 2446 1065 2507 quae
1110 2423 1193 2489 ad
1242 2423 1369 2489 tria
1403 2426 1616 2508 capita
1659 2425 1893 2489 referri
1933 2438 2227 2509 possunt,
2281 2435 2355 2491 ut
2397 2444 2502 2492 re·

552 2518 858 2580 verenter
892 2533 1002 2576 eos
1036 2510 1409 2589 observent,
1456 2522 1530 2575 ut
1562 2509 1942 2576 obedienter
1966 2523 2237 2595 pareant
2272 2533 2504 2578 eorum

548 2596 847 2681 imperio,
891 2617 1089 2679 seque
1129 2595 1213 2662 ab
1256 2596 1417 2679 ipsis
1459 2598 1602 2680 regi
1646 2596 2034 2675 sustineant,
2082 2607 2154 2664 ut
2189 2598 2502 2664 studeant

551 2691 851 2749 mutuam
895 2682 1111 2748 vicem
1152 2679 1532 2765 rependere,
1576 2691 1770 2766 atque
1811 2683 1908 2749 ita
1946 2704 2017 2749 80
2052 2695 2117 2749 οι
2160 2705 2315 2750 8008
2349 2702 2502 2769 ope-

549 2790 659 2836 ras
701 2766 926 2835 sedulo
969 2768 1130 2852 ipsis
1172 2766 1579 2851 impendant.
1680 2768 1858 2849 Quia
1901 2789 2057 2854 ergo
2099 2790 2360 2836 sacrum
2403 2781 2507 2836 est

548 2855 757 2940 patris
816 2875 1087 2930 nomen,
1146 2861 1214 2919 et
1266 2854 1586 2938 singulari
1646 2854 1773 2919 Dei
1816 2854 2130 2922 beneficio
2170 2857 2252 2922 ad
2299 2857 2507 2922 homi-

547 2962 668 3008 nes
712 2939 1138 3021 transfertur,
1193 2936 1523 3006 redundat
1577 2948 1928 3024 parentum
1991 2951 2402 3027 contemptus
2435 2944 2508 3008 in

546 620 863 687 divinitus
920 625 1077 684 sunt
1132 617 1461 702 praefecti.

547 3027 758 3112 ipsius
804 3027 928 3094 Dei
987 3027 1484 3094 contumeliam:
1544 3048 1665 3094 nec
1718 3028 2502 3199 ἔξιξίξεᾳὲἑῗὲἒὲῗωξῗ.
2552 3032 2553 3067 3

553 3123 720 3180 trem
760 3135 1072 3198 spernere
1116 3114 1262 3179 sine
1307 3114 1667 3198 sacrilegio.

552 3208 657 3266 tos
699 3221 843 3266 esse
885 3199 1124 3282 impios
1169 3210 1234 3264 et
1277 3199 1630 3266 sceleratos
1675 3210 1921 3284 patres,
1980 3200 2061 3266 de
2105 3202 2341 3287 quibus
2384 3201 2502 3268 ho·

552 3287 825 3352 norifice
882 3286 1129 3352 sentire
1186 3295 1527 3369 nequeunt
1584 3286 1706 3351 filii
1762 3288 1921 3370 quin
1966 3287 2197 3353 tollant
2239 3287 2393 3353 boni
2438 3294 2507 3353 et

552 3372 713 3437 mali
736 3371 1120 3439 discrimen:
1171 3372 1507 3454 responsio
1547 3372 1618 3438 in
1660 3383 1973 3457 promptu
1997 3386 2116 3451 est,
2160 3373 2505 3440 hominm

553 3457 733 3524 vitiis
795 3479 925 3523 non
982 3458 1122 3523 tolli
1184 3466 1569 3542 perpetuam
1616 3467 1891 3524 naturae
1935 3459 2181 3544 legem:
2228 3460 2505 3543 ideoque

599 3543 915 3610 uamlibet
935 3543 1183 3610 honore
1227 3543 1540 3629 indignus
1584 3546 1671 3611 sit
1712 3553 1921 3629 pater.
1964 3547 2247 3612 retinere
2285 3557 2507 3611 tamen

551 3565 906 3780 {quatenus
951 3641 1138 3713 pater
1181 3629 1308 3716 est)
1351 3631 1452 3695 ius
1497 3651 1688 3695 suum
1734 3634 1802 3697 in
1847 3631 2032 3710 61108,
2079 3631 2271 3699 010ᾶο
2315 3653 2400 3697 00
2437 3632 2506 3697 id

623 3716 685 3781 01
728 3715 964 3781 1οᾶ1010
1009 3715 1366 3799 quidquam
1412 3716 1708 3801 deroget:
1756 3737 1908 3783 nam
1954 3718 2114 3784 vitia
2148 3738 2315 3803 quae
2361 3717 2507 3803 lege

553 3805 697 3866 eius
768 3800 1207 3881 damnantur,
1288 3800 1626 3869 absolvere
1699 3823 2089 3888 quocunque
2159 3815 2504 3886 praetextu

554 3886 753 3953 nimis
814 3886 1169 3955 absurdum
1237 3897 1439 3953 esset:
1508 3887 1640 3953 imo
1684 3889 1884 3971 patris
1944 3911 2184 3956 nomen
2244 3889 2505 3956 trahere

554 3973 637 4039 ad
710 3972 1080 4057 obtegenda
1159 3972 1437 4053 scelera,
1516 3973 1790 4060 indigna
1869 3986 2040 4042 esset
2119 3977 2503 4060 profanatio.

553 4060 734 4143 Ergo
778 4060 848 4124 in
885 4058 1274 4144 damnandis
1320 4060 1527 4143 patris
1564 4061 1915 4126 sceleribus
1959 4063 2132 4127 filius
2169 4084 2321 4128 vere
2360 4064 2504 4145 pius

551 4146 686 4230 legi
732 4145 860 4211 Dei
904 4145 1299 4212 subscribet:
1348 4146 1823 4231 qualiscunque
1868 4157 2083 4212 tamen
2132 4149 2235 4226 sit,
2273 4167 2505 4231 agnos-

554 4242 660 4296 cet
701 4250 851 4297 eum
897 4252 1039 4297 0880
1075 4230 1454 4298 colendum:
1501 4234 1654 4316 quia
1689 4245 1878 4315 pater
1912 4253 1950 4297 a
1973 4234 2117 4299 Deo
2155 4246 2256 4299 est
2290 4232 2500 4300 datus.

554 4316 869 4399 Sequitur
910 4317 1312 4394 obedientia,
1379 4339 1545 4402 0000
1603 4332 1670 4384 οι
1724 4320 1868 4402 ipsa
1909 4322 2045 4385 suis
2091 4319 2332 4386 finibus
2377 4320 2504 4384 cir-

554 4402 1031 4469 cumscribitur.
1129 4403 1377 4468 Fidelis
1421 4404 1619 4491 huius
1662 4405 1992 4489 praecepti
2037 4407 2359 4491 interpres
2403 4414 2506 4471 est

555 4488 825 4565 Paulus,
890 4489 1002 4554 ubi
1066 4490 1252 4555 iubet
1315 4490 1484 4556 filios
1546 4492 1929 4575 parentibus
1996 4492 2258 4558 obedire
2300 4491 2500 4579 (Eph.

551 4576 616 4654 6,
667 4578 720 4639 1.
789 4572 926 4639 001.
972 4575 1031 4652 3,
1077 4576 1164 4641 20
1194 4627 1208 4641 .
1267 4575 1500 4642 Honor
1543 4578 1767 4660 itaque
1809 4577 2276 4644 subiectionem
2320 4579 2388 4643 in
2433 4599 2504 4644 se

554 4659 878 4727 continet:
935 4674 1009 4725 ut
1064 4681 1175 4745 qui
1236 4664 1442 4746 patris
1500 4664 1728 4747 iugum
1790 4665 2041 4730 excutit
2081 4687 2203 4731 nec
2247 4686 2318 4732 80
2362 4665 2503 4729 0108

551 4745 904 4813 autoritate
947 4747 1301 4831 gubernari
1327 4749 1643 4828 sustinet,
1689 4750 1923 4815 merito
1958 4749 2211 4817 dicatur
2248 4759 2503 4834 patrem

553 4849 882 4915 spernere,
926 4839 993 4897 et
1038 4854 1118 4898 ex
1165 4833 1309 4899 aliis
1353 4835 1509 4902 locis
1544 4836 1785 4902 clarius
1822 4837 2088 4918 patebit,
2132 4839 2505 4921 quicunque

552 4918 868 5000 morigeri
911 4938 1042 4982 non
1087 4928 1246 4983 80οι
1284 4921 1703 5002 parentibus.
1761 4924 2016 4988 censeri
2072 4944 2296 4990 eorum
2354 4943 2504 4988 con-

554 5018 930 5087 temptores.
1038 5003 1388 5070 Caeterum
1433 5006 1526 5071 ita
1567 5006 1893 5074 limitatur
1937 5011 2150 5092 patria
2194 5019 2501 5093 potestus,

554 5099 630 5156 ut
673 5091 856 5155 Deus
901 5113 940 5156 a
983 5111 1110 5173 quo
1155 5090 1399 5174 pendet
1451 5096 1667 5158 omnis
1722 5096 2060 5179 cognatio,
2125 5094 2503 5162 dominetur

557 5190 690 5241 tam
736 5176 1032 5259 patribus
1076 5197 1268 5260 quam
1313 5177 1486 5243 filiis.
1532 5178 1861 5245 Praesunt
1902 5182 2080 5246 enim
2124 5181 2347 5248 liberis
2391 5201 2504 5265 pa-

554 5270 812 5328 rentes:
860 5284 1088 5328 verum
1134 5262 1256 5329 sub
1301 5284 1559 5330 summo
1594 5265 1724 5330 Dei
1767 5266 2058 5350 imperi0.
2101 5268 2334 5351 Itaque
2369 5287 2503 5331 non

554 5347 935 5431 simpliciter
979 5350 1149 5416 61108
1192 5349 1496 5415 hortatur
1531 5350 1783 5416 Paulus
1829 5362 1902 5418 ut
1943 5355 2327 5436 parentibus
2365 5353 2504 5420 sint

2605 620 3053 703 obsequentes,
3119 620 3235 686 sed
3300 622 3710 687 restrictione
3776 620 4035 687 addita:
4094 622 4175 687 In
4236 623 4527 690 Domino:

2603 727 2733 791 quo
2777 707 3107 792 significat
3147 706 3203 772 si
3258 707 3415 791 quid
3460 707 3708 773 iniuste
3751 717 3939 790 pater
3980 709 4312 792 iniungat,
4356 713 4532 778 obse-

2603 792 2835 876 quium
2880 792 3084 858 libere
3130 792 3506 878 negandum
3552 815 3713 860 esse.
3759 793 4107 861 Ferendus
4151 795 4404 877 quidem
4443 804 4532 863 est

2604 876 2996 944 immodicus
3048 879 3227 963 rigor
3248 930 3262 955 ,
3319 881 3700 959 morositas,
3759 889 3957 964 atque
4023 880 4221 945 etiam
4264 883 4534 962 saevitia,

2605 963 2797 1030 modo
2858 985 2943 1029 nc
3002 963 3298 1031 mortalis
3356 965 3552 1031 homo
3605 967 3804 1049 impie
3861 966 4186 1050 exigendo
4248 966 4411 1050 quod
4449 969 4536 1035 fas

2605 1070 2743 1116 non
2789 1059 2909 1130 est,
2956 1051 3058 1117 ius
3100 1071 3296 1117 suum
3341 1051 3486 1116 Deo
3529 1052 3785 1134 eripere
3832 1059 4056 1118 tentet.
4117 1051 4415 1136 Denique
4452 1053 4540 1120 ita

2603 1136 2712 1201 lex
2757 1137 2927 1204 filios
2970 1138 3349 1221 parentibus
3392 1135 3674 1212 subiicit,
3743 1146 3819 1203 ut
3866 1136 4009 1204 Deo
4051 1140 4153 1204 108
4189 1159 4381 1204 80001
4420 1139 4539 1205 illi·

2606 1221 2832 1288 batam
2881 1230 3160 1289 maneat.
3248 1222 3445 1305 Quod
3500 1223 3608 1289 hic
3651 1222 3956 1289 obiicitur
3996 1225 4309 1308 quaestio,
4365 1246 4539 1308 posse

2602 1309 2935 1374 interdum
3001 1311 3378 1394 contingere
3446 1318 3522 1375 ut
3585 1309 3761 1383 filius
3824 1310 4289 1394 magistratum
4349 1320 4541 1395 gerat,

2602 1404 2790 1478 pater
2842 1413 2997 1460 vero
3040 1397 3129 1460 sit
3175 1394 3370 1460 homo
3404 1397 3735 1478 privatus:
3783 1405 3982 1479 atque
4024 1397 4121 1461 ita
4163 1397 4375 1462 611001
4418 1398 4540 1480 pri·

2601 1490 2756 1547 vato
2812 1482 3021 1547 officio
3080 1500 3213 1546 non
3253 1502 3440 1565 posse
3485 1480 3753 1566 defungi
3796 1483 3954 1566 quin
4001 1481 4333 1566 publicum
4377 1483 4541 1549 ordi-

2601 1587 2755 1633 nem
2801 1567 3026 1634 violet:
3087 1569 3427 1652 responsio
3471 1567 3680 1634 facilis
3725 1577 3858 1647 est,
3916 1579 4146 1634 mutua
4210 1570 4537 1653 utriusque

2604 1652 3050 1719 moderatione
3094 1653 3188 1720 sic
3232 1674 3422 1738 posse
3465 1653 3686 1718 omnia
3730 1653 4115 1737 temperari,
4170 1664 4244 1719 ut
4288 1653 4438 1720 dum
4481 1675 4545 1720 se

2604 1740 2881 1823 imperio
2927 1739 3041 1805 filii
3086 1740 3418 1806 submittit
3461 1747 3667 1822 pater,
3712 1738 3962 1805 honore
4005 1749 4228 1805 tamen
4275 1760 4393 1806 suo
4436 1742 4551 1806 mi·

2605 1825 2783 1890 nime
2827 1825 3186 1904 fraudetur,
3233 1839 3300 1891 et
3323 1825 3516 1906 61108,
3561 1826 3860 1909 quamvis
3898 1834 4216 1909 potestate
4254 1828 4547 1903 emineat,

2603 1911 2899 1977 modeste
2945 1921 3167 1976 tamen
3212 1921 3464 1993 patrem
3510 1921 3907 1977 revereatur.
4018 1912 4322 1977 Tertium
4367 1921 4549 1995 caput

2604 1997 2872 2063 honoris
2916 2008 3034 2078 est,
3080 2007 3151 2061 ut
3194 1997 3312 2062 filii
3357 2008 3707 2081 parentum
3751 2017 3973 2064 curam
4019 2005 4289 2082 gerant,
4349 2008 4417 2063 et
4472 1997 4548 2063 ad

2604 2082 2829 2148 omnia
2871 2082 3088 2149 officia
3133 2083 3417 2166 prompti
3459 2083 3598 2148 sint
3641 2103 3717 2149 ac
3760 2082 3987 2149 seduli.
4035 2083 4229 2149 Hanc
4275 2086 4547 2168 speciem

2606 2169 2868 2251 pietatis
2912 2168 3151 2235 Graeci
3201 2176 3523 2235 vocarunt
3561 2167 4037 2253 α’ντιπελαργίαν,
4083 2170 4233 2253 0010
4275 2171 4545 2237 01000100

2604 2254 2983 2337 parentibus
3027 2254 3278 2321 effoetis
3323 2263 3390 2320 et
3433 2255 3615 2320 senio
3674 2255 3988 2321 confectis
4047 2254 4267 2321 cibum
4325 2277 4549 2339 suppe-

2607 2340 2838 2421 ditant,
2882 2355 2945 2405 et
2990 2342 3084 2405 ita
3127 2339 3551 2424 gratitudinis
3596 2352 3751 2406 sunt
3793 2341 4168 2425 magistrae.
4230 2340 4388 2423 Quo
4428 2341 4549 2408 foe·

2607 2425 2751 2491 dior
2796 2436 2895 2492 est
2937 2440 3013 2493 ac
3058 2426 3272 2527 magis
3317 2426 3721 2493 detestabilis
3765 2448 3986 2493 eorum
4039 2427 4394 2508 barbaries,
4448 2427 4551 2512 qui

2606 2520 2957 2595 parentum
3015 2511 3299 2596 inopiam
3357 2512 3611 2590 levare,
3686 2521 3754 2578 et
3811 2515 4312 2582 necessitatibus
4371 2534 4550 2598 opem

2610 2599 2803 2673 ferre,
2849 2599 2951 2664 vel
2975 2606 3340 2683 gravantur
3387 2599 3487 2664 vel
3532 2599 3710 2685 negli
3759 2609 3899 2664 unt.
3961 2599 4107 2665 Etsi
4144 2621 4306 2667 vero
4347 2610 4552 2684 pater·

2610 2700 2768 2749 num
2806 2700 3044 2750 nomen
3080 2704 3204 2750 sua
3239 2680 3585 2750 dulcedine
3629 2700 3701 2749 sa
3754 2708 3789 2751 s
3831 2682 3914 2749 ad
3958 2684 4252 2769 obsequii
4299 2706 4553 2770 promp-

2613 2770 2960 2836 titudinem
3006 2769 3266 2836 allicere
3307 2770 3479 2836 filios
3524 2770 3753 2837 debet:
3804 2771 4146 2855 promissio
4191 2780 4420 2838 tamen
4461 2773 4554 2838 in-

2611 2866 2750 2921 star
2805 2856 3052 2922 stimuli
3110 2855 3393 2937 additur,
3458 2878 3584 2939 quo
3628 2857 3906 2924 alacrius
3949 2856 4070 2922 6111
4115 2856 4198 2921 ad
4245 2857 4553 2925 honorem

2611 2942 2722 3024 qui
2785 2941 3154 3027 iniungitur
3213 2942 3679 3026 praestandum
3756 2964 3827 3009 se
3890 2954 4293 3027 comparent.
4407 2944 4552 3010 Ideo

2611 3027 2862 3095 Paulus
2917 3049 3045 3112 quo
3097 3027 3410 3096 libentius
3464 3028 3584 3095 filii
3645 3029 4026 3113 parentibus
4081 3028 4397 3097 obediant
4450 3029 4552 3096 ad·

2613 3125 2835 3181 monet
2894 3115 3018 3180 hoc
3073 3124 3495 3199 praeceptum
3553 3135 3698 3182 0880
3752 3117 4040 3200 primum
4090 3137 4249 3182 cum
4297 3116 4557 3202 0100118-

2611 3202 2793 3267 81000
2836 3199 3035 3287 (Eph.
3082 3203 3142 3281 6,
3187 3202 3227 3266 2
3257 3249 3273 3266 .
3324 3201 3465 3268 Etsi
3509 3202 3687 3267 enim
3730 3201 4019 3269 80000110
4058 3214 4413 3288 praecepto
4448 3224 4554 3269 an·

2612 3309 2784 3352 nexa
2825 3288 3171 3372 promissio
3243 3288 3371 3372 uit,
3438 3309 3572 3354 non
3628 3295 3849 3354 tamen
3894 3287 4234 3371 specialis,
4302 3289 4555 3374 qualem

2612 3374 2782 3439 hanc
2839 3395 2983 3440 0880
3053 3374 3400 3441 cernimus.
3501 3373 3645 3439 Iam
3710 3374 4048 3458 praecepti
4115 3374 4555 3443 observationi

2610 3461 3075 3525 convenienter
3117 3458 3474 3544 respondet
3511 3480 3779 3538 merces,
3824 3469 3898 3525 ut
3942 3460 4081 3526 dies
4126 3460 4304 3543 filiis,
4351 3463 4461 3547 qui
4494 3481 4556 3526 se

2608 3546 2713 3628 pic
2755 3567 2917 3629 erga
2958 3556 3265 3629 parentes
3308 3546 3666 3630 gesserint,
3726 3556 4189 3631 prorogantur:
4241 3549 4404 3632 quia
4444 3547 4555 3612 hoc

2609 3631 2800 3697 modo
2843 3630 3026 3697 Deus
3069 3632 3312 3699 favoris
3356 3632 3458 3698 sui
3507 3632 3959 3697 testimonium
4004 3641 4465 3717 repraesentat
4491 3635 4553 3698 in

2610 3718 2734 3783 hac
2760 3718 2915 3791 vita,
2964 3718 3076 3783 ubi
3114 3739 3273 3803 erga
3312 3738 3422 3783 eos
3466 3717 3637 3802 grati
3675 3737 3905 3783 sumus
3949 3718 4184 3802 quibus
4220 3739 4374 3785 eam
4396 3720 4555 3786 ferre

2609 3814 2939 3885 acceptam
2987 3804 3314 3869 convenit.
3363 3802 3579 3869 Sicuti
3622 3803 3894 3869 minime
3938 3824 4220 3888 aequum
4269 3815 4389 3884 est,
4452 3805 4554 3871 diu

2608 3910 2719 3954 eos
2766 3889 2967 3953 vitam
3016 3889 3396 3973 protrahere
3440 3890 3549 3972 qui
3594 3909 3749 3955 suos
3793 3891 4267 3975 progenitores,
4340 3914 4379 3957 a
4423 3892 4554 3975 qui-

2612 3974 2731 4041 bus
2792 3976 2863 4040 in
2926 3975 3095 4040 hanc
3150 3975 3363 4042 lucem
3422 3983 3579 4041 sunt
3645 3974 3836 4053 editi,
3888 3983 4347 4044 contemnunt.
4438 3976 4554 4043 Hic

2609 4061 2904 4128 nascitur
2946 4062 3259 4145 quaestio,
3302 4081 3505 4145 quum
3552 4069 3647 4126 tot
3690 4062 4056 4138 aerumnis,
4117 4063 4453 4129 doloribus
4495 4071 4555 4127 et

2606 4147 2925 4212 molestiis
2988 4146 3272 4213 obnoxia
3332 4148 3421 4212 sit
3482 4157 3746 4213 terrena
3810 4148 3966 4226 vita,
4034 4149 4365 4233 quomodo
4423 4148 4553 4214 eius

2608 4232 3086 4317 longitudinem
3125 4232 3308 4299 Deus
3353 4234 3421 4298 in
3467 4233 3763 4300 beneficii
3795 4233 3939 4299 1000
3978 4243 4261 4301 censeat.
4314 4236 4552 4301 Verum

2607 4341 2805 4403 quum
2853 4340 3207 4385 aerumnae
3248 4341 3475 4385 omnes
3519 4341 3604 4383 ex
3650 4317 3778 4384 Dei
3823 4319 4287 4387 maledictione
4332 4340 4553 4406 prove-

2607 4405 2813 4485 niant,
2859 4403 3293 4472 accidentales
3327 4426 3470 4472 esse
3490 4414 3795 4490 apparet:
3840 4407 4058 4489 itaque
4092 4406 4152 4473 si
4185 4407 4259 4472 in
4298 4427 4373 4474 80
4407 4428 4549 4474 con-

2607 4490 2932 4557 sideretur
2974 4493 3144 4572 vita,
3203 4509 3338 4557 non
3397 4492 3640 4558 desinit
3682 4499 3903 4557 tamen
3944 4492 4195 4560 favoris
4243 4494 4376 4559 Dei
4417 4511 4548 4560 0880

2608 4578 3075 4643 testimonium.
3147 4576 3338 4643 Adde
3381 4577 3556 4662 quod
3600 4577 4010 4643 miseriarum
4057 4580 4361 4645 omnium
4404 4600 4548 4646 con·

2607 4665 2820 4749 geries
2856 4684 2990 4730 non
3014 4663 3187 4730 delet
3207 4664 3633 4748 praecipuum
3662 4663 3861 4728 huius
3884 4664 4063 4730 vitae
4081 4664 4351 4746 bonum,
4386 4663 4547 4749 quod

2606 4750 2854 4817 scilicet
2907 4752 3114 4817 creati
3173 4760 3328 4816 sunt
3382 4749 3682 4814 homines
3742 4756 3809 4814 et
3862 4748 4169 4816 foventur
4234 4753 4307 4816 in
4374 4769 4547 4835 spem

2608 4837 2834 4903 beatae
2874 4836 3422 4902 immortalitatis:
3467 4855 3643 4902 nunc
3687 4835 3863 4900 enim
3906 4857 3979 4902 se
4013 4836 4143 4903 illis
4180 4838 4547 4904 manifestat

2608 4921 2793 4989 Deus
2837 4923 2906 4986 in
2943 4935 3215 5005 patrem,
3259 4932 3336 4986 ut
3376 4920 3727 5005 aliquando
3761 4919 4072 4988 fruantur
4108 4932 4380 4990 aeterna
4413 4922 4545 4989 eius

2607 5007 3029 5074 haereditate.
3096 5007 3281 5073 Haec
3312 5008 3596 5092 cognitio
3631 5008 3816 5091 quasi
3850 5008 4102 5092 lampas
4136 5029 4411 5076 aceensa
4450 5009 4544 5072 lu-

2605 5115 2707 5174 ce,
2762 5094 2917 5161 facit
2974 5102 3047 5159 ut
3089 5094 3300 5178 gratia
3335 5093 3461 5159 Dei
3505 5095 3575 5158 in
3612 5093 3842 5160 mediis
3878 5095 4170 5161 tenebris
4212 5095 4543 5180 refulgeat.

2605 5179 2801 5248 Unde
2856 5181 3149 5263 sequitur
3202 5199 3316 5245 eos
3359 5201 3694 5263 nunquam
3738 5190 4038 5262 gustasse
4082 5181 4254 5266 quod
4303 5179 4541 5265 praeci-

2606 5286 2813 5350 puum
2854 5279 2998 5331 erat
3040 5266 3108 5329 in
3157 5267 3309 5346 vita,
3355 5266 3466 5349 qui
3513 5266 3822 5332 dixerunt
3861 5269 4184 5352 optimum
4224 5289 4370 5334 esse
4413 5285 4538 5331 non

2609 5353 2809 5432 nasci,
2856 5353 3227 5434 proximum
3273 5371 3431 5418 vero
3473 5373 3671 5436 quam
3716 5351 4025 5420 citissime
4066 5353 4337 5420 aboleri:
4388 5351 4537 5437 quin
