4867 6150
540 415 666 484 311

541 604 697 671 licet
742 627 825 671 ex
870 604 994 672 hoc
1038 605 1209 686 loco,
1270 607 1524 674 oblatas
1580 608 1781 675 fuisse
1824 607 2153 691 primitias
2197 618 2273 673 ut
2312 629 2383 674 se
2427 620 2498 674 et

543 712 665 757 sua
706 691 1049 758 Israelitae
1092 691 1239 758 Deo
1282 692 1692 761 addicerent:
1754 696 1907 778 quia
1961 694 2124 760 haec
2168 693 2296 760 duo
2341 714 2494 760 con-

542 777 818 843 iunctim
866 779 1186 862 praecipit
1230 780 1449 845 Moses
1492 788 1567 845 ut
1611 791 1869 846 mature
1921 791 2307 846 consecrent
2347 778 2494 846 Deo

543 884 628 928 ex
672 865 854 946 copia
898 885 1215 930 novarum
1259 865 1558 949 frugum,
1615 877 1680 932 et
1739 867 2207 950 primogenitos
2261 867 2490 931 foetus.

542 947 808 1016 Scimus
851 960 1074 1016 autem
1117 951 1186 1015 in
1232 951 1587 1018 offerendis
1630 953 2089 1038 primogenitis
2144 953 2492 1035 repetitam

542 1035 743 1100 fuisse
785 1035 1194 1102 liberationis
1250 1039 1669 1118 memoriam,
1731 1059 1807 1104 ac
1850 1039 1907 1104 si
1952 1038 2231 1104 salutem
2274 1039 2493 1123 gentis

540 1141 698 1186 suae
741 1121 1028 1204 adeoque
1073 1143 1373 1205 pecorum
1422 1132 1754 1207 acceptam
1800 1123 1948 1189 Deo
1991 1127 2255 1191 ferrent.
2343 1124 2492 1190 Hoc

531 1226 700 1281 ‚vero
760 1205 842 1272 ad
898 1207 1371 1291 redemptionis
1430 1214 1710 1295 grat-iam
1766 1213 1889 1276 fuit
1946 1210 2269 1292 additum,
2319 1209 2489 1294 quod

541 1293 854 1359 continuo
895 1304 1113 1360 tractu
1161 1294 1374 1360 victus
1417 1297 1615 1361 etiam
1658 1296 1792 1362 illis
1826 1307 2223 1380 suppeteret.
2294 1295 2489 1377 Quod

541 1378 1013 1461 plenitudinem
1076 1379 1343 1462 quidam
1403 1382 1484 1447 ad
1545 1383 1777 1448 vinum
1845 1383 2285 1468 restringunt,
2338 1384 2492 1464 quia

539 1464 824 1549 largiore
883 1466 1072 1549 copia
1125 1467 1290 1531 fluat
1345 1490 1430 1532 ex
1501 1468 1846 1547 torculari,
1913 1468 2275 1554 lacrymam
2332 1489 2489 1534 vero

541 1550 621 1615 de
664 1549 807 1615 oleo
846 1551 1208 1634 accipiunt,
1269 1553 1443 1636 quod
1488 1556 1745 1636 parcius
1790 1554 2097 1631 distillat,
2143 1554 2309 1619 mihi
2354 1576 2487 1619 non

536 1634 770 1718 placet.
858 1636 999 1702 Nec
1040 1658 1265 1703 eorum
1320 1642 1714 1705 sententiam
1774 1640 1974 1724 probo
2032 1640 2145 1724 qui
2204 1641 2489 1723 plenitu-

538 1720 758 1786 dinem
803 1723 1218 1809 restringunt
1259 1724 1341 1789 ad
1384 1725 1609 1810 fruges
1668 1727 1901 1793 aridas.
1993 1726 2264 1793 Rectius
2321 1726 2487 1792 mihi

540 1807 841 1887 videtur,
888 1809 1367 1892 plenitudinem
1412 1812 1586 1877 sumi
1629 1833 1750 1896 pro
1798 1834 2069 1898 genere,
2117 1833 2235 1894 per
2269 1813 2487 1897 lacry-

536 1914 717 1958 mam
765 1915 920 1960 vero
963 1895 1177 1961 notari
1221 1896 1524 1981 liquores,
1569 1920 1644 1964 ac
1688 1900 1742 1963 si
1780 1899 2032 1965 iuberet
2065 1898 2305 1979 Moses,
2351 1920 2484 1963 non

538 1986 802 2045 tantum
846 2001 1012 2048 uvas
1054 1992 1121 2046 et
1169 1981 1393 2049 baccas
1436 1984 1730 2050 olearum
1777 1987 2041 2064 offerre,
2101 1985 2211 2050 sed
2260 1994 2484 2069 guttas

537 2064 717 2148 ipsas
751 2086 917 2147 quae
952 2087 1300 2150 expressae
1334 2069 1585 2135 fuerint
1621 2092 1656 2135 e
1691 2071 2029 2137 fructibus.
2077 2071 2309 2137 Altero
2343 2071 2485 2137 loco

537 2150 715 2216 idem
756 2153 1105 2218 confirmat
1148 2154 1403 2231 Moses,
1448 2178 1535 2221 ne
1576 2158 1644 2221 in
1691 2159 1997 2240 primitiis
2041 2158 2262 2223 Deum
2304 2157 2482 2222 frau-

540 2235 730 2317 dent,
788 2249 987 2322 atque
1041 2241 1136 2304 ita
1191 2242 1516 2324 sepeliant
1559 2242 2030 2328 redemptionis
2076 2242 2483 2321 beneficium,

539 2333 607 2388 et
650 2324 720 2388 in
763 2324 908 2390 cibo
953 2333 1020 2390 et
1062 2325 1131 2390 in
1179 2338 1333 2409 potu
1385 2330 1877 2411 profanescant:
1936 2331 2092 2413 quin
2154 2329 2372 2412 potius
2413 2330 2481 2393 in

533 2418 723 2492 parte
776 2410 1040 2495 frugum
1098 2413 1297 2479 totius
1341 2416 1500 2478 anni
1538 2416 1787 2481 victum
1832 2415 2265 2482 sanctificent.
2346 2415 2485 2481 Nec

536 2516 694 2560 vero
752 2493 869 2562 abs
927 2518 1000 2562 re
1053 2497 1273 2565 Moses
1331 2521 1471 2565 rem
1529 2522 1733 2566 unam
1799 2503 2070 2567 minime
2135 2498 2482 2567 obscuram

532 2583 728 2646 toties
805 2582 1123 2662 inculcat,
1198 2606 1400 2668 quum
1473 2599 1607 2652 tam
1675 2587 1921 2654 multae
2000 2587 2482 2653 admonitiones

531 2676 796 2750 spretae
861 2679 928 2732 et
990 2669 1354 2753 vilipensae
1427 2672 1677 2738 fuerint
1741 2695 1782 2739 a
1843 2673 2141 2753 Iudaeis,
2205 2673 2481 2740 simulac

527 2754 778 2819 reversi
801 2763 958 2819 sunt
992 2754 1076 2821 ab
1097 2757 1329 2823 exsilio
1353 2757 1789 2843 Babylonico:
1828 2760 2023 2828 sicuti
2056 2759 2483 2843 conqueritur

529 2837 896 2905 Malachiae
938 2843 1154 2926 capite
1198 2844 1414 2909 tertio.

1228 3186 1362 3253 nx
1394 3185 1704 3253 anrr.
1749 3188 1988 3277 x111).

701 3356 758 3420 1.
819 3356 913 3422 Et
969 3357 1258 3441 loquuti&
1308 3365 1398 3425 est
1455 3358 1683 3427 Iehova
1740 3362 1827 3428 ad
1882 3362 2136 3443 Mosen,
2192 3363 2480 3431 dicendo.-

523 3440 586 3505 2.
631 3440 910 3541 Loquere
953 3444 1040 3510 ad
1076 3444 1245 3526 filios
1288 3441 1530 3527 Israel,
1572 3448 1860 3514 dicendo:
1898 3449 2141 3516 Mulier
2182 3450 2244 3516 si
2281 3450 2476 3516 misso

520 3546 758 3626 sei-mne
809 3531 1179 3612 comem-it,
1236 3536 1296 3597 et
1333 3534 1657 3616 pepererit
1711 3535 2084 3614 masculum,
2145 3536 2479 3603 immunda

520 3619 645 3679 emt
685 3620 915 3696 septem
957 3616 1208 3682 diebus.-
1265 3617 1450 3684 iuxta
1491 3619 1628 3685 dies
1665 3623 2088 3702 separationis
2128 3623 2330 3688 morbi
2368 3624 2478 3688 sui

518 3699 853 3767 immunda
886 3703 1025 3769 erit.
1092 3701 1152 3768 3.
1202 3701 1405 3771 Porro
1433 3705 1538 3771 die
1571 3711 1779 3773 oetaeo
1820 3708 2296 3774 circumcidetur
2328 3730 2477 3776 earo

508 3787 844 3868 praeputii
884 3788 1039 3856 eius.
1127 3789 1189 3854 4.
1258 3788 1347 3854 Et
1404 3791 1670 3874 triyinta
1724 3792 1927 3859 tribus
1978 3794 2199 3861 diebus
2249 3795 2481 3861 sedebit

520 3871 594 4022 ΣΞ*
614 3873 1864 4030 ξαἭᾮῖέἔῗᾴἭῗῷεέώαΜω
1794 3899 2210 4049 mm&
2236 3885 2478 4048 ἕὲᾏεῗὶ

518 4042 657 4110 dies
687 4045 1160 4128 purificationis
1201 4067 1374 4114 suae.
1463 4048 1524 4115 5.
1588 4049 1766 4131 Quod
1821 4052 1883 4117 si
1935 4053 2241 4136 feminam
2282 4074 2475 4137 pepe-

516 4131 691 4212 rerit,
732 4132 1063 4199 immnda
1104 4135 1225 4200 erit
1265 4134 1514 4200 duabus
1568 4135 2076 4218 hebdomadibus,
2138 4141 2476 4205 seeundum

513 4219 973 4298 separationem
1013 4240 1221 4300 suam,
1264 4225 1324 4284 et
1358 4222 1691 4305 seoeayinta
1729 4242 1844 4288 sex
1884 4224 2103 4290 diebus
2134 4225 2363 4291 sedebit
2401 4227 2477 4291 in

516 4304 826 4386 sanquine
888 4306 1374 4387 purificationis
1444 4326 1617 4373 suae.
1727 4309 1787 4375 6.
1858 4309 2202 4392 Postquam
2265 4316 2476 4378 autem

517 4388 760 4470 impleti
808 4390 1053 4472 fuerim
1104 4393 1243 4458 dies
1294 4393 1767 4475 purificationis
1821 4414 1979 4463 suae
2019 4416 2145 4479 pro
2199 4396 2337 4478 filio
2377 4397 2478 4463 vel

506 4495 635 4558 pro
672 4474 847 4556 filia,
892 4477 1107 4559 afferet
1147 4499 1381 4562 aquam
1421 4480 1791 4547 anniculum
1830 4482 1904 4547 in
1937 4482 2373 4565 holocaustum,
2416 4489 2477 4550 et

507 4558 763 4644 pullum
817 4562 1160 4641 columbae,
1228 4570 1342 4629 aut
1395 4570 1733 4645 tumerem,
1798 4568 1871 4634 in
1934 4568 2297 4635 oblationem
2346 4589 2476 4651 pro

507 4651 761 4730 peceato
774 4697 792 4728 ‚
848 4649 936 4716 ad
992 4651 1221 4715 ostium
1261 4650 1646 4719 tabeo-»iamai
1686 4656 2100 4721 conventionis
2141 4656 2229 4721 ad
2269 4674 2477 4722 saeer-

520 4733 737 4799 dotem.
828 4734 886 4799 7.
946 4734 1036 4800 Et
1087 4737 1295 4819 offeret
1345 4738 1561 4820 ipsum
1601 4759 1813 4806 eoram
1854 4740 2115 4807 Iehova:
2157 4746 2216 4805 et
2256 4743 2476 4824 expia-

518 4817 609 4885 bit
650 4838 818 4901 eam,
883 4826 939 4886 et
978 4822 1386 4889 mundabitur
1425 4845 1470 4889 a
1511 4845 1671 4891 vena
1711 4828 2049 4911 sanquinis
2088 4828 2212 4894 sui.
2298 4827 2477 4894 Haec

518 4909 611 5006 est
661 4905 760 4972 lex
802 4908 1126 4988 parientis
1177 4910 1530 4977 masadam
1594 4911 1688 4977 vel
1738 4913 2060 4996 feminam.
2162 4912 2222 4979 8.
2298 4913 2477 4995 Quod

518 5010 582 5058 si
645 5013 770 5058 non
822 4996 1100 5075 potuerit
1162 4995 1384 5077 offerre
1447 5017 1711 5080 aquam,
1790 5003 1939 5067 tune
2000 4999 2276 5081 accipiet
2318 4999 2478 5067 duos

516 5082 814 5159 mmo-es,
854 5084 969 5145 aut
1008 5080 1168 5147 duos
1195 5081 1413 5164 pullos
1452 5083 1785 5165 columbae,
1829 5106 2029 5152 unum
2069 5087 2141 5152 in
2182 5085 2476 5154 holocau-

691 5285 753 5355 1)
783 5285 959 5339 Autre
1006 5283 1360 5355 dependence
1405 5287 1477 5342 de
1521 5290 1752 5359 purifier
1785 5290 1866 5344 les
1898 5290 2126 5345 semines
2160 5309 2320 5363 apres
2354 5294 2478 5349 leur

518 5354 906 5408 cnhntement.

2013 420 2391 488 PRIMUM
2434 420 3087 489 PRAEOEPTUM.

4413 421 4522 487 312

2596 615 2779 686 stum,
2816 615 2873 673 et
2894 608 3163 675 alterum
3185 610 3272 676 ad
3304 608 3665 674 oblationem
3689 627 3813 690 pro
3828 613 4113 691 peceato:
4149 609 4523 692 expiabitque

2596 716 2734 761 eam
2776 694 3078 772 sacerdos,
3128 700 3183 760 et
3223 695 3647 761 mundabitur.

2765 866 2824 930 2.
2888 865 3131 933 Mulier
3184 868 3247 931 si
3300 867 3495 932 misso
3542 865 3792 931 semine.
3897 865 4082 930 Haec
4137 867 4524 930 caeremonia

2594 951 2913 1033 spectavit
2943 954 3016 1017 in
3052 953 3213 1018 duos
3249 954 3445 1018 fines:
3483 972 3636 1016 nam
3674 952 3886 1036 primo
3922 950 4242 1016 admoniti
4276 950 4525 1016 fuerunt

2594 1036 2820 1102 Iudaei
2884 1037 2964 1103 de
3021 1040 3357 1106 communi
3422 1047 3695 1103 naturae
3773 1038 4225 1120 corruptione,
4307 1035 4525 1103 deiude

2594 1122 2886 1189 oblatum
2944 1125 3076 1192 illis
3129 1125 3252 1190 fuit.
3308 1125 3467 1193 mali
3525 1123 3906 1188 remedium.
4010 1121 4367 1187 Immunda
4420 1144 4526 1190 cur

2593 1212 3069 1293 pronuncietur
3091 1211 3328 1277 mulier
3351 1231 3516 1294 quae
3539 1208 3836 1294 concepit
3863 1220 3929 1274 et
3964 1208 4236 1292 peperit,
4270 1209 4526 1275 minime

2593 1295 2945 1363 obscurum
3025 1310 3159 1376 est,
3243 1319 3478 1381 nempe
3556 1296 3710 1379 quia
3788 1304 4000 1361 totum
4064 1294 4252 1360 Adae
4330 1315 4526 1377 genus

2591 1382 2918 1465 pollutum
2977 1395 3110 1464 est,
3169 1405 3245 1450 ac
3301 1381 3602 1448 sordibus
3659 1381 4005 1448 infectum:
4069 1394 4145 1445 ut
4202 1392 4413 1446 mater
4452 1402 4525 1446 ex

2591 1467 2809 1534 sobole
2831 1492 3028 1553 quam
3055 1483 3243 1536 utero
3267 1480 3482 1554 gestat
3502 1468 3636 1533 iam
3659 1468 4008 1532 contrabat
4029 1465 4523 1547 immunditiem,

2592 1551 2826 1621 deinde
2867 1558 3107 1622 iterum
3151 1558 3293 1639 ipso
3339 1565 3531 1639 partu
3574 1553 3976 1637 inquinetur.
4042 1552 4223 1618 Hinc
4267 1562 4529 1636 apparet

2590 1660 2784 1723 quam
2846 1642 3032 1708 foeda
3085 1650 3153 1708 et
3209 1641 3451 1708 foetida
3490 1660 3710 1706 coram
3754 1639 3960 1705 oculis
4003 1639 4131 1704 Dei
4176 1652 4405 1703 nostra
4445 1639 4525 1703 sit

2589 1727 2911 1794 conditio:
2977 1728 3236 1811 quando
3294 1724 3653 1805 nascendo,
3720 1735 3922 1810 atque
3978 1726 4178 1790 etiam
4241 1723 4522 1789 nondum

2589 1814 2728 1877 nati
2750 1864 2768 1892 ‚
2846 1816 3305 1898 contagionem
3381 1813 3705 1878 matribus
3782 1811 4026 1877 nostris
4104 1812 4524 1893 aspergimus.

2588 1896 2905 1965 Omnium
2958 1901 3092 1967 fere
3148 1921 3466 1966 consensu
3524 1907 3860 1982 receptum
3919 1905 4052 1975 est,
4108 1895 4218 1960 hic
4278 1908 4525 1962 tantum

2588 1984 2889 2051 damnari
2949 1987 3283 2051 libidinem
3343 1987 3415 2050 in
3471 1984 3645 2051 coitu
3705 1983 3833 2050 viri
3889 1996 3957 2048 et
4020 1983 4352 2061 mulieris,
4419 1983 4524 2047 sed

2585 2069 2784 2137 nimis
2828 2093 3046 2138 crasso
3080 2093 3327 2138 errore:
3374 2092 3587 2154 neque
3626 2070 3800 2136 enim
3838 2068 4128 2152 exigitur
4165 2069 4524 2151 purificatio

2584 2157 2716 2222 nisi
2759 2159 2828 2222 in
2873 2160 3199 2244 progenie.
3270 2163 3486 2241 Atque
3529 2156 3660 2223 huc
3704 2156 3989 2240 pertinet
4032 2155 4309 2219 verbum
4352 2168 4525 2231 ν’ἿῐΠ

2583 2242 2753 2324 quod
2821 2256 2995 2311 recte
3059 2245 3341 2328 exprimi
3409 2263 3540 2308 non
3607 2250 3822 2325 potest
3890 2241 4020 2306 nisi
4081 2261 4199 2323 per
4261 2242 4525 2305 verbum

2584 2330 2986 2411 seminandi,
3045 2330 3316 2415 ideoque
3373 2351 3503 2394 non
3562 2327 3670 2393 hic
3727 2327 4080 2393 damnatur
4137 2327 4529 2410 generaliter

2583 2415 2937 2500 impuritas
2977 2419 3048 2483 in
3105 2415 3489 2494 concubitu,
3548 2414 3664 2481 sed
3716 2413 3788 2479 in
3842 2411 4297 2498 generatione,
4360 2411 4525 2495 quod

2586 2501 2939 2586 diligenter
2996 2503 3355 2569 notandum
3398 2512 3518 2567 est.
3608 2500 3836 2567 Coitus
3882 2500 4057 2564 enim
4103 2500 4232 2563 viri
4273 2508 4346 2563 et
4389 2519 4526 2563 mu·

2587 2586 2766 2654 lieris
2810 2610 2926 2672 per
2967 2610 3060 2667 se,
3103 2588 3347 2672 absque
3391 2586 3631 2655 sobolis
3675 2596 4007 2670 respectu,
4052 2585 4268 2668 turpis
4312 2597 4415 2651 est
4456 2605 4526 2651 ac

2586 2674 2955 2755 pudendus.
3066 2677 3272 2759 Atqui
3337 2692 3517 2740 nunc
3592 2674 3831 2739 sobolis
3895 2673 4286 2756 procreatio,
4367 2690 4526 2753 quae

2586 2758 2901 2827 debuerat
2941 2761 3445 2828 obscoenitatem
3491 2758 3753 2838 tollere,
3806 2757 4184 2842 pollutionis
4225 2768 4526 2823 censetur

2585 2865 2812 2913 causa:
2858 2849 3010 2931 quia
3053 2856 3262 2914 totum
3308 2846 3494 2912 Adae
3538 2866 3747 2929 genus
3790 2845 4180 2928 contagione
4215 2844 4525 2908 refertum

2585 2942 2701 2998 est.
2768 2933 2962 3000 Unde
3005 2933 3201 3000 etiam
3248 2942 3469 3016 aperte
3512 2931 3830 2996 refellitur
3871 2951 4056 2997 error
4097 2928 4375 3013 Pelagii,
4421 2929 4525 3012 qui

2583 3028 2919 3102 peccatum
2980 3019 3251 3105 negavit
3316 3018 3399 3085 ab
3456 3017 3672 3084 Adam
3736 3028 4172 3102 propagatum
4234 3036 4385 3081 esse
4447 3013 4526 3081 ad

2582 3117 2909 3189 posteros,
2953 3116 3021 3173 et
3066 3129 3185 3174 nos
3228 3107 3632 3183 imitatione,
3677 3125 3811 3170 non
3854 3105 4139 3187 origine,
4183 3114 4523 3185 peccatum

2582 3213 2624 3257 a
2666 3194 3047 3277 parentibus
3088 3192 3348 3258 trahere
3392 3192 3604 3257 finxit.
3694 3190 3922 3273 Neque
3965 3190 4143 3254 enim
4185 3187 4526 3253 immunda

2582 3288 2753 3346 esset
2788 3289 3002 3345 mater
3035 3279 3095 3345 si
3128 3280 3276 3363 puri
3312 3286 3379 3343 et
3411 3279 3656 3362 integri
3693 3276 3775 3342 ab
3809 3275 3994 3342 omni
4027 3275 4526 3357 inquinamento

2579 3373 2801 3432 essent
2842 3364 3048 3431 liberi.
3139 3365 3369 3431 Voluit
3410 3364 3614 3448 igitur
3659 3362 3781 3429 hoc
3824 3362 3959 3427 ritu
4000 3361 4188 3426 Deus
4235 3376 4523 3426 veterem

2576 3451 2896 3535 populum
2939 3452 3199 3532 docere,
3242 3461 3511 3517 cunctos
3557 3449 3855 3515 homines
3900 3446 4281 3513 maledictos
4328 3446 4524 3523 nasci,

2576 3546 2645 3603 et
2688 3538 3175 3623 corruptionem
3218 3535 3723 3603 haereditariam
3765 3554 3987 3601 secum
4032 3532 4270 3598 afferre
4285 3583 4304 3612 ,
4365 3551 4525 3615 quac

2574 3632 2821 3690 matres
2883 3626 3059 3708 ipsas
3122 3623 3392 3707 polluat.
3502 3621 3583 3688 Si
3645 3621 3793 3705 quis
3856 3619 4148 3698 obiiciat,
4225 3633 4525 3685 sanctum

2575 3711 2951 3794 coniugium
2997 3709 3119 3776 hoc
3161 3709 3354 3775 modo
3396 3708 3711 3776 dedecore
3765 3707 4134 3791 probroque
4190 3704 4403 3783 affici,
4457 3704 4524 3768 in

2575 3806 2882 3880 promptu
2925 3806 3026 3863 est
3068 3797 3436 3879 responsio:
3482 3794 3654 3878 quod
3698 3793 3932 3860 thorus
3977 3791 4344 3875 coniugalis
4388 3811 4522 3855 ma-

2575 3883 2726 3948 cula
2795 3893 3005 3961 caret,
3073 3881 3144 3947 id
3209 3881 3443 3948 debere
3508 3879 3792 3947 adscribi
3858 3880 3985 3945 Dei
4050 3876 4523 3961 indulgentiae.

2575 3968 2769 4050 Quod
2815 3989 2973 4053 ergo
3014 3979 3336 4052 generant
3376 3968 3654 4034 maritus
3699 3977 3768 4033 et
3809 3986 3980 4032 uxor
4025 3964 4320 4049 legitime
4380 3984 4527 4028 con-

2574 4055 2815 4132 iuncti,
2862 4076 2996 4121 non
3041 4054 3426 4138 simpliciter
3469 4053 3727 4120 licitum
3769 4073 3914 4119 esse
3959 4060 4265 4117 censetur
4285 4100 4304 4128 ,
4351 4070 4427 4115 ac
4468 4050 4523 4113 si

2575 4143 2910 4225 generatio
2933 4162 3201 4225 prorsus
3230 4141 3410 4205 omni
3446 4141 3609 4206 vitio
3644 4148 3919 4218 careret,
3955 4138 4070 4204 sed
4107 4157 4224 4219 per
4259 4136 4526 4201 veniam

2574 4238 2642 4293 et
2684 4227 3006 4311 singulari
3050 4226 3422 4312 privilegio:
3469 4226 3627 4310 quia
3670 4225 3958 4309 coniugii
4001 4222 4326 4290 sanctitas
4364 4223 4526 4306 tegit

2572 4312 2744 4397 quod
2793 4313 3033 4396 alioqui
3081 4323 3340 4397 poterat
3381 4312 3454 4377 in
3498 4312 3757 4396 culpam
3812 4311 4161 4394 imputari,
4223 4318 4294 4372 et
4352 4309 4527 4392 ipsas

2571 4400 2847 4468 vitiosae
2890 4408 3167 4465 naturae
3207 4398 3434 4466 sordes
3474 4398 3701 4464 abluit.
3782 4397 3976 4465 Unde
4018 4407 4294 4480 apparet
4350 4395 4528 4460 nulla

2574 4486 2939 4571 ignominia
2984 4486 3195 4551 notari
3229 4485 3628 4571 coniugium,
3674 4485 3860 4551 cuius
3893 4497 4195 4566 resmctu
4231 4480 4528 4566 legitima

2574 4584 2675 4639 est
2717 4571 2957 4638 sobolis
2999 4574 3382 4656 procreatio.
3471 4571 3701 4654 Neque
3745 4582 3964 4635 tamen
4008 4567 4167 4635 inde
4209 4568 4522 4651 sequitur,

2573 4657 2818 4725 liberos
2874 4660 2987 4741 qui
3042 4658 3200 4723 inde
3253 4658 3620 4742 gignuntur
3677 4669 3940 4723 sanctos
3993 4676 4137 4722 esse
4181 4666 4250 4720 et
4291 4675 4333 4717 a
4378 4653 4522 4719 labe

2575 4745 2938 4812 immunes:
3016 4745 3172 4827 quia
3248 4744 3371 4810 sub
3448 4754 3633 4810 reatu
3705 4742 4184 4809 maledictionis
4249 4747 4524 4805 manent

2575 4831 2945 4914 quicunque
3011 4831 3093 4897 ab
3169 4829 3531 4897 incredulis
3608 4842 3999 4896 nascuntur:
4081 4829 4196 4911 qui
4258 4846 4421 4892 vero
4483 4844 4524 4891 a

2575 4915 2876 4983 fidelibus
2922 4914 3174 4983 ducunt
3214 4917 3569 5003 originem,
3627 4915 4112 4999 supernaturali
4156 4914 4405 5000 gratia,
4458 4920 4525 4975 et

2577 5002 2847 5086 speciali
2914 5002 3260 5085 adoptione
3325 5003 3692 5069 liberantur
3746 5023 3786 5067 a
3838 5002 4174 5070 communi
4226 4998 4521 5065 interitu.

2576 5090 2800 5171 Atque
2857 5087 2924 5152 id
2977 5088 3196 5171 palam
3259 5099 3327 5154 et
3383 5088 3690 5155 distincte
3748 5100 4061 5155 testatum
4117 5106 4262 5154 esse
4317 5083 4522 5151 voluit

2576 5172 2796 5253 Deus,
2857 5175 3252 5240 sacrificium
3296 5195 3414 5258 pro
3458 5195 3688 5241 eorum
3729 5176 4190 5259 purificatione
4232 5172 4519 5256 exigens.

2577 5260 2728 5325 Etsi
2762 5260 2939 5325 enim
2962 5260 3181 5326 Moses
3216 5258 3299 5327 de
3333 5260 3472 5326 sola
3504 5271 3719 5327 matre
3762 5260 4022 5328 videtur
4062 5260 4263 5344 loqui,
4305 5259 4523 5324 Lucas

2579 5354 2803 5412 tamen
2846 5345 3017 5412 fidus
3058 5346 3388 5431 interpres
3429 5348 3716 5415 sobolem
3759 5349 3969 5433 ipsam
4005 5347 4205 5415 simul
4237 5363 4523 5428 compre-
