4867 6150
598 453 719 518 127

594 642 872 709 sceleste
915 642 1159 709 abusus
1202 652 1376 709 esset
1421 644 1547 710 Dei
1592 644 1957 721 clementia,
2004 664 2179 709 novo
2224 643 2396 708 malo
2443 665 2544 708 re-

595 736 793 813 pente
836 729 1073 812 corripi
1119 729 1437 813 oportuit,
1498 740 1573 794 ut
1630 731 1698 794 in
1767 729 2051 795 tenebris
2097 730 2370 795 sentiret
2414 728 2546 794 Dei

596 813 830 880 ultoris
859 835 1147 893 manum,
1187 835 1381 899 quam
1417 824 1919 900 contempserat.
1978 816 2118 882 Nec
2153 836 2311 881 sane
2347 815 2547 881 minis

594 900 864 966 territus
901 900 1163 966 fuisset:
1232 901 1422 967 sicuti
1469 922 1626 966 mox
1669 902 1946 986 patebit,
2002 922 2203 985 quum
2250 902 2546 966 admoni-

595 996 706 1051 tus
747 986 874 1051 fuit
913 986 993 1053 de
1036 995 1245 1052 morte
1288 987 1502 1070 primo
1549 988 1711 1052 eniti
1753 988 1888 1065 sui,
1956 997 2024 1052 et
2080 986 2277 1053 simili
2344 988 2547 1052 totius

596 1071 885 1155 regionis
930 1082 1150 1156 strage
1193 1081 1329 1137 tam
1387 1073 1457 1137 in
1566 1072 1891 1139 ominibus
1936 1093 2129 1156 quam
2175 1073 2244 1137 in
2298 1074 2545 1152 bestiis,

596 1179 737 1224 non
788 1158 988 1224 fuisse
1046 1168 1480 1239 commotum,
1554 1157 1669 1224 sed
1734 1180 1961 1224 secure
2030 1161 2248 1224 Deum
2306 1180 2546 1243 provo·

597 1264 780 1311 casse
837 1265 913 1311 ac
971 1244 1027 1310 si
1094 1244 1259 1309 nihil
1315 1244 1625 1310 audisset.
1729 1244 1911 1309 Nihil
1954 1245 2160 1330 igitur
2203 1245 2444 1309 mirum
2490 1246 2546 1311 si

596 1340 838 1397 terram
884 1333 1067 1414 prius
1110 1330 1331 1395 obruit
1373 1332 1662 1397 tenebris
1685 1332 1867 1397 Deus
1911 1353 2106 1415 quam
2131 1331 2391 1395 Pharao
2416 1331 2546 1396 tale

598 1415 951 1499 quidquam
996 1417 1312 1498 suspicari
1357 1427 1571 1500 queat.
1661 1417 1739 1481 In
1796 1418 1930 1482 fine
1997 1438 2225 1482 versus
2272 1417 2544 1481 verbum

596 1514 725 1571 WD'
760 1500 1021 1585 quidam
1068 1503 1329 1586 passive
1390 1514 1758 1586 exponunt:
1816 1504 2003 1586 quasi
2061 1504 2305 1568 diceret
2362 1513 2543 1567 tene·

599 1587 748 1653 bras
792 1589 932 1652 fore
978 1588 1350 1670 palpabiles,
1400 1610 1554 1653 nam
1601 1609 1841 1654 nomen
1883 1600 2028 1681 Ἴων-ι
2067 1589 2399 1673 singulare
2446 1597 2548 1653 est

598 1673 773 1757 apud
817 1672 1175 1739 Hebraeos.
1265 1673 1398 1756 Qui
1443 1676 1785 1741 transitive
1830 1676 2175 1757 accipiunt,
2231 1675 2383 1759 quia
2425 1695 2544 1739 vo-

598 1760 750 1826 lunt
828 1757 1166 1825 indefinite
1231 1781 1373 1825 esse
1440 1761 1745 1843 positum,
1812 1759 2220 1826 subaudiunt
2286 1781 2544 1840 nomen,

600 1845 724 1911 hoc
767 1865 983 1923 sensu,
1027 1854 1102 1910 ut
1138 1847 1353 1929 quivis
1377 1847 1616 1932 palpet.
1690 1847 1891 1929 Atqui
1934 1847 1988 1912 si
2026 1846 2372 1911 transitiva
2409 1847 2543 1930 sig-

598 1931 888 1997 nificatio
932 1931 1217 2014 placeat,
1285 1933 1520 1999 melius
1584 1931 1668 1997 ad
1725 1934 2139 1998 Pharaonem
2200 1932 2542 1997 referetur.

594 2017 913 2083 Libenter
957 2030 1180 2082 tamen
1223 2038 1450 2083 eorum
1494 2019 1857 2085 sententiae
1902 2019 2253 2098 subscribe,
2297 2018 2410 2101 qui
2446 2030 2542 2083 te-

593 2102 829 2168 nebras
895 2104 988 2169 ita
1052 2104 1284 2169 densas
1340 2104 1481 2172 fore
1545 2104 1844 2172 scribunt
1907 2115 1983 2169 ut
2038 2104 2342 2170 manibus
2399 2104 2543 2187 pal-

594 2198 849 2274 pentur.

764 2275 869 2340 22.
917 2273 1005 2338 Et
1048 2275 1317 2341 extendit
1363 2275 1593 2343 Moses,
1684 2277 1813 2342 His
1858 2275 2144 2342 tenebris
2192 2277 2372 2342 Deus
2408 2297 2539 2342 non

593 2361 806 2427 solum
874 2360 1269 2443 exprobrare
1329 2362 1532 2427 voluit
1568 2363 1896 2428 Pharaoni
1965 2361 2207 2427 mentis
2270 2364 2544 2428 caecita-

593 2457 761 2524 tem,
819 2446 932 2512 sed
992 2445 1200 2512 modis
1256 2448 1559 2514 omnibus
1605 2449 1992 2516 convincere
2050 2469 2241 2531 quam
2302 2469 2542 2513 vesano

593 2533 814 2597 furore
857 2532 1209 2598 resisteret.
1255 2533 1530 2599 Nullum
1573 2536 1825 2601 cunctis
1869 2533 2255 2599 mortalibus
2288 2555 2327 2598 a
2362 2555 2540 2599 sum-

595 2618 722 2684 mis
801 2638 1009 2700 usque
1086 2617 1168 2683 ad
1242 2618 1507 2685 infimos
1583 2622 1796 2704 magis
1883 2641 2231 2687 commune
2296 2620 2540 2685 bonum

596 2724 789 2787 quam
850 2704 1035 2784 lucis,
1099 2725 1228 2788 quo
1287 2705 1531 2790 vulgus
1596 2706 1882 2790 ignobile
1940 2721 2005 2770 et
2058 2705 2540 2791 contemptissi-

596 2790 689 2855 mi
733 2790 974 2873 quique
1018 2810 1150 2854 non
1195 2791 1416 2856 minus
1461 2812 1654 2875 qnam
1700 2793 1937 2858 summi
1983 2813 2171 2878 reges
2214 2793 2539 2857 fruuntur.

601 2875 778 2944 Solis
823 2875 1025 2960 igitur
1081 2876 1285 2941 radiis
1328 2876 1646 2943 illustrari
1690 2887 1901 2943 totum
1948 2879 2204 2957 orbem,
2274 2880 2541 2962 Aegyp-

597 2965 721 3028 tios
768 2982 939 3041 vero,
986 2962 1287 3044 quamvis
1331 2964 1653 3044 oculatos,
1717 2965 1928 3030 iacere
1983 2963 2050 3028 in
2099 2964 2388 3030 tenebris
2433 2964 2542 3028 de-

596 3069 864 3127 mersos,
938 3048 1248 3115 horribile
1306 3049 1433 3118 Dei
1499 3049 1813 3118 iudicium
1879 3050 2017 3116 fuit.
2132 3048 2308 3133 Quid
2385 3068 2541 3133 ergo

595 3135 729 3200 illis
766 3134 1154 3215 dementius,
1211 3134 1366 3201 dum
1418 3158 1538 3203 sua
1589 3137 1827 3203 duritie
1871 3158 2020 3203 cum
2059 3148 2192 3202 tam
2237 3135 2543 3201 formido-

595 3222 736 3286 losa
786 3220 904 3285 Dei
949 3241 1151 3290 manu
1195 3223 1545 3308 confligere
1600 3244 1732 3288 non
1779 3223 2108 3289 desinunt.
2203 3226 2428 3306 Aquae
2473 3223 2542 3286 in

597 3307 988 3392 sanguinem
1034 3327 1388 3375 conversae
1430 3318 1659 3392 potum
1703 3308 1835 3376 illis
1871 3320 2295 3394 negaverant,
2345 3328 2542 3373 ranae

599 3402 668 3458 et
721 3392 850 3457 alia
876 3394 1156 3480 ‘insecta
1205 3395 1634 3477 oppleverant
1693 3403 1893 3460 totam
1942 3396 2299 3481 regionem,
2367 3396 2543 3459 inter

598 3477 931 3563 pediculos
975 3478 1111 3543 fere
1154 3481 1642 3561 contabuerant,
1691 3481 1971 3565 pustulis
2015 3491 2399 3547 exarserant
2443 3500 2546 3545 eo-

598 3586 748 3630 rum
795 3564 1115 3643 membra,
1174 3564 1422 3649 grando
1479 3576 1735 3651 partem
1796 3587 2093 3632 annonae
2153 3566 2542 3634 abstulerat:

598 3650 748 3735 plus
793 3649 1026 3715 deinde
1080 3652 1412 3717 vastitatis
1467 3654 1831 3718 attulerant
1880 3653 2184 3720 locustae.
2273 3651 2544 3717 Talibus

599 3735 919 3820 exemplis
976 3745 1232 3802 montes
1287 3746 1355 3801 et
1409 3759 1568 3803 saxa
1622 3748 1803 3803 metu
1870 3739 2087 3823 aliquo
2130 3739 2315 3823 tangi
2357 3737 2544 3803 dece-

599 3821 730 3887 bat.
819 3822 1004 3887 Haec
1062 3823 1261 3907 igitur
1321 3823 1677 3890 admonitio
1735 3825 1927 3890 valde
1987 3838 2357 3909 opportuna
2403 3825 2542 3902 fuit,

604 3908 909 3974 tenebras
954 3907 1231 3973 diffundi
1279 3930 1393 3992 per
1440 3919 1645 3975 totam
1690 3914 2101 3995 Aegyptum,
2165 3920 2240 3976 ut
2295 3909 2545 3978 scirent

600 3994 745 4059 Deo
804 3995 1040 4059 infesto
1096 3994 1166 4059 in
1225 4017 1296 4060 se
1354 3996 1666 4063 coelestes
1716 4018 1969 4080 quoqne
2027 3997 2356 4064 exercitus
2400 4016 2544 4061 esse

599 4091 903 4145 armatos.
970 4079 1070 4146 Ac
1115 4100 1197 4145 ne
1242 4080 1515 4147 obscura
1541 4082 1644 4148 vel
1679 4083 1987 4167 ambigua
2020 4092 2193 4148 esset
2217 4083 2342 4147 Dei
2364 4083 2545 4162 ultio,

600 4187 731 4230 non
775 4168 989 4249 potuit
1033 4188 1228 4232 causa
1271 4168 1570 4252 caliginis
1614 4168 1681 4232 in
1728 4169 1999 4254 eclipsin
2056 4170 2341 4252 aliquam
2391 4189 2543 4234 con-

601 4251 775 4330 ferri,
823 4263 962 4316 tum
1000 4253 1079 4317 ob
1126 4251 1514 4319 densitatem
1562 4265 1700 4318 tum
1747 4255 1830 4319 ob
1865 4256 2178 4338 temporis
2236 4256 2543 4338 spatiu‘m.

603 4335 787 4401 Haec
830 4338 1005 4400 enim
1052 4337 1179 4403 duo
1222 4359 1261 4403 a
1306 4339 1492 4405 Mose
1537 4341 1780 4406 diserte
1822 4351 2161 4422 notantur,
2222 4362 2349 4424 quo
2409 4361 2546 4406 cer-

602 4422 737 4487 tius
782 4432 1030 4488 const-et
1090 4424 1291 4489 solem
1341 4427 1680 4510 Aegyptiis
1738 4427 1935 4492 fuisse
1993 4428 2372 4504 obscurum,
2433 4425 2543 4509 qui

603 4508 730 4573 Dei
791 4508 1061 4591 gloriam
1121 4511 1319 4592 impio
1385 4520 1764 4595 contemptu
1846 4515 2263 4596 exstinguere
2327 4511 2545 4579 conati

603 4594 885 4659 fuerant.
995 4594 1099 4658 Ex
1168 4597 1465 4680 opposito
1540 4620 1779 4684 magna
1843 4599 2164 4664 Israelitis
2240 4597 2543 4663 alacritas

605 4679 910 4745 accedere
955 4679 1194 4760 debuit,
1240 4702 1439 4764 quum
1485 4684 1549 4747 in
1597 4684 1942 4769 splendore
1988 4685 2186 4750 solari
2229 4703 2542 4768 agnosce-

603 4775 756 4830 rent
797 4775 1142 4850 paternum
1191 4767 1319 4831 Dei
1379 4769 1632 4835 vultum
1693 4792 1851 4855 erga
1905 4793 1976 4838 se
2019 4772 2290 4855 fulgere.
2382 4770 2540 4834 Per·

603 4850 758 4915 inde
791 4853 963 4915 enim
1002 4873 1119 4917 suo
1155 4853 1375 4918 favore
1419 4868 1573 4919 tunc
1606 4878 1717 4921 eos
1759 4858 2117 4936 irradiavit,
2162 4877 2237 4921 ac
2281 4857 2339 4921 si
2385 4856 2543 4920 libe-

604 4957 751 5001 rum
799 4958 1131 5020 egressum
1177 4949 1595 5009 monstraret.
1644 4944 1742 5008 Ac
1785 4952 2042 5028 poterat
2083 4942 2347 5026 quidem
2384 4950 2546 5006 atto·

604 5023 762 5088 nitis
806 5022 1102 5090 hostibus
1160 5025 1383 5090 statim
1440 5027 1590 5092 illos
1634 5028 1937 5095 educere:
1999 5028 2113 5095 sed
2166 5028 2372 5093 voluit
2417 5027 2544 5093 alio

603 5109 794 5175 modo
839 5130 1069 5191 parare
1113 5109 1245 5174 illis
1283 5111 1554 5187 exitum,
1598 5125 1672 5177 ut
1713 5115 2100 5181 videbimus.

780 5195 883 5261 23.
951 5196 1126 5261 Tunc
1182 5200 1504 5263 accersivit
1564 5198 1816 5266 Pharao
1874 5200 2110 5268 Mosen.
2213 5202 2361 5266 Hoc
2403 5200 2541 5266 ictu

684 5282 895 5348 aviter
938 5283 1435 5364 expavefactum
1480 5285 1679 5350 fuisse
1722 5285 2112 5370 colligimus:
2160 5287 2331 5370 quod
2369 5286 2542 5351 ultro

603 5302 800 5453 ῗζίοιιι
828 5367 1051 5455 antea)
1075 5368 1375 5434 homines
1419 5370 1542 5436 sibi
1571 5380 1702 5435 tam
1748 5372 2055 5438 molestos
2091 5381 2159 5437 et
2191 5382 2326 5438 tam
2373 5381 2544 5438 atro-

1748 453 2490 523 COMMENTARIUS
2534 457 2634 521 IN
2676 454 2966 523 EXODI
3005 455 3306 522 CAPUT
3345 454 3434 521 X.

4461 454 4568 522 128

2649 644 2822 710 cium
2868 644 3317 710 calamitatum
3375 653 3637 709 autores
3694 643 3777 709 ad
3821 665 3892 710 se
3938 665 4200 710 rursum
4249 655 4452 724 vocat,
4508 657 4574 715 ut

2650 728 2728 792 de
2774 731 2950 796 exitu
2997 731 3380 814 paciscatur.
3452 729 3814 812 Quaeritur
3854 739 4097 810 tamen,
4144 732 4202 795 si
4248 752 4434 797 nemo
4465 753 4572 816 per

2647 815 2939 881 triduum
2962 838 2998 881 e
3022 837 3139 881 suo
3164 817 3303 882 loco
3341 817 3646 895 surrexit,
3692 816 3802 900 qui
3844 818 4132 900 potuerit
4155 816 4413 884 Pharao
4447 820 4573 886 Mo·

2649 923 2767 967 sen
2811 911 2879 967 et
2919 903 3193 968 Aharon
3239 922 3587 967 accersere.
3638 901 3711 970 Si
3749 901 4277 985 respondeamus,
4315 904 4574 989 caligine

2648 988 2779 1052 iam
2818 988 3107 1055 discussa
3143 989 3376 1053 missos
3419 989 3623 1054 fuisse
3668 991 3960 1068 nuncios,
4003 989 4073 1052 in
4110 999 4418 1073 promptu
4459 992 4574 1057 erit

2649 1075 2975 1157 exceptio:
3036 1095 3166 1139 non
3209 1073 3409 1139 videri
3458 1074 3807 1158 probabile,
3851 1096 3933 1138 ex
3978 1096 4104 1157 quo
4147 1074 4407 1142 laxatus
4447 1084 4575 1142 erat

2650 1181 2896 1244 poenae
2969 1160 3023 1224 ri
3072 1181 3177 1236 or,
3267 1160 3725 1226 indomabilem
3815 1159 4097 1225 belluam
4179 1163 4375 1228 fuisse
4449 1172 4574 1228 tam

2650 1245 2926 1312 facilem.
3073 1244 3319 1311 idimus
3372 1247 3544 1310 enim
3600 1246 3951 1324 hactenus,
4008 1246 4262 1328 quoties
4320 1269 4572 1313 manum

2648 1353 2837 1397 suam
2884 1331 3166 1397 retraxit
3209 1330 3412 1412 Deus,
3455 1332 3808 1414 superbum
3846 1330 4032 1397 illum
4078 1342 4438 1416 tyrannum
4475 1333 4575 1398 ab·

2648 1418 2814 1484 iecto
2879 1427 3060 1482 metu
3125 1416 3207 1482 ad
3271 1438 3456 1484 suam
3523 1418 3828 1484 ferociam
3876 1417 4164 1483 rediisse.
4268 1418 4576 1502 Equidem

2649 1505 2978 1583 existimo,
3037 1524 3239 1587 quum
3300 1502 3514 1569 adhuc
3575 1526 3723 1568 eum
3781 1513 4049 1587 urgeret
4090 1505 4465 1583 necessitas,
4519 1514 4578 1570 et

2647 1590 2730 1655 ab
2796 1600 3067 1655 aeterna
3130 1589 3409 1674 caligine
3473 1590 3598 1655 sibi
3678 1598 3997 1654 metueret
4019 1641 4034 1668 ,
4117 1589 4196 1654 de
4275 1590 4578 1675 placando

2649 1676 2836 1741 Mose
2880 1677 3126 1759 cepisse
3169 1676 3531 1741 consilium.
3625 1675 3845 1756 Quum
3915 1688 4134 1740 autem
4196 1676 4298 1741 hic
4367 1697 4572 1741 narra-

2649 1770 2758 1826 tur
2815 1761 3093 1827 iacuisse
3152 1782 3380 1828 omnes
3440 1782 3558 1827 suo
3614 1761 3774 1836 loco,
3845 1761 4260 1845 hyperbolice
4305 1765 4580 1846 positum

2647 1868 2791 1913 esse
2855 1848 3287 1931 interpretor:
3358 1866 3433 1911 ac
3490 1849 3543 1912 si
3611 1848 3855 1912 dictum
3923 1859 4095 1912 esset
4161 1869 4447 1913 cessasse
4508 1849 4578 1913 ab

2647 1934 2953 1999 omnibus
3010 1933 3238 1999 officiis
3310 1953 3473 2016 quae
3531 1933 3741 1999 lucem
3807 1935 4168 2016 requirunt.
4273 1933 4580 2015 Quamvis

2646 2030 2866 2084 autem
2907 2040 3039 2084 nox
3075 2039 3273 2102 opera
3294 2019 3566 2101 exsequi
3589 2041 3719 2084 non
3745 2020 4097 2101 permittat,
4131 2019 4367 2103 quibus
4391 2022 4580 2083 inter·

2648 2104 2758 2170 diu
2802 2126 2873 2170 se
2914 2115 3223 2170 exercent
3256 2104 3582 2184 homines,
3641 2127 3771 2169 non
3823 2118 4042 2171 tamen
4077 2106 4172 2170 ita
4207 2107 4579 2171 constrictos

2646 2200 2828 2256 tenet
2864 2192 3022 2274 quin
3060 2212 3132 2256 se
3166 2200 3490 2256 moveant.
3580 2189 3975 2273 Quanquam
4024 2190 4382 2275 hyperbole
4427 2191 4580 2256 nihil

2645 2276 2844 2342 habet
2886 2276 3242 2342 absurdum
3290 2276 3397 2343 vel
3443 2279 3708 2355 durum,
3772 2278 3864 2342 sic
3923 2277 4189 2343 obrutos
4236 2278 4440 2343 fuisse
4495 2290 4580 2342 te·

2646 2363 2865 2428 nebris
2912 2361 3272 2448 Aegyptios
3334 2371 3409 2427 ut
3463 2364 3530 2428 in
3587 2384 3706 2427 sua
3762 2363 4036 2445 quisque
4080 2365 4364 2428 statione
4410 2363 4581 2446 quasi

2647 2448 2900 2514 defixus
2942 2457 3269 2527 maneret,
3331 2470 3450 2516 nec
3493 2469 3565 2515 se
3610 2458 3837 2514 mutuo
3880 2450 4370 2533 conspicerent:
4443 2450 4581 2532 quia

2645 2534 2714 2599 in
2759 2535 3160 2600 obscuritate
3205 2534 3407 2599 tridui
3451 2535 3663 2600 solitis
3699 2555 3809 2599 eos
3861 2536 4229 2600 actionibus
4286 2534 4580 2618 perfungi

2647 2620 2829 2686 Deus
2873 2622 3099 2686 vetuit.
3188 2621 3393 2686 Porro
3428 2622 3553 2686 etsi
3588 2621 3735 2704 plns
3771 2620 4012 2704 aliquid
4050 2621 4277 2705 largiri
4324 2629 4581 2704 paratus

2646 2718 2747 2772 est
2790 2706 3050 2772 Pharao
3093 2728 3287 2789 quam
3335 2716 3521 2787 ante,
3588 2706 3878 2772 nondum
3924 2717 4146 2772 tamen
4214 2708 4418 2772 finem
4461 2716 4581 2772 ter-

2646 2792 3023 2876 giversandi
3067 2792 3242 2859 facit.
3333 2793 3656 2858 Parvulos
3715 2792 3897 2857 exire
3945 2794 4195 2875 patitur
4258 2791 4455 2859 modo
4495 2812 4583 2855 re-

2648 2889 2960 2943 maneant
3002 2898 3269 2960 pecora:
3314 2880 3455 2944 sive
3499 2879 3652 2962 qnia
3698 2878 4006 2963 sperabat
4049 2880 4365 2962 egestatis
4423 2879 4582 2962 peri-

2646 2966 2794 3031 culo
2858 2964 3174 3048 populum
3230 2966 3416 3030 facile
3460 2986 3649 3048 posse
3696 2964 3986 3030 retrahi:
4031 2966 4172 3030 sive
4228 2974 4306 3029 ut
4355 2964 4581 3030 talibus

2647 3051 2869 3134 spoliis
2934 3050 3179 3117 ditatus
3243 3051 3556 3117 leviorem
3622 3051 3857 3116 saltem
3937 3053 4257 3116 iacturam
4334 3052 4580 3117 faceret.

2648 3137 2814 3202 Nam
2864 3136 2942 3202 de
2988 3137 3359 3203 hominibus
3404 3139 3561 3220 ipsis
3598 3138 3790 3203 valde
3825 3137 4024 3203 fuisse
4058 3139 4332 3202 anxium
4371 3139 4580 3221 liquet,

2647 3223 2820 3307 quod
2865 3225 3229 3307 aegerrime
3286 3223 3578 3289 concedit
3642 3233 3713 3288 ut
3757 3225 3895 3288 suis
3936 3222 4165 3306 opibus
4209 3224 4445 3289 nudati
4488 3244 4581 3289 sa-

2647 3308 2983 3375 crificandi
3028 3329 3224 3374 causa
3268 3319 3539 3375 exeant:
3586 3307 3756 3393 quod
3803 3329 3935 3373 non
3981 3307 4141 3374 adeo
4185 3310 4460 3375 moleste
4493 3319 4583 3373 tu·

2646 3395 2830 3461 lisset
2853 3395 2908 3460 si
2933 3402 3191 3461 tantum
3212 3395 3528 3461 inhiasset-
3550 3394 3848 3479 praedae.
3875 3393 4223 3460 Caeterum
4241 3394 4434 3462 docet
4448 3416 4582 3460 rur-

2646 3502 2795 3547 sum
2842 3482 2948 3547 hic
2983 3480 3179 3558 locus,
3224 3482 3458 3564 impios
3502 3481 3730 3547 cedere
3764 3482 3907 3546 Deo
3952 3490 4209 3545 tantum
4257 3502 4344 3546 ex
4389 3490 4581 3564 parte,

2645 3577 2722 3632 ut
2763 3567 3016 3632 interea
3058 3566 3375 3634 obluctari
3399 3589 3531 3632 non
3570 3567 3903 3633 desinant:
3951 3568 4235 3650 qualiter
4270 3564 4581 3642 scelerati,

2647 3653 2800 3717 dum
2845 3652 3099 3717 obtorto
3152 3653 3316 3718 collo
3360 3675 3469 3718 eos
3512 3653 3719 3717 trahit
3761 3654 4072 3730 carnifex,
4119 3652 4303 3735 sequi
4352 3674 4582 3737 cogun-

2648 3748 2786 3817 tur,
2869 3760 3078 3821 neque
3145 3748 3365 3804 tamen
3430 3739 3575 3805 ideo
3639 3740 3851 3823 magis
3917 3748 4073 3804 sunt
4136 3739 4579 3822 obsequentes.

2649 3826 2789 3890 Iam
2849 3840 2915 3890 et
2972 3824 3132 3890 illud
3180 3824 3568 3904 notandum,
3627 3825 3965 3908 captandis
4009 3824 4270 3908 effugiis
4317 3824 4580 3890 solertes

2646 3933 2788 3977 esse
2846 3911 3114 3996 impios,
3176 3910 3336 3976 dum
3389 3933 3591 3976 manu
3651 3911 3779 3976 Dei
3826 3920 4231 3995 torquentur,
4292 3920 4363 3976 et
4406 3909 4580 3994 quasi

2646 3996 2997 4081 multiplici
3056 3999 3237 4062 flexu
3304 3997 3434 4062 huc
3499 4008 3567 4061 et
3638 3997 3792 4062 illuc
3860 4017 4121 4062 versare
4186 3997 4458 4062 consilia
4523 4005 4582 4060 et

2647 4091 2916 4162 mentes,
2961 4090 3035 4147 ut
3075 4083 3521 4149 sinceritatem
3565 4083 3867 4167 fugitent.
3957 4082 4087 4148 Ubi
4134 4081 4322 4158 dicit,
4392 4083 4580 4147 etiam

2646 4169 2905 4252 parvuli
2966 4170 3166 4234 vestri
3226 4169 3534 4245 exibunt,
3591 4169 3715 4234 bac
3782 4166 4221 4252 amplificandi
4267 4167 4581 4252 particula

2646 4255 2929 4337 speciem
2993 4254 3401 4320 liberalitatis
3464 4265 3819 4333 ostentans,
3890 4255 4118 4320 Mosen
4183 4260 4250 4317 et
4314 4253 4579 4319 Aharon

2648 4341 2881 4406 blande
2923 4341 3274 4406 demulcet:
3336 4343 3520 4424 quasi
3579 4341 3822 4406 diceret
3857 4363 3927 4406 se
3969 4341 4100 4405 iam
4142 4339 4275 4405 illis
4321 4340 4578 4405 demum

2646 4426 2999 4493 concedere
3041 4425 3212 4510 quod
3257 4429 3605 4512 praecipue
3638 4439 3947 4509 expetere
3993 4425 4113 4490 visi
4155 4427 4437 4492 fuerant.

2817 4513 2920 4578 25.
2969 4511 3273 4595 Dixitque
3323 4512 3553 4580 Moses,
3655 4511 3906 4579 Omnes
3971 4512 4391 4594 exceptiones
4457 4530 4578 4575 non

2647 4599 2863 4664 minus
2921 4619 3150 4664 severe
3198 4600 3413 4665 Moses
3470 4598 3772 4682 repudiat
3814 4618 4007 4681 quam
4053 4598 4108 4661 si
4152 4619 4268 4680 pro
4315 4597 4576 4680 imperio

2643 4686 2935 4769 exigeret
2979 4707 3017 4749 a
3062 4707 3216 4769 rege
3252 4683 3424 4768 quod
3462 4684 3926 4750 Deusniussitc
3949 4683 4036 4747 Et
4071 4693 4245 4747 certe
4285 4684 4410 4748 hoe
4445 4692 4576 4747 tam

2646 4785 2904 4847 austero
2948 4781 3016 4835 ct
3058 4773 3349 4855 praeciso
3394 4768 3695 4852 loquendi
3754 4789 3995 4854 genere
4060 4768 4338 4834 fiduciae
4382 4769 4578 4852 speci-

2644 4879 2796 4922 men
2841 4856 3061 4937 edidit,
3119 4877 3249 4941 quo
3293 4857 3475 4940 impii
3522 4857 3788 4940 tyranni
3833 4855 4074 4920 fastum
4134 4863 4203 4920 et
4246 4854 4576 4920 audaciam

2646 4943 2967 5007 deiiceret.
3058 4942 3395 5007 Praetexit
3437 4942 3697 5026 quidem
3740 4962 3907 5025 opus
3950 4961 4094 5006 esse
4137 4941 4459 5017 victimis,
4517 4953 4577 5002 et

2644 5028 2766 5093 hoc
2825 5028 3013 5093 modo
3080 5029 3388 5093 maiorem
3434 5027 3750 5092 invidiam
3795 5025 4109 5093 declinat:
4176 5027 4287 5091 sed
4335 5026 4575 5091 interea

2644 5114 2848 5179 libere
2893 5115 3226 5197 pactiones
3271 5134 3497 5179 omnes
3540 5112 3925 5186 excludens,
3995 5134 4070 5178 ac
4115 5133 4199 5177 ne
4241 5113 4574 5176 minimum

2645 5199 2904 5283 quidem
2951 5201 3154 5282 pilum
3200 5200 3575 5282 relinquens
3617 5201 3686 5263 in
3748 5200 3922 5283 regis
3965 5198 4256 5277 arbitrio,
4305 5208 4573 5280 potesta·

2646 5295 2781 5350 tem
2839 5287 3074 5351 asserit
3129 5287 3244 5350 uni
3305 5284 3447 5351 Deo
3505 5287 3573 5350 in
3618 5286 3930 5360 solidum,
3999 5293 4073 5347 ut
4115 5285 4279 5351 sciat
4322 5283 4573 5348 Pharao

2641 5371 2811 5437 nihil
2856 5393 2925 5437 se
2969 5371 3222 5437 cavillis
3265 5373 3593 5456 proficere.
3700 5370 3884 5436 Haec
3940 5369 4203 5453 quidem
4261 5369 4572 5453 loquutio:
