4867 6150
549 412 631 480 51
1743 414 2491 483 COMMENTARIUS
2537 414 2636 481 IN
2678 413 2982 481 EXODI
3017 413 3216 483 OAP.
3254 413 3375 479 IV.
4480 412 4560 477 52

540 606 754 673 oculis
797 627 1070 691 pergere
1114 627 1242 689 quo
1287 605 1549 673 iubebat
1586 604 1789 683 Deus,
1837 629 1876 671 a
1920 606 2107 672 cuius
2151 605 2291 670 solo
2336 611 2510 669 nutu

545 692 839 777 pendere
895 694 1035 776 pios
1092 713 1321 758 omnes
1374 693 1712 760 convenit:
1773 689 1995 757 debuit
2049 713 2179 756 non
2247 711 2330 755 ex
2389 711 2509 756 suo

542 799 749 843 66060
815 777 896 842 (16
961 800 1033 843 re
1101 778 1465 845 incredibili
1534 777 1748 843 facere
1813 777 2161 855 iudicium,
2239 775 2350 842 sed
2420 799 2506 841 ex

550 863 680 929 Dei
726 883 906 930 voce.
996 864 1133 929 Nec
1187 874 1364 931 certe
1422 865 1526 930 vel
1586 862 1779 929 fidem
1827 864 2170 947 abrogavit
2213 863 2507 945 loquenti

552 950 723 1028 De0,
787 951 887 1015 vel
934 950 1311 1033 impositum
1370 950 1491 1015 sibi
1550 970 1715 1015 onus
1776 951 2042 1014 reiicere
2097 949 2327 1025 voluit,
2387 947 2504 1013 sed

551 1057 755 1120 quum
817 1058 900 1101 ex
955 1035 1158 1101 altera
1213 1045 1399 1121 parte
1467 1036 1844 1103 discrimina
1907 1045 2203 1100 cerneret
2269 1034 2505 1118 quibus

548 1123 879 1207 explicare
926 1143 995 1187 66
1052 1142 1186 1186 000
1246 1132 1521 1206 poterat,
1578 1121 1733 1187 hinc
1776 1143 1963 1187 mens
2008 1122 2149 1186 eius
2194 1119 2506 1186 distracta

547 1208 677 1273 fuit
720 1209 791 1273 in
835 1207 1126 1274 diversas
1184 1220 1422 1291 partes.
1536 1207 1676 1274 Nec
1720 1209 2065 1291 quisquam
2110 1215 2213 1272 est
2247 1207 2499 1290 piorum

549 1295 664 1377 qui
708 1315 838 1358 000
883 1314 1075 1377 saepe
1130 1293 1200 1357 10
1261 1295 1565 1360 confusas
1623 1292 2126 1377 disceptationes
2176 1293 2503 1375 trahatur,

546 1380 799 1462 quoties
835 1400 920 1444 ex
962 1379 1211 1444 intuitu
1249 1379 1727 1446 obstaculorum
1766 1380 2098 1444 mentibus
2137 1377 2505 1443 offunditur

545 1465 776 1549 caligo.
866 1465 1029 1531 Fuit
1085 1466 1287 1551 igitur
1343 1466 1414 1529 in
1469 1466 1655 1531 Mose
1720 1454 2025 1531 voluntas
2070 1475 2137 1529 et
2193 1463 2503 1544 studium,

549 1551 857 1618 alacritas
913 1560 1132 1616 autem
1194 1563 1261 1615 et
1313 1552 1684 1617 constantia
1744 1551 1984 1616 defuit:
2045 1551 2197 1635 quia
2241 1560 2317 1615 ut
2361 1557 2502 1614 erat

548 1636 815 1714 debilis,
873 1636 955 1702 ad
1013 1636 1294 1720 objectas
1339 1636 1462 1702 sibi
1508 1658 1799 1703 remoras
1844 1636 2201 1702 subsistere
2238 1647 2500 1702 coactus

546 1732 666 1790 est.
783 1726 878 1789 Ac
956 1723 1312 1805 prudenter
1370 1725 1739 1789 discernere
1808 1744 2073 1790 necesse
2151 1735 2250 1788 est
2325 1723 2500 1786 inter

545 1810 962 1875 timiditatem
1032 1830 1198 1892 quae
1271 1830 1538 1876 cursum
1608 1808 1916 1892 impedit,
2006 1819 2072 1873 et
2152 1806 2499 1873 recusandi

547 1895 905 1972 audaciam,
955 1896 1061 1960 cui
1105 1894 1448 1962 adiunctus
1494 1905 1596 1960 est
1628 1901 2062 1979 contemptus.
2106 1894 2306 1959 Multi
2341 1893 2497 1958 dum

544 1981 910 2046 molestiam
977 1981 1294 2066 fugitant,
1359 1983 1454 2046 sic
1516 1981 1944 2046 retrahuntur
2010 1979 2092 2046 ab
2156 1980 2366 2046 officio
2422 1989 2500 2044 ut

544 2065 981 2133 obdurescant
1023 2067 1091 2131 in
1137 2088 1257 2132 sua
1291 2067 1587 2151 segnitie.
1659 2066 1792 2148 Qui
1830 2072 2049 2132 autem
2089 2072 2265 2133 recte
2302 2085 2498 2148 agere

544 2153 845 2243 cupiunt,
915 2154 1217 2236 quamvis
1285 2153 1614 2219 anxietate
1679 2153 1784 2218 vel
1850 2162 2029 2217 metu
2096 2153 2160 2217 in
2216 2152 2497 2235 speciem

544 2238 988 2318 retrocedant,
1055 2240 1247 2305 simul
1317 2249 1536 2304 tamen
1608 2239 1900 2323 aspirant
1967 2239 2045 2303 ad
2114 2236 2496 2303 ulteriorem

544 2343 999 2410 progressum:
1059 2325 1335 2410 denique
1392 2325 1485 2392 sic
1545 2324 1880 2390 alternant
1923 2334 1999 2389 ut
2041 2346 2113 2389 se
2157 2343 2495 2407 nunqnam

544 2432 816 2494 prorsus
877 2410 1245 2477 subducant
1298 2410 1427 2476 Dei
1508 2410 1800 2495 imperio.
1893 2409 2173 2475 Videtur
2230 2408 2495 2494 quidem

540 2497 769 2563 Moses
828 2497 1200 2580 obstrepere
1264 2497 1391 2580 ipsi
1448 2495 1625 2582 Deo,
1684 2506 1751 2562 et
1815 2515 1962 2560 cum
2025 2518 2100 2561 eo
2158 2495 2494 2562 altercari:

544 2582 663 2648 sed
715 2582 876 2648 haec
922 2584 1061 2648 sive
1104 2583 1392 2664 audacia,
1435 2583 1575 2649 sive
1618 2581 2021 2665 simplicitas,
2083 2581 2230 2665 plus
2288 2583 2357 2646 in
2424 2601 2495 2646 se

546 2667 777 2734 habuit
821 2668 1177 2734 modestiae
1227 2689 1421 2753 quam
1480 2669 1536 2733 si
1579 2669 1863 2734 latebras
1907 2669 1978 2732 in
2025 2668 2288 2735 silentio
2343 2686 2495 2750 cap·

542 2765 779 2820 tasset:
825 2754 1015 2820 sicuti
1050 2755 1290 2820 multos
1334 2754 1622 2820 diximus
1661 2753 1936 2820 tacendo
1982 2753 2202 2819 fovere
2245 2753 2496 2818 detrec-

542 2838 724 2905 tandi
772 2839 1123 2905 licentiam.
1188 2840 1320 2905 Hic
1356 2843 1533 2906 enim
1569 2852 1747 2906 certe
1784 2841 1909 2906 fuit
1944 2840 2199 2925 scopu's,
2235 2849 2313 2905 ut
2341 2839 2496 2904 inde

542 2925 913 3009 expeditior
958 2935 1131 2991 esset
1184 2926 1264 2990 ad
1326 2926 1751 3011 pergendum.
1840 2927 2146 3010 Angebat
2190 2934 2495 2992 sanctum

542 3013 762 3078 virum
830 3011 989 3078 11660
1054 3033 1228 3092 cura,
1296 3012 1466 3096 quod
1530 3012 1874 3097 populares
1953 3033 2103 3080 suos
2181 3020 2496 3097 expertus

541 3103 759 3165 fuerat
797 3119 1033 3183 pravos
1076 3109 1143 3163 et
1186 3099 1325 3165 fere
1364 3099 1842 3165 intractabiles:
1892 3100 2013 3166 hac
2056 3121 2217 3166 cura
2262 3120 2331 3164 se
2375 3121 2491 3165 ex·

545 3205 832 3251 onerans
897 3186 965 3248 in
1029 3186 1247 3250 sinum
1314 3186 1469 3266 Dei,
1566 3205 1737 3250 nova
1813 3186 2248 3269 promissione
2327 3185 2493 3270 erigi

543 3271 744 3354 cupit,
799 3280 874 3334 ut
919 3271 1043 3337 hoc
1086 3269 1550 3354 impedimento
1606 3271 1861 3336 solutus
1904 3271 2208 3338 alacriter
2249 3282 2492 3337 currat.

717 3358 778 3421 2.
828 3356 996 3438 Quid
1049 3362 1137 3422 est
1201 3357 1311 3422 hoc
1372 3358 1445 3422 in
1508 3377 1717 3423 manu.
1818 3359 1924 3422 Ex
1980 3378 2162 3423 more
2225 3357 2494 3441 linguae

546 3440 891 3508 hebraicae
942 3444 1151 3506 fusius
1211 3464 1388 3508 nunc
1432 3444 1714 3526 explicat
1755 3443 1974 3510 Moses
2015 3452 2080 3508 et
2124 3442 2495 3510 distinctius

544 3528 963 3612 prosequitur
1005 3528 1174 3611 quod
1220 3530 1404 3611 prius
1449 3528 1825 3594 summatim
1872 3530 2182 3614 attigerat
2227 3527 2307 3594 de
2366 3530 2422 3594 si
2470 3567 2496 3580 -

544 3615 668 3679 nis.
715 3613 923 3679 Porro
963 3614 1034 3678 in
1080 3614 1287 3699 signis
1333 3613 1545 3681 tribus
1581 3636 1747 3697 quae
1785 3615 1985 3680 refert
2020 3615 2405 3680 consideran
2457 3636 2495 3679 a

542 3699 732 3764 nobis
777 3707 879 3764 est
921 3700 1240 3784 analogia.
1313 3701 1564 3766 Pedum
1600 3700 1924 3785 pastorale
1959 3700 2129 3785 quod
2176 3702 2240 3765 in
2287 3721 2491 3765 manu

544 3785 847 3870 gestabat
902 3787 1260 3869 proiectum
1320 3787 1387 3851 in
1447 3796 1724 3864 terram,
1785 3787 2068 3852 vertitur
2110 3787 2180 3852 in
2224 3808 2494 3870 serpen-

542 3881 711 3936 tem:
757 3892 986 3936 rursus
1025 3872 1096 3936 10
1140 3892 1408 3937 manum
1451 3880 1783 3955 receptum
1819 3881 2125 3939 naturam
2163 3892 2352 3938 suam
2389 3894 2492 3938 re-

543 3967 836 4040 cuperat.
907 3957 1075 4022 Mihi
1119 3980 1249 4024 000
1286 3957 1554 4024 dubium
1599 3967 1701 4023 660
1744 3958 1901 4041 (1010
1942 3958 2172 4025 docere
2214 3957 2497 4024 voluerit

547 4044 758 4118 Deus,
817 4044 1119 4128 quamvis
1174 4043 1426 4109 abiecta
1483 4053 1548 4110 et
1606 4043 2021 4127 despicabilis
2076 4057 2248 4110 esset
2294 4044 2496 4111 Mosis

545 4127 863 4210 conditio,
928 4128 1418 4196 formidolosum
1486 4140 1708 4194 tamen
1774 4130 1912 4196 fore
1976 4131 2117 4216 regi
2181 4130 2494 4216 Aegypti.

546 4214 837 4281 Baculus
902 4216 1078 4282 enim
1144 4216 1286 4297 ille,
1374 4216 1654 4299 pastoris
1721 4216 1976 4301 insigne
2054 4223 2213 4282 erat.
2317 4215 2494 4299 Quid

547 4309 767 4365 autem
835 4303 1047 4385 magis
1125 4301 1615 4386 contemptibile
1684 4323 1878 4386 quam
1943 4302 2203 4386 prodire
2269 4303 2497 4370 o'vium

546 4385 882 4452 custodem
929 4409 964 4452 e
1010 4386 1280 4469 deserto,
1321 4397 1387 4453 60
1428 4387 1670 4471 pedum
1716 4409 1929 4469 suum,
1983 4410 2110 4472 quo
2157 4388 2272 4453 vix
2317 4409 2387 4453 se
2432 4398 2497 4454 et

546 4492 814 4558 gregem
862 4474 1031 4539 tueri
1069 4473 1321 4539 solebat
1354 4495 1391 4538 a
1431 4474 1583 4539 feris
1618 4473 1842 4540 bestiis
1875 4494 2204 4558 opponere
2239 4482 2497 4558 sceptro

546 4559 987 4642 potentissimi
1021 4559 1241 4644 regis?
1291 4559 1642 4626 Caeterum
1673 4558 1983 4625 admonet
2028 4562 2228 4638 Deus,
2273 4581 2499 4642 quam—

549 4644 655 4708 vis
700 4643 1096 4711 destituatur
1137 4644 1487 4729 splendore
1524 4655 1784 4712 terreno
1821 4645 2049 4728 opibus
2089 4655 2155 4712 et
2189 4647 2498 4729 potentia,

548 4730 688 4795 fore
768 4740 987 4795 tamen
1068 4731 1445 4797 horribilem
1523 4731 1885 4808 Pharaoni,
1973 4734 2152 4815 quasi
2235 4731 2497 4808 diceret,

542 4815 910 4881 timendum
955 4838 1085 4881 non
1125 4837 1268 4884 esse
1299 4839 1381 4883 06
1423 4818 1758 4884 hominem
1790 4817 2191 4884 rusticanum
2230 4828 2503 4901 spernat

544 4902 846 4982 Pharao,
898 4904 999 4967 vel
1044 4923 1164 4986 pro
1208 4904 1416 4970 nihilo
1462 4905 1682 4970 ducat:
1730 4905 1883 4986 quia
1934 4905 2202 4971 baculus
2245 4905 2317 4968 in
2362 4926 2498 4970 ser-

546 4997 817 5071 pentem
873 5010 1227 5054 conversus
1284 4990 1434 5073 plus
1480 4991 1750 5055 terroris
1805 4991 2035 5055 afferet
2078 5011 2273 5075 quam
2319 4990 2499 5056 mille

546 5073 772 5156 gladii.
862 5072 1057 5155 Quod
1122 5073 1283 5141 dicit
1348 5077 1568 5143 Moses
1634 5097 1704 5141 se
1756 5077 2175 5159 perterritum
2233 5077 2498 5161 fugisse,

542 5159 768 5224 voluit
844 5160 1020 5226 haud
1080 5160 1273 5227 dubie
1332 5163 1512 5228 Deus
1585 5161 1936 5245 percellere
1994 5172 2170 5228 metu
2232 5183 2499 5230 servum

528 5267 780 5327 saeuum,
846 5255 920 5311 ut
983 5247 1218 5312 melius
1283 5249 1658 5314 aestimaret
1721 5269 1805 5313 ex
1867 5248 2070 5314 animi
2135 5250 2234 5315 sui
2299 5269 2500 5314 sensu

536 5331 762 5415 qualis
804 5334 1030 5399 futura
1072 5341 1248 5399 esset
1288 5332 1417 5399 Dei
1460 5336 1678 5400 virtus
1720 5332 1805 5399 ad
1847 5335 2226 5402 terrendum
2270 5355 2500 5420 super-

2615 603 2767 669 bum
2828 604 3014 670 illum
3083 624 3323 689 regem.
3427 602 3557 669 Hic
3615 621 3772 688 ergo
3838 601 3962 667 fuit
4030 601 4325 668 miraculi
4394 602 4558 684 finis,

2613 711 2744 755 non
2804 710 2946 757 esse
3004 711 3169 774 opus
3230 688 3752 773 magniscopiis,
3820 688 3974 772 quia
4020 687 4100 751 ad
4144 696 4558 771 conspectum

2613 776 2811 843 solius
2856 777 3068 842 baculi
3104 786 3566 859 expavesceret
3612 774 3907 839 Pharao:
3965 794 4176 858 neque
4213 795 4377 856 opus
4420 795 4558 841 esse

2610 862 2912 928 baculum
2958 863 3192 947 agitari
3230 870 3297 925 et
3331 862 3547 926 valide
3583 862 3860 939 concuti,
3897 860 4050 943 quia
4086 861 4345 944 proprio
4379 867 4560 926 motu

2610 960 2676 1013 et
2731 949 3081 1014 iactatione
3141 949 3300 1012 satis
3356 947 3685 1011 incuteret
3745 947 4012 1012 timoris.
4116 947 4349 1012 Altera
4412 968 4558 1031 pars

2608 1035 2927 1111 miraculi,
3018 1054 3175 1100 uum
3222 1032 3414 1098 rediit
3453 1031 3724 1098 baculus
3758 1032 3825 1098 in
3870 1032 4216 1116 pristinam
4261 1031 4556 1113 formam,

2610 1120 2736 1185 huc
2782 1055 3089 1186 tendehat
3147 1128 3222 1183 ut
3264 1119 3461 1185 sciret
3503 1119 3758 1197 Moses,
3817 1119 3985 1202 quod
4033 1118 4204 1185 hosti
4248 1119 4557 1184 infestum

2607 1226 2685 1271 ac
2728 1205 3116 1271 damnosum
3162 1214 3319 1284 erat,
3365 1205 3484 1270 sibi
3525 1204 3905 1270 adiumento
3942 1216 4008 1269 et
4043 1204 4370 1290 praesidio
4405 1206 4557 1270 fore.

2608 1291 2796 1356 Idem
2856 1293 3074 1375 itaque
3136 1290 3405 1357 baculus
3474 1291 3702 1356 Mosen
3772 1291 4091 1356 instruxit
4150 1290 4554 1375 fortitudine¹

2608 1377 2864 1443 hostem
2929 1398 3084 1443 vero
3152 1376 3389 1443 deiecit
3453 1397 3528 1441 ac
3592 1377 3968 1461 prostravit.
4080 1376 4276 1458 Quod
4342 1385 4557 1442 autem

2609 1463 2731 1529 Dei
2795 1465 2933 1529 voci
2991 1462 3334 1530 confestim
3387 1462 3844 1546 obtemperans
3906 1474 4278 1548 serpentem
4326 1484 4553 1547 appre-

2606 1548 2892 1615 hendere
2952 1549 3177 1626 audet,
3237 1570 3320 1615 ex
3386 1549 3753 1615 obedientia
3808 1548 3955 1614 colli
4010 1550 4138 1615 ’tur
4203 1549 4554 1634 singularis

2606 1635 2799 1701 fides:
2890 1645 3084 1718 atque
3164 1635 3361 1701 etiam
3437 1635 3679 1701 clarius
3744 1657 3824 1700 ex
3891 1635 4110 1700 suita
4177 1637 4552 1716 mutatione,

2605 1719 2776 1804 quod
2834 1722 3240 1788 virulentum
3298 1732 3367 1786 60
3409 1721 3678 1786 noxium
3726 1722 4005 1801 animal,
4066 1743 4106 1786 a
4162 1723 4351 1788 cuius
4404 1743 4550 1788 000-

2602 1815 2827 1890 spectu
2887 1829 3099 1891 nuper
3153 1808 3411 1891 fugerat
3454 1815 3635 1872 metu
3679 1816 4156 1886 consternatus,
4201 1829 4551 1892 provocare

2604 1913 2736 1957 000
2781 1902 3070 1974 veretur,
3115 1893 3385 1958 caudam
3435 1894 3574 1958 eius
3612 1893 3987 1976 premendo.
4061 1894 4241 1978 Ergo
4279 1895 4550 1978 pusillus

2603 1979 2862 2044 animus
2904 2000 3179 2064 magnae
3224 1977 3499 2044 fiduciae
3544 1999 3755 2062 capax
3798 1980 3942 2057 fuit,
3990 1989 4054 2043 et
4084 1979 4364 2046 alternis
4407 1982 4551 2047 viei-

2603 2063 2724 2130 bus
2771 2086 2943 2131 nunc
2994 2065 3344 2144 timiditas,
3391 2086 3566 2132 nunc
3621 2065 3831 2149 pietas
3889 2066 4141 2132 fructus
4196 2087 4351 2132 suos
4406 2088 4548 2151 pro·

2605 2149 2916 2216 tulerunt.
3009 2154 3227 2235 Atque
3273 2152 3394 2217 hoc
3434 2153 3505 2215 in
3548 2151 3779 2234 primis
3824 2158 4052 2216 notatu
4106 2150 4383 2237 dignum
4434 2160 4546 2234 660,

2603 2238 2976 2319 praesentia
3035 2238 3158 2302 Dei
3221 2248 3513 2302 erectum
3570 2237 3768 2302 fuisse
3834 2238 4099 2304 Mosen:
4166 2239 4282 2304 sed
4351 2261 4545 2324 quum

2602 2321 2686 2387 ad
2730 2323 3046 2388 indomita
3105 2323 3322 2407 gentis
3382 2343 3539 2388 suae
3596 2323 3868 2407 ingenia
3911 2332 3979 2387 et
4022 2325 4372 2407 superbam
4422 2330 4544 2392 Ae·

2602 2410 2793 2493 gypti
2838 2408 3351 2477 dominationem
3397 2410 3763 2475 reflecteret
3807 2409 4053 2489 oculos,
4121 2410 4330 2477 fuisse
4375 2412 4537 2479 debi-

2602 2494 2881 2560 litatum.
2971 2495 3035 2560 N
3040 2517 3166 2561 unc
3232 2495 3567 2578 quaeritur
3617 2496 3895 2562 fueritne
3938 2516 4097 2561 vera
4138 2506 4203 2562 et
4248 2498 4540 2565 substan-

2602 2581 2773 2646 tialis
2835 2581 3177 2648 conversio
3240 2581 3455 2647 baculi
3522 2582 3594 2646 in
3658 2590 4061 2665 serpentem:
4122 2604 4205 2648 an
4269 2586 4548 2651 exterior

2601 2667 2810 2731 forma
2854 2666 3175 2732 duntaxat
3220 2666 3418 2732 fuerit
3460 2675 3732 2732 mutata.
3793 2669 3964 2752 Ego,
4012 2669 4133 2756 6061
4170 2670 4374 2735 nolim
4404 2692 4544 2755 perr

2601 2752 2881 2819 tinacius
2924 2752 3315 2819 contendere
3361 2753 3440 2817 de
3486 2775 3557 2817 re
3599 2752 3765 2817 levis
3808 2756 4139 2835 momenti,
4190 2757 4546 2840 amplector

2602 2847 2819 2904 tamen
2873 2840 3043 2923 quod
3103 2840 3315 2924 magis
3372 2838 3704 2922 probabile
3748 2849 3865 2918 est,
3931 2862 4058 2906 000
4102 2842 4297 2907 100ᾶο
4353 2842 4544 2910 fuisse

2601 2925 2915 2991 obiectam
2976 2924 3330 3010 imaginem
3382 2926 3492 2989 vel
3551 2934 3915 3008 spectrum,
3976 2926 4090 2992 sed
4134 2927 4374 3008 Deum,
4439 2929 4544 3013 qui

2602 3032 2686 3075 ex
2733 3011 2938 3078 nihilo
2978 3011 3226 3078 creavit
3268 3011 3503 3090 omnia,
3573 3012 3828 3079 dedisse
3872 3013 4104 3080 baculo
4148 3034 4391 3082 novam
4433 3036 4543 3082 na-

2601 3109 2839 3179 turam,
2883 3105 2952 3164 60
2996 3120 3227 3163 rursus
3270 3119 3357 3162 ex
3391 3107 3695 3182 serpente
3726 3100 3955 3166 fecisse
3999 3099 4333 3169 baculum:
4379 3100 4543 3186 quod

2601 3182 2812 3248 nihilo
2869 3183 2996 3249 fuit
3052 3182 3386 3250 difficilius
3443 3206 3636 3267 quam
3681 3206 3951 3251 uxorem
3999 3187 4131 3252 Lot
4174 3200 4435 3254 vertere
4477 3189 4541 3253 in

2599 3277 2883 3335 statuam
2929 3269 3084 3336 salis
3129 3268 3327 3356 (Gen.
3375 3270 3476 3351 19,
3521 3270 3650 3356 26).
3722 3271 3868 3337 Hoc
3914 3291 4113 3355 quum
4162 3274 4292 3339 Dei
4327 3283 4543 3359 poten-

2598 3356 2731 3421 tiae
2788 3365 3162 3441 promptum
3228 3377 3304 3422 ac
3361 3357 3548 3423 facile
3607 3357 3725 3437 sit,
3782 3357 4135 3423 verisimile
4193 3361 4360 3425 mihi
4411 3381 4539 3425 non

2598 3441 2862 3507 videtur
2905 3443 3180 3527 spectris
3225 3463 3373 3507 eum
3422 3443 3673 3508 lusisse.
3764 3441 3956 3523 Quod
3996 3466 4151 3508 vero
4187 3446 4366 3511 idem
4402 3447 4540 3512 imi-

2596 3529 2720 3677 fati
2775 3539 2932 3594 6000
2989 3530 3198 3614 magi,
3257 3527 3337 3593 de
3383 3550 3606 3594 eorum
3663 3530 4035 3614 praestigiis
4081 3531 4373 3600 dicemus
4429 3552 4538 3598 suo

2622 3632 2754 3680 oco.
3949 3631 3954 3635 ·

2771 3698 2830 3766 5.
2892 3699 2972 3767 Ut
3009 3700 3278 3778 credant,
3322 3699 3487 3783 quod
3529 3701 3916 3783 apparuerit.
3963 3699 4111 3766 Non
4158 3723 4318 3788 ergo
4347 3704 4535 3770 semel

2599 3794 2857 3850 tantum
2902 3785 3075 3851 Mosi
3116 3786 3560 3869 spectaculum
3606 3786 3727 3852 hoc
3767 3787 4174 3870 propositum
4222 3790 4376 3869 fuit,
4431 3789 4537 3855 sed

2603 3872 2757 3937 data
2800 3892 3058 3955 quoque
3099 3879 3389 3954 potestas
3432 3872 3558 3936 fuit
3600 3871 3888 3937 eiusdem
3935 3874 4235 3941 miraculi
4290 3876 4536 3961 saepius

2602 3956 2870 4023 edendi:
2939 3969 3074 4021 tam
3131 3965 3209 4023 ut
3260 3957 3434 4042 apud
3495 3957 3829 4023 Israelitas
3896 3956 4089 4024 fidem
4162 3964 4531 4046 acquireret,

2602 4065 2795 4128 quam
2841 4051 2918 4109 ut
2959 4043 3347 4127 reprimeret
3380 4043 3741 4110 Pharaonis
3783 4044 4143 4111 audaciam.
4230 4047 4534 4130 Quamvis

2602 4139 2820 4196 autem
2866 4130 3147 4196 abscissa
3190 4131 3278 4195 sit
3320 4131 3542 4203 oratio,
3601 4130 3784 4193 nulla
3828 4140 4048 4196 tamen
4092 4143 4193 4198 est
4238 4137 4306 4199 in
4349 4154 4530 4199 sensu

2600 4216 3021 4300 ambiguitas:
3068 4236 3302 4300 nempe
3345 4215 3589 4280 armari
3628 4215 3854 4282 Mosen
3899 4219 4161 4284 coelesti
4204 4227 4527 4304 potestate,

2601 4322 2733 4385 quo
2791 4314 2970 4367 certa
3022 4302 3110 4367 sit
3166 4303 3303 4368 eius
3367 4303 3648 4380 vocatio,
3713 4324 3829 4367 nec
3885 4304 4229 4388 quisquam
4291 4306 4530 4371 dubitet

2601 4388 2986 4472 prophetam
3067 4409 3207 4453 esse
3285 4386 3600 4453 divinitus
3678 4388 3970 4455 missum.
4080 4392 4213 4458 Hic
4280 4392 4356 4457 de
4417 4410 4528 4455 usu

2603 4474 3066 4540 miraculorum
3124 4495 3209 4538 ex
3269 4472 3560 4558 professo
3617 4472 3942 4540 disserere
4001 4478 4267 4560 longum
4342 4486 4527 4542 esset:

2607 4560 2726 4626 hoc
2791 4560 3079 4626 breviter
3145 4567 3369 4626 tenere
3435 4559 3744 4636 sufficiat,
3824 4582 3954 4625 non
4036 4585 4358 4648 nunquam
4424 4561 4528 4626 illa

2605 4645 2824 4710 valere
2860 4645 2942 4710 ad
3001 4644 3154 4711 fidei
3206 4647 3797 4731 praeparationem,
3857 4648 4209 4731 aliquando
4251 4669 4404 4714 vero
4452 4645 4524 4709 ad

2603 4731 3183 4797 confirmationem.
3295 4731 3654 4814 Utriusque
3734 4734 4106 4816 exemplum
4184 4736 4250 4801 in
4334 4731 4525 4800 baculi

2603 4818 3027 4883 conversione
3071 4819 3415 4895 cernimus,
3463 4838 3594 4900 qua
3636 4820 3845 4902 magis
3890 4821 4216 4888 animatus
4259 4831 4324 4885 et
4363 4836 4524 4884 erec-

2603 4912 2711 4970 tus
2775 4904 2900 4969 fuit
2958 4905 3178 4970 Moses
3235 4913 3308 4969 ut
3349 4904 3551 4969 robur
3592 4904 3950 4987 colligeret,
3996 4927 4197 4989 quum
4242 4908 4364 4972 iam
4409 4902 4524 4968 Dei

2604 4991 2921 5073 promisso
2942 4990 3139 5055 fidem
3178 4989 3470 5057 haberet:
3511 4987 3851 5055 Israelitae
3890 5013 4062 5069 vero,
4098 4995 4209 5076 qui
4247 5005 4309 5057 et
4331 4993 4523 5056 incre·

2605 5075 2743 5140 duli
2787 5084 2979 5142 erant
3021 5084 3089 5141 et
3132 5097 3362 5159 parum
3410 5075 3647 5142 dociles
3673 5127 3687 5156 ,
3750 5077 3956 5159 aptati
4000 5093 4069 5144 et
4111 5078 4356 5144 subacti
4399 5076 4522 5140 fue·

2604 5171 2765 5227 runt
2822 5162 2904 5227 ad
2954 5160 3370 5229 credendum.
3476 5161 3778 5246 Denique
3835 5163 4219 5232 miraculum
4276 5164 4516 5228 ianuam

2602 5247 2759 5312 fidei
2804 5249 3064 5331 aperuit
3108 5247 3282 5333 apud
3318 5247 3672 5333 Israelitas,
3717 5257 3795 5314 00
3827 5253 4116 5331 persuasi
4156 5251 4234 5317 de
4268 5245 4519 5333 prophe·

2604 5334 2733 5399 0100
2777 5335 2917 5400 6106
2960 5355 3252 5413 munere,
3299 5334 3510 5400 doceri
3556 5354 3626 5398 se
3669 5337 4083 5417 sustinerent,
4128 5338 4265 5420 ipse
4321 5340 4518 5398 autem
