4867 6150
403 447 529 514 189

401 637 680 701 tendunt
725 637 806 702 ad
852 639 1325 722 corrumpenda
1362 642 1622 723 iudicia,
1668 646 2038 728 opponitur.
2105 647 2354 714 Ultimo

403 723 694 806 exigitur
736 723 954 788 odium
1002 727 1348 792 avaritiae:
1419 729 1575 812 quia
1628 730 1799 795 nihil
1860 734 2071 816 magis
2130 736 2354 817 aequi-

401 811 524 873 tati
589 813 988 875 contrarium
1057 834 1252 894 quam
1316 812 1482 879 lucri
1556 817 1897 899 cupiditas.
2024 818 2354 900 Quoniam

401 905 618 960 autem
687 908 762 960 ut
824 896 1184 978 plurimum
1253 900 1619 966 tenduntur
1683 902 1960 969 insidiae
2004 904 2352 984 iudicibus,

399 982 615 1048 oblato
659 994 954 1064 quaestu,
1021 1005 1151 1048 non
1195 986 1357 1050 satis
1401 990 1638 1053 muniti
1685 1007 1904 1055 essent
1947 1004 2177 1056 contra
2231 992 2353 1059 hoc

402 1088 611 1152 genus
676 1069 1091 1151 corruptelae
1144 1071 1270 1135 nisi
1340 1074 1687 1138 avaritiam
1748 1097 1830 1140 ex
1892 1078 2181 1159 professo
2241 1078 2351 1142 de-

396 1164 813 1221 testarentur.

570 1240 674 1305 23.
749 1238 825 1303 Si
887 1238 996 1305 hoc·
1058 1240 1299 1321 feceris.
1412 1243 1608 1322 Quod
1675 1249 1968 1328 proxime
2035 1249 2350 1332 sequitur,

398 1324 822 1409 Praeceperit
867 1325 981 1388 tibi
1026 1324 1242 1405 Deus,
1303 1331 1723 1396 coniunctum
1771 1333 1903 1416 legi
1945 1345 2162 1416 potest
2202 1355 2350 1399 cum

398 1414 584 1477 initio
629 1432 881 1484 versus.
927 1411 1121 1495 idque
1156 1415 1302 1479 vice
1338 1418 1789 1484 correctionis:
1836 1422 2022 1504 quasi
2058 1420 2349 1485 modeste

403 1499 623 1563 Iethro
680 1497 1038 1580 exciperet,
1083 1521 1217 1564 non
1276 1500 1467 1567 aliter
1510 1525 1579 1569 se
1638 1525 1872 1586 cupere
1916 1507 2351 1590 obtemperari

398 1606 518 1650 suo
575 1584 847 1650 consilio
896 1585 1024 1648 nisi
1076 1586 1221 1650 Deo
1266 1587 1593 1668 probetur.
1682 1589 1817 1655 Alii
1867 1592 2064 1658 latius
2119 1607 2347 1657 exten-

395 1669 590 1735 dunt:
632 1668 707 1736 Si
733 1670 955 1734 Moses
978 1672 1154 1736 iussa
1179 1673 1305 1737 Dei
1329 1675 1396 1737 in
1421 1675 1723 1741 omnibus
1746 1689 2078 1760 sequatur,
2105 1690 2349 1762 tempe-

394 1768 772 1822 ramentum
835 1756 958 1820 hoc
1012 1757 1152 1821 fore
1196 1760 1374 1824 utile.
1466 1760 1735 1829 Utrovis
1794 1764 1987 1828 modo
2046 1765 2348 1848 accipias,

394 1843 687 1908 declarat
705 1841 935 1907 Iethro
982 1843 1149 1907 nihil
1196 1844 1363 1910 velle
1408 1846 1532 1911 sibi
1575 1848 1838 1914 concedi
1884 1850 2054 1932 quod
2091 1871 2348 1916 summo

394 1930 522 1994 Dei
564 1929 837 2011 imperio
886 1928 1180 2011 deroget:
1227 1952 1460 1996 verum
1508 1934 1673 1998 nihil
1719 1935 1977 2000 obstare
2000 1938 2347 2018 quominus

393 2016 617 2080 Moses
656 2014 754 2101 (ut
790 2023 984 2079 antea
1028 2016 1256 2081 solitus
1280 2016 1448 2104 erat)
1485 2020 1700 2084 Deum
1746 2033 2060 2104 sequatur
2095 2023 2344 2102 ducem,

395 2111 462 2166 et
505 2114 726 2166 tamen
772 2102 1106 2185 proposita
1150 2102 1271 2168 sibi
1319 2106 1570 2169 ratione
1616 2118 1857 2172 utatur.
1948 2109 2142 2176 Hanc
2191 2130 2343 2173 vero

394 2188 819 2271 temporalem
887 2209 1030 2251 esse
1093 2190 1454 2273 significat,
1522 2212 1724 2274 quum
1792 2192 1975 2257 addit
2027 2195 2342 2277 populum

392 2276 464 2338 in
508 2295 663 2357 pace
712 2272 817 2338 vel
860 2295 1165 2356 prospere
1202 2287 1557 2341 venturum
1602 2300 1744 2344 esso
1787 2281 1857 2343 in
1902 2291 2146 2345 terram
2173 2280 2345 2346 Oba-

393 2381 585 2425 naan.
687 2360 915 2425 Noluit
974 2361 1178 2443 igitur
1235 2362 1459 2427 Iethro
1519 2364 1729 2447 legem
1789 2369 2062 2447 posteris
2108 2368 2339 2450 figere:

393 2447 507 2511 sed
544 2447 752 2530 quoad
790 2448 1077 2528 quietam
1116 2449 1463 2513 stationem
1511 2449 1784 2532 adeptus
1830 2460 2003 2517 esset
2038 2452 2356 2535 populus,-

387 2533 748 2597 remedium
790 2533 1245 2616 praesentibus
1281 2535 1733 2615 incommodiS,
1771 2548 1965 2620 atque
2002 2536 2103 2624 (ut
2138 2539 2341 2623 vulgo

389 2619 746 2701 loquuntur
817 2617 1083 2684 modum
1123 2620 1569 2702 promissionis
1605 2624 1908 2690 ostendit.

562 2706 660 2770 24.
772 2706 1001 2770 bedivit
1022 2704 1248 2772 Moses.
1320 2705 1674 2791 Singulare
1710 2710 2068 2775 modestiae
2113 2731 2338 2774 exem-

388 2791 594 2875 plum,
637 2791 810 2873 quod
837 2792 1058 2857 Moses
1103 2794 1309 2857 soceri
1355 2793 1627 2859 consilio
1673 2796 2059 2861 submittere
2103 2818 2175 2862 se
2205 2819 2335 2861 non

390 2891 726 2961 gravatur.
838 2878 985 2941 Etsi
1064 2879 1240 2942 enim
1313 2892 1526 2945 aetate
1591 2891 1657 2945 et
1721 2883 2062 2948 affinitatis
2126 2883 2339 2966 gradu

388 2965 685 3046 superior
740 2976 882 3026 erat
925 2963 1185 3042 Iethro,
1249 2966 1396 3031 aliis
1441 2980 1660 3031 tamen
1719 2968 2084 3034 rationibus
2141 2969 2336 3053 longe

390 3059 534 3115 erat
575 3048 863 3115 inferior.
931 3048 1125 3129 Quod
1159 3073 1315 3135 ergo
1351 3052 1493 3118 eius
1528 3054 1868 3119 autoritati
1900 3055 2073 3121 cedit
2095 3056 2333 3133 Moses,

387 3137 661 3202 summis
727 3136 1087 3218 quibusque
1162 3146 1231 3202 et
1306 3141 1890 3220 praestantissimis
1968 3141 2336 3207 doctoribus

389 3222 601 3306 legem
639 3223 1041 3304 praescribit,
1088 3244 1170 3287 ne
1204 3244 1438 3308 parere
1474 3227 1841 3291 detrectent
1877 3249 2098 3292 eorum
2125 3229 2331 3293 moni-

387 3307 678 3374 tionibus
723 3329 883 3391 quos
926 3318 1107 3374 recta
1149 3312 1526 3393 praecipere
1585 3324 1974 3395 agnoscunt:
2034 3314 2334 3397 quamvis

384 3416 520 3459 non
558 3402 743 3458 tanta
778 3394 1100 3478 dignitate
1136 3398 1270 3461 sint
1302 3396 1600 3479 praediti.
1653 3398 1830 3463 Vere
1853 3400 2026 3464 enim
2053 3399 2329 3485 Cypria-

386 3501 516 3544 nus
582 3480 910 3544 neminem
993 3480 1232 3547 bonum
1312 3502 1455 3547 esse
1533 3482 1863 3550 doctorem
1944 3488 2334 3567 pronunciat

387 3566 501 3649 qui
566 3587 695 3631 non
763 3566 935 3631 idem
1003 3569 1093 3632 sit
1156 3568 1403 3634 docilis.
1515 3568 1707 3649 Quod
1777 3572 2042 3636 domum
2109 3573 2332 3637 statim

383 3652 584 3717 rediit
619 3674 839 3730 senex,
877 3675 1010 3717 non
1045 3665 1445 3737 contemptu,
1481 3655 1586 3720 vel
1624 3656 1862 3721 laboris
1899 3671 1967 3722 et
1994 3657 2332 3724 molestiae

383 3739 623 3815 taedio,
668 3739 781 3803 sed
829 3741 1061 3806 aetatis
1106 3743 1526 3806 excusatione
1569 3742 1811 3808 factum
1849 3763 1993 3809 esse
2029 3744 2334 3810 credibile

385 3835 503 3889 est.
580 3824 824 3888 Filium
872 3835 1096 3891 tamen
1139 3829 1209 3889 in
1254 3828 1488 3893 castris
1531 3829 1882 3911 mansisse,
1947 3842 2173 3913 postea
2215 3852 2333 3895 suo

380 3910 523 3976 loco
568 3909 954 3978 videbimus.

826 4203 958 4269 EX
1004 4203 1401 4271 DEU'PER.
1448 4203 1784 4272 CAPI'I'E
1831 4207 1883 4272 I.

582 4340 1083 4408 REPETI'PIO
1130 4342 1553 4410 EIUSDEM
1599 4342 2133 4411 HISTORIAE.

553 4513 612 4578 9.
678 4512 848 4577 Dixi
911 4514 1082 4579 vobis
1143 4516 1214 4579 in
1278 4520 1545 4597 tempore
1607 4517 1748 4595 illo,
1828 4518 2116 4583 dicendo:
2185 4516 2331 4584 Non

363 4618 637 4681 possum
700 4600 873 4665 solus
941 4599 1107 4678 ferre
1166 4620 1293 4666 vos.
1405 4601 1506 4668 10.
1588 4602 1820 4668 Iehova
1883 4603 2064 4669 Deus
2135 4610 2332 4669 vester

373 4684 819 4766 multiplicavit
857 4705 965 4751 vos
978 4736 994 4765 ,
1052 4688 1148 4752 ita
1203 4692 1274 4751 ut
1313 4689 1462 4752 sitis
1504 4688 1682 4755 hodie
1721 4689 1884 4754 siout
1922 4690 2138 4755 stellae
2180 4691 2330 4756 coeli

373 4771 448 4836 in
501 4770 915 4837 multitudine.
1009 4773 1106 4837 11.
1169 4769 1402 4838 lehova
1443 4772 1627 4840 Deus
1672 4780 1937 4855 patrum
1987 4781 2330 4841 vestrorum

375 4857 578 4922 addat
619 4876 811 4937 super
850 4876 963 4922 vos
1004 4860 1165 4925 sicut
1198 4860 1364 4936 esti&
1410 4860 1581 4924 mille
1621 4860 1878 4941 vicibus,
1921 4866 1979 4926 et
2018 4860 2332 4927 benedicat

375 4943 550 5008 vobis
592 4943 1109 5025 quemadmodum
1149 4945 1443 5026 loquutus
1483 4951 1574 5010 est
1603 4947 1789 5012 vobis.
1876 4947 1974 5012 12.
2018 4948 2328 5029 Quomodo

375 5029 585 5111 feram
627 5027 802 5094 solus
835 5029 1105 5095 laborem
1145 5036 1435 5104 vestrum,
1482 5038 1539 5096 et
1571 5053 1731 5098 onus
1763 5038 2051 5112 vestrum,
2098 5038 2155 5097 et
2188 5033 2329 5099 lites

376 5120 643 5180 vestras.
737 5114 837 5180 13.
885 5115 1055 5181 Date
1096 5137 1172 5181 ea:
1213 5116 1386 5182 vobis
1426 5118 1596 5183 viros
1650 5120 1964 5200 sapientes
2006 5124 2064 5185 et
2102 5120 2329 5186 intelli-

373 5206 613 5284 9entes,
672 5206 730 5265 et
775 5203 1017 5283 peritos
1052 5200 1097 5288 ¹)
1139 5222 1172 5267 e
1213 5202 1495 5269 tribubus
1534 5205 1785 5285 vestris,
1842 5210 1913 5269 ut
1952 5204 2327 5287 praeficiam

519 5388 579 5459 1)
618 5389 909 5460 fflncepe:
943 5397 1119 5445 notos.

1510 453 2254 525 COMMENTARIUS
2302 459 2399 524 IN
2447 458 2750 527 EXODI
2794 459 2995 528 OAP.
3042 461 3308 528 XVIII.

4280 468 4409 535 190

2458 650 2600 716 illos
2640 650 2829 717 vobis.
2922 651 3021 715 14.
3074 648 3164 715 Et
3213 651 3623 731 respondistis
3673 651 3832 717 mihi
3886 657 4067 735 atque
4115 654 4408 722 dixistis:

2456 735 2650 801 Bona
2691 758 2792 801 res
2834 743 2924 802 est
2966 757 3155 818 quam
3199 737 3423 801 dixisti
3458 742 3528 802 ut
3566 738 3902 820 faciamus.
3986 738 4085 804 15.
4138 741 4407 823 Tulique

2444 824 2767 904 principes
2808 823 3080 887 tribuum
3123 827 3489 900 vestrarum,
3535 826 3705 888 viros
3738 827 4048 905 sapientes
4079 830 4135 890 et
4166 829 4408 907 peritos

2456 929 2530 974 ac
2564 910 2848 974 constitui
2884 929 2986 974 eos
3008 909 3332 990 principes
3367 930 3559 991 super
3593 930 3717 988 vos,
3760 911 4057 983 tribunos,
4103 919 4157 976 et
4200 919 4407 979 centu-

2454 995 2680 1073 riones,
2725 1000 2781 1059 et
2821 995 3409 1076 quinquayenarios‚
3454 1001 3511 1060 et
3543 996 3921 1071 decwriones,
3966 1003 4025 1062 et
4055 999 4404 1080 praefectos

2454 1079 2734 1145 tribubus
2775 1083 3015 1146 vestris.
3102 1081 3200 1145 16.
3247 1082 3454 1161 Atque
3484 1082 3785 1162 praecepi
3822 1082 4139 1148 iudicibus
4181 1087 4405 1152 vestris

2452 1169 2723 1246 tempore
2766 1165 2874 1230 illo
2894 1217 2908 1244 ,
2953 1167 3239 1231 dicendo:
3283 1167 3518 1230 Audite
3559 1168 3725 1232 inter
3763 1168 4000 1250 fratres
4040 1176 4304 1250 vestros,
4346 1177 4404 1236 et

2454 1252 2727 1315 iudicate
2768 1251 2933 1315 iuste
2975 1253 3135 1316 inter
3186 1252 3395 1316 virum
3439 1257 3495 1317 et
3546 1253 3812 1335 fratrem
3862 1274 4049 1319 suum
4066 1306 4080 1331 ,
4134 1261 4192 1321 et
4242 1259 4403 1322 inter

2440 1338 2846 1421 pereyrinum
2888 1337 3041 1402 eius.
3136 1337 3237 1402 17.
3298 1337 3445 1402 Non
3488 1341 3826 1421 aynoscetis
3875 1339 4105 1420 faciem
4148 1344 4220 1406 in
4260 1344 4402 1422 ipso

2452 1422 2722 1487 iudicio:
2777 1423 2938 1488 sicut
2969 1444 3279 1502 parvum,
3343 1425 3435 1489 sic
3493 1430 3552 1488 et
3590 1444 3888 1507 maynum
3929 1426 4233 1492 audietis:
4275 1449 4399 1494 non

2451 1509 2742 1574 timebitis
2784 1529 2828 1573 a
2859 1509 3024 1591 facie
3076 1509 3447 1590 cuiusquam
3465 1559 3481 1585 ,
3536 1511 3690 1592 quia
3746 1511 4056 1577 iudicium
4098 1513 4229 1579 Dei
4272 1520 4362 1580 est
4379 1541 4399 1581 .·

2451 1614 2581 1658 rem
2624 1599 2832 1659 autem
2874 1615 3034 1676 quae
3072 1597 3329 1677 yravior
3369 1596 3488 1660 erit
3525 1594 3718 1674 vobis,
3761 1596 4040 1678 referetis
4068 1599 4154 1663 ad
4184 1620 4298 1677 me,
4343 1604 4400 1665 et

2451 1681 2714 1745 audiam
2763 1681 2959 1745 illam.
3066 1680 3165 1746 18.
3238 1680 3660 1764 Praecepique
3723 1680 3896 1747 vobis
3960 1686 4225 1768 tempore
4288 1686 4398 1752 illo

2450 1767 2663 1830 omnia
2705 1787 2865 1849 quae
2904 1767 3112 1849 facere
3151 1767 3465 1833 deberetis.

2621 1938 2680 2003 9.
2719 1937 2887 2003 Dixi
2907 1938 3076 2003 vobis
3095 1938 3165 2004 in
3184 1943 3470 2021 tempore.
3527 1937 3659 2004 Hic
3695 1960 3827 2004 non
3862 1940 4095 2004 recitat
4132 1940 4396 2006 aliunde

2449 2035 2831 2108 suggestum
2879 2022 3001 2089 sibi
3046 2022 3251 2090 fuisse
3295 2024 3640 2090 consilium
3685 2023 3766 2089 de
3810 2024 4131 2091 iudicibus
4175 2047 4401 2092 crean-

2448 2109 2580 2176 dis:
2626 2110 2904 2175 fortasse
2948 2112 3103 2194 quia
3138 2110 3315 2193 apud
3352 2110 3667 2193 superbos
3701 2121 3769 2175 et
3811 2113 4211 2194 praefractos
4258 2113 4404 2177 nul-

2445 2196 2583 2260 lum
2617 2196 2910 2278 proferre
2948 2218 3189 2261 nomen
3224 2217 3427 2262 ausus
3463 2206 3581 2273 est,
3630 2217 3712 2261 ne
3757 2218 3893 2262 rem
3939 2198 4183 2281 alioqui
4227 2200 4396 2282 opti-

2442 2303 2621 2346 mam
2666 2280 2812 2346 odio
2857 2283 3266 2367 alienigenae
3311 2285 3559 2348 autoris
3597 2294 3996 2366 respuerent.
4065 2285 4201 2350 Nec
4236 2306 4394 2350 vero

2445 2367 2718 2432 dubium
2764 2377 2864 2433 est
2906 2370 3063 2451 quin
3110 2391 3282 2434 nunc
3327 2382 3665 2435 recenseat
3718 2369 3888 2451 quod
3946 2370 4126 2452 prius
4178 2371 4395 2435 fuerat

2444 2464 2722 2537 gestum.
2794 2455 2997 2538 Ergo,
3043 2464 3356 2537 tanquam
3403 2477 3485 2519 ex
3530 2454 3795 2538 proprio
3839 2476 4054 2533 sensu,
4101 2465 4392 2534 excusat,

2444 2542 2628 2605 oneri
2674 2561 2744 2605 se
2788 2562 2931 2605 esse
2974 2541 3297 2624 imparem
3342 2542 3397 2605 si
3442 2540 3622 2606 solus
3664 2543 3912 2625 praesit
3956 2542 4079 2606 toti
4133 2543 4390 2625 populo,

2446 2624 2731 2691 Causam
2799 2626 3066 2692 adducit
3120 2627 3292 2709 quod
3352 2627 3678 2693 immensa
3730 2628 3816 2691 sit
3872 2627 4255 2707 multitudo,
4320 2629 4391 2693 in

2444 2733 2573 2794 qua
2616 2733 2880 2779 necesse
2927 2714 3013 2777 sit
3054 2711 3332 2778 subinde
3377 2714 3532 2778 oriri
3570 2712 3813 2778 multas
3843 2712 3994 2779 lites
4029 2722 4096 2777 et
4129 2724 4391 2780 contro-

2447 2800 2711 2864 versias.
2799 2797 2991 2878 Quod
3038 2811 3256 2864 autem
3305 2799 3462 2864 dicit
3505 2810 3732 2864 auctos
3777 2821 3950 2878 esse,
4006 2821 4140 2863 non
4199 2801 4394 2866 debet

2443 2884 2705 2949 initium
2765 2886 3081 2966 temporis
3138 2885 3308 2950 sumi
3366 2887 3446 2950 ab
3504 2906 3801 2968 egressu,
3870 2885 3985 2950 sed
4043 2907 4264 2950 raram
4322 2897 4390 2951 et

2443 2970 2894 3036 incredibilem
2958 2971 3090 3035 Dei
3154 2971 3439 3053 gratiam
3505 2970 3950 3046 commendat,
4030 2971 4201 3053 quod
4265 2973 4388 3039 sub

2441 3077 2643 3122 saeva
2689 3056 3073 3141 tyrannide,
3127 3077 3329 3139 quum
3375 3057 3807 3122 internecioni
3865 3056 4105 3122 addicti
4149 3066 4387 3139 essent,

2441 3153 2783 3225 tantopere
2827 3155 3274 3208 excreverant.
3344 3144 3432 3208 Et
3466 3144 3910 3226 precationem
3958 3143 4272 3226 adiungit,
4309 3153 4389 3210 ut

2437 3229 2506 3293 in
2553 3229 2850 3293 futurum
2896 3249 3149 3312 quoque
3184 3239 3445 3312 tempus
3481 3228 3706 3294 eadem
3744 3229 4112 3294 benedictio
4149 3232 4384 3314 vigeat.

2439 3313 2702 3394 Quibus
2747 3326 2970 3379 tamen
3013 3313 3236 3381 verbis
3295 3314 3632 3394 admonet,
3676 3316 3912 3380 molem
3974 3316 4385 3399 gubernandi

2434 3401 2504 3465 in
2544 3401 2684 3466 dies
2720 3402 2931 3484 magis
2967 3400 3236 3465 arduam
3275 3400 3416 3465 fore
3453 3410 3522 3465 et
3557 3421 3935 3467 onerosam:
3972 3423 4099 3484 quo
4136 3402 4385 3469 facilius

2435 3485 2854 3569 persuadeat,
2913 3499 3174 3551 mature
3233 3485 3716 3553 decernendum
3783 3509 3927 3553 esse
3971 3486 4141 3571 quod
4189 3489 4383 3554 vitari

2434 3572 2699 3638 tandem
2744 3594 2878 3637 non
2911 3581 3149 3654 posset.

2611 3659 2710 3724 13.
2758 3655 2927 3724 Date
2969 3679 3047 3724 ex
3088 3656 3277 3723 vobis.
3366 3657 3544 3723 Hinc
3600 3659 3843 3725 clarius
3902 3670 4204 3742 apparet,
4250 3683 4383 3726 non

2435 3745 2637 3811 unius
2704 3745 2910 3810 Mosis
2975 3745 3246 3809 arbitrio
3337 3755 3591 3810 creatos
3668 3746 3898 3826 fuisse,
3977 3746 4092 3810 sed
4157 3748 4385 3829 populi

2433 3832 2766 3915 suffragiis
2845 3830 3084 3897 electos
3160 3830 3274 3913 qui
3340 3828 3600 3896 iudiciis
3662 3842 4056 3913 praeessent.
4168 3834 4384 3916 Atque

2433 3916 2598 3982 haec
2640 3918 2927 3981 maxime
2970 3916 3276 3999 optabilis
3320 3926 3420 3982 est
3463 3917 3750 3994 libertas,
3795 3938 3928 3982 non
3962 3918 4106 4000 cogi
4139 3939 4262 3983 nos
4298 3918 4381 3983 ad

2435 4003 2799 4085 parendum
2846 4002 3280 4086 quibuslibet,
3346 4003 3403 4066 si
3447 4024 3567 4087 per
3623 4003 3757 4069 vim
3800 4003 4092 4085 impositi
4133 4003 4383 4068 fuerint

2435 4091 2677 4154 nostris
2712 4089 3069 4171 capitibus:
3116 4088 3231 4153 sed
3266 4088 3651 4155 electionem
3689 4089 4033 4171 permittit,
4079 4098 4153 4152 ut
4187 4110 4380 4156 nemo

2438 4173 2809 4241 dominetur
2854 4176 2982 4240 nisi
3016 4175 3139 4257 qui
3183 4173 3496 4257 probatus
3537 4176 3754 4240 fuerit.
3844 4174 4035 4255 Quod
4081 4177 4381 4257 sequenti

2433 4283 2631 4327 versu
2698 4262 2932 4327 melius
3008 4261 3461 4340 confirmatur,
3541 4260 3650 4326 ubi
3731 4272 3958 4324 narrat
4020 4261 4242 4326 Moses
4306 4284 4379 4328 se

2434 4357 2845 4430 exspectasse
2881 4348 3102 4430 populi
3136 4366 3545 4425 consensum,
3583 4366 3704 4411 nec
3734 4345 4087 4430 quidquam
4110 4368 4377 4431 aggres-

2432 4454 2581 4498 sum
2624 4454 2766 4499 esse
2809 4432 2979 4516 quod
3035 4454 3171 4497 non
3227 4434 3530 4498 omnibus
3583 4433 3890 4514 placeret.
3979 4433 4188 4498 Porro
4242 4455 4377 4498 non

2434 4520 2695 4584 easdem
2740 4527 3036 4584 recenset
3079 4520 3390 4598 virtutes,
3455 4539 3730 4601 quarum
3777 4519 3946 4583 facta
3987 4527 4089 4583 est
4132 4520 4377 4585 mentio

2432 4604 2651 4670 Exodi
2698 4606 2797 4670 18.
2843 4605 2959 4669 sed
3003 4605 3214 4668 tribus
3259 4604 3474 4669 solum
3516 4604 3746 4688 elogiis
3788 4603 4038 4671 iudices
4080 4605 4374 4690 insignit,

2432 4712 2668 4774 nempe
2714 4703 2784 4756 ut
2828 4692 2961 4756 sint
3004 4688 3375 4773 prudentes,
3421 4700 3487 4754 et
3529 4690 3993 4774 intelligentes,
4040 4701 4104 4756 et
4146 4692 4373 4775 periti:

2431 4798 2597 4859 quae
2655 4778 2875 4842 omnia
2927 4777 2998 4840 in
3054 4797 3263 4840 unum
3321 4784 3521 4858 caput
3576 4778 3906 4856 recidunt,
3970 4789 4044 4842 ut
4087 4778 4375 4859 polleant

2431 4864 2682 4947 ingenii
2741 4864 3075 4940 acumine,
3133 4874 3201 4926 et
3252 4860 3599 4944 prudentia
3640 4884 3810 4946 quae
3847 4884 3971 4928 usu
4017 4873 4083 4928 et
4124 4865 4371 4930 exerci-

2432 4950 2679 5013 tatione
2752 4950 3140 5013 confirmata
3204 4949 3307 5013 sit.
3416 4947 3648 5032 Neque
3711 4951 3887 5015 enim
3952 4949 4035 5014 ad
4100 4949 4374 5033 regendi

2428 5056 2673 5100 munus
2716 5035 3044 5100 sufficeret
3074 5032 3181 5099 vel
3218 5055 3476 5100 summa
3510 5034 3816 5117 probitas,
3861 5035 3972 5100 vel
4012 5034 4369 5119 diligentia,

2428 5123 2484 5186 si
2523 5122 2779 5186 abesset
2811 5120 3077 5186 solertia
3109 5128 3175 5185 et
3211 5121 3546 5204 sagacitas.
3604 5121 3904 5185 Primum
3940 5141 4096 5185 vero
4130 5141 4371 5185 nomen

2428 5208 2602 5290 quod
2638 5206 2928 5272 Hebraei
2972 5227 3167 5289 saepe
3207 5209 3282 5272 in
3324 5207 3566 5272 malam
3612 5218 3861 5288 partem
3907 5227 4023 5288 pro
4066 5205 4271 5270 vafris
4302 5218 4370 5272 et

2430 5293 2668 5358 astutis
2691 5293 3038 5376 accipiunt,
3076 5293 3184 5359 hic
3221 5303 3445 5359 acutos
3480 5301 3549 5357 et
3581 5293 3988 5375 perspicaces
4022 5291 4366 5374 significat.

2433 5377 2739 5446 Secundo
2785 5378 3140 5462 prudent-es
3184 5380 3291 5445 vel
3355 5389 3534 5444 recto
3587 5378 3829 5444 iudicio
3871 5386 3939 5443 et
3979 5375 4368 5443 discretione
