4867 6150
308 456 417 521 141

568 638 939 709 VERSUS
984 639 1074 707 50
1116 640 1236 705 ΕΤ
1277 638 1361 706 51
1409 637 1776 708 CAPI'HS
1821 637 1987 707 XII.

471 814 576 880 50.
623 812 712 878 Et
750 813 1031 896 fecerunt
1065 831 1278 877 omnes
1328 811 1458 893 filio·
1502 809 1711 877 Israel
1761 812 1949 877 sioecti
1991 832 2247 895 praeee-

296 906 482 987 perat
535 899 766 966 Iehova
822 896 993 964 Moci
1046 902 1103 964 et
1152 897 1408 974 Aaron,
1468 898 1561 964 sie
1608 896 1903 980 fecerunt.
2001 896 2104 965 51.
2162 893 2253 963 Et

306 988 679 1073 factumest
731 989 801 1049 ut
854 979 1268 1067 ipsaeadem
1322 984 1425 1049 die
1479 983 2025 1051 educeretlehova
2079 982 2252 1066 filios

311 1073 514 1140 Israel
556 1092 589 1137 e
628 1076 801 1143 terra
842 1071 1112 1153 Aeyypti
1143 1089 1269 1151 per
1309 1070 1614 1136 exercitus
1654 1089 1821 1137 suos·

470 1242 578 1309 40.
650 1241 973 1308 Habitatio
1038 1246 1242 1307 autem
1300 1240 1579 1322 filiorum
1641 1239 1867 1307 Israel.
1971 1239 2247 1306 Initium

310 1331 503 1396 buius
549 1328 862 1411 temporis
906 1348 1038 1392 non
1083 1326 1367 1393 sumitur
1401 1347 1442 1391 a
1484 1324 1798 1393 descensu
1834 1326 2049 1406 Iacob,
2095 1327 2251 1410 quia

308 1437 388 1483 ex
431 1415 579 1481 aliis
637 1413 797 1479 locis
836 1412 1013 1480 clare
1056 1422 1267 1496 patet,
1334 1436 1417 1478 cx
1461 1433 1589 1496 quo
1629 1411 1822 1478 Iacob
1868 1415 2247 1496 Aegyptum

307 1503 642 1585 ingressus
700 1510 831 1578 est,
887 1520 1093 1582 usque
1151 1497 1234 1562 ad
1293 1501 1575 1574 exitum.
1642 1519 1771 1564 non
1829 1499 2100 1564 fluxisse
2165 1497 2248 1564 ad

307 1608 636 1654 summum
682 1584 861 1650 ultra
894 1605 1101 1651 annos
1137 1583 1456 1651 ducentos
1491 1598 1558 1648 et
1596 1585 1889 1670 triginta.
1956 1583 2249 1651 Hebraei

307 1673 742 1741 communiter
809 1682 1067 1736 tantum
1129 1670 1349 1735 decem
1417 1680 1790 1736 recensent:
1859 1670 1970 1736 sed
2029 1671 2247 1737 Moses

306 1772 568 1841 tempus
610 1759 809 1822 etiam
857 1756 1014 1822 illud
1071 1755 1570 1840 comprehendit
1626 1777 1752 1839 quo
1799 1755 2137 1822 Abraham
2183 1765 2250 1822 et

307 1844 444 1912 eius
516 1843 635 1909 filii
695 1843 1102 1927 possessione
1157 1852 1373 1907 terrae
1431 1843 1792 1926 promissae
1870 1851 2246 1908 caruerunt.

305 1929 559 1997 Sensus
596 1941 695 1995 est
735 1930 959 2011 igitur,
998 1950 1079 1993 ex
1116 1950 1242 2012 quo
1280 1938 1492 1993 terrae
1518 1927 1838 1994 Chanaan
1876 1927 2248 1994 haereditas

308 2015 617 2083 Abrahae
640 2013 795 2080 data
815 2013 1051 2093 fuerat,
1089 2034 1474 2098 suspensam
1510 2014 1712 2080 fuisse
1748 2015 2246 2097 promissionem

303 2103 494 2167 annis
538 2101 1065 2185 quadringentis,
1124 2109 1472 2183 antequam
1519 2101 1660 2165 iure
1704 2120 1825 2166 suo
1869 2101 2249 2166 fruerentur

302 2188 436 2254 eius
509 2187 773 2271 posteri.
882 2186 1058 2252 Nam
1124 2194 1189 2251 et
1254 2185 1502 2252 Paulus
1570 2186 1748 2252 hunc
1827 2185 2073 2251 nodum
2155 2187 2249 2252 ita

301 2273 568 2357 expedit
611 2272 672 2339 4.
719 2272 802 2339 ad
849 2271 1124 2338 Galatas
1179 2273 1420 2356 capite:
1480 2272 1590 2337 ubi
1648 2270 1836 2349 dicit,
1898 2280 2246 2355 antequam

300 2361 403 2426 lex
448 2358 1018 2443 promulgaretur,
1062 2356 1278 2423 Deum
1346 2359 1540 2424 annis
1593 2357 1724 2423 400
1766 2374 1831 2422 et
1875 2356 1963 2423 30
2020 2357 2250 2423 foedus

302 2466 493 2512 suum
542 2445 871 2529 pepigisse
916 2465 1065 2511 cum
1097 2443 1457 2509 Abraham.
1537 2443 1718 2528 Ergo
1766 2444 2075 2527 temporis
2119 2444 2248 2508 ini-

297 2534 455 2597 tium
510 2532 714 2596 sumit
758 2530 977 2596 Moses
1022 2551 1062 2595 a
1103 2529 1632 2614 peregrinatione
1677 2528 2000 2610 Abrahae,
2044 2550 2246 2612 quum

297 2624 523 2683 tamen
583 2616 887 2683 dominus
941 2625 1114 2681 esset
1174 2628 1387 2681 terrae
1430 2614 1747 2681 Chanaan
1806 2616 1981 2681 iusto
2043 2615 2245 2681 dona-

296 2702 495 2769 tionis
533 2703 742 2769 titulo.
825 2701 1020 2784 Quod
1070 2710 1284 2767 autem
1320 2702 1563 2768 Genes.
1605 2701 1703 2768 15.
1742 2702 1958 2786 capite
2002 2702 2248 2767 omittit

298 2785 478 2856 Deus
528 2788 807 2873 triginta
850 2809 1095 2866 annos,
1140 2789 1208 2852 in
1254 2808 1330 2853 eo
1378 2787 1543 2853 nibil
1589 2796 1690 2853 est
1735 2787 2242 2872 repugnantiae:

296 2877 446 2958 quia
526 2875 660 2940 iam
739 2875 1037 2959 pluribus
1119 2882 1272 2938 ante
1352 2874 1544 2939 annis
1621 2875 1939 2957 promissa
2026 2875 2246 2940 fuerat

296 2961 609 3027 Abrabae
643 2973 837 3039 terra,
874 2961 947 3024 in
985 2980 1114 3043 qua
1146 2968 1373 3025 tamen
1407 2959 1519 3025 vix
1541 2960 1952 3044 peregrinari
1987 2958 2242 3041 licebat,

296 3053 555 3114 tantum
603 3047 788 3114 abest
833 3053 908 3112 ut
951 3046 1093 3112 eius
1134 3044 1485 3130 imperium
1543 3053 1813 3113 teneret.
1906 3045 2244 3114 Admonet

294 3134 498 3216 igitur
559 3133 778 3210 Deus,
837 3142 1090 3199 restare
1159 3132 1374 3201 adhuc
1442 3130 1958 3218 quadringentos
2014 3153 2243 3215 annos,

293 3228 645 3304 antequam
710 3219 853 3285 eius
912 3220 1264 3303 abnepotes
1318 3219 1388 3283 in
1453 3220 1929 3302 possessionem
1988 3220 2240 3285 mittat:

293 3304 570 3390 ideoque
638 3326 771 3371 non
836 3307 1135 3372 sufficere
1200 3303 1283 3370 ad
1347 3304 1803 3389 probationem
1881 3305 2242 3390 patientiae

292 3391 430 3458 eius
478 3394 794 3477 exiguum
857 3390 1024 3457 illud
1083 3399 1345 3474 tempus
1400 3390 1573 3475 quod
1630 3399 2070 3476 transegerat:
2127 3389 2242 3458 sed

289 3485 425 3543 tam
498 3479 628 3563 ipsi
689 3498 883 3561 quam
954 3478 1236 3563 posteris
1291 3497 1458 3561 opus
1514 3498 1657 3544 esse
1710 3477 2031 3563 singulari
2088 3499 2237 3544 eon-

290 3565 571 3643 stantia,
616 3585 697 3630 ne
741 3563 1057 3649 longioris
1100 3584 1321 3629 morae
1361 3563 1575 3630 taedio
1622 3563 1946 3630 deficeret.
2034 3563 2244 3629 Porro

289 3652 459 3732 qnod
486 3661 717 3717 exacte
746 3671 958 3716 annos
980 3671 1114 3716 non
1152 3658 1470 3726 numerat,
1496 3671 1536 3714 a
1570 3651 1899 3716 communi
1933 3648 2243 3734 loquendi

293 3758 412 3804 usu
469 3757 609 3803 non
668 3735 958 3803 dissidet.
1046 3736 1420 3801 Restabant
1477 3735 1745 3819 quidem
1802 3736 2026 3822 plures
2082 3736 2243 3801 anni

290 3843 489 3905 quam
538 3822 821 3906 quadrin
866 3823 1022 3902 enti,
1065 3843 1297 3905 nempe
1333 3822 1592 3906 viginti,
1638 3821 1749 3888 vel
1789 3824 2081 3890 circiter:
2127 3819 2242 3889 sed

290 3909 442 3993 quia
488 3930 628 3975 non
670 3844 1014 3974 aliuffDeo
1060 3909 1461 3991 propositum
1505 3917 1604 3974 est
1648 3928 1843 3993 quam
1888 3928 2042 3975 suos
2088 3909 2237 3974 hor·

290 3997 415 4061 tari
452 3995 543 4060 ad
582 3995 1015 4072 tolerantiam,
1053 4016 1184 4060 non
1221 4001 1537 4077 supputat
1570 3994 1674 4062 vel
1713 3994 1944 4060 definit
1978 4003 2242 4078 tempus

290 4079 369 4145 ad
451 4091 707 4148 certum
789 4101 1113 4146 annorum
1194 4099 1572 4146 numerum:
1655 4081 1807 4163 quia
1870 4081 2030 4148 satis
2099 4087 2241 4145 erat

289 4167 810 4251 quadringentos
847 4187 1055 4233 annos
1090 4168 1158 4231 in
1193 4187 1451 4232 summa
1471 4166 1605 4232 illis
1626 4167 1924 4251 proponi.
1987 4164 2238 4231 Eodem

289 4274 489 4319 sensu
550 4252 813 4318 additur
869 4252 1170 4337 proximo
1238 4273 1465 4319 versu:
1527 4255 1586 4318 A
1644 4254 1777 4318 fine
1843 4252 2119 4337 triginta
2174 4260 2240 4316 et

285 4338 921 4425 quadringentorum
966 4358 1309 4418 annorum,
1355 4359 1594 4423 nempe
1638 4360 1720 4404 ex
1765 4359 1891 4422 quo
1934 4346 2240 4422 coeperat

286 4424 637 4491 Abraham
692 4424 1026 4511 legitimus
1083 4446 1226 4491 esse
1285 4432 1499 4490 terrae
1559 4424 1879 4491 dominus.
1982 4424 2240 4490 Docere

285 4511 466 4578 enim
514 4512 668 4579 vult
704 4512 939 4587 Moses,
987 4510 1412 4597 quantumvis
1454 4511 1518 4576 lo
1615 4532 1651 4576 e
1694 4520 1986 4594 tempore
2032 4510 2237 4576 distu-

286 4596 443 4663 lerit
487 4597 947 4682 promissionis
986 4617 1142 4663 suae
1188 4597 1494 4664 effectum
1608 4618 1759 4677 eus,
1818 4609 2037 4662 tamen
2098 4596 2238 4662 eius

287 4686 641 4751 veritatem
689 4692 755 4749 et
796 4685 1234 4750 constantiam
1277 4692 1456 4749 certo
1500 4683 1761 4768 probari
1780 4735 1795 4760 ,
1856 4703 1988 4748 non
2048 4681 2239 4747 modo

287 4771 442 4854 quia
483 4768 773 4836 fideliter
814 4771 1215 4856 praestiterit
1258 4769 1429 4854 quod
1473 4770 1806 4852 pollicitus
1849 4768 2082 4849 fuerat,
2126 4766 2240 4833 sed

286 4858 443 4938 quia
466 4866 734 4941 tempus
758 4857 1124 4939 praefixum
1161 4857 1546 4923 servaverit.
1606 4855 1985 4922 Honorifico
2020 4861 2240 4920 autem

287 4942 503 5027 elogio
553 4943 898 5027 populum,
942 4943 1096 5009 licet
1138 4941 1503 5020 imbellem,
1551 4942 1839 5027 appellat
1879 4940 2007 5005 Dei
2050 4961 2239 5006 exer-

286 5030 495 5108 citus,
545 5038 677 5094 tam
726 5038 805 5094 ut
847 5029 984 5095 vim
1030 5028 1501 5097 benedictionis
1545 5029 1613 5093 in
1655 5029 1800 5112 ipsa
1842 5026 2238 5111 multiplica-

285 5115 475 5181 tione
520 5114 762 5181 iterum
809 5113 1252 5194 commendet,
1309 5136 1506 5199 quam
1561 5124 1638 5180 ut
1695 5115 1830 5180 suis
1873 5110 2241 5197 insignibus

286 5209 486 5267 ornet
545 5198 675 5266 Dei
741 5202 1025 5285 gratiam
1090 5202 1160 5266 in
1231 5199 1515 5286 regenda
1581 5207 1649 5266 et
1705 5200 2071 5266 ordinanda
2126 5197 2243 5263 illa

287 5288 506 5354 turba.
573 5286 893 5367 Quamvis
929 5289 1007 5352 ad
1035 5288 1415 5370 obsequium
1439 5286 1786 5354 assuefacti
1825 5288 1956 5351 sint
1978 5285 2238 5362 milites,

291 5395 365 5440 ac
415 5395 553 5440 usu
601 5373 947 5440 didicerint
988 5374 1248 5440 ordines
1293 5394 1587 5454 servare,
1634 5371 1853 5439 adsint
1903 5369 2237 5457 praefecti,

1431 448 2178 519 COMMENTARIUS
2222 449 2323 517 IN
2370 449 2674 517 EXODI
2717 450 2916 518 OAP.
2962 450 3164 516 XIII.

4182 448 4306 516 142

2353 639 2624 719 tribuni,
2659 641 3093 720 centuriones,
3131 638 3417 724 denique
3440 641 3775 708 emineant
3796 640 4057 721 vexilla,
4082 649 4305 709 tamen

2352 724 2809 792 difficillimum
2889 734 2988 791 est
3069 727 3435 794 exercitum
3518 727 3758 812 viginti
3837 735 3952 791 aut
4027 727 4302 812 triginta

2353 812 2631 878 millium
2678 821 2875 878 noctu
2920 810 3227 890 educere,
3291 814 3646 896 composito
3698 812 3993 897 agmine,
4047 823 4115 878 et
4157 813 4299 881 sine

2352 897 2673 964 tumultu:
2719 906 3040 981 quantum
3084 898 3288 982 igitur
3329 899 3719 966 miraculum
3778 898 3934 973 fuit,
3990 909 4303 966 sexcenta

2352 985 2645 1050 virorum
2710 982 2955 1061 millia,
3034 1003 3183 1049 cum
3246 984 3660 1066 mulieribus,
3736 984 3995 1067 pueris,
4062 1005 4304 1071 magna

2352 1069 2789 1153 supellectile,
2826 1070 3143 1135 armentis
3178 1077 3248 1134 et
3280 1071 3588 1155 gregibus
3622 1070 3979 1155 pecudum,
4026 1071 4300 1154 aliisque

2348 1154 2868 1239 impedimentis,
2915 1162 3114 1220 noctu
3158 1175 3433 1240 pergere
3478 1177 3598 1240 per
3642 1155 3890 1222 medios
3935 1157 4190 1237 hostes,
4233 1162 4302 1223 et

2351 1260 2579 1307 omnes
2603 1240 2686 1306 ad
2717 1260 2927 1306 unum
2965 1262 3168 1325 usque
3203 1241 3423 1308 salvos
3456 1241 3727 1327 egredi?
3764 1242 4013 1308 Eadem
4040 1244 4298 1309 ratione

2352 1326 2585 1392 ultimo
2621 1327 2819 1392 huius
2855 1327 3087 1410 capitis
3125 1347 3316 1393 versu
3353 1330 3592 1411 repetit
3612 1328 3849 1407 Moses,
3888 1328 4054 1394 filios
4089 1327 4297 1394 Israel

2351 1410 2478 1477 Dei
2525 1432 2724 1477 manu
2769 1412 2973 1478 fuisse
3016 1412 3284 1479 eductos
3329 1434 3447 1496 per
3488 1435 3641 1480 suos
3690 1416 4047 1479 exercitus:
4108 1414 4297 1498 quasi

2353 1497 2616 1578 diceret,
2660 1500 2731 1563 in
2774 1498 2889 1563 illa
2930 1498 3187 1584 ingenti
3230 1497 3650 1566 multitudine
3694 1499 3864 1564 nihil
3907 1500 4106 1566 fuisse
4141 1520 4295 1566 con-

2351 1585 2600 1650 fusum:
2647 1584 2802 1668 quia
2846 1583 3030 1651 Deus
3075 1584 3349 1652 mirifica
3392 1606 3512 1651 sua
3554 1586 3801 1653 virtute
3844 1586 4068 1669 optimi
4114 1584 4298 1653 ducis

2349 1680 2570 1754 partes
2614 1670 2944 1755 implebat.

2524 1756 2609 1822 42
2699 1756 2849 1823 Nox
2912 1756 3329 1823 observabili&
3444 1756 3653 1823 Docet
3716 1757 3948 1822 merito
4012 1757 4158 1845 fieri
4220 1764 4295 1822 ut

2350 1842 2693 1909 Israelitae
2728 1841 2980 1908 solenni
3014 1842 3149 1907 ritu
3185 1863 3304 1926 per
3335 1843 3631 1909 contiuas
3666 1851 3915 1909 aetates
3943 1844 4295 1926 quotannis

2351 1930 2721 1994 sacrificent
2742 1927 2908 2008 Deo,
2955 1947 3029 1992 ac
3064 1928 3393 1996 celebrent
3427 1930 3808 1996 memoriam
3845 1929 4056 1995 noctis
4093 1928 4297 1996 illius:

2349 2014 2624 2098 ideoque
2689 2015 3062 2080 institutum
3125 2014 3366 2100 pascha
3425 2027 3502 2079 ut
3566 2035 3751 2080 suam
3824 2013 4301 2099 gratitudinem

2354 2107 2693 2168 testentur.
2751 2101 2913 2166 Fuit
2949 2109 3169 2165 autem
3195 2121 3509 2184 perquam
3536 2100 3714 2167 utilis
3740 2101 3902 2168 haec
3923 2100 4299 2179 admonitio,

2349 2196 2427 2251 ut
2470 2187 2810 2253 Israelitae
2853 2186 3223 2270 legitimum
3268 2188 3556 2252 solennis
3600 2195 3667 2252 et
3722 2187 3870 2253 sesti
3916 2186 4045 2252 diei
4106 2207 4301 2253 usum

2354 2282 2684 2338 tenerent:
2733 2295 2814 2338 ne
2857 2272 3129 2357 frigeret
3171 2272 3344 2356 apud
3390 2294 3500 2338 eos
3543 2273 3986 2352 caeremonia,
4042 2282 4118 2339 ut
4160 2273 4299 2357 ple-

2350 2379 2628 2443 rumque
2672 2359 2816 2424 fieri
2859 2359 3052 2426 solet:
3099 2359 3255 2441 quin
3303 2359 3519 2442 potius
3560 2359 3812 2425 utiliter
3856 2367 3922 2424 et
3963 2380 4115 2426 cum
4159 2359 4298 2443 pie-

2351 2444 2508 2509 tatis
2564 2445 2859 2529 prosectu
2914 2467 2984 2510 se
3044 2453 3426 2512 exercerent
3481 2445 3549 2509 in
3612 2445 4083 2531 redemptionis
4138 2463 4297 2511 suae

2349 2531 2668 2615 symbolo.
2759 2528 2977 2597 Simul
3022 2540 3155 2595 tam
3202 2530 3683 2597 inaestimabile
3726 2531 4116 2597 beneficium
4163 2551 4299 2596 non

2352 2637 2483 2682 uno
2549 2626 2810 2682 tantum
2875 2616 3134 2683 saeculo
3194 2616 3654 2683 celebrandum
3710 2639 3851 2684 esse
3912 2615 4128 2695 docet,
4191 2615 4296 2681 vel

2349 2701 2600 2769 duobus
2646 2713 2762 2768 aut
2805 2703 3020 2769 tribus
3063 2703 3370 2770 saeculis:
3434 2702 3547 2769 sed
3601 2703 3918 2786 quamdiu
3961 2709 4296 2786 superstes

2349 2790 2478 2854 erit
2522 2788 2825 2873 populus,
2872 2799 3142 2855 aeterna
3184 2788 3633 2857 recordatione
3679 2788 3953 2873 dignum
3999 2809 4165 2869 esse,
4209 2797 4294 2868 et,

2351 2897 2434 2940 ne
2473 2895 2758 2959 unquam
2795 2874 3175 2952 obsolescat,
3213 2884 3439 2941 sancte
3474 2874 3815 2942 colendum
3853 2896 3996 2942 esse
4030 2873 4293 2960 pascha.

2349 2961 2558 3028 Porro
2603 2962 2962 3027 notandum
3023 2970 3122 3027 est
3179 2970 3427 3028 aetates
3483 2962 3727 3028 veteris
3769 2961 3995 3044 populi
4040 2958 4295 3027 Christi

2350 3046 2641 3116 adventu
2685 3048 2908 3114 finitas
2955 3067 3123 3114 esse:
3230 3048 3336 3114 uia
3378 3054 3694 3113 renovato
3741 3047 4048 3114 ecclesiae
4094 3051 4293 3123 statu,

2346 3145 2415 3199 et
2437 3136 2681 3201 exteris
2721 3134 3027 3219 gentibus
3063 3134 3177 3199 ini
3228 3156 3328 3200 em
3354 3156 3592 3217 corpus
3615 3134 3926 3213 collectis,
3950 3141 4294 3201 cessarunt

2346 3220 2513 3307 legis
2559 3221 2845 3287 umbrae.

2521 3305 2624 3373 50.
2669 3306 2759 3372 Et
2796 3306 3073 3389 fecerunt
3109 3326 3317 3372 omnes
3354 3304 3497 3389 fimi.
3589 3306 3904 3371 Refertur
3944 3304 4067 3370 hoc
4102 3324 4292 3390 prac-

2346 3393 2536 3475 cipue
2615 3392 2697 3458 ad
2766 3394 3221 3459 mactationem
3305 3394 3460 3477 agni
3538 3391 3863 3476 paschalis
3942 3412 4093 3457 cum
4154 3391 4295 3456 suis

2346 3479 2834 3563 appendicibus.
2939 3477 3338 3562 Quanquam
3398 3498 3529 3543 non
3586 3478 3835 3543 infitior
3893 3477 4023 3543 alia
4087 3480 4292 3544 etiam

2346 3566 2558 3631 notari
2625 3587 2791 3648 quae
2858 3563 2940 3631 ad
3005 3566 3289 3631 subitam
3357 3563 3824 3647 profectionem
3891 3563 4292 3647 spectabant.

2343 3651 2553 3718 Porro
2597 3673 2729 3718 non
2777 3661 2907 3717 tam
2955 3651 3261 3716 laudatur
3305 3672 3530 3720 eorum
3575 3649 4020 3734 promptitudo
4056 3660 4120 3714 et
4156 3648 4293 3713 ala-

2342 3738 2579 3817 critas,
2640 3759 2834 3821 quam
2895 3736 3302 3802 admirabilis
3349 3736 3476 3802 Dei
3536 3737 3745 3804 virtus
3800 3735 3869 3800 in
3931 3734 4293 3801 formandis

2343 3823 2645 3891 cordibus
2688 3825 3010 3906 ipsorum,
3069 3823 3507 3905 manibusque
3565 3820 4048 3906 gubernandis,
4104 3830 4179 3885 ut
4222 3819 4294 3884 in

2343 3910 2556 3976 noctis
2577 3909 2875 3994 caligine,
2910 3909 3085 3974 inter
3117 3910 3442 3974 maximos
3477 3908 3808 3991 strepitus,
3844 3907 3914 3972 in
3951 3904 4295 3991 praecipiti

2340 3995 2777 4074 festinatione,
2801 3996 2983 4060 nulla
3004 4017 3077 4061 re
3099 3995 3259 4061 satis
3296 4002 3540 4078 parata,
3564 4003 3701 4059 tam
3726 3993 3941 4059 dextri
3979 4001 4197 4058 essent
4226 3996 4296 4057 et

2341 4081 2566 4166 agiles.
2652 4080 2933 4147 Interim
2995 4090 3214 4147 tamen
3275 4103 3354 4145 ex
3416 4079 3635 4163 populi
3696 4079 4001 4163 obsequio
4043 4076 4295 4163 colligit

2343 4168 2563 4234 Moses
2608 4167 2780 4234 nihil
2824 4176 3080 4252 gestum
3126 4189 3269 4234 esse
3315 4166 3443 4232 nisi
3482 4166 3608 4231 Dei
3653 4166 3929 4249 imperio
3965 4172 4034 4231 et
4068 4162 4290 4231 ductu.

2340 4254 2534 4321 Unde
2577 4254 2823 4320 certius
2857 4253 3062 4337 liquet
3094 4253 3313 4337 ipsum
3351 4253 3554 4318 fuisse
3586 4252 3851 4318 unicum
3890 4247 4293 4317 liberationis

2341 4349 2660 4407 autorem.

3008 4630 3141 4696 EX
3185 4629 3382 4694 OAP.
3428 4627 3630 4694 XIII.

2519 4768 2617 4834 17.
2682 4766 2948 4834 Factum
3007 4771 3097 4834 est
3152 4770 3361 4831 autem
3420 4786 3615 4848 quum
3682 4766 3974 4831 emitteret
4032 4764 4293 4830 Pharao

2532 4875 2672 4933 um,
2735 4859 2808 4920 ut
2861 4873 2985 4919 non
3041 4853 3286 4919 duceret
3341 4871 3442 4917 eos
3478 4850 3661 4918 Deus
3707 4873 3831 4934 per
3872 4853 4044 4917 viam
4085 4857 4290 4917 terrae

2345 4941 2716 5007 Phaisthim
2732 4992 2748 5022 ,
2791 4941 2951 5021 ‘quia
3002 4939 3362 5024 propinqua
3403 4943 3555 5003 erat.
3651 4938 3826 5004 Nam
3865 4937 4034 5004 dimit
4076 4936 4291 5002 Deus.-

2346 5025 2446 5093 Ne
2476 5026 2636 5109 forte
2657 5027 2971 5110 poeniteat
3001 5024 3312 5107 poputum
3344 5044 3539 5106 quum
3577 5024 3848 5091 viderint
3875 5022 4198 5104 praelium
4231 5023 4290 5086 et

2340 5117 2727 5179 revertantur
2766 5112 2836 5177 in
2870 5110 3238 5196 Aeyyptum.
3324 5110 3421 5175 18.
3474 5109 3910 5176 Obroumduxit
3943 5128 4084 5191 eryo
4106 5107 4290 5173 Deus

2328 5199 2641 5281 populum
2673 5219 2791 5280 per
2825 5197 2995 5263 viam
3037 5197 3291 5275 deserti,
3328 5218 3449 5279 per
3489 5216 3667 5263 mare
3706 5194 3996 5262 rubrum.-
4053 5197 4113 5258 et
4150 5192 4286 5259 dis-

2329 5286 2532 5366 positi
2566 5284 2972 5351 ascenderunt
3008 5281 3134 5362 filii
3170 5281 3378 5348 Israel
3413 5304 3445 5347 e
3490 5288 3661 5349 terra
3695 5279 3987 5365 Aeqypti.
4058 5277 4159 5344 19.
4197 5275 4288 5342 Et

2343 5370 2490 5437 tulit
2555 5370 2763 5437 Moses
2837 5390 2981 5437 ossa
3045 5367 3270 5451 Ioseph
3333 5388 3556 5436 seomn.
3669 5364 4051 5434 Adimando
4118 5364 4286 5430 enim
