4867 6150
350 480 480 547 457

1059 759 1192 826 EX
1224 758 1533 826 LEVI'I'.
1579 758 1813 826 XXII.

532 930 589 995 1.
638 928 967 1013 Loquutus
1021 936 1111 998 est
1166 933 1429 1014 insuper
1472 931 1704 999 Iehova
1762 934 1850 1000 ad
1893 931 2149 1009 Mosen,
2211 931 2309 996 di-

353 1014 573 1082 cendo:
616 1015 677 1081 2.
724 1016 1010 1099 Loquere
1049 1018 1138 1084 ad
1180 1018 1465 1095 Aharon,
1512 1023 1569 1084 et
1603 1017 1773 1100 filios
1814 1020 1972 1093 eius,
2016 1022 2089 1082 ut
2131 1036 2307 1098 sepa-

353 1106 497 1168 rent
526 1120 660 1168 sese
698 1121 742 1167 a
786 1103 1368 1186 sanctificationibus
1408 1103 1691 1185 filiorum
1713 1103 1924 1170 Israel
1963 1108 2023 1168 et
2063 1122 2141 1168 ne
2173 1102 2308 1185 pot-

355 1187 538 1254 luant
576 1207 796 1254 nomen
836 1189 1187 1255 sanctitatis
1229 1210 1401 1256 meae
1439 1191 1511 1255 in
1553 1189 1659 1255 his
1699 1211 1859 1272 quae
1900 1189 2031 1273 ipsi
2071 1189 2305 1254 sancti-

350 1273 546 1356 ficant
585 1272 744 1338 mihi
760 1299 780 1339 .·
833 1295 940 1359 eqo
983 1274 1229 1341 Iehova.
1309 1275 1367 1341 3.
1411 1274 1543 1341 Dic
1585 1277 1736 1356 illis,
1782 1278 1854 1342 in
1891 1275 2306 1360 qenerationi-

355 1359 473 1427 bus
523 1360 753 1425 vestris
808 1361 1011 1425 omnis
1060 1363 1167 1426 vir
1221 1363 1335 1443 qui
1377 1364 1700 1428 accesserit
1738 1382 1816 1427 ex
1858 1362 2027 1428 omni
2069 1361 2306 1426 semine

354 1451 555 1512 vestro
599 1446 685 1511 ad
726 1445 1247 1527 sanctificationes
1287 1467 1450 1530 quas
1489 1449 2014 1530 sanctificaverint
2050 1447 2177 1528 tilii
2199 1445 2301 1512 Is·

353 1531 491 1597 rael
535 1530 828 1612 Iehovae,
885 1536 943 1597 et
995 1532 1403 1600 immunditia
1444 1554 1567 1599 sua
1603 1534 1800 1617 fuerit
1841 1554 2031 1616 super
2070 1534 2301 1614 ipsum,

353 1617 671 1685 excidetur
745 1619 965 1685 anima
1027 1620 1239 1700 ipsius
1303 1642 1346 1685 a
1406 1620 1573 1701 facie
1636 1641 1805 1685 mea.-
1880 1641 1985 1704 eqo
2051 1618 2300 1686 Ielwva.

353 1707 415 1768 4.
482 1703 843 1786 Quicunque
892 1725 925 1770 e
979 1705 1212 1773 semine
1261 1705 1529 1771 Aharon
1587 1706 1787 1790 fuerit
1840 1706 2153 1788 leprosus,
2210 1703 2305 1771 vel

356 1790 778 1870 seminifluus,
847 1790 922 1854 de
984 1790 1577 1873 sanctificationibus
1629 1813 1752 1857 non
1806 1792 2064 1858 comedet
2119 1791 2304 1856 donec

353 1875 604 1941 mundet
665 1895 760 1940 se.-
822 1881 879 1942 et
936 1877 1050 1958 qui
1105 1878 1365 1960 tetiqerit
1418 1878 1810 1944 mundum
1856 1899 2048 1961 super
2090 1879 2304 1944 morti-

355 1962 535 2041 cinio,
584 1966 693 2026 aut
725 1961 828 2026 vir
861 1982 939 2027 ex
972 1958 1093 2043 quo
1128 1966 1447 2046 eqreditur
1481 1964 1700 2047 effusio
1734 1965 2011 2041 seminis,
2078 1964 2139 2029 5.
2166 1964 2304 2028 Aut

353 2048 479 2201 355.
511 2048 651 2198 {tt
667 2047 2305 2219 martawttffmmmt

353 2220 690 2286 secundum
725 2239 965 2285 omnem
987 2219 1447 2286 immunditiem
1471 2224 1638 2289 eius:
1682 2224 1741 2288 6.
1774 2223 2018 2288 Anima
2047 2184 2305 2304 inquani

354 2326 514 2388 quae
541 2306 805 2388 tetiqerit
844 2306 1046 2386 illum,
1089 2309 1417 2374 immunda
1460 2311 1578 2374 erit
1627 2330 1824 2392 usque
1849 2309 1936 2373 ad
1953 2328 2307 2391 vesperam.-

353 2397 409 2458 et
435 2411 558 2458 non
585 2392 846 2458 comedet
873 2392 950 2457 de
990 2393 1584 2475 sanctificationibus
1625 2396 1752 2460 nisi
1795 2394 2015 2461 laverit
2055 2413 2308 2460 carnem

351 2498 540 2544 suam
583 2497 765 2558 aqua.
859 2477 915 2541 7.
968 2478 1174 2560 Quum
1218 2486 1424 2545 autem
1466 2481 1808 2546 occubuerit
1845 2481 1964 2558 sol,
2012 2485 2143 2545 tum
2185 2481 2307 2545 erit

356 2563 632 2629 mundus
646 2614 661 2640 ,
707 2567 764 2627 et
793 2568 1012 2645 postea
1055 2567 1325 2632 comedet
1365 2567 1440 2631 de
1480 2565 2109 2648 sanctificationibus.-
2153 2566 2307 2648 quia

356 2649 530 2715 cibus
570 2650 710 2714 eius
750 2655 855 2715 est.
926 2649 984 2715 8.
1036 2649 1320 2716 Cadaver
1361 2657 1418 2715 et
1458 2658 1712 2735 raptum
1755 2673 1876 2719 non
1920 2654 2197 2733 comedet,
2239 2656 2309 2715 ut

341 2735 598 2820 polluat
652 2754 718 2799 se
774 2735 844 2798 in
888 2756 985 2801 eo.-
1028 2756 1135 2821 eqo
1182 2737 1428 2803 Iehova.
1540 2738 1600 2804 9.
1646 2737 1737 2804 Et
1776 2739 2125 2804 custodiant
2164 2758 2302 2803 cus-

360 2821 597 2887 todiam
652 2840 880 2900 meam,
942 2826 998 2886 et
1050 2843 1128 2886 ne
1173 2828 1425 2904 portent
1466 2831 1793 2906 peccatum
1822 2829 2085 2908 propter
2125 2823 2305 2904 illud,

358 2913 417 2973 et
471 2907 826 2973 moriantur
871 2913 1137 2989 propter
1194 2909 1387 2989 illud,
1458 2931 1650 2991 quum
1698 2911 2044 2992 polluerint
2097 2910 2307 2975 illam:

356 3013 461 3078 eqo
505 2992 736 3057 Iehova
776 2995 1178 3076 sanctificans
1219 3016 1335 3059 eos.
1408 2995 1508 3061 10.
1564 2998 1786 3063 Omnis
1828 3001 2037 3062 autem
2079 2996 2304 3061 alieni-

351 3100 514 3165 qena
567 3099 690 3145 non
745 3081 1007 3146 comedet
1061 3083 1647 3165 sanctificationem.-
1702 3083 2056 3165 inquilinus
2109 3101 2309 3148 sacer-

353 3167 552 3246 dotis,
627 3170 681 3230 et
743 3167 1170 3232 mercenarius
1235 3189 1360 3234 non
1422 3170 1686 3235 comedet
1746 3168 2307 3252 sanctificationem.

354 3252 462 3318 11.
531 3252 707 3333 Quod
764 3252 825 3316 si
877 3253 1168 3318 sacerdos
1222 3256 1436 3320 emerit
1485 3254 1790 3321 hom-inem
1846 3257 2148 3338 emptione
2204 3274 2306 3319 ar·

345 3339 524 3425 qenti
565 3338 704 3404 sui.-
744 3338 881 3421 ipse
923 3339 1187 3404 comedet
1226 3360 1303 3405 ex
1345 3362 1436 3417 ea,
1483 3347 1540 3406 et
1577 3342 1955 3407 vernaculus
1994 3342 2165 3407 eius.-
2206 3339 2311 3406 illi

351 3423 665 3490 comedent
727 3424 805 3490 de
868 3424 998 3490 cibo
1052 3426 1209 3492 eius.
1317 3426 1416 3492 12.
1479 3427 1661 3494 Filia
1715 3432 1920 3493 autem
1972 3426 2313 3493 sacerdotis

349 3530 553 3594 quum
592 3510 791 3591 fuerit
830 3511 968 3576 viro
1010 3511 1252 3577 alieno:
1312 3514 1456 3594 ipsa
1500 3514 1576 3578 de
1618 3512 1921 3579 oblatione
1961 3511 2313 3595 sanctifica-

349 3597 599 3661 tionum
649 3616 776 3661 non
815 3597 1093 3663 comedet.
1189 3598 1287 3664 13.
1335 3599 1518 3665 Filia
1559 3620 1700 3664 vero
1741 3599 2080 3665 sacerdotis
2122 3618 2313 3680 quum

345 3682 552 3767 fuerit
605 3682 836 3761 vidua,
894 3688 1009 3747 aut
1050 3686 1422 3766 repudiata,
1484 3690 1540 3749 et
1572 3705 1780 3751 semen
1813 3705 1937 3750 non
1980 3685 2096 3749 erit
2138 3685 2215 3765 ei,
2259 3688 2315 3749 et

347 3788 610 3835 reversa
647 3767 846 3850 fuerit
884 3769 974 3834 ad
1011 3769 1261 3835 domum
1293 3772 1513 3852 patris
1549 3773 1673 3852 sui,
1718 3774 1879 3837 sicut
1919 3772 1992 3836 in
2023 3771 2314 3853 pueritia

349 3874 513 3934 sua,
572 3856 650 3921 de
688 3852 821 3921 cibo
850 3855 1068 3937 patris
1108 3858 1398 3922 comedet.-
1455 3859 1658 3923 omnis
1713 3862 1917 3922 autem
1959 3856 2316 3940 alieniqena

350 3961 484 4007 non
551 3941 815 4006 comedet
862 3961 941 4005 ex
996 3961 1080 4007 eo.
1185 3942 1284 4007 14.
1350 3943 1524 4025 Quod
1578 3945 1642 4009 si
1697 3942 1936 4026 aliquis
1988 3943 2317 4010 comederit

354 4025 906 4107 sanctificationem
929 4047 1052 4109 per
1084 4027 1592 4110 imprudentiam,
1627 4030 1810 4096 addet
1853 4029 2138 4111 quintam
2159 4049 2316 4111 par-

356 4119 482 4178 tem
517 4112 674 4189 eius,
711 4117 769 4177 et
800 4112 976 4178 dabit
1006 4114 1317 4179 sacerdoti
1348 4135 1488 4180 cum
1520 4115 2024 4197 sanctificatione.
2088 4114 2189 4180 15.
2227 4111 2318 4179 Et

352 4219 484 4266 non
503 4197 1007 4264 contaminabunt
1039 4200 1561 4281 sanctificationes
1588 4200 1870 4281 filiorum
1893 4199 2120 4281 Israel,
2156 4219 2316 4284 quas

352 4284 692 4350 obtulerint
734 4284 1014 4352 Iekovae.
1086 4285 1189 4351 16.
1232 4286 1447 4368 Neque
1476 4292 1739 4369 portare
1773 4288 2007 4371 facient
2048 4308 2149 4353 eos
2191 4288 2315 4352 ini-

354 4372 661 4455 quitatem
681 4371 909 4450 delicti,
943 4373 1096 4437 dum
1117 4372 1485 4438 comederint
1516 4374 2030 4456 sanctificau'ones
2063 4393 2316 4441 eorum:

239 4516 247 4524 .
352 4476 471 4541 eqo
515 4456 682 4522 enim
725 4455 956 4523 Iehova
999 4457 1398 4541 sanctificans
1443 4480 1561 4526 eos.

1544 4630 1675 4696 Hic
1730 4630 1810 4696 de
1872 4628 2313 4699 accidentibus

354 4714 625 4782 disserit
648 4715 889 4798 Moses,
932 4738 1016 4782 ex
1050 4716 1287 4800 quibus
1322 4718 1558 4785 vitium
1603 4716 2040 4794 contrabitur,
2086 4735 2314 4800 quam-

352 4802 463 4868 vis
509 4811 748 4867 natura
790 4823 996 4885 purus
1040 4805 1127 4868 sit
1173 4803 1364 4868 bomo
1409 4812 1477 4868 et
1519 4804 1796 4888 integer.
1879 4800 2012 4884 Qui
2057 4802 2314 4869 defectu

353 4889 575 4972 aliquo
620 4900 892 4955 naturae
934 4887 1329 4968 laborarent,
1373 4910 1485 4956 eos
1530 4912 1569 4954 a
1613 4910 1886 4955 munere
1930 4888 2312 4955 sacerdotali

355 4974 697 5060 prohibuit
740 4974 993 5053 M‘oses,
1042 4997 1216 5041 nunc
1262 4977 1317 5042 si
1364 4976 1533 5059 quod
1580 4976 2022 5041 extrinsecum
2071 4974 2313 5040 vitium

353 5060 760 5127 sacerdotem
808 5060 1133 5144 polluerit,
1179 5083 1435 5128 cessare
1480 5063 1561 5127 ab
1607 5063 1817 5128 officio
1861 5061 2061 5142 iubet,
2105 5059 2316 5128 donee

355 5146 565 5212 fuerit
628 5157 966 5230 purgatus.
1056 5146 1260 5212 Iussit
1319 5148 1599 5213 antehac
1659 5147 1978 5230 quoslibet
2025 5149 2313 5212 immun-

357 5232 481 5297 dos
538 5233 824 5316 separari
886 5254 925 5296 a
981 5233 1250 5317 populo,
1311 5253 1392 5297 ne
1442 5235 1746 5317 contagio
1792 5234 1953 5298 alios
1995 5233 2311 5299 inficeret.

356 5317 643 5384 Videtur
700 5339 856 5403 ergo
916 5338 1393 5401 supervacuum
1454 5320 1895 5385 sacerdotibus
1940 5320 2313 5403 praecipere

357 5405 534 5488 quod
603 5405 751 5472 aliis
809 5405 1113 5470 omnibus
1171 5404 1536 5469 iniunctum
1596 5405 1741 5471 fuit.
1844 5406 2098 5471 Verum
2156 5407 2310 5489 quia

536 4629 591 4694 1.
652 4629 980 4712 Loquutus
1030 4635 1121 4695 est
1177 4632 1455 4713 insuper.

1763 480 2280 553 SECUNDUM
2325 483 2972 550 PRAEOEP'PUM.

4232 488 4363 554 458

2411 673 2627 737 solent
2669 671 2969 739 homines
3015 674 3080 737 in
3129 672 3344 756 aliquo
3388 672 3655 740 honoris
3698 674 3908 759 gradu
3949 676 4162 756 locati,
4206 697 4359 762 gra·

2409 759 2504 823 tia
2563 756 2690 823 Dei
2749 756 2927 823 abuti
2990 757 3069 824 ad
3129 758 3440 842 peccandi
3497 760 3862 843 licentiam,
3930 782 4014 826 ue
4070 761 4358 848 dignitas

2409 843 2829 909 sacerdotalis
2873 844 2958 910 ad
2999 843 3285 910 fovenda
3325 845 3434 911 vel
3480 846 3855 913 excusanda
3895 848 4144 933 flagitia
4186 849 4354 915 inte-

2502 936 2799 996 meutum
2869 930 3070 1011 foret,
3142 927 3353 1015 legem
3426 950 3802 1016 expressam
3861 933 4033 1003 ferre
4090 955 4354 1002 necesse

2435 1016 2553 1096 uit,
2616 1037 2699 1081 ne
2743 1015 3156 1100 privilegium
3203 1016 3633 1083 obtenderent
3675 1018 4063 1099 sacerdotes,
4108 1029 4187 1085 ut
4228 1021 4353 1086 im·

2407 1101 2641 1167 mundi
2701 1101 3019 1168 sacrificia
3073 1100 3521 1184 comederent,
3572 1125 3735 1187 quae
3778 1105 4047 1171 mundis
4091 1113 4352 1173 tantum

2406 1187 2644 1253 licebat
2697 1187 2950 1253 offerre.
3040 1187 3131 1253 Et
3174 1208 3297 1271 quo
3343 1191 3553 1275 magis
3597 1189 3979 1257 detestabile
4022 1192 4110 1256 sit
4152 1193 4351 1259 sacri-

2405 1273 2675 1357 legium,
2719 1283 2994 1338 mortem
3044 1271 3429 1355 denunciat,
3476 1276 3530 1341 si
3574 1277 3720 1360 quis
3764 1296 3916 1343 suas
3959 1276 4352 1362 pollutiones

2407 1360 2610 1425 sacris
2654 1358 2780 1423 Dei
2839 1358 3193 1426 miscuerit.
3281 1359 3452 1426 Nam
3508 1381 3753 1445 poenae
3810 1370 3992 1429 metu
4036 1383 4350 1448 experge-

2404 1446 2550 1510 fieri
2607 1446 2925 1528 oportuit,
2986 1455 3052 1510 et
3110 1445 3295 1529 quasi
3353 1446 3669 1513 violenter
3726 1448 3869 1532 cogi
3926 1447 4008 1513 ad
4049 1449 4351 1532 officium,

2404 1531 2641 1614 quibus
2694 1530 2877 1596 nulla
2920 1531 3161 1615 alioqui
3206 1531 3435 1617 religio
3478 1532 3740 1614 fuisset,
3795 1533 4347 1617 contemptibilem

2406 1617 2536 1682 Dei
2571 1617 2816 1682 cultum
2863 1615 3152 1683 reddere.
3219 1618 3362 1683 Iam
3408 1620 3586 1702 ipsas
3627 1620 4058 1704 pollutionum
4103 1622 4349 1705 species

2404 1713 2888 1781 commemorat,
2934 1702 3015 1768 de
3060 1702 3298 1787 quibus
3343 1712 3497 1771 ante
3540 1704 3845 1772 diximus.
3910 1705 4106 1772 Unde
4149 1724 4348 1790 appa-

2403 1797 2506 1854 ret
2550 1788 2914 1855 sacerdotes
2955 1789 3077 1856 hac
3122 1790 3265 1874 lege
3307 1791 3451 1876 cogi
3492 1792 3556 1858 in
3603 1792 3919 1875 ordinem,
3973 1813 4056 1857 ne
4100 1812 4169 1858 se
4211 1810 4351 1859 ma-

2406 1874 2508 1960 gis
2545 1876 2790 1940 solutos
2826 1876 3209 1941 existiment
3243 1897 3437 1959 quam
3484 1878 3599 1942 reli
3653 1900 3809 1944 uum
3855 1877 4115 1961 vulgus,
4160 1888 4354 1963 atque

2405 1963 2502 2026 ita
2537 1981 2764 2026 secure
2808 1962 2929 2027 sibi
2974 1959 3382 2046 indulgeant.
3452 1962 3559 2045 Qu
3689 1974 3915 2049 postea
3958 1963 4196 2031 clarius
4238 1986 4354 2029 ex·

2405 2047 2747 2131 primitur,
2811 2047 2961 2112 dum
3025 2046 3333 2112 admonet
3377 2050 3560 2116 Deus
3603 2059 3681 2115 ut
3723 2048 4095 2116 custodiant
4135 2058 4354 2116 custo·

2408 2133 2581 2198 diam
2640 2153 2863 2212 suam,
2917 2133 3041 2199 hoc
3099 2143 3201 2200 est
3253 2144 3328 2198 ut
3382 2133 3730 2219 diligenter
3775 2136 4126 2202 observent
4166 2135 4354 2220 quid-

2410 2218 2565 2303 quid
2613 2219 2981 2286 mandavit:
3037 2227 3103 2284 et
3147 2240 3276 2303 quo
3319 2222 3549 2287 maiori
3598 2242 3710 2288 eos
3752 2223 4001 2288 honore
4047 2221 4356 2308 dignatus

2408 2316 2527 2381 est,
2570 2327 2646 2371 eo
2682 2307 2924 2370 maiore
2960 2305 3175 2371 studio
3218 2327 3289 2370 se
3333 2309 3710 2375 contineant
3735 2308 3805 2373 in
3851 2307 4182 2374 exercitiis
4271 2308 4358 2372 ie-

2408 2392 2584 2456 tatis.
2676 2391 2849 2456 Nam
2911 2390 3125 2470 docet,
3182 2391 3342 2457 adeo
3401 2393 3568 2458 nihil
3611 2396 3822 2460 facere
3867 2395 3970 2459 ius
4013 2414 4197 2461 sacer
4242 2394 4357 2459 otii

2408 2476 2494 2544 ad
2547 2476 2804 2627 culgam
2864 2476 3211 2543 levandam
3231 2528 3248 2557 ,
3300 2485 3377 2542 ut
3419 2482 3699 2547 arctiore
3744 2477 4009 2549 vinculo
4052 2478 4229 2563 ipsos
4275 2477 4358 2544 ad

2408 2584 2646 2629 servan
2696 2584 2797 2628 am
2844 2563 3056 2648 legem
3102 2564 3532 2650 constringat.

2583 2650 2685 2715 10.
2738 2649 2961 2716 Omnis
3016 2649 3385 2734 alieuiyena.
3471 2651 3621 2718 Hoc
3664 2672 3917 2736 quoque
3959 2651 4198 2719 addere
4242 2672 4357 2717 ne-

2410 2755 2591 2801 cesse
2644 2737 2799 2817 fuit,
2859 2758 2943 2800 ne
3001 2736 3347 2802 vilesceret
3389 2757 3724 2804 sacrorum
3769 2740 4095 2806 maiestas.
4185 2737 4359 2803 Nam

2410 2822 2466 2887 si
2500 2823 2870 2906 promiscue
2914 2822 3217 2887 omnibus
3261 2841 3640 2890 concessum
3685 2824 3916 2891 fuisset
3957 2843 4143 2892 sacro
4187 2843 4358 2906 pane

2409 2908 2588 2974 vesci
2647 2918 2713 2972 et
2757 2907 2904 2974 aliis
2947 2907 3418 2989 oblationibus,
3469 2909 3690 2974 statim
3736 2909 4037 2977 duxisset
4077 2909 4360 2993 populus

2409 2993 2579 3058 nihil
2656 2993 2917 3059 differre
2977 3015 3016 3059 a
3076 2994 3333 3079 vulgari
3389 2994 3549 3060 cibo.
3656 2994 3848 3077 Quod
3908 2997 4038 3062 nisi
4095 2994 4360 3060 obviam

2411 3080 2582 3145 itum
2640 3081 2872 3146 fuisset
2928 3079 3340 3147 sacerdotum
3398 3082 3742 3162 avaritiae,
3786 3090 4086 3167 grassata
4128 3081 4362 3146 fuisset

2410 3166 2599 3232 foeda
2652 3164 3071 3245 nundinatio,
3139 3170 3291 3251 quia
3345 3168 3712 3251 propositae
3764 3168 4043 3235 fuissent
4091 3167 4360 3233 venales

2412 3252 2676 3335 epulae,
2720 3264 2786 3316 et
2829 3252 3062 3319 domus
3106 3252 3461 3319 sacerdot-is
3506 3254 3690 3338 quasi
3735 3254 3944 3319 forum
3991 3252 4361 3338 cupediari-

2413 3358 2527 3403 um
2584 3338 2832 3405 fuisset.
2923 3336 3117 3420 Quod
3177 3339 3349 3405 enim
3408 3340 3814 3425 alienigenas
3857 3349 4040 3406 vetat
4083 3340 4246 3407 cibis
4288 3340 4378 3404 in⁴

2411 3425 2803 3490 sacrificium
2841 3423 3076 3490 oblatis
3113 3426 3307 3502 vesci,
3351 3445 3485 3491 non
3532 3437 3665 3491 tam
3714 3447 3937 3491 eorum
3983 3427 4062 3490 fit
4104 3445 4360 3508 respec-

2410 3519 2487 3575 tu
2547 3531 2741 3594 quam
2802 3508 3244 3578 sacerdotum:
3293 3512 3403 3594 qui
3463 3512 3701 3596 alioqui
3761 3535 3841 3577 ex
3887 3513 4084 3578 rebus
4126 3512 4360 3577 oblatis

2409 3596 2676 3661 uberem
2725 3605 3064 3681 quaestum
3111 3596 3345 3663 facturi
3389 3605 3609 3677 erant,
3656 3597 3763 3663 vel
3810 3601 3948 3664 suis
3991 3596 4360 3681 hospitibus

2413 3682 2844 3767 gratificando
2870 3682 3296 3765 pessumdare
3333 3705 3467 3749 non
3506 3684 3917 3751 dubitassent
3961 3705 4194 3749 verum
4230 3683 4361 3749 Dei

2413 3768 2681 3833 cultum.
2755 3766 2915 3833 Ideo
2959 3769 3261 3853 prohibet
3315 3769 3425 3836 lex
3483 3792 3567 3836 ne
3625 3770 3735 3836 vel
3785 3769 4185 3853 inquilinus,
4246 3768 4358 3835 vel

2413 3855 2857 3920 mercenarius
2900 3855 3228 3922 comedat:
3283 3856 3655 3923 vernaculis
3696 3864 3977 3937 tautum,
4019 3864 4087 3921 et
4129 3856 4243 3941 qui
4286 3855 4359 3920 in

2412 3940 2727 4005 familiam
2774 3942 2957 4007 insiti
3016 3942 3290 4020 fuerint,
3352 3941 3689 4008 comedere
3735 3942 4075 4026 permittit.
4178 3941 4360 4023 Quin

2414 4027 2610 4091 etiam
2670 4025 2841 4093 filias
2885 4026 3329 4107 sacerdotum,
3388 4049 3552 4111 quae
3594 4029 3663 4094 in
3712 4028 3908 4094 aliam
3953 4025 4199 4093 tribum
4245 4026 4362 4092 ab-

2414 4114 2793 4198 nupserint‚
2851 4114 3100 4180 alienas
3156 4124 3399 4179 censet.
3488 4113 3642 4180 Huc
3683 4114 3895 4180 tendit
3938 4134 4226 4193 summa,
4286 4122 4362 4177 ut

2414 4220 2841 4283 quaecunque
2886 4198 3261 4284 dependent
3303 4222 3385 4267 ex
3432 4200 3614 4266 cultu
3652 4200 3779 4266 Dei
3824 4220 4012 4266 suam
4058 4220 4363 4264 reveren-

2415 4287 2573 4350 tiam
2610 4286 2976 4351 obtineant:
3036 4285 3209 4369 quod
3251 4287 3393 4352 fieri
3439 4307 3569 4351 uon
3614 4293 3859 4371 potest,
3904 4284 4033 4352 nisi
4077 4284 4248 4369 quod
4291 4286 4361 4350 in

2414 4372 2661 4455 templo
2737 4372 3029 4438 oblatum
3098 4382 3199 4438 est
3259 4372 3667 4439 discernatur
3721 4394 3761 4438 a
3814 4371 4149 4439 communi
4199 4372 4359 4439 cibo,

2416 4455 2762 4539 Quatenus
2829 4468 3021 4523 eraut
3078 4479 3160 4523 ex
3215 4478 3491 4540 numero
3546 4457 3921 4524 mortalium
3988 4457 4172 4524 licuit
4227 4457 4361 4524 illis

2415 4564 2487 4609 se
2519 4544 2691 4627 ipsos
2727 4544 3057 4609 communi
3085 4565 3263 4609 more
3293 4545 3486 4610 alere.
3544 4543 3928 4611 Necessaria
3969 4551 4189 4610 tamen
4234 4543 4364 4609 fuit

2415 4630 2766 4710 distinctio,
2813 4650 2982 4713 quae
3018 4629 3272 4696 Christi
3315 4630 3732 4697 sanctitatem
3777 4628 4116 4696 redoleret.
4175 4630 4363 4695 Haec

2415 4716 2542 4782 fuit
2585 4715 3007 4782 sacerdotalis
3052 4714 3405 4782 mundities
3446 4716 3656 4801 quoad
3701 4717 3897 4783 cibos.

2591 4802 2693 4869 14.
2741 4803 2917 4885 Quod
2972 4803 3035 4867 si
3087 4803 3324 4885 aliquis
3365 4802 3707 4869 comederit.
3797 4803 4031 4869 Posset
4071 4801 4181 4866 hic
4223 4821 4357 4866 mo-

2414 4887 2555 4953 veri
2617 4889 2912 4972 quaestio
2932 4939 2947 4967 ,
3008 4910 3125 4954 cur
3169 4889 3352 4954 Deus
3411 4887 3857 4955 sacerdotibus
3914 4888 4217 4955 satisfieri
4261 4887 4360 4951 iu·

2413 4973 2598 5055 beat,
2654 4976 2710 5038 si
2755 4976 2901 5058 quis
2940 4996 3077 5040 rem
3127 4974 3412 5041 oblatam
3458 4975 3831 5044 comederit.
3919 4976 4142 5042 Poena
4186 4973 4361 5037 enim

2413 5060 2636 5144 potius
2672 5058 2856 5145 digni
2891 5067 3082 5126 erant
3117 5082 3313 5146 quam
3355 5061 3671 5143 mercede,
3713 5063 3825 5146 qui
3867 5061 4044 5144 passi
4087 5058 4364 5125 fuissent

2414 5167 2522 5211 res
2558 5167 2775 5213 sacras
2811 5146 3177 5231 promiscuo
3214 5169 3337 5213 usu
3374 5148 3442 5213 in
3489 5156 3938 5231 contemptum
3977 5144 4167 5211 trabi.
4227 5143 4362 5210 Sed

2413 5230 2520 5298 hic
2582 5253 2804 5298 eorum
2853 5234 3214 5299 mulctatur
3267 5256 3450 5299 error
3469 5285 3483 5314 ,
3543 5236 3654 5317 qui
3698 5231 4061 5318 legitimam
4108 5238 4361 5315 partem

2413 5318 2735 5386 sacerdoti
2784 5339 2915 5384 non
2962 5327 3357 5386 servassent.
3427 5320 3668 5401 Por-tio,
3714 5330 3788 5384 ut
3832 5316 4218 5397 videbimus,
4267 5316 4364 5382 di·

2413 5406 2668 5472 vinitus
2711 5415 2854 5472 erat
2899 5404 3248 5483 attributa,
3308 5425 3504 5488 quam
3552 5425 3842 5471 seorsum
3891 5424 4209 5488 reponere
4251 5404 4363 5468 de-
