4867 6150
590 427 667 490 11
1801 419 2545 492 COMMENTARIUS
2590 419 2693 486 IN
2732 419 3038 487 EXODI
3081 420 3279 489 GAP.
3321 420 3375 488 I.
4492 427 4562 494 12

583 634 843 697 quaque
886 612 1061 677 tribu
1108 611 1505 696 prodiissent
1549 613 1717 678 dena
1766 610 1990 676 millia.
2083 612 2268 677 Haec
2314 617 2532 676 autem

586 698 950 782 quadruplo
994 697 1193 783 longe
1253 699 1528 763 excedit.
1617 700 1852 780 Itaque
1898 697 2103 762 Mosis
2148 696 2533 774 narrationi,

584 786 739 869 quia
801 805 1213 851 communem
1278 783 1638 868 generandi
1702 782 1968 848 modum
2035 782 2538 867 transgreditur,

587 870 773 954 quasi
815 870 1149 936 fabulosae
1193 870 1389 935 fidem
1433 871 1752 953 abrogant
1794 870 2010 934 nasuti
2057 870 2379 946 homines,
2426 868 2537 951 qui

589 958 714 1022 Dei
775 958 1087 1023 virtutem
1151 957 1411 1021 nonnisi
1457 978 1540 1020 ex
1583 977 1701 1021 suo
1760 976 1958 1020 sensu
2004 965 2072 1019 et
2128 954 2538 1037 experientia

589 1044 957 1113 aestimant.
1046 1042 1149 1107 Ea
1205 1042 1383 1108 enim
1441 1050 1541 1108 est
1600 1040 1942 1106 hominum
1999 1041 2407 1124 malignitas,
2459 1047 2537 1103 ut

589 1129 695 1194 vel
763 1128 1144 1212 spernendis
1211 1130 1338 1193 Dei
1405 1127 1708 1210 operibus
1792 1147 2052 1209 semper
2130 1126 2533 1192 occasionem

587 1215 961 1279 inveniant:
1031 1236 1107 1278 ea
1172 1215 1371 1279 etiam
1438 1212 1825 1297 improbitas
1882 1221 1949 1276 et
2004 1212 2397 1297 petulantia,
2462 1218 2535 1274 ut

589 1322 866 1366 acumen
888 1321 1080 1366 suum
1104 1300 1347 1384 absque
1386 1299 1629 1384 pudore
1653 1306 2005 1365 exerceant
2038 1301 2104 1363 in
2131 1295 2538 1363 obscuranda

592 1388 731 1451 eius
790 1386 1015 1471 gloria.
1109 1383 1186 1451 Si
1239 1385 1497 1451 ratione
1555 1384 2117 1468 comprehendant
2159 1384 2302 1448 fieri
2346 1402 2536 1465 posse

591 1472 761 1554 quod
819 1494 936 1554 pro
990 1471 1304 1538 miraculo
1372 1479 1715 1549 narratur,
1783 1482 2055 1536 naturae
2122 1469 2535 1534 adscribunt:

590 1556 708 1644 (ita
750 1558 1015 1624 virtutis
1059 1579 1219 1623 suae
1264 1558 1455 1623 laude
1489 1558 1804 1641 spoliatur
1839 1579 1914 1622 ac
1951 1555 2293 1621 fraudatur
2330 1553 2539 1639 Deus)

591 1646 647 1709 si
691 1643 820 1709 illis
863 1643 1522 1726 incomprehensibile
1579 1654 1712 1723 est,
1770 1642 1956 1725 quasi
2014 1649 2389 1724 portentum
2435 1661 2539 1703 re-

587 1730 884 1815 pudiant.
987 1729 1192 1813 Atqui
1253 1730 1312 1794 si
1368 1728 1495 1793 Dei
1562 1730 1919 1812 potentiam
1984 1748 2340 1811 agnoscere
2407 1746 2536 1789 non

589 1817 934 1895 sustinent,
979 1815 1108 1881 nisi
1151 1816 1335 1881 cuius
1370 1815 1822 1900 magnitudine
1858 1813 2222 1879 reddantur
2256 1812 2538 1891 attoniti,

590 1922 710 1966 cur
741 1902 863 1966 sibi
902 1923 1127 1966 verum
1167 1922 1309 1967 esse
1345 1922 1480 1966 non
1516 1900 1915 1984 persuadent
1950 1898 2263 1982 quidquid
2286 1898 2541 1980 respuit

586 1988 953 2055 communis
1029 1986 1307 2053 sensus?
1376 1988 1641 2071 Rogant
1723 1987 2044 2069 quomodo
2119 1984 2188 2049 id
2253 1984 2541 2068 potuerit

589 2074 897 2140 accidere.
1009 2073 1212 2154 Quasi
1296 2095 1453 2138 vero
1534 2094 1810 2155 aequum
1887 2073 2004 2148 sit,
2074 2072 2201 2136 Dei
2267 2090 2536 2134 manum

590 2161 897 2244 restringi
923 2182 1003 2224 ne
1040 2162 1109 2223 in
1146 2160 1287 2224 eius
1322 2159 1596 2224 arbitrio
1620 2159 1709 2223 sit
1742 2158 1996 2240 operari
2034 2179 2232 2240 supra
2266 2155 2538 2220 humani

588 2246 840 2330 ingenii
898 2258 1177 2326 captum.
1268 2244 1445 2325 Quin
1508 2245 1725 2327 potius
1785 2245 1937 2328 quia
1994 2254 2126 2309 tam
2191 2242 2360 2306 male
2414 2262 2536 2325 pro

592 2342 817 2396 nostra
877 2330 1182 2396 tarditate
1226 2332 1294 2395 in
1339 2330 1688 2395 ordinariis
1731 2331 1873 2396 eius
1930 2329 2235 2413 operibus
2280 2328 2535 2410 proficiÎ‡

588 2440 767 2493 mus,
818 2438 1080 2482 necesse
1124 2427 1226 2482 est
1268 2417 1533 2481 insolita
1577 2416 1965 2481 documenta
2008 2416 2197 2479 nobis
2243 2414 2537 2497 proponi,

590 2525 756 2586 quae
815 2502 887 2567 in
953 2502 1452 2568 admirationem
1520 2523 1639 2567 nos
1707 2504 1984 2584 rapiant.
2089 2498 2366 2566 Summa
2430 2499 2539 2580 sit,

590 2589 742 2672 quia
768 2610 897 2653 non
935 2588 1013 2653 de
1052 2588 1337 2653 naturali
1372 2588 1612 2653 sobolis
1652 2589 2099 2671 procreatione
2133 2586 2239 2651 hic
2276 2585 2539 2650 disserit

590 2676 828 2755 Moses,
870 2673 983 2739 sed
1021 2674 1406 2740 miraculum
1444 2674 1629 2758 prius
1665 2672 2029 2739 inauditum
2068 2670 2371 2750 celebrat,
2409 2692 2538 2754 quo

590 2762 773 2827 Deus
816 2782 972 2826 suae
1015 2760 1467 2843 promissionis
1513 2759 1706 2824 fidem
1752 2760 2063 2838 sancivit,
2106 2779 2305 2841 quum
2352 2778 2538 2821 reve-

593 2858 812 2911 renter
834 2848 1161 2931 suspicere
1197 2847 1545 2912 conveniat
1578 2844 1750 2928 quod
1774 2866 2004 2911 sensus
2029 2865 2255 2909 omnes
2280 2855 2540 2909 nostros

590 2935 911 2998 immenso
958 2934 1171 3015 spatio
1216 2932 1643 3009 transcendit,
1690 2951 1999 3014 perverse
2044 2931 2124 2995 de
2168 2951 2243 2994 eo
2290 2940 2358 2993 et
2398 2951 2537 2994 ma-

588 3019 768 3103 ligne
833 3039 915 3084 ex
980 3019 1253 3084 rationis
1333 3028 1589 3084 nostrae
1651 3017 1917 3084 modulo
1993 3017 2307 3083 iudicium
2373 3017 2535 3082 fieri.

590 3104 814 3186 Quare
849 3106 1063 3188 potius
1097 3104 1164 3169 id
1200 3106 1271 3170 in
1307 3106 1691 3170 memoriam
1728 3107 1957 3170 veniat
1992 3102 2165 3187 quod
2204 3101 2540 3168 incredulo

589 3191 829 3276 populo
882 3191 1235 3273 exprobrat
1280 3192 1462 3257 Deus
1507 3191 1678 3274 apud
1724 3192 1965 3258 Isaiam
2013 3189 2142 3276 (51,
2192 3188 2276 3276 1).
2364 3189 2538 3254 Nam

590 3287 666 3340 nt
729 3275 957 3359 probet
1014 3277 1137 3341 sibi
1196 3297 1330 3341 non
1386 3298 1528 3343 esse
1587 3275 1884 3357 difficile,
1944 3298 2025 3341 ex
2083 3277 2409 3361 paucitate
2456 3273 2538 3339 ad

590 3383 785 3446 quam
854 3360 1098 3427 redacti
1165 3369 1354 3427 erant
1417 3362 1681 3442 Iudaei,
1761 3362 2121 3447 producere
2199 3362 2539 3446 ingentem

590 3448 1113 3529 multitudinem,
1191 3447 1371 3512 iubet
1443 3468 1554 3514 eos
1634 3449 1974 3514 attendere
2037 3447 2120 3512 ad
2187 3467 2539 3516 cavernam

590 3532 764 3599 unde
819 3535 1021 3600 excisi
1080 3542 1298 3612 erant,
1359 3555 1590 3617 nempe
1648 3534 1730 3599 ad
1777 3534 2114 3600 Abraham
2173 3540 2240 3598 et
2285 3530 2539 3611 Saram,

591 3643 629 3684 a
666 3620 902 3703 quibus
948 3628 1289 3685 traxerant
1333 3620 1674 3702 originem,
1720 3641 1883 3703 quos
1926 3619 2254 3686 solitarios
2298 3626 2367 3683 et
2409 3628 2540 3684 ste-

592 3707 743 3771 riles
790 3706 1351 3789 multiplicaverat.
1425 3705 1710 3771 Rabbini
1753 3704 2015 3788 quidam
2060 3727 2178 3770 suo
2222 3726 2402 3769 more
2445 3705 2539 3769 di-

590 3794 827 3856 vinant
873 3803 1220 3874 quaternos
1258 3791 1472 3856 foetus
1508 3792 1713 3857 editos
1757 3792 1977 3857 fuisse.
2049 3790 2324 3872 Quoties
2360 3793 2538 3855 enim

592 3878 809 3959 aliqua
867 3880 936 3942 in
979 3900 1052 3942 re
1108 3879 1408 3961 perplexi
1453 3881 1755 3957 haerent,
1816 3878 2097 3943 libenter
2156 3880 2542 3960 confingunt

590 3963 905 4047 quidquid
950 3965 1211 4045 placuit,
1258 3963 1491 4029 deinde
1527 3965 1780 4030 somnia
1814 3985 1934 4029 sua
1968 3985 2083 4046 pro
2120 3963 2315 4028 certis
2356 3963 2541 4029 testi-

593 4050 828 4114 moniis
865 4049 1255 4114 obtrudunt:
1299 4050 1499 4114 stulte
1536 4072 1788 4133 quoque
1812 4059 1877 4114 et
1910 4051 2285 4131 importune
2324 4050 2541 4132 dispu-

596 4146 758 4210 tant.
798 4135 1153 4201 secundum
1181 4136 1520 4221 physicam
1558 4141 1877 4201 rationem
1915 4136 1983 4199 id
2007 4157 2149 4200 esse
2185 4136 2538 4219 probabile.

597 4221 739 4285 Hos
784 4243 1038 4304 quoque
1084 4222 1386 4286 nonnulli
1431 4244 1515 4286 ex
1560 4223 1800 4287 nostris
1843 4243 2074 4306 parum
2136 4222 2542 4287 considerate

596 4308 839 4371 imitati
917 4319 1101 4386 sunt,
1184 4307 1339 4371 dum
1419 4308 1825 4372 contendunt
1890 4308 2333 4390 experientiae
2400 4328 2542 4373 esse

597 4405 1107 4458 consentancum
1150 4394 1321 4475 quod
1357 4392 1583 4458 scribit
1619 4395 1856 4472 MoscS,
1902 4394 2055 4476 quia
2091 4415 2221 4457 non
2257 4392 2538 4457 multum

598 4478 912 4543 absimilis
956 4481 1043 4542 sit
1087 4479 1491 4563 quarundam
1540 4481 1832 4561 gentium
1873 4477 2295 4544 foecunditas,
2369 4479 2540 4544 Insi-

598 4564 835 4648 gnibus
880 4565 1142 4647 quidem
1189 4565 1503 4647 exemplis
1545 4565 1917 4630 confirmari
1961 4564 2292 4628 interdum
2330 4566 2540 4629 cerniÎ‡

599 4672 746 4715 mus
812 4651 983 4732 quod
1050 4651 1119 4714 in
1187 4650 1449 4716 Psalmo
1513 4648 1698 4737 (107,
1764 4649 1875 4737 37)
1943 4650 2256 4730 traditur,
2324 4652 2539 4715 Deum

596 4737 811 4800 locare
840 4736 1170 4801 famelicos
1205 4739 1273 4800 in
1310 4736 1584 4816 deserto,
1631 4739 1739 4820 qui
1775 4737 1909 4803 illic
1945 4737 2289 4804 aedificent
2324 4738 2538 4814 urbes,

600 4829 820 4886 serant
858 4825 1023 4887 vites
1060 4844 1133 4887 ac
1176 4823 1504 4887 seminent
1547 4824 1858 4897 triticum,
1904 4845 1979 4889 ac
2022 4823 2542 4905 multiplicentur

601 4908 821 4971 valde:
888 4909 1077 4972 sicuti
1135 4929 1391 4973 rursum
1456 4921 1662 4972 terras
1721 4907 2108 4974 habitabiles
2151 4910 2218 4972 in
2284 4909 2540 4973 deserta

600 4995 921 5060 convertit
969 5005 1034 5057 et
1075 4994 1304 5058 incolis
1347 4993 1579 5058 nudat:
1641 4995 1753 5059 sed
1798 4994 2138 5060 consilium
2178 4993 2381 5059 Mosis
2420 5003 2538 5072 est,

602 5081 858 5158 docere,
918 5079 1168 5144 nullam
1214 5079 1415 5144 fuisse
1459 5100 1750 5162 unquam
1791 5081 2330 5157 foecunditatem,
2374 5101 2539 5162 quae

602 5187 730 5230 non
773 5165 1042 5230 inferior
1085 5176 1256 5231 esset
1296 5167 1716 5232 incrementis
1760 5166 1981 5248 populi
2022 5164 2246 5232 Israel.
2324 5168 2541 5248 Atque

599 5251 730 5316 huc
786 5252 1070 5334 pertinet
1126 5253 1518 5335 comparatio
1577 5253 1748 5317 inter
1800 5252 2051 5316 animas
2101 5254 2538 5336 septuaginta,

599 5347 668 5404 et
716 5337 1192 5403 multitudinem
1254 5360 1423 5422 quae
1478 5338 1632 5403 inde
1690 5339 2033 5421 profluxit,
2089 5348 2161 5402 ut
2207 5337 2366 5404 haec
2412 5338 2538 5405 Dei

2641 608 3006 675 benedictio
3051 610 3132 675 ab
3177 611 3324 676 aliis
3367 610 3672 677 omnibus
3730 621 4100 695 separetur:
4160 612 4393 679 deinde
4431 636 4560 680 verÎ‡

2643 696 2871 760 borum
2938 697 3309 781 congeries,
3376 717 3540 781 quae
3601 698 4028 781 proculdubio
4086 698 4168 763 ad
4229 700 4560 784 amplifica-

2639 781 2882 845 tionem
2920 782 3112 862 valet,
3157 782 3327 866 quod
3361 783 3925 863 fructificaverint,
3974 786 4391 868 multiplicati
4423 787 4559 864 sint,

2638 868 2968 932 creverint
2998 879 3062 932 et
3098 869 3379 935 roborati
3415 870 3548 934 sint
3584 891 3783 952 supra
3817 871 4105 942 modum.
4144 882 4218 937 ut
4254 873 4561 957 replerent

2639 964 2904 1019 terram.
2974 954 3149 1020 Nam
3189 957 3489 1038 repetitio
3526 955 3819 1022 adverbii
3846 957 4041 1023 Meod
4082 959 4290 1037 Meod,
4327 959 4558 1042 copiam

2636 1040 2910 1103 minime
2969 1041 3280 1105 usitatam
3340 1048 3539 1108 notat.
3630 1042 3823 1124 Quod
3863 1046 3934 1109 in
3981 1046 4178 1109 verbo
4223 1058 4369 1140 Î³á¼¿á¿Ï…
4414 1067 4559 1109 nonÎ‡

2637 1125 2805 1190 nulli
2851 1125 3298 1208 metaphoram
3344 1148 3486 1193 esse
3524 1127 3766 1193 volunt
3808 1151 3847 1195 a
3889 1132 4175 1214 piscibus
4232 1142 4557 1214 sumptam,

2637 1232 2765 1275 non
2813 1211 3251 1294 reprehendo:
3300 1213 3520 1278 nescio
3566 1224 3787 1280 tamen
3834 1236 3919 1280 an
3965 1220 4124 1281 satis
4167 1217 4425 1281 firmum
4465 1219 4556 1295 sit,

2637 1298 2792 1378 quia
2828 1298 3223 1381 generaliter
3275 1321 3393 1383 pro
3443 1300 3676 1382 quavis
3713 1301 4261 1385 multiplicatione
4307 1304 4555 1385 capitur.

2812 1469 2870 1534 8.
2937 1466 3230 1533 Surrexit
3286 1474 3493 1534 autem
3550 1491 3664 1535 rex
3715 1492 3911 1539 novus
3966 1494 4156 1555 super
4209 1473 4555 1557 Aeqyptum,

2639 1555 2753 1637 qui
2808 1574 2928 1618 non
2992 1559 3248 1618 noverat
3302 1555 3563 1636 Ioseph:
3649 1557 3709 1622 9.
3770 1557 4078 1641 Dixitque
4139 1559 4226 1625 ad
4273 1559 4558 1641 populum

2639 1661 2861 1705 suum:
2893 1636 3071 1716 Eece,
3097 1641 3376 1721 populus
3404 1642 3680 1721 filiorum
3706 1644 3918 1708 Israel
3949 1646 4182 1710 multus
4210 1650 4266 1710 et
4295 1646 4560 1710 robustus

2626 1746 2795 1806 prae
2834 1727 3027 1791 nobis.
3103 1726 3202 1790 10.
3242 1728 3545 1810 Î‘ÏÎµá¾¶Î±Î·Ï„,
3582 1730 3923 1810 prudenter
3961 1751 4074 1796 nos
4107 1751 4399 1813 yeramus
4427 1752 4558 1815 erya

2637 1812 2835 1891 illwn,
2882 1832 2959 1876 ne
2990 1809 3462 1891 multiplicetur.-
3501 1834 3580 1878 ne
3613 1815 3870 1894 aecidat,
3914 1816 3978 1879 si
4010 1816 4311 1881 obvenerit
4342 1816 4557 1893 bellum,

2639 1899 2944 1982 iunyatur
2975 1899 3113 1978 ipse
3146 1918 3383 1979 quoque
3416 1897 3688 1964 hostibus
3724 1903 3974 1982 nostris,
4018 1908 4076 1966 et
4109 1907 4340 1985 paynel
4371 1907 4558 1968 eontra

2638 2004 2753 2048 nos
2767 2035 2783 2062 ,
2853 1984 3261 2064 ascendatque
3318 2004 3350 2047 e
3404 1988 3588 2049 terra.
3695 1986 3793 2050 11.
3872 1986 4326 2052 Constituerunt
4385 1989 4561 2070 á½Ïá½·Ï‰Î½

2638 2090 2832 2149 super
2864 2069 3048 2133 illum
3077 2069 3426 2150 praefectos
3467 2072 3873 2153 veeiiyalium,
3915 2079 3986 2138 ut
4027 2074 4372 2155 affliyerent
4402 2072 4559 2138 illum

2640 2155 2927 2221 oneribus
2966 2156 3135 2218 suis:
3179 2160 3735 2237 exstruxeruntque
3777 2159 3961 2224 urbes
4002 2162 4283 2225 munitas
4315 2158 4360 2244 Â¹)
4409 2159 4559 2223 Pha-

2637 2240 2838 2320 raoni,
2888 2239 3134 2304 Pithom
3178 2246 3232 2304 et
3276 2240 3634 2307 Rhameses.

2812 2413 2871 2477 8.
2938 2410 3233 2476 Surrexit
3285 2417 3488 2476 auoem
3544 2434 3658 2478 rex
3713 2436 3924 2481 novus.
4028 2415 4253 2497 Quum
4321 2422 4558 2481 centum

2641 2500 2793 2561 anni
2857 2508 2923 2562 et
2986 2497 3209 2580 plures
3277 2498 3554 2564 feliciter
3620 2503 3934 2566 transacti
3982 2513 4204 2568 essent
4260 2503 4330 2566 in
4385 2501 4566 2566 libera

2643 2585 2890 2666 quiete,
2945 2583 3188 2647 mutari
3231 2585 3442 2666 coepit
3486 2587 3557 2649 in
3603 2585 3890 2652 deterius
3936 2590 4122 2654 electi
4174 2589 4393 2672 populi
4432 2608 4564 2652 con-

2645 2671 2824 2735 ditio.
2945 2667 3305 2733 Exordium
3388 2681 3606 2735 autem
3688 2674 4138 2740 calamitatum
4223 2676 4433 2741 Moses
4497 2670 4566 2736 ab

2645 2757 3079 2822 aemulatione
3124 2765 3189 2819 et
3231 2755 3501 2834 invidia,
3547 2755 3839 2841 falsoque
3885 2761 4364 2845 Aegyptiorum
4407 2766 4564 2823 metu

2645 2844 2911 2909 fluxisse
2957 2852 3214 2906 narrat:
3277 2842 3429 2924 qnia
3471 2841 3595 2908 sibi
3642 2846 4004 2926 periculum
4051 2867 4090 2909 a
4130 2862 4327 2931 gente
4369 2854 4566 2911 extera

2645 2928 3023 3012 impendere
3067 2929 3417 3009 finxerint,
3464 2929 3584 2993 nisi
3633 2951 3778 2994 eam
3825 2942 4078 2996 mature
4125 2934 4561 3017 opprimerent.

2651 3016 2896 3081 Verum
2934 3027 3280 3098 antequam
3320 3014 3475 3080 illuc
3510 3013 3862 3096 descendit,
3902 3019 4256 3101 praefatur,
4293 3014 4562 3084 beneficii

2644 3100 2811 3185 quod
2849 3102 3152 3183 anseph
3189 3111 3573 3184 acceperant
3609 3103 3889 3168 deletam
3932 3104 4137 3171 fuisse
4173 3104 4560 3170 memoriam:

2645 3208 2809 3271 quae
2854 3189 2909 3251 si
2956 3187 3305 3270 viguisset,
3359 3197 3615 3271 poterat
3669 3191 4136 3256 truculentiam
4179 3191 4562 3276 aliquatenus

2644 3275 2967 3358 mitigare.
3080 3271 3410 3340 Credibile
3475 3284 3692 3339 autem
3759 3284 3889 3354 est,
3965 3277 4288 3344 modestia
4349 3272 4561 3356 Ioseph

2643 3361 2884 3424 factum
2946 3379 3088 3424 esse
3150 3367 3221 3423 ut
3278 3358 3518 3423 oblivio
3578 3359 3741 3427 haec
3796 3363 4086 3427 obruerit
4154 3364 4424 3449 gratiam
4476 3358 4561 3423 illi

2646 3447 2966 3512 debitam:
3015 3446 3168 3526 quia
3212 3445 3268 3509 si
3314 3466 3558 3528 magna
3600 3449 3739 3513 suis
3783 3447 4134 3532 privilegia
4180 3450 4560 3533 postulasset,

2645 3543 2839 3616 atque
2878 3554 2917 3595 a
2951 3531 3220 3595 tributis
3265 3540 3331 3595 et
3377 3532 3800 3617 vectigalibus
3845 3536 4318 3612 immunitates,
4363 3531 4560 3598 multis

2643 3619 2918 3685 saeculis
2975 3616 3248 3682 celebris
3309 3618 3536 3683 fuisset
3593 3618 3801 3701 fama,
3861 3621 4140 3686 salutem
4190 3622 4270 3687 ab
4327 3620 4562 3685 homine

2643 3705 2989 3771 israelitico
3034 3704 3283 3786 regioni
3333 3704 3536 3768 fuisse
3593 3705 3892 3771 allatam:
3952 3706 4068 3772 sed
4127 3715 4395 3790 apparet
4434 3724 4565 3770 con-

2641 3800 2896 3856 tentum
2938 3789 3141 3853 fuisse
3177 3789 3464 3855 humano
3512 3790 3814 3874 hospitio,
3859 3801 3936 3857 ut
3978 3794 4314 3858 commode
4348 3801 4410 3857 et
4443 3791 4564 3856 sine

2643 3875 2939 3942 molestia
2984 3876 3218 3941 fratres
3256 3878 3356 3940 sui
3396 3876 3769 3942 habitarent
3803 3880 3872 3941 in
3919 3887 4096 3943 terra
4135 3880 4387 3945 Gosen:
4430 3875 4564 3958 quia

2645 3962 2893 4028 scilicet
2933 3961 3291 4044 inquilinos
3334 3983 3478 4027 esse
3523 3962 3728 4027 voluit
3774 3962 3980 4030 donec
4027 3967 4284 4030 veniret
4327 3976 4563 4044 tempus

2646 4048 3071 4113 liberationis.
3164 4052 3380 4131 Atque
3433 4049 3678 4131 optime
3721 4071 3947 4114 eorum
3993 4051 4188 4116 saluti
4235 4051 4354 4116 hoc
4395 4043 4564 4112 modo

2648 4134 2999 4218 prospexit,
3029 4156 3110 4197 ne
3148 4135 3386 4200 talibus
3411 4134 3732 4200 illecebris
3771 4138 3964 4219 capti,
3990 4138 4292 4202 exitiales
4329 4136 4563 4217 laqueos

2646 4222 3013 4286 induerent.
3100 4219 3230 4286 Sed
3284 4242 3407 4302 quo
3454 4222 3672 4285 minus
3716 4221 4006 4286 invidiae
4050 4234 4119 4287 et
4165 4216 4562 4306 querimoniis

2646 4309 2928 4373 obnoxia
2970 4307 3091 4370 fuit
3134 4307 3344 4371 sancti
3388 4307 3513 4370 viri
3563 4307 3948 4388 moderatio,
4010 4329 4085 4374 eo
4128 4311 4350 4374 minus
4387 4323 4561 4369 excu-

2645 4392 2869 4457 sabilis
2904 4413 3128 4457 eorum
3165 4391 3588 4476 ingratitudo,
3637 4393 3792 4459 dum
3838 4395 4031 4476 paulo
4069 4406 4218 4478 post
4259 4391 4562 4460 saeculum

2645 4500 2850 4544 unum
2930 4478 3409 4544 obliviscuntur
3489 4480 3582 4543 rei
3663 4491 3795 4544 tam
3875 4481 4370 4547 memorabilis:Â¹
4417 4491 4561 4559 quae

2644 4563 2920 4647 publicis
3009 4565 3248 4629 tabulis
3328 4565 3772 4648 consignanda
3850 4569 4094 4649 passim
4185 4569 4418 4640 fuerat,
4487 4576 4560 4621 110

2644 4649 2905 4734 quando
2962 4650 3379 4715 intercideret
3445 4672 3683 4715 nomen
3742 4652 3998 4734 Ioseph.
4103 4652 4249 4717 Non
4317 4642 4562 4715 ferenda

2642 4736 2848 4821 igitur
2893 4737 3208 4818 impietas,
3255 4737 3422 4819 quod
3469 4738 3608 4802 eius
3651 4740 3946 4820 cognatis
3981 4748 4048 4802 et
4096 4737 4371 4821 posteris
4404 4726 4559 4813 apud

2644 4846 2712 4888 se
2759 4823 3163 4906 peregrinari
3208 4844 3336 4887 non
3381 4822 3774 4902 concedunt,
3837 4826 4096 4904 quibus,
4156 4831 4301 4906 post
4343 4819 4556 4889 Deum,

2640 4908 2751 4974 vel
2789 4910 2911 4972 sub
2954 4910 3076 4973 Dei
3111 4929 3309 4973 manu
3348 4921 3415 4971 et
3459 4909 3780 4989 auspiciis,
3826 4929 4009 4974 suam
4050 4925 4114 4973 et
4156 4921 4364 4972 terrac
4402 4902 4557 4968 saluÎ‡

2641 5004 2774 5058 tem
2821 4994 3188 5059 adscribere
3234 4994 3608 5060 debuerant.
3685 4992 3819 5060 Sed
3862 4994 3969 5060 hic
4015 4995 4279 5059 morbus
4321 5003 4559 5068 semper

2639 5082 2775 5144 fere
2812 5081 2882 5144 in
2919 5080 3166 5144 mundo
3203 5092 3539 5164 grassatus
3575 5086 3706 5144 est:
3751 5099 3826 5144 ac
3871 5081 4056 5146 nobis
4100 5087 4271 5147 certe
4314 5070 4557 5159 expedit

2780 5285 2837 5354 1)
2873 5286 2948 5340 In
2985 5286 3225 5354 maraine
3259 5284 3515 5339 additur:
3549 5285 3681 5353 Vel,
3728 5285 4397 5359 recondenda-annonae.
4461 5272 4555 5330 Ed-

2643 5353 2806 5410 1617:
2850 5355 2970 5422 Vel,
3005 5353 3313 5423 perdendae
3349 5370 3605 5408 annonae.
