4867 6150
482 473 570 539 39
1670 471 2414 542 COMMENTARIUS
2460 472 2562 538 IN
2607 470 2909 538 EXODI
2954 471 3152 538 OAP.
3199 471 3326 538 111.

483 679 627 758 pro·
662 659 904 743 visibili
946 661 1161 744 specie
1177 713 1193 739 ,
1254 682 1385 747 qua
1437 662 1578 729 eius
1634 662 1941 729 maiestas
1988 661 2439 748 obtegebatur,

575 754 776 810 situm
823 757 941 812 est.

486 767 574 830 po
664 832 723 897 7.
769 831 858 897 Et
896 833 1064 898 dixit
1099 831 1351 900 Ichova.
1440 824 1815 918 Antequam
1858 843 2078 919 partes
2117 831 2439 899 liberandi

489 918 715 1003 populi
738 916 925 984 Deus
947 919 1121 985 Mosi
1165 920 1485 1003 iniungat,
1530 921 1830 1003 pluribus
1875 920 2091 986 verbis
2134 917 2218 986 ad
2254 939 2439 1001 spem

487 1004 800 1070 victoriae
858 1014 927 1070 et
969 1007 1263 1089 prosperi
1307 1013 1587 1072 eventus
1640 1028 1790 1072 eum
1854 1006 2067 1091 erigit.
2172 1003 2441 1072 Scimus

484 1091 663 1155 enim
711 1101 785 1155 ut
829 1090 1148 1161 dubitatio
1193 1093 1444 1157 animos
1478 1111 1631 1163 cura
1671 1101 1735 1156 et
1779 1093 2115 1157 anxietate
2150 1090 2441 1156 retardet

489 1197 566 1241 ac
632 1174 943 1241 debilitet.
1047 1176 1199 1241 Non
1265 1178 1480 1261 potuit
1543 1178 1751 1262 igitur
1816 1178 2036 1243 Moses
2103 1176 2437 1262 negotium

488 1269 758 1327 strenue
828 1262 931 1328 vel
998 1262 1357 1346 suscipere,
1423 1264 1532 1329 vel
1587 1262 1892 1348 aggredi,
1951 1264 2082 1329 nisi
2141 1262 2442 1330 coelestis

489 1347 720 1412 auxilii
783 1346 1027 1414 fiducia
1089 1349 1475 1415 instructus.
1577 1349 1759 1433 Ergo
1821 1350 2005 1415 Deus
2072 1371 2141 1415 se
2209 1348 2438 1414 ducem

486 1433 626 1498 fore
668 1434 1051 1516 profitetur,
1108 1443 1185 1499 ut
1236 1434 1475 1501 talibus
1536 1435 1843 1519 auspiciis
1886 1436 2094 1501 fretus
2139 1434 2219 1501 ad
2265 1435 2437 1498 mili-

483 1517 759 1584 tandum
804 1518 1129 1604 intrepide
1172 1540 1242 1585 se
1279 1521 1596 1605 accingat.
1664 1521 1857 1588 Unde
1893 1521 2213 1588 elicienda
2251 1522 2441 1586 nobis

485 1613 588 1670 est
619 1606 984 1670 communis
1021 1604 1350 1673 doctrina:
1389 1607 1813 1690 quantumvis
1848 1607 2013 1673 lenti
2049 1606 2442 1673 naturaliter

487 1712 565 1757 ac
609 1689 1070 1757 haesitabundi
1115 1691 1196 1757 ad
1242 1693 1638 1775 praestanda
1673 1694 1819 1758 Deo
1864 1692 2170 1776 obsequia
2214 1694 2440 1774 simuS,

486 1776 601 1842 ubi
645 1784 867 1841 tamen
913 1777 993 1841 de
1037 1797 1339 1844 successu
1386 1800 1504 1844 nos
1541 1778 1758 1845 reddit
1800 1780 2126 1859 certiores,
2172 1780 2269 1844 fas
2306 1799 2438 1844 non

484 1883 630 1928 esse
674 1863 1025 1946 quidquam
1086 1862 1480 1931 detrectare:
1536 1866 1688 1948 quia
1743 1865 1965 1932 nullus
2025 1874 2237 1950 potest
2290 1886 2435 1931 esse

485 1949 698 2013 acrior
719 1949 1022 2015 stimulus
1060 1949 1183 2016 hac
1216 1951 1666 2034 promissione,
1693 1971 1964 2017 manum
2003 1953 2142 2018 eius
2178 1972 2438 2035 semper

480 2034 625 2099 fore
689 2044 985 2118 paratam
1052 2034 1160 2101 ubi
1226 2037 1562 2120 sequimur
1625 2058 1752 2121 quo
1817 2046 2026 2103 vocat.
2107 2037 2190 2103 In
2258 2037 2437 2102 hunc

485 2121 686 2186 finem
751 2120 935 2187 Deus
1000 2121 1336 2204 praefatur
1399 2129 1753 2206 antequam
1818 2124 2175 2190 vocationis
2239 2122 2438 2189 faciat

481 2206 915 2285 mentionem,
975 2218 1048 2272 ut
1091 2207 1311 2274 Moses
1354 2210 1435 2274 de
1477 2208 1648 2275 felici
1692 2209 1875 2274 exitu
1919 2208 2134 2275 factus
2180 2210 2434 2289 certior,

480 2291 787 2357 alacriter
810 2291 891 2357 ad
916 2313 1079 2375 opus
1102 2292 1469 2360 descendat.
1527 2295 1739 2361 Porro
1776 2294 1888 2361 ubi
1911 2295 2096 2361 Deus
2132 2294 2432 2378 redemp-

480 2377 680 2443 tionis
702 2376 900 2442 fidem
923 2379 993 2443 in
1018 2381 1304 2464 gratuito
1326 2379 1601 2460 foedere,
1626 2401 1701 2445 ac
1722 2380 1997 2464 proinde
2019 2384 2087 2445 in
2112 2401 2295 2447 mera
2315 2401 2452 2447 sua·

480 2462 882 2531 liberalitate
945 2465 1286 2546 fundavit,
1363 2488 1538 2533 nunc
1604 2467 1889 2534 alterum
1968 2474 2433 2551 argumentum

484 2551 688 2616 sumit
741 2570 782 2615 a
838 2570 960 2615 sua
1024 2550 1302 2617 iustitia:
1370 2553 1525 2635 quia
1585 2553 1730 2618 fieri
1796 2573 1931 2616 non
1996 2560 2212 2636 potest
2276 2553 2434 2636 quin

482 2636 717 2700 mundi
775 2636 974 2700 iudex
1032 2638 1287 2704 miseris
1346 2651 1413 2702 et
1469 2637 1863 2704 calamitosis
1907 2637 2274 2719 subveniat,
2321 2639 2438 2704 ubi

484 2720 756 2806 indigne
822 2723 1314 2806 opprimuntur,
1394 2726 1778 2807 praesertim
1846 2725 1958 2791 ubi
2025 2745 2216 2809 opem
2295 2725 2438 2790 eius

481 2808 855 2889 implorant.
923 2807 1070 2874 Hoc
1105 2809 1174 2873 in
1196 2830 1443 2894 genere
1479 2831 1710 2876 verum
1734 2818 1867 2876 est:
1906 2809 2127 2876 Deum
2150 2810 2439 2876 iniust-ae

484 2892 829 2960 cuiuslibet
887 2894 1295 2960 crudelitatis
1336 2895 1475 2962 fore
1523 2895 1882 2977 vindicem,
1939 2895 2052 2964 sed
2112 2896 2439 2980 peculiare

489 2979 628 3044 eius
685 2978 1004 3044 auxilium
1051 3003 1091 3047 a
1143 2979 1443 3047 fidelibus
1499 2981 1899 3065 sperandum
1956 2992 2086 3061 est,
2145 3003 2308 3067 quos
2364 2981 2435 3047 in

484 3064 686 3131 fidem
730 3066 1299 3152 patrociniumque
1341 3070 1607 3151 recepit.
1686 3068 1919 3153 Itaque
1963 3069 2217 3148 merito,
2265 3079 2435 3153 post·

485 3173 682 3236 quam
728 3149 923 3233 dixit,
976 3152 1324 3237 adoptione
1365 3155 1591 3238 populi
1634 3177 1704 3221 se
1748 3156 2002 3222 moveri
2043 3177 2127 3220 ne
2172 3177 2322 3221 eum
2367 3155 2437 3219 in

486 3247 785 3304 extrema
806 3240 1192 3306 necessitate
1217 3238 1493 3319 deserat,
1530 3239 1727 3307 simul
1749 3240 2050 3327 adiungit
2081 3241 2438 3308 secundam

484 3323 1046 3390 confirmationem
1066 3377 1080 3402 ,
1135 3348 1206 3391 se
1260 3327 1522 3393 venisse
1572 3326 1815 3392 auxilio
1862 3327 1944 3393 ad
2004 3325 2434 3394 cohibendam

481 3407 926 3494 tyrannidem,
959 3410 1114 3495 quia
1146 3412 1498 3478 clamorem
1534 3411 1809 3497 inopum
1844 3412 2228 3480 exaudierit.
2290 3412 2438 3478 Hoc

487 3494 753 3578 quidem
810 3498 1012 3562 semel
1073 3497 1408 3563 animandi
1464 3498 1671 3566 Mosis
1734 3519 1932 3564 causa
1995 3498 2244 3565 dictum
2302 3512 2433 3564 est:

486 3581 604 3648 sed
641 3602 772 3648 non
811 3582 1069 3667 vulgari
1104 3584 1334 3650 solatio
1369 3584 1577 3650 lenire
1622 3583 1813 3651 debet
1845 3592 2105 3650 nostros
2140 3585 2434 3650 omnium

488 3666 773 3748 dolores,
828 3669 937 3734 ubi
1003 3670 1123 3736 sub
1189 3670 1432 3736 iniusto
1499 3691 1696 3737 onere
1762 3670 2103 3755 gemimus.
2205 3669 2438 3754 Neque

488 3753 670 3819 enim
716 3753 900 3820 Deus
958 3756 1072 3838 qui
1115 3765 1271 3822 ωηο
1327 3755 1623 3822 oculatus
1679 3757 1834 3838 fuit,
1889 3755 2082 3822 hodie
2137 3757 2437 3836 caecutit,

490 3841 655 3925 quin
674 3838 979 3907 observet
1001 3860 1227 3906 omnes
1248 3842 1519 3908 iniurias
1537 3863 1614 3908 ac
1635 3841 2003 3925 supplicum
2029 3843 2434 3909 misereatur.

493 3925 891 4009 Quanquam
943 3935 1162 3993 autem
1215 3926 1631 3994 hebraismus
1688 3937 1794 3994 est
1854 3927 1925 3993 in
1966 3927 2154 3995 verbi
2200 3929 2433 4013 repeti·

486 4013 697 4098 tione:
745 4011 1050 4079 Videndo
1095 4010 1263 4093 vidi,
1309 4014 1637 4098 significat
1677 4021 1898 4079 tamen
1917 4064 1933 4093 ,
1990 4015 2102 4080 ubi
2159 4035 2434 4098 poenam

489 4099 714 4164 differt
755 4117 833 4164 ac
874 4097 1238 4183 suspendit,
1273 4100 1755 4166 conniventiam
1794 4099 1968 4167 hanc
2002 4121 2135 4165 non
2177 4102 2437 4167 obstare

490 4184 838 4268 quominus
902 4207 939 4250 e
1004 4184 1201 4251 coelis
1260 4186 1632 4270 speculetur
1675 4185 2019 4251 hominum
2092 4187 2294 4267 facta,
2358 4195 2439 4252 ut

485 4270 750 4335 tandem
783 4281 1150 4354 opportuno
1188 4280 1480 4354 tempore
1514 4271 1713 4337 iudex
1748 4279 2081 4356 appareat.
2148 4271 2438 4339 Notatur

486 4356 666 4420 enim
710 4356 1022 4423 continua
1065 4356 1580 4423 animadversio:
1626 4359 1813 4440 quasi
1859 4356 2121 4437 diceret,
2166 4380 2236 4425 se
2281 4367 2438 4424 tunc

485 4463 742 4525 quoque
808 4442 1056 4508 vidisse
1121 4441 1281 4508 dum
1337 4442 1725 4526 quiescendo
1779 4444 1961 4511 visus
2024 4444 2151 4509 fuit
2259 4445 2437 4527 opuli

485 4548 836 4594 aerumnas
878 4529 1231 4612 negligere.
1323 4528 1695 4596 Clamorem
1746 4550 1817 4596 se
1874 4529 2133 4596 audisse
2192 4465 2437 4612 dlicens,

484 4612 745 4697 oblique
811 4615 1195 4699 perstringit
1258 4615 1485 4699 populi
1561 4614 1954 4682 socordiam:
2037 4636 2230 4700 quem
2301 4637 2432 4682 ηοη

483 4700 767 4783 legimus
833 4713 987 4765 ante
1051 4700 1366 4767 clamasse
1431 4722 1627 4785 quam
1706 4701 1905 4770 rebus
1986 4704 2298 4769 extremis
2360 4724 2438 4768 ac

488 4786 842 4868 deploratis
906 4795 1172 4854 coactus
1237 4786 1453 4853 fuerit.
1541 4788 1775 4871 Itaque
1841 4786 2013 4853 nihil
2078 4788 2322 4854 mirum
2379 4790 2433 4855 si

485 4891 692 4957 prope
737 4871 1147 4938 contabuerit
1193 4873 1314 4938 sub
1358 4874 1551 4939 malis
1595 4875 1757 4953 suis,
1802 4882 2149 4957 antequam
2197 4875 2434 4940 subve-

486 4959 779 5038 niretur,
824 4959 976 5040 quia
1021 4959 1136 5025 vix
1176 4966 1324 5041 post
1365 4958 1636 5044 longum
1682 4969 1943 5043 tempus
1988 4968 2254 5026 exortae
2297 4960 2434 5026 fue·

486 5051 649 5110 runt
725 5065 969 5128 preces.
1080 5042 1480 5127 Quanquam
1544 5067 1628 5110 ne
1694 5054 1852 5111 tunc
1930 5065 2187 5128 quoque
2264 5048 2438 5114 serio

489 5139 789 5213 precatos
832 5150 974 5196 esse
1018 5130 1378 5196 verisimile
1421 5140 1523 5197 est
1542 5128 1644 5217 (ut
1687 5143 1842 5196 ante
1885 5129 2070 5217 dixi),
2115 5131 2228 5198 sed
2251 5133 2435 5199 Deus

484 5216 875 5283 clementiae
936 5237 1095 5282 suae
1138 5223 1206 5280 et
1249 5216 1399 5281 fidei
1453 5216 1768 5283 maiorem
1827 5216 2058 5282 habuit
2112 5218 2433 5284 rationem

486 5322 690 5386 quam
733 5303 945 5369 iustae
986 5310 1057 5369 et
1104 5301 1353 5368 solidae
1408 5323 1633 5368 eorum
1687 5303 2220 5387 praeparationis.
2308 5304 2439 5371 His

482 5388 754 5472 quidem
797 5386 1016 5456 verbis
1059 5387 1188 5454 Dei
1236 5389 1724 5455 invocationem
1780 5387 1967 5455 nobis
2023 5391 2439 5457 commendat

4404 470 4499 535 40

2541 661 2849 746 spiritus,
2908 683 2993 727 ne
3039 669 3141 727 tor
3185 683 3409 727 eamus
3453 660 3525 726 in
3568 660 3743 725 curis
3788 666 3853 725 et
3895 657 4328 734 moeroribus,
4375 652 4498 721 sed

2542 757 2721 813 recta
2755 747 3100 831 confugere
3183 748 3466 812 iscamus
3488 745 3570 811 ad
3607 765 3857 816 sacram
3895 745 4068 811 hanc
4103 741 4495 811 anchoram:

2544 833 2738 899 sicuti
2795 833 2994 899 etiam
3051 835 3121 899 in
3182 833 3444 898 Psalmo
3488 831 3592 909 34,
3653 831 3735 896 16
3790 830 4060 897 dicitur:
4121 828 4318 896 Oculi
4361 827 4498 893 Dei

2543 940 2738 1001 super
2783 919 3023 999 iustos,
3080 928 3148 983 et
3189 940 3380 984 aures
3425 918 3566 984 eius
3617 917 3700 982 ad
3743 917 4184 1000 precationem
4229 914 4499 980 illorum

2543 1005 2853 1071 intentae.
2940 1007 3033 1070 Et
3072 1006 3266 1072 sicuti
3305 1004 3460 1071 alibi
3505 1013 3784 1070 testatur
3831 1024 3901 1069 se
3938 1004 4154 1069 Deum
4190 1003 4332 1067 esse
4377 1000 4498 1083 qui

2542 1111 2769 1176 preces
2835 1090 3106 1156 exaudit
3159 1088 3364 1177 (Psal.
3433 1089 3538 1171 65,
3597 1088 3699 1177 2):
3756 1090 3850 1154 ita
3913 1089 4164 1173 quoties
4234 1086 4499 1152 duriter

2543 1198 2887 1261 urgemur,
2933 1176 3014 1241 ad
3057 1178 3182 1243 hoc
3225 1175 3585 1243 remedium
3643 1174 4092 1260 quaerendum
4147 1194 4266 1238 nos
4309 1172 4495 1238 solli·

2543 1264 2720 1329 citat.
2809 1263 2943 1330 Ubi
2994 1263 3150 1329 dicit
3207 1263 3520 1347 populum
3582 1282 3774 1327 suum
3834 1281 3977 1327 esse
4039 1260 4112 1324 in
4155 1261 4494 1343 Aegypto,

2543 1350 2790 1433 species
2832 1350 3308 1433 repugnantiae
3352 1369 3516 1433 quae
3561 1347 3821 1415 videtur
3863 1346 4163 1425 subesse,
4213 1344 4297 1410 ad
4333 1363 4495 1409 con·

2542 1435 2978 1500 firmationem
3013 1454 3148 1500 non
3184 1456 3419 1520 parum
3466 1435 3674 1500 valet:
3718 1433 3872 1517 quia
3904 1432 4035 1499 huc
4073 1430 4282 1497 tendit
4315 1428 4496 1513 quod

2545 1519 2624 1586 de
2685 1530 2863 1586 terra
2906 1520 3231 1588 Chanaan
3277 1518 3671 1605 possidenda
3727 1519 4034 1585 Abrahae
4092 1517 4496 1603 promissum

2542 1605 2687 1684 fuit,
2732 1607 2994 1672 irritum
3038 1629 3171 1672 non
3205 1606 3363 1673 fore.
3426 1605 3847 1689 Peregrinari
3881 1605 4054 1669 enim
4090 1608 4161 1668 in
4189 1606 4497 1687 Aegypto

2542 1693 2856 1776 populum
2900 1695 3005 1758 cui
3049 1691 3203 1758 data
3246 1700 3390 1758 erat
3432 1694 3584 1759 alibi
3631 1689 4027 1770 haereditas,
4070 1711 4202 1755 non
4249 1708 4496 1755 conve-

2542 1780 2641 1843 nit
2683 1800 2829 1844 cum
2854 1777 2985 1843 Dei
3021 1779 3330 1845 veritate:
3375 1779 3502 1844 nisi
3547 1778 3947 1862 praescripto
3992 1785 4284 1859 tempore
4328 1774 4495 1841 libe-

2542 1873 2744 1930 retur.
2813 1865 3047 1930 Posset
3081 1866 3280 1930 etiam
3323 1864 3739 1930 adversative
3782 1863 3944 1948 capi.
4011 1861 4337 1945 Quamvis
4383 1881 4498 1946 po-

2538 1951 2735 2035 pulus
2759 1951 2828 2016 in
2852 1954 3158 2035 Aegypto
3192 1950 3499 2017 habitans
3535 1948 3822 2015 exsultet
3855 1970 3895 2014 a
3930 1959 4109 2014 terra
4146 1947 4496 2027 Chanaan,

2539 2037 2815 2119 ideoque
2871 2037 2966 2101 ita
3020 2035 3327 2103 videatur
3382 2059 3422 2103 a
3475 2057 3581 2103 me
3637 2033 4112 2118 quodammodo
4177 2041 4497 2113 remotus,

2539 2121 2762 2189 audivi
2819 2127 3045 2187 tamen
3104 2123 3475 2189 clamorem.
3564 2120 3697 2187 Sed
3752 2119 4087 2205 probabile
4144 2129 4243 2186 est
4301 2119 4497 2200 illud,

2540 2209 2695 2291 quia
2728 2208 3071 2292 indignum
3109 2210 3196 2274 sit
3228 2208 3542 2292 populum
3581 2214 3798 2272 terrae
3833 2213 4099 2272 sanctae
4134 2205 4501 2273 haeredem

2539 2294 2693 2359 alibi
2751 2315 3010 2377 semper
3065 2315 3335 2359 manere
3387 2293 3821 2378 inquilinum,
3883 2291 4065 2358 brevi
4111 2291 4336 2358 Deum
4395 2313 4501 2358 re-

2538 2378 2944 2462 demptorem
2990 2379 3229 2446 adfore.
3295 2379 3376 2445 In
3412 2381 3543 2444 fine
3588 2398 3818 2446 versus
3861 2378 4165 2462 repetitio
4200 2387 4300 2443 est
4356 2378 4504 2446 aliis

2540 2464 2789 2545 verbis,
2856 2465 3029 2549 quod
3094 2465 3278 2532 Deus
3341 2465 3725 2551 cognoverit
3791 2463 4075 2545 dolores,
4156 2463 4272 2529 sed
4351 2487 4504 2532 cum

2539 2552 3062 2637 amplificatione.

2712 2639 2771 2704 8.
2820 2636 3133 2704 Descendi
3174 2642 3243 2703 ut
3285 2638 3631 2704 bibet-arem.
3720 2635 3980 2702 Clarius
4022 2637 4156 2702 iam
4199 2639 4510 2722 explicat

2540 2722 2663 2790 sibi
2707 2725 3115 2807 propositum
3157 2744 3301 2790 esse
3343 2744 3477 2789 non
3520 2723 3850 2807 praesenti
3892 2721 4084 2787 modo
4127 2723 4502 2791 calamitati

2540 2830 2943 2890 succurrere,
2997 2808 3109 2875 sed
3155 2818 3490 2894 praestare
3536 2807 3756 2875 datam
3803 2805 4109 2874 Abrahae
4152 2807 4355 2876 fldem
4414 2810 4497 2876 de

2539 2895 2947 2979 possessione
2991 2905 3207 2962 terrae
3252 2894 3592 2962 Chanaan.
3677 2894 3916 2960 Finem
3977 2915 4133 2980 ergo
4184 2896 4495 2982 redemp-

2541 2980 2738 3048 tionis
2782 2991 2985 3061 notat,
3029 2990 3107 3047 ut
3147 2982 3454 3048 fruantur
3496 2981 3715 3063 quiete
3772 2992 3837 3045 et
3895 2979 4303 3048 haereditate
4371 2984 4500 3057 sibi

2540 3069 2880 3152 promissa.
2965 3067 3141 3135 Nota
3182 3078 3283 3134 est
3325 3067 3612 3151 phrasis,
3679 3067 3896 3133 Deum
3939 3065 4022 3133 ad
4058 3088 4177 3133 nos
4221 3067 4498 3136 descen·
4615 3075 4624 3086 “

2541 3153 2716 3232 dere,
2761 3155 2874 3221 ubi
2915 3176 2988 3220 re
3029 3156 3174 3239 ipsa
3196 3156 3511 3220 virtutem
3555 3172 3744 3219 suam
3766 3153 4034 3237 profert,
4080 3174 4285 3237 seque
4307 3156 4498 3224 nobis

2542 3241 2977 3325 propinquum
3023 3240 3327 3318 ostendit,
3371 3261 3446 3307 ac
3490 3240 3546 3305 si
3582 3238 3860 3318 diceret,
3917 3239 4135 3322 palam
4180 3260 4498 3309 sensuros
4536 3296 4546 3312 .

2542 3327 2876 3393 Israelitas
2919 3325 3045 3393 sibi
3088 3326 3404 3392 auxilium
3450 3336 3711 3409 praesto
3754 3345 3912 3391 esse.
3971 3326 4178 3391 'I'erra
4220 3327 4361 3394 lata
4400 3328 4496 3395 vi-

2541 3410 2734 3477 detur
2775 3414 3012 3495 opponi
3056 3412 3381 3496 angustiis
3425 3413 3493 3477 in
3539 3432 3702 3496 quas
3746 3412 4020 3477 coniecti
4062 3419 4272 3478 erant.
4321 3415 4493 3481 Nam

2540 3500 2666 3564 etsi
2707 3498 2943 3564 fertilis
2985 3507 3052 3563 et
3093 3498 3433 3563 commoda
3477 3510 3621 3562 erat
3661 3509 3838 3563 terra
3876 3497 4121 3576 Gosen,
4164 3501 4496 3566 crescenti

2539 3591 2762 3651 tamen
2797 3584 3028 3649 turbae
3073 3585 3185 3649 vix
3229 3583 3312 3649 ad
3359 3583 3830 3651 habitationem
3867 3584 4163 3651 sufficere
4197 3593 4495 3667 poterat:

2540 3669 2776 3735 deinde
2816 3669 2954 3737 illic
2998 3669 3341 3746 serviliter,
3387 3691 3522 3735 non
3565 3690 3749 3735 secus
3794 3677 3989 3753 atque
4032 3670 4102 3733 in
4134 3673 4492 3753 ergastulo,

2539 3756 2744 3822 clausi
2787 3757 3203 3822 tenebantur.
3271 3754 3565 3820 Tandem
3609 3755 3848 3820 iterum
3871 3756 4215 3821 confirmat
4242 3779 4319 3822 se
4340 3779 4492 3824 cum

2537 3840 2670 3907 illis
2724 3843 3005 3925 benigne
3061 3849 3398 3923 acturum,
3443 3841 3596 3926 quia
3640 3843 3921 3925 gemitus
3965 3841 4365 3924 exaudierit,
4425 3853 4494 3909 et

2538 3948 2763 3994 eorum
2822 3947 3171 3993 aerumnas
3212 3948 3346 3992 non
3389 3927 3678 4012 ignoret,
3737 3928 4036 4011 quamvis
4077 3927 4275 4012 longo
4321 3939 4487 3994 tem-
4535 3936 4541 3943 '

2538 4033 2697 4098 pore
2740 4013 3098 4082 vindictam
3148 4011 3491 4080 distulerit.

2715 4185 2813 4251 10.
2873 4185 3032 4252 Vem'
3072 4186 3298 4268 itaque,
3342 4190 3399 4250 et
3439 4185 3682 4250 midam
3726 4190 3780 4249 te
3821 4184 3907 4249 ad
3956 4183 4374 4272 Pharaonem,
4421 4193 4493 4255 ut

2538 4273 2769 4338 educas
2835 4270 3143 4353 populum
3220 4290 3427 4335 meum
3499 4271 3668 4352 filios
3746 4268 3955 4336 Israel
4027 4291 4106 4337 ex
4183 4272 4488 4357 Aeyypto.

2541 4359 2643 4424 11.
2691 4357 2781 4423 Et
2819 4359 2986 4424 dixit
3006 4355 3220 4423 Moses
3263 4356 3609 4423 adDeum:
3657 4356 3813 4438 Quis
3845 4377 3989 4422 sum
4028 4378 4133 4441 eqo
4166 4361 4492 4426 utvadam

2538 4445 2626 4512 ad
2673 4443 3107 4522 Ρῆαναοηενη,
3166 4447 3222 4508 et
3268 4442 3525 4509 educam
3564 4441 3738 4524 filios
3782 4441 3993 4509 Israel
4032 4464 4121 4508 ecc·
4152 4444 4490 4530 Aeyypto?

2541 4532 2643 4597 12.
2688 4528 2781 4595 Et
2819 4528 3167 4612 respondit.-
3216 4528 3382 4611 Quia
3426 4533 3619 4594 tecum
3659 4548 3791 4608 ero,
3832 4534 3890 4593 et
3930 4529 4040 4595 hoc
4080 4529 4194 4596 tibi
4236 4532 4492 4615 siquam

2538 4617 2702 4701 quod
2743 4636 2848 4700 eqo
2891 4615 3174 4681 misenam
3215 4618 3272 4680 te
3285 4638 3305 4679 .·
3354 4615 3558 4697 Quum
3599 4615 3892 4680 edu-‘ceris
3921 4616 4234 4696 populum
4275 4620 4492 4701 ipsum

2538 4724 2617 4768 ex
2660 4701 2726 4766 A
2880 4707 2954 4782 to,
3001 4701 3210 4767 coletis
3234 4699 3443 4766 Deum
3474 4721 3679 4782 prope
3718 4706 3982 4766 montem
4022 4701 4202 4769 hunc.
4255 4705 4352 4770 13.
4399 4700 4492 4768 Et

2539 4789 2634 4855 ait
2677 4722 2889 4854 ffl
2930 4785 3018 4852 ad
3059 4785 3302 4853 Deum.-
3388 4786 3579 4864 Ecce,
3639 4785 3748 4851 ubi
3790 4807 3896 4871 eqo
3938 4808 4155 4853 venero
4200 4791 4289 4854 ad
4322 4789 4492 4871 filios

2541 4874 2769 4959 Israel,
2812 4878 2866 4939 et
2904 4874 3121 4938 dixero
3163 4873 3272 4950 eie,
3296 4871 3478 4939 Deus
3507 4877 3772 4955 patrum
3812 4878 4154 4940 vestrorum
4194 4876 4375 4940 misit
4395 4895 4491 4939 me

2537 4961 2624 5027 ad
2664 4981 2805 5028 vos.-
2846 4965 2991 5025 tunc
3033 4959 3095 5024 si
3134 4958 3436 5024 dixerint:
3510 4959 3688 5040 Quod
3729 4978 3949 5024 nomen
3990 4962 4130 5026 eius
4171 4967 4291 5027 est.-
4331 4960 4491 5043 quid

2538 5047 2748 5113 dicam
2789 5045 2970 5111 illis?
3063 5043 3164 5109 14.
3232 5045 3406 5111 Tunc
3465 5045 3778 5127 res-pondu
3831 5046 4010 5113 Deus
4051 5045 4261 5114 Moci.-
4331 5044 4489 5110 Sum

2536 5134 2647 5214 qui
2687 5152 2847 5197 sum.
2888 5130 3026 5282 adEt
3065 5132 3193 5196 ait.-
3253 5129 3360 5197 Sic
3402 5131 3572 5196 dices
3614 5130 3703 5196 ad
3740 5130 3909 5212 filios
3953 5132 4191 5198 Israel:
4254 5130 4412 5195 Sum
4440 5128 4488 5214 ι)

2535 5220 2712 5284 misit
2753 5238 2848 5282 me
3015 5235 3138 5283 vos.

2677 5405 2738 5476 1)
2776 5402 3012 5462 Gallice.-
3049 5404 3108 5459 Si
3144 5404 3351 5459 suis-ie
