4867 6150
395 446 529 514 433

400 637 511 703 cul
553 636 952 718 quaesitum:
998 638 1153 720 quia
1195 637 1553 704 similitudo
1596 637 1814 705 odoris
1849 650 1916 706 et
1952 641 2233 705 tinnitus
2267 640 2350 705 ad

401 722 656 808 gratiae
698 724 1357 805 commendationem,
1423 733 1494 790 et
1548 726 1876 810 evangelii
1920 726 2351 810 praedicatio-

400 829 552 874 nem
599 820 832 891 sponte
875 829 999 874 nos
1044 810 1240 875 ducit.
1326 810 1524 876 Malis
1580 812 1785 895 igitur
1840 812 2127 897 punicis,
2187 832 2350 895 quae

399 902 656 960 attexta
697 904 888 961 erant
929 896 1137 963 vestis
1182 896 1477 977 laciniae,
1523 905 1800 964 testatus
1844 906 1947 963 est
1991 899 2173 963 Deus
2227 898 2352 963 sibi

401 981 568 1046 bene
622 980 796 1047 olere
852 992 921 1047 et
976 992 1238 1065 gratum
1306 1004 1449 1049 esse
1515 983 1825 1067 quidquid
1886 985 1958 1048 in
2012 982 2352 1050 sacerdote

402 1076 574 1146 erat,
629 1067 822 1132 modo
879 1065 1214 1133 accederet
1255 1070 1546 1134 sonitus:
1593 1070 1780 1134 cuius
1826 1072 2184 1137 necessitas
2232 1091 2349 1135 ex·

401 1153 743 1237 primitur,
797 1174 997 1236 quum
1042 1154 1226 1219 Deus
1290 1166 1566 1220 mortem
1609 1154 1932 1222 sacerdoti
1977 1154 2347 1234 denunciat,

402 1241 461 1305 si
516 1237 758 1322 absque
813 1240 1031 1305 sonitu
1077 1242 1526 1307 sanctuarium
1570 1243 1909 1326 ingressus
1952 1242 2169 1309 fuerit.
2259 1243 2351 1307 Et

397 1334 578 1392 certe
615 1326 740 1390 fuit
780 1324 893 1390 illa
935 1328 1299 1392 communis
1342 1328 1663 1406 invitatio,
1702 1348 1869 1410 quae
1902 1327 2129 1410 populi
2165 1348 2347 1392 men-

401 1421 533 1490 tes,
602 1410 756 1476 dum
824 1432 1011 1477 sacra
1076 1414 1591 1497 peragebantur,
1670 1422 1958 1479 attentas
2024 1413 2344 1479 redderet.

400 1496 592 1578 Quod
639 1507 859 1563 autem
905 1518 1115 1582 poena
1156 1519 1353 1581 quam
1400 1501 1582 1565 Deus
1616 1499 1928 1576 minatur,
1974 1500 2235 1582 proprie
2278 1500 2349 1564 in

399 1582 743 1650 Christum
783 1604 914 1648 non
975 1586 1305 1667 competit,
1369 1585 1536 1650 nihil
1603 1587 1671 1650 in
1739 1607 1815 1651 eo
1882 1594 1983 1650 est
2047 1584 2343 1651 absurdi:

400 1670 555 1753 quia
596 1690 823 1735 severe
867 1671 1315 1738 sacerdotibus
1359 1671 1620 1738 Levitis
1664 1671 2040 1754 praecipere
2086 1692 2349 1737 necesse

399 1756 560 1833 fuit,
627 1776 713 1821 ne
767 1757 1149 1821 omitterent
1204 1768 1481 1823 externa
1538 1757 1654 1822 illa
1699 1758 1963 1841 pietatis
2016 1758 2349 1837 exercitia,

399 1841 606 1908 donec
649 1841 944 1907 exhibita
987 1854 1159 1908 esset
1206 1845 1471 1910 veritas.
1561 1844 1705 1909 Hoc
1760 1844 2021 1927 quidem
2069 1865 2202 1909 non
2247 1845 2349 1908 in·

401 1928 562 1995 scite
606 1927 690 1994 ad
730 1928 1039 1994 ecclesiae
1084 1930 1418 1996 ministros
1462 1950 1581 2013 per
1615 1950 1957 2014 anagogen
1995 1928 2353 1995 deflectunt

400 2023 691 2079 veteres:
738 2015 890 2098 quia
935 2025 1149 2080 morte
1194 2015 1433 2100 dignus
1477 2016 1799 2095 sacerdos,
1843 2018 2061 2098 inquit
2097 2015 2350 2100 Grego-

402 2101 564 2177 rius,
609 2122 649 2165 a
692 2121 821 2181 quo
864 2121 999 2165 vox
1042 2100 1551 2183 praedicationis
1596 2122 1728 2166 non
1774 2101 2056 2166 auditur.
2139 2099 2352 2168 Sicuti

399 2185 612 2252 Isaias
669 2184 796 2271 (56,
850 2184 959 2273 10)
1017 2188 1349 2254 maledicit
1403 2208 1600 2254 canes
1658 2197 1893 2253 mutos.
1993 2186 2127 2252 Sed
2184 2187 2352 2253 illud

399 2273 698 2356 apprime
762 2272 1123 2337 tenendum
1191 2284 1331 2354 est,
1414 2282 1659 2339 vestem
1723 2273 1975 2340 Christi
2041 2293 2348 2340 sonoram

401 2379 577 2439 esse,
636 2359 790 2441 quia
844 2359 984 2424 sola
1026 2357 1192 2425 fides
1236 2380 1403 2443 quae
1446 2381 1528 2424 ex
1574 2358 1804 2425 auditu
1849 2359 2168 2439 nascitur,
2228 2380 2351 2426 nos

395 2446 545 2511 eius
589 2445 841 2509 iustitia
875 2443 1110 2509 induit.

573 2530 677 2596 36.
721 2530 951 2597 Facies
990 2531 1252 2613 insuper
1290 2531 1619 2596 laminam.
1701 2531 1849 2596 Non
1896 2542 2143 2597 temere
2188 2532 2352 2598 haec

398 2617 741 2700 inscriptio
785 2618 855 2681 in
899 2619 1112 2683 fronte
1154 2618 1428 2696 locatur,
1473 2628 1550 2682 ut
1592 2616 1812 2699 palam
1849 2619 2151 2684 emineat.
2197 2618 2347 2683 Non

399 2704 576 2769 enim
633 2703 842 2769 solum
902 2703 1040 2768 illic
1100 2714 1378 2768 testatus
1422 2712 1526 2768 est
1566 2704 1753 2769 Deus
1796 2704 1922 2769 sibi
1969 2705 2228 2787 probari
2272 2725 2349 2772 ac

401 2798 663 2875 gratum
722 2810 865 2854 esse
923 2788 1134 2873 legale
1191 2789 1624 2855 sacerdotium
1647 2841 1661 2867 ,
1722 2789 1894 2873 quod
1951 2790 2093 2873 ipse
2149 2791 2348 2857 verbo

399 2897 520 2942 suo
565 2874 1014 2941 dedicaverat:
1074 2874 1188 2940 sed
1235 2876 1435 2940 etiam
1495 2897 1628 2940 non
1672 2875 1935 2941 aliunde
1993 2876 2347 2958 petendam

400 2983 543 3027 esse
601 2963 1041 3027 sanctitatem.
1145 2962 1328 3027 Haec
1383 2963 1590 3045 igitur
1648 2961 1776 3026 duo
1822 2963 2111 3028 notanda
2168 2972 2345 3042 sunt,

395 3049 660 3134 placere
705 3049 848 3113 Deo
892 3045 1331 3115 sacerdotium
1375 3048 1561 3114 cuius
1605 3047 1745 3132 ipse
1782 3058 1882 3114 est
1917 3058 2126 3128 autor,
2172 3047 2349 3116 ideo-

400 3157 529 3220 que
585 3134 849 3201 sordere
906 3135 1038 3201 alia
1081 3137 1324 3214 omnia,
1389 3145 1456 3200 et
1499 3135 1822 3200 reiectitia
1875 3155 2052 3214 esse,
2119 3156 2348 3218 quam-

398 3222 562 3288 libet
618 3222 964 3305 magnifice
1017 3222 1376 3288 iactentur:
1443 3219 1681 3286 deinde
1745 3230 1938 3287 extra
2002 3222 2348 3289 Christum

395 3329 520 3375 nos
562 3308 845 3393 pollutos
890 3328 1051 3388 esse,
1094 3327 1455 3390 omnesque
1498 3306 1714 3373 cultus
1761 3308 2062 3374 vitiosos:
2130 3318 2200 3374 et
2241 3318 2348 3374 ut·

393 3413 657 3477 cunque
699 3394 1072 3477 praeclarae
1114 3402 1472 3476 appareant
1517 3402 1777 3459 nostrae
1835 3395 2144 3473 actiones,
2205 3415 2350 3460 esse

397 3490 617 3546 tamen
673 3481 968 3563 impuras
1007 3489 1076 3545 et
1140 3491 1503 3564 corruptas.
1591 3480 1773 3563 Ergo
1839 3482 1934 3546 sic
1997 3482 2067 3544 in
2135 3481 2351 3546 fronte

398 3568 578 3633 unici
636 3578 703 3632 et
748 3568 1047 3649 perpetui
1091 3566 1448 3632 sacerdotis
1502 3565 1702 3631 defixi
1759 3578 2077 3631 maneant
2119 3587 2351 3633 omnes

397 3654 607 3719 nostri
651 3674 886 3719 sensus
905 3703 920 3733 ,
987 3664 1063 3718 ut
1105 3653 1390 3718 sciamus
1432 3651 1516 3717 ab
1560 3652 1704 3735 ipso
1761 3673 1895 3718 uno
1954 3651 2347 3720 munditiem

393 3741 465 3805 in
533 3748 739 3804 totam
806 3739 1152 3805 ecclesiam
1220 3758 1507 3803 manare.
1607 3737 1761 3805 Huc
1822 3740 2155 3822 pertinent
2209 3739 2351 3805 eius

397 3825 631 3892 verba:
700 3826 984 3907 Propter
1025 3844 1138 3890 eos
1172 3824 1512 3896 sanctifico
1554 3845 1661 3889 me
1705 3825 1941 3907 ipsum,
1984 3835 2062 3890 ut
2105 3826 2243 3892 sint
2284 3835 2352 3890 et

393 3912 524 3996 ipsi
568 3912 776 3977 sancti
818 3911 892 3976 in
938 3912 1216 3976 veritate
1259 3908 1427 3996 (Ioh.
1480 3911 1579 3988 17,
1623 3908 1752 3997 19).
1840 3910 2028 3976 Idem
2074 3913 2143 3976 in
2193 3932 2350 3979 con-

398 4007 588 4064 textu
636 3998 839 4063 Mosis
883 3997 1308 4079 exprimitur:
1379 3997 1580 4061 Feret
1623 3997 1892 4062 Aharon
1939 3998 2347 4081 iniquitatem

394 4084 1009 4161 sanctificationum,
1047 4091 1170 4149 etc.
1260 4083 1479 4147 Locus
1515 4091 1691 4147 certe
1727 4084 2027 4169 insignis,
2073 4105 2200 4167 quo
2238 4083 2350 4150 do-

396 4190 623 4235 cemur
664 4169 831 4235 nihil
865 4190 906 4235 a
948 4169 1136 4234 nobis
1170 4169 1491 4251 proficisci
1526 4168 1696 4251 quod
1734 4170 1877 4234 Deo
1914 4170 2187 4253 placeat,
2223 4171 2350 4236 nisi

396 4257 881 4322 interveniente
939 4254 1317 4320 mediatoris
1374 4256 1606 4337 gratia.
1696 4254 1867 4320 Nam
1913 4255 2022 4322 hic
2077 4277 2208 4321 non
2270 4256 2350 4321 de

398 4342 770 4409 manifestis
827 4350 893 4405 et
958 4342 1197 4407 crassis
1253 4342 1538 4424 peccatis
1594 4342 1842 4425 agitur,
1903 4363 2179 4425 quorum
2246 4362 2351 4407 ve-

399 4430 582 4494 niam
638 4436 890 4494 certum
959 4437 1060 4491 est
1102 4449 1237 4492 non
1281 4447 1471 4510 posse
1514 4448 1634 4493 nos
1680 4427 1807 4493 nisi
1848 4449 1966 4511 per
2007 4428 2351 4494 Christum

393 4515 743 4598 consequi:
810 4513 922 4578 sed
989 4512 1390 4579 oblationum
1438 4522 1818 4579 sanctarum
1861 4514 2181 4598 iniquitas
2225 4516 2348 4580 tol-

394 4600 594 4668 lenda
637 4612 703 4665 et
744 4598 1093 4685 purganda
1139 4600 1264 4665 fuit
1319 4620 1438 4684 per
1482 4599 1908 4666 sacerdotem.
2001 4600 2346 4685 Frigidum

391 4696 500 4754 est
563 4686 726 4751 illud
775 4697 1266 4764 commentum,
1333 4688 1390 4751 si
1455 4685 1613 4768 quid
1678 4686 1919 4752 erroris
1985 4686 2345 4753 admissum

394 4781 572 4839 esset
602 4773 673 4837 in
696 4772 1141 4850 caeremoniis,
1187 4773 1535 4837 remissum
1574 4772 1774 4837 fuisse
1808 4772 2163 4840 sacerdotis
2202 4795 2347 4857 pre·

395 4860 600 4926 cibus.
691 4858 988 4944 Longius
1046 4859 1223 4922 enim
1281 4859 1605 4942 respicere
1664 4879 1784 4924 nos
1843 4868 2133 4941 oportet:
2200 4857 2347 4924 ideo

391 4945 802 5012 oblationum
865 4944 1280 5026 iniquitatem
1352 4943 1553 5009 deleri
1621 4964 1662 5009 a
1737 4944 2106 5022 sacerdote,
2196 4947 2349 5028 quia

397 5031 583 5097 nulla
626 5029 882 5108 oblatio,
919 5039 1241 5113 quatenus
1307 5039 1409 5095 est
1450 5028 1775 5110 hominis,
1832 5051 2104 5115 prorsus
2164 5031 2347 5096 omni

395 5118 562 5184 vitio
598 5124 795 5183 caret.
843 5116 1044 5181 Dictu
1081 5117 1204 5181 hoc
1236 5136 1541 5199 asperum
1578 5126 1695 5195 est,
1732 5126 1800 5182 et
1821 5117 1961 5182 fere
1987 5115 2344 5201 παράδοξον,

393 5204 777 5271 sanctitates
820 5204 998 5284 ipsas
1041 5222 1183 5266 esse
1226 5203 1598 5267 immundas
1635 5212 1712 5267 ut
1747 5203 1942 5270 venia
1973 5204 2342 5288 indigeant:

391 5289 514 5356 sed
557 5288 916 5355 tenendum
959 5297 1076 5365 est,
1123 5287 1290 5352 nihil
1335 5308 1478 5353 esse
1523 5297 1657 5354 tam
1703 5309 1962 5372 purum,
1999 5288 2172 5374 quod
2209 5311 2342 5356 non

389 5374 646 5461 aliquid
688 5374 855 5440 labis
899 5395 938 5438 a
979 5373 1166 5439 nobis
1209 5374 1572 5441 contrahat.
1649 5373 1840 5442 Sicut
1881 5397 2068 5460 aqua,
2113 5396 2344 5461 quam·

543 5474 767 5532 Gabini
795 5490 984 5545 opera.
1068 5475 1184 5531 Vol.
1217 5474 1449 5531 XXIV.

1793 450 2305 522 SECUNDUM
2349 450 3000 520 PRAEOEPTUM.

4279 453 4414 520 434

2457 641 2558 705 vis
2601 660 2684 705 ex
2730 640 3004 723 limpido
3047 639 3232 705 fonte
3276 640 3488 705 nitida
3530 640 3895 721 hauriatur,
3939 640 3996 707 si
4033 648 4256 707 tamen
4291 663 4412 727 per

2456 734 2702 791 terram
2746 725 3028 792 lutosam
3073 734 3394 807 transeat,
3448 728 3770 806 inficitur,
3834 735 3902 791 et
3959 726 4205 810 aliquid
4267 737 4410 793 tur-

2455 812 2587 877 bidi
2654 811 2809 877 inde
2875 813 3113 878 trahit:
3181 812 3277 877 sic
3331 812 3496 878 nihil
3556 834 3675 896 per
3733 834 3804 878 se
3858 811 4022 878 adeo
4075 814 4408 880 sincerum

2455 896 2625 981 quod
2669 918 2803 963 non
2847 899 3036 966 vitiet
3078 900 3295 965 carnis
3339 908 3605 964 nostrae
3648 898 3964 981 contagio.
4045 898 4230 964 Nihil
4274 899 4409 966 Dei

2453 984 2636 1050 cultu
2678 985 3156 1068 praestantius:
3196 994 3263 1049 et
3305 994 3525 1049 tamen
3570 984 3740 1049 nihil
3775 985 4009 1050 offerre
4043 989 4259 1068 potuit
4293 1007 4407 1070 po-

2455 1069 2669 1153 pulus,
2717 1072 2915 1135 etiam
2957 1091 2997 1136 a
3039 1071 3187 1155 lege
3230 1071 3724 1154 praescriptum,
3790 1071 3916 1136 nisi
3961 1071 4407 1157 intercedente

2453 1156 2672 1233 venia,
2717 1177 2918 1239 quam
2957 1156 3220 1222 nonnisi
3254 1177 3373 1240 per
3415 1156 3818 1222 sacerdotem
3863 1156 4164 1223 obtinuit.
4237 1158 4408 1224 Nul-

2453 1241 2596 1306 lum
2620 1240 2812 1307 hodie
2835 1244 2978 1307 Deo
3009 1243 3260 1326 gratius
3283 1243 3674 1308 sacrificium
3698 1252 3816 1320 est,
3864 1263 4078 1325 neque
4113 1264 4407 1327 unquam

2452 1327 2598 1404 fuit,
2643 1328 2931 1393 nominis
2967 1329 3067 1393 sui
3104 1328 3554 1393 invocatione:
3601 1329 3771 1394 sicut
3811 1328 3952 1413 ipse
3996 1330 4407 1412 pronunciat,

2454 1414 2704 1480 Invoca
2745 1434 2852 1479 me
2896 1413 2966 1478 in
3013 1412 3119 1478 die
3163 1414 3553 1492 afflictionis,
3599 1414 3950 1480 exaudiam
3995 1424 4093 1493 te,
4151 1425 4222 1480 et
4264 1417 4408 1481 lau-

2455 1499 2601 1564 dem
2650 1498 2883 1566 reddes
2937 1501 3102 1565 mihi
3157 1497 3361 1585 (Psal.
3423 1500 3527 1579 50,
3589 1500 3720 1586 15).
3828 1500 4033 1583 Atqui
4086 1502 4408 1569 sacrificia

2452 1583 2665 1650 laudis
2710 1586 3040 1669 apostolus
3085 1586 3273 1652 docet
3312 1597 3468 1652 tunc
3504 1586 3770 1651 demum
3807 1586 4064 1670 placere
4088 1586 4248 1667 Deo,
4293 1589 4406 1654 ubi

2453 1673 2524 1737 in
2567 1671 2837 1738 Christo
2881 1672 3270 1738 offeruntur.
3358 1673 3707 1738 Discamus
3751 1693 3908 1756 ergo
3953 1684 4177 1739 nostra
4220 1673 4407 1739 obse-

2454 1757 2638 1840 quia,
2703 1757 2814 1822 ubi
2883 1758 3157 1822 veniunt
3212 1759 3282 1823 in
3340 1770 3765 1841 conspectum
3820 1759 3989 1834 Dei,
4056 1759 4408 1842 iniquitate

2454 1845 2783 1926 permixta
2825 1865 2987 1923 esse,
3033 1865 3200 1927 quae
3223 1866 3342 1911 nos
3379 1844 3505 1910 Dei
3541 1843 3782 1911 iudicio
3805 1845 4119 1910 obnoxios
4154 1846 4408 1929 reddat,

2455 1929 2585 1995 nisi
2643 1950 2720 1994 ea
2779 1928 3086 1995 Christus
3143 1930 3522 1996 sanctificet.
3626 1930 3709 1994 In
3770 1952 4030 1996 summa
4072 1930 4260 1996 docet
4305 1931 4411 1998 hic

2455 2015 2656 2095 locus,
2713 2015 3028 2099 quidquid
3074 2015 3397 2081 bonorum
3444 2036 3716 2099 operum
3775 2014 4116 2082 studemus
4176 2018 4413 2084 offerre

2456 2101 2634 2177 Deo,
2689 2102 2850 2167 adeo
2909 2101 3078 2165 nihil
3122 2103 3363 2167 mereri
3407 2101 3757 2179 mercedis,
3813 2113 3890 2167 ut
3942 2104 4163 2186 potius
4221 2112 4413 2170 reatu

2458 2207 2579 2252 nos
2623 2188 3074 2272 obstringant,
3147 2188 3276 2255 nisi
3339 2189 3650 2255 sanctitas
3706 2188 3988 2267 Christi,
4054 2211 4184 2273 qua
4226 2190 4413 2256 Deus

2456 2273 2791 2356 placatur,
2850 2274 3115 2339 veniam
3171 2274 3304 2341 illis
3362 2276 3743 2358 acquireret.
3834 2273 4027 2355 Quod
4094 2277 4411 2341 continuo

2457 2369 2606 2442 post
2660 2380 2887 2425 rursus
2949 2360 3296 2439 asseritur,
3354 2361 3468 2426 ubi
3524 2360 3681 2426 dicit
3736 2361 3988 2436 Moses,
4055 2362 4411 2428 sacerdotis

2456 2446 2672 2529 gratia
2716 2445 2859 2511 tolli
2918 2458 3187 2529 peccata
3244 2448 3312 2512 in
3368 2448 3572 2513 sacris
3616 2445 4055 2512 oblationibus
4097 2448 4167 2512 in
4213 2447 4411 2514 bene-

2455 2532 2805 2617 placitum:
2853 2531 2975 2599 hoc
3020 2541 3137 2613 est,
3184 2544 3257 2598 ut
3300 2542 3598 2599 statuant
3640 2531 3984 2599 Israelitae
4028 2531 4245 2597 Deum
4283 2533 4412 2599 sibi

2455 2617 2788 2701 placatum
2825 2638 2968 2684 esse
3005 2627 3075 2684 et
3109 2619 3490 2702 propitium.
3551 2617 3656 2683 De
3692 2620 3833 2702 ipsa
3856 2621 4045 2695 tiara,
4077 2640 4270 2702 quam
4297 2620 4411 2685 alii

2456 2703 2763 2784 cidarim,
2825 2704 2938 2769 alii
2981 2704 3279 2788 galerum
3327 2714 3598 2782 vocant,
3657 2726 3790 2770 non
3836 2705 4048 2770 habeo
4092 2705 4267 2788 quod
4312 2706 4411 2770 di-

2456 2810 2632 2856 cam:
2671 2790 2869 2857 sicuti
2910 2810 3032 2856 nec
3065 2792 3137 2854 in
3176 2789 3436 2856 baltheo
3474 2790 3579 2855 vel
3616 2790 3883 2874 cingulo
3917 2791 4227 2858 subtilius
4260 2792 4412 2876 phi·

2455 2875 2782 2960 losophari
2828 2876 3004 2942 libet.

2627 2961 2733 3027 40.
2782 2961 2981 3028 Filiis
3017 2967 3228 3027 autem
3263 2961 3548 3028 Aharon.
3599 2961 4013 3045 Separantur
4048 2962 4247 3028 etiam
4286 2964 4409 3028 filii

2457 3048 2728 3115 Aharon
2775 3069 2909 3114 non
2954 3056 3215 3115 tautum
3262 3070 3301 3113 a
3345 3049 3569 3132 vulgo,
3637 3048 3752 3114 sed
3799 3049 3998 3114 etiam
4045 3070 4084 3114 a
4128 3048 4407 3117 Levitis.

2455 3135 2818 3201 Residebat
2874 3145 3096 3201 tamen
3151 3136 3222 3200 in
3282 3143 3419 3200 tota
3481 3135 3732 3200 familia
3797 3135 4147 3217 peculiaris
4191 3136 4408 3220 digni-

2455 3232 2577 3300 tas,
2623 3242 2704 3286 ex
2751 3242 2885 3305 qua
2926 3231 3153 3305 postea
3195 3242 3530 3288 successor
3563 3219 3890 3305 petendus
3925 3231 4086 3287 erat.
4133 3223 4222 3287 Et
4257 3223 4411 3305 quia

2457 3327 2650 3373 nemo
2694 3327 2868 3373 unus
2913 3306 2994 3372 ad
3038 3308 3262 3373 omnia
3302 3306 3604 3373 sufficere
3647 3316 3930 3391 poterat,
3996 3308 4174 3373 vices
4216 3317 4412 3375 erant

2452 3395 2630 3459 inter
2671 3394 2850 3477 ipsos
2892 3394 3303 3460 distributae.
3374 3394 3551 3460 Hinc
3593 3395 3671 3458 fit
3715 3405 3791 3458 ut
3835 3394 4078 3472 tunica,
4121 3395 4408 3479 cingu10,

2452 3491 2521 3547 et
2564 3481 2733 3563 pileo
2778 3491 3102 3546 ornentur
3145 3481 3228 3546 ad
3275 3478 3555 3564 gloriam
3599 3489 3666 3545 et
3710 3478 4027 3546 decorem.
4097 3481 4201 3545 De
4245 3504 4409 3548 unc-

2453 3568 2630 3632 tione
2696 3566 3068 3632 videbimus
3129 3567 3340 3649 capite
3403 3567 3726 3649 proximo.
3828 3565 4099 3649 Impleri
4165 3587 4401 3634 manus

2452 3652 2793 3736 dicuntur,
2852 3650 3010 3717 dum
3055 3662 3368 3735 aptantur
3422 3653 3506 3717 ad
3549 3651 3980 3718 offerendum.
4068 3650 4404 3737 Quamdiu

2453 3740 2634 3805 enim
2679 3739 2990 3823 profanae
3033 3747 3194 3804 sunt
3236 3739 3435 3804 etiam
3479 3741 3549 3803 in
3584 3739 3875 3804 maxima
3928 3738 4113 3821 copia
4158 3759 4404 3806 vacuae

2452 3835 2837 3891 censentur:
2894 3826 3049 3908 quia
3105 3825 3360 3889 nullum
3424 3824 3567 3889 Deo
3627 3832 3963 3907 acceptum
4009 3836 4110 3889 est
4166 3847 4406 3892 munus

2454 3913 2579 3976 nisi
2639 3912 2781 3977 iure
2846 3910 3211 3977 sacerdotii.
3305 3911 3485 3994 Ergo
3540 3909 3882 3994 plenitudo
3937 3932 4022 3975 ex
4065 3931 4407 3978 consecra·-

2455 3999 2647 4076 tione,
2704 4018 2833 4081 qua
2890 3999 2969 4061 fit
3027 4007 3101 4062 ut
3162 3996 3529 4062 oblationes
3588 3998 3714 4061 rite
3770 3999 3978 4062 factae
4035 3996 4117 4061 ad
4185 3996 4405 4063 Deum

2454 4085 2861 4167 perveniant.
2973 4083 3354 4148 Notandum
3423 4103 3581 4150 vero
3648 4082 3820 4166 quod
3887 4089 4077 4164 pater
4135 4081 4405 4149 Aharon

2454 4189 2567 4235 eos
2614 4192 2741 4236 non
2786 4170 3171 4249 sanctificat,
3217 4169 3330 4234 sed
3379 4169 3636 4234 Moses:
3699 4178 3771 4233 ut
3826 4169 3926 4234 vis
3969 4169 4116 4251 ipsa
4158 4168 4268 4233 vel
4313 4170 4406 4236 ef·

2453 4256 2664 4322 fectus
2704 4255 3158 4322 sanctificandi
3202 4265 3469 4320 maneat
3512 4275 3713 4337 penes
3758 4252 3994 4331 Deum,
4064 4275 4279 4338 neque
4321 4255 4404 4320 ad

2453 4343 2794 4408 ministros
2858 4342 3312 4408 transferatur.
3424 4340 3661 4406 Voluit
3722 4340 3921 4404 etiam
3988 4340 4154 4405 forte
4219 4340 4405 4409 Deus

2453 4448 2794 4494 occurrere
2815 4428 3259 4511 improborum
3297 4427 3671 4493 calumniis:
3711 4447 3795 4491 ne
3818 4426 4143 4509 quispiam
4181 4439 4406 4511 postea

2453 4514 2783 4592 obiiceret,
2841 4514 3116 4580 Aharon
3161 4513 3392 4578 fraude
3435 4523 3503 4577 et
3546 4511 3739 4578 malis
3783 4512 4037 4577 artibus
4086 4513 4405 4579 honorem

2452 4601 2578 4666 sibi
2620 4601 2738 4666 uni
2784 4600 3092 4666 collatum
3137 4598 3220 4664 ad
3265 4599 3433 4664 filios
3476 4619 3735 4682 quoque
3770 4598 4165 4680 extendisse,
4210 4610 4404 4684 atque

2449 4687 2545 4751 ita
2601 4685 3118 4752 haereditarium
3177 4686 3406 4752 fecisse
3459 4694 3721 4768 praeter
3779 4684 3886 4749 ius
3950 4693 4019 4750 et
4088 4683 4206 4750 fas.
4297 4686 4403 4752 Ab

2449 4774 2574 4840 hoc
2638 4774 2873 4856 probro
2939 4772 3258 4836 immunis
3321 4772 3472 4850 fuit,
3538 4791 3741 4853 quum
3811 4770 4078 4836 aliunde
4143 4770 4224 4835 ad
4293 4792 4403 4836 eos

2448 4860 2748 4942 pervenit
2812 4857 3103 4943 dignitas
3168 4857 3608 4922 sacerdotalis.
3697 4855 3843 4921 Iam
3899 4864 3968 4921 et
4031 4856 4155 4922 hoc
4207 4856 4403 4921 modo

2449 4946 2698 5012 certius
2776 4945 3019 5010 reiecta
3096 4943 3223 5008 fuit
3260 4944 3496 5009 ⁴¹Mosis
3574 4944 3922 5026 posteritas
3989 4942 4071 5007 ab
4136 4961 4215 5006 ea
4285 4963 4401 5025 spe

2448 5053 2644 5115 quam
2690 5031 3033 5114 concipere
3090 5036 3348 5113 poterat
3402 5050 3486 5094 ex
3553 5030 3755 5113 patris
3798 5028 4133 5094 memoria.
4221 5027 4402 5113 Ergo

2449 5118 2690 5196 Moses,
2758 5116 2930 5182 filios
2993 5115 3270 5182 Aharon
3335 5114 3689 5193 initiando,
3756 5135 3910 5180 suos
3973 5115 4046 5200 in
4102 5112 4400 5180 ordinem

2445 5204 2688 5286 coegit:
2756 5226 2838 5268 ne
2881 5223 3012 5286 qua
3053 5222 3166 5268 eos
3231 5202 3501 5266 ambitio
3566 5201 3634 5265 in
3680 5209 4018 5283 posterum
4084 5198 4397 5267 sollicita-

2447 5299 2568 5374 ret,
2638 5288 2745 5354 vel
2798 5298 3023 5354 ureret
3079 5308 3190 5353 eos
3245 5285 3533 5367 invidia,
3593 5307 3797 5370 quum
3858 5306 3930 5351 se
3974 5285 4123 5351 aliis
4167 5287 4401 5354 subiici

2446 5376 2767 5443 viderent.
