4867 6150
536 434 664 501 203

537 622 737 687 vellet
780 621 1093 707 quidquid
1139 631 1283 687 erat
1325 623 1487 687 utile
1542 624 1838 706 cognitu:
1901 623 2012 689 sed
2070 622 2224 705 quia
2268 618 2486 687 sobria

538 730 680 774 esse
727 708 916 774 debet
957 710 1328 792 inquisitio;
1388 718 1452 774 et
1507 709 1614 774 hic
1659 720 1758 775 est
1800 710 2136 792 legitimus
2191 705 2488 790 sapiendi

535 795 803 874 modus,
871 796 1208 861 humiliter
1265 796 1513 861 discere
1573 818 1656 860 ex
1700 817 1811 860 ore
1856 796 1982 860 Dei
2026 793 2201 878 quod
2255 801 2488 875 sponte

538 881 746 959 docet,
784 901 906 946 nec
941 901 1362 965 praecurrere
1400 880 1603 945 nimio
1649 880 1882 946 ardore
1926 878 2326 964 cupiditatis,
2371 879 2486 944 sed

537 977 959 1050 praeeuntem
1006 969 1220 1051 ipsum
1272 967 1475 1049 sequi.

711 1053 814 1118 23.
862 1048 953 1118 Et
994 1055 1087 1118 ait
1130 1050 1341 1118 Moses
1383 1053 1468 1117 ad
1511 1052 1823 1117 Iehovam.
1915 1051 2091 1133 Quia
2136 1070 2488 1133 persuasus

538 1148 681 1202 erat
704 1140 924 1204 Moses
970 1140 1434 1221 obsequentem
1480 1138 1617 1203 fore
1656 1138 1969 1221 populum
2014 1136 2260 1220 excipit
2304 1135 2486 1200 suffi-

539 1247 686 1292 cere
731 1224 1062 1290 decretum
1109 1223 1271 1288 illud
1317 1224 1485 1306 quod
1532 1225 1732 1290 semel
1779 1224 2176 1306 patefactum
2221 1231 2381 1295 crat,
2423 1232 2491 1285 et

538 1312 993 1393 repetitionem
1031 1309 1508 1393 quedammodo
1554 1332 1694 1374 esse
1738 1329 2232 1392 supervacuam.
2315 1306 2486 1372 Nam

539 1396 712 1481 quod
758 1397 1072 1480 populum
1117 1395 1581 1460 transcendere
1608 1417 1796 1479 posse
1842 1405 2059 1478 negat,
2098 1392 2489 1458 tantundem

539 1483 716 1547 valet
761 1505 835 1549 ac
880 1483 938 1547 si
996 1483 1292 1546 omnium
1351 1482 1616 1546 nomine
1660 1502 2041 1564 sponsorem
2087 1501 2158 1545 se
2202 1481 2490 1560 interpo-

538 1580 743 1647 neret,
838 1573 1056 1651 Atque
1116 1568 1238 1633 hoc
1298 1567 1561 1649 quidem
1605 1589 1721 1650 pro
1766 1566 1981 1631 studio
2026 1575 2094 1630 et
2136 1587 2216 1630 ex
2266 1564 2492 1649 regula

539 1655 863 1722 caritatis:
930 1675 1078 1719 eum
1144 1663 1361 1718 tamen
1409 1652 1581 1734 falli,
1636 1652 1790 1718 dum
1852 1653 2014 1718 alios
2072 1651 2348 1716 metitur
2406 1671 2489 1715 ex

542 1763 660 1807 suo
720 1741 976 1818 affectu,
1043 1749 1226 1822 patet
1290 1761 1371 1803 ex
1431 1739 1557 1804 Dei
1624 1759 1958 1823 responso,
2059 1738 2269 1803 Porro
2330 1735 2490 1799 dum

542 1830 687 1893 sine
732 1826 992 1891 fastidio
1046 1835 1263 1907 partes
1308 1826 1433 1890 sibi
1489 1825 1815 1890 iniunctas
1860 1824 2273 1907 exsequitur,
2337 1821 2491 1886 inde

543 1924 833 1997 apparet,
898 1912 1106 1995 pluris
1170 1911 1404 1977 fecisse
1472 1912 1596 1977 Dei
1663 1911 2015 1993 imperium
2077 1930 2270 1992 quam
2339 1930 2378 1972 a
2421 1929 2492 1972 se

543 2007 922 2080 conceptam
986 1996 1390 2080 opinionem:
1459 2009 1656 2081 atque
1714 1998 1808 2061 ita
1863 2017 1982 2061 suo
2040 1994 2341 2077 exemplo
2385 1992 2494 2057 do-

545 2086 710 2151 cuit:
770 2104 1215 2167 quaecumque
1273 2084 1458 2149 nobis
1515 2083 1585 2146 in
1645 2093 1934 2148 mentem
1981 2081 2261 2146 veniunt
2318 2080 2493 2162 cogi-

545 2172 845 2248 tationes,
893 2168 1015 2234 sub
1061 2169 1180 2233 hoc
1223 2169 1453 2253 iugum
1497 2190 1639 2234 esse
1682 2168 2028 2253 cogendas,
2074 2182 2147 2231 ut
2190 2167 2328 2231 sola
2364 2164 2495 2230 Dei

545 2257 862 2321 autoritas
907 2256 1209 2321 emineat.
1271 2253 1465 2335 Quod
1502 2255 1871 2320 sacerdotes
1911 2255 2230 2331 nominat,
2275 2260 2495 2335 posset

544 2342 701 2409 oriri
770 2342 1117 2407 dubitatio:
1185 2341 1337 2423 quia
1403 2340 1694 2406 nondum
1775 2362 2015 2405 munus
2095 2337 2494 2404 sacerdotale

545 2429 804 2495 Levitis
839 2427 1226 2493 mandatum
1272 2436 1432 2491 erat.
1523 2427 1754 2509 Itaque
1799 2425 2063 2509 quidam
2110 2424 2497 2506 intelligunt

547 2535 776 2579 omnes
821 2514 1322 2597 primogenitos:
1379 2513 1530 2595 quia
1585 2522 1851 2577 vetuste
1910 2532 2231 2577 consensu
2277 2530 2494 2591 recep-

548 2611 688 2666 tum
756 2612 856 2665 est
920 2598 1263 2664 sacerdotii
1331 2599 1580 2663 honore
1638 2619 1897 2681 semper
1954 2597 2155 2663 fuisse
2209 2603 2493 2661 ornatos.

548 2687 693 2770 Ego
762 2696 1001 2764 autem,
1068 2685 1366 2767 quamvis
1431 2685 1620 2750 facile
1687 2683 2034 2748 admittam
2099 2704 2181 2748 ex
2251 2682 2495 2765 primo-

594 2772 789 2837 enitis
850 2772 1047 2836 fuisse
1103 2771 1419 2848 delectos,
1483 2792 1614 2835 nen
1669 2779 1890 2835 tamen
1958 2768 2290 2852 probabile
2357 2788 2498 2832 esse

548 2856 786 2935 iudico,
831 2857 899 2921 in
957 2858 1074 2921 illa
1116 2858 1440 2921 immensa
1497 2855 1922 2920 multitudine
1968 2855 2246 2938 singulis
2293 2852 2498 2917 domi-

548 2944 674 3010 bus
743 2945 1035 3028 proprios
1101 2944 1301 3008 fuisse
1367 2941 1754 3008 sacerdotes.
1853 2942 2115 3007 Interea
2179 2940 2500 3005 coniicere

551 3029 734 3110 licet,
796 3051 997 3113 quum
1054 3029 1278 3095 nullae
1324 3038 1482 3094 tunc
1524 3038 1754 3113 gentes
1798 3028 2111 3110 profanae
2155 3026 2500 3092 sacerdoti-

551 3117 674 3181 bus
732 3116 1095 3196 caruerint,
1150 3116 1221 3179 in
1270 3115 1475 3181 electo
1523 3116 1759 3199 populo
1808 3137 1937 3179 non
2002 3115 2221 3179 minus
2269 3113 2501 3178 saltem

549 3202 752 3268 fuisse
789 3202 1054 3268 Ordinis.
1125 3201 1317 3282 Quod
1360 3203 1535 3266 enim
1573 3203 1781 3267 caecis
1819 3201 2106 3266 dictabat
2138 3199 2504 3266 communis

551 3309 802 3365 sensus,
841 3289 1065 3373 purior
1110 3300 1284 3354 certe
1329 3288 1558 3371 religio
1605 3287 1844 3353 certius
1889 3285 2299 3364 monstravit,
2366 3284 2504 3351 cul-

552 3384 694 3439 tum
743 3376 865 3440 Dei
911 3396 951 3438 a
994 3373 1354 3440 sacerdotio
1401 3372 1841 3457 separandum
1889 3394 2021 3437 non
2067 3394 2229 3438 esse.

1065 3661 1201 3729 EX
1246 3662 1445 3728 OAP.
1494 3662 1794 3728 EXODI
1840 3663 1999 3728 XX.

731 3801 831 3866 18.
876 3801 1096 3866 Omnis
1128 3799 1407 3882 populus
1439 3799 1724 3865 videbant
1756 3802 2036 3865 tonitrua
2071 3805 2127 3864 et
2162 3799 2506 3881 lampades,

554 3892 612 3952 et
672 3887 1002 3953 clamorem
1067 3886 1384 3965 buccinae,
1463 3890 1519 3950 et
1582 3889 1845 3951 montem
1907 3886 2283 3967 fumantem,
2349 3885 2511 3950 vidit

553 3975 822 4056 inquam
850 3971 1146 4054 populus,
1197 3977 1254 4036 et
1287 3973 1568 4036 eonimoti
1601 3976 1765 4050 sunt,
1819 3975 2230 4051 steteruntque
2262 3970 2505 4052 procul.

558 4060 657 4125 19.
717 4060 924 4141 Atque
975 4059 1272 4124 dixerunt
1326 4056 1532 4124 Mosi:
1590 4058 1865 4138 Loquere
1922 4063 1991 4122 tu
2046 4056 2394 4137 nobiseum,
2454 4063 2512 4122 et

555 4146 985 4228 obsequemur.-
1039 4149 1094 4208 et
1136 4165 1212 4209 ne
1258 4145 1546 4226 loquatur
1598 4142 1912 4208 uobiscum
1955 4142 2136 4208 Deus
2152 4194 2166 4218 ,
2221 4163 2299 4209 ne
2347 4143 2510 4225 forte

555 4233 924 4296 moriamur.
1012 4230 1115 4296 20.
1176 4229 1522 4311 Respondit
1571 4234 1782 4294 autem
1830 4228 2040 4295 Moses
2087 4230 2358 4309 populo.-
2406 4229 2508 4293 Ne

554 4319 862 4382 timeatis:
918 4317 1074 4397 quia
1127 4321 1197 4380 ut
1251 4320 1511 4381 tentaret
1560 4336 1669 4380 vos
1721 4315 1887 4380 venit
1926 4315 2139 4394 Deus,
2202 4320 2259 4380 et
2313 4320 2383 4379 ut
2424 4317 2511 4381 sit

558 4403 746 4467 timor
788 4404 928 4467 eius
969 4406 1113 4467 aute
1154 4406 1538 4484 conspectum
1595 4406 1895 4480 vestrum,
1955 4406 2027 4465 ut
2067 4421 2190 4465 uon
2223 4402 2505 4482 peccetis.

557 4489 663 4552 21.
715 4486 890 4553 Stetit
931 4488 1132 4571 iyitur
1161 4487 1439 4570 populus
1469 4487 1701 4568 procul
1714 4537 1729 4565 ,
1777 4486 1987 4552 Moses
2029 4491 2235 4552 autem
2278 4507 2506 4569 appro-

546 4574 886 4658 pinquavit
928 4575 1014 4639 ad
1052 4574 1395 4656 ealiqineaen,
1438 4575 1506 4638 in
1549 4594 1675 4655 qua
1719 4578 1852 4638 erat
1891 4574 2086 4640 Deus.

737 4745 836 4810 10.
924 4743 1146 4810 Omnis
1213 4746 1492 4827 populus
1569 4744 1858 4811 videbant
1930 4745 2222 4810 tonitrua.
2334 4743 2509 4825 Quia

561 4832 849 4897 secundo
927 4829 1066 4897 loco
1133 4830 1340 4896 fusius
1404 4830 1819 4915 prosequitur
1887 4831 2105 4896 Moses
2168 4852 2334 4913 quae
2401 4831 2508 4897 hic

561 4927 820 4983 tantum
867 4917 1151 4981 breviter
1193 4916 1487 5000 attingit:
1534 4938 1657 5002 ego
1702 4936 1956 5000 queque
1999 4917 2264 4999 plenam
2306 4938 2507 5000 expo-

561 5004 861 5070 sitionem
907 5024 1192 5085 eousque
1236 5003 1551 5068 differam.
1644 5002 1721 5069 Si
1763 5003 2000 5068 fuisset
2039 5001 2217 5067 solus
2261 5001 2508 5086 gloriae

563 5089 691 5155 Dei
748 5098 1108 5172 spectator,
1168 5089 1378 5154 levior
1435 5088 1662 5154 futura
1716 5099 1859 5153 erat
1909 5088 2265 5153 testimonii
2324 5088 2505 5155 fides.

561 5176 922 5258 Postquam
970 5194 1124 5257 ergo
1171 5174 1390 5240 decem
1451 5175 1654 5241 verba
1708 5174 2041 5253 recitavit,
2110 5195 2277 5258 quae
2321 5177 2507 5241 Deus

563 5260 867 5326 audiente
910 5260 1179 5344 populo,
1227 5262 1366 5344 ipse
1409 5282 1593 5327 sacro
1638 5281 1756 5325 suo
1800 5282 1911 5325 ore
1957 5261 2259 5343 protulit:
2306 5261 2507 5327 simul

566 5346 867 5431 adiungit
911 5345 1124 5429 palam
1170 5347 1431 5413 fulsisse
1468 5347 1832 5430 lampades,
1877 5356 2166 5412 montem
2203 5349 2505 5429 fumasse,

1693 433 2438 502 COMMENTARIUS
2481 433 2583 500 IN
2628 433 2931 500 EXODI
2974 432 3176 499 OAP.
3224 434 3380 502 XX.

4398 432 4517 499 204

2587 623 3001 704 personuisse
3045 623 3365 700 buccinas,
3404 620 3579 687 edita
3614 623 3924 688 tonitrua.
3992 620 4188 689 Unde
4223 622 4517 704 sequitur,

2589 708 2957 789 conspicuis
2997 719 3064 773 et
3113 709 3486 792 insignibus
3538 708 3787 791 gloriae
3829 709 3955 773 Dei
3999 709 4173 772 notis
4216 709 4519 775 sancitam

2589 795 2787 858 fuisse
2855 796 3065 880 legem
3131 794 3306 878 apud
3374 803 3586 859 totum
3654 794 3927 879 vulgus,
3994 816 4033 860 a
4097 793 4384 858 maximo
4446 795 4521 860 ad

2589 880 2932 946 minimum
2994 902 3216 963 usque.
3308 880 3579 946 Accedit
3639 883 3839 946 totius
3897 879 4124 963 populi
4182 879 4519 945 confessio:

2589 964 2700 1031 ubi
2746 976 2996 1031 terrere
3040 967 3411 1050 perculsus,
3469 966 3856 1048 deprecatur
3907 988 3991 1031 ne
4028 965 4213 1031 Deus
4258 967 4524 1049 amplius

2590 1052 2770 1134 loqui
2835 1067 3083 1136 pergat.
3197 1053 3428 1135 Neque
3493 1052 3670 1117 enim
3740 1053 4022 1117 hominis
4104 1071 4325 1116 vocem
4402 1053 4527 1117 iam

2592 1139 2922 1221 despicere
2966 1139 3063 1203 fas
3110 1139 3257 1218 fuit,
3307 1160 3499 1221 quem
3545 1138 3719 1203 ultro
3764 1138 4205 1221 postularunt
4229 1136 4351 1204 sibi
4395 1137 4527 1203 dari

2591 1225 3112 1305 internuncium,
3178 1247 3263 1290 ne
3326 1223 3725 1289 formidabili
3790 1243 3948 1289 voce
4006 1224 4129 1290 Dei
4198 1244 4525 1289 consume·

2593 1321 2842 1377 rentur.
2931 1311 3167 1375 Finem
3216 1311 3652 1387 demonstrat,
3713 1332 3831 1376 cnr
3884 1311 4075 1392 signa
4118 1309 4234 1374 illa
4278 1309 4360 1374 ad
4403 1331 4530 1374 me·

2594 1410 2734 1461 tum
2801 1397 3256 1462 incutiendum
3323 1397 3780 1481 apparuerint,
3852 1417 3977 1478 que
4043 1395 4294 1461 scilicet
4359 1397 4532 1461 Deus

2593 1505 2703 1549 eos
2750 1482 2834 1547 ad
2876 1483 3259 1566 obsequium
3307 1482 3655 1566 subigeret.
3746 1481 3990 1547 Territi
4047 1503 4205 1565 ergo
4257 1483 4532 1559 fuerunt,

2592 1589 2725 1635 non
2774 1578 2847 1632 ut
2891 1569 3152 1633 attoniti
3199 1569 3589 1644 deficerent,
3636 1566 3750 1633 sed
3796 1576 4051 1633 tantum
4098 1578 4171 1632 ut
4214 1567 4532 1632 humiliati

2593 1677 2664 1721 se
2710 1653 2855 1719 Deo
2901 1656 3317 1720 subiicerent.
3408 1656 3628 1737 Atque
3686 1654 3811 1718 hoc
3856 1656 3931 1719 fit
3974 1654 4292 1737 singulari
4343 1654 4531 1736 privi—

2593 1741 2794 1824 legi0,
2844 1750 2917 1804 ut
2962 1742 3086 1805 Dei
3134 1741 3471 1818 maiestas,
3527 1759 3746 1805 ceram
3792 1762 3922 1824 qua
3965 1753 4143 1805 terra
4183 1750 4250 1804 et
4293 1739 4536 1805 coelum

2594 1827 3123 1906 contremiscunt,
3168 1828 3336 1891 filios
3381 1828 3519 1891 eius
3563 1847 3694 1890 non
3742 1826 4091 1905 exanimet,
4137 1824 4254 1891 sed
4288 1836 4537 1890 tantum

2595 1913 2948 1979 examinet.

2596 2200 3100 2269 REOITATIO
3123 2202 3414 2270 HUIUS
3440 2202 3949 2269 HISTORIAE
3982 2201 4113 2268 EX
4153 2203 4423 2270 DEUT.
4462 2201 4538 2267 V.

2768 2340 2853 2404 22
2883 2338 2947 2425 ¹).
3011 2338 3213 2403 Verba
3245 2338 3393 2405 haee
3428 2340 3716 2421 loquutus
3759 2345 3848 2405 est
3870 2339 4100 2405 Iehova
4141 2340 4228 2405 ad
4269 2345 4544 2406 cunctam

2597 2426 3121 2510 conqreyationem
3159 2431 3429 2491 vestram
3470 2428 3541 2491 iu
3582 2432 3782 2491 monte
3824 2448 3856 2492 e
3897 2426 4096 2491 medio
4132 2428 4321 2509 iquis,
4367 2427 4546 2491 nubis

2599 2518 2657 2578 et
2699 2512 3024 2595 ealiqinis,
3083 2531 3221 2576 voce
3260 2532 3524 2595 mayna,
3584 2517 3641 2577 et
3682 2533 3806 2577 uon
3848 2512 4124 2577 addidit:
4176 2514 4546 2594 scripsitque

2599 2598 2718 2664 illa
2770 2600 2839 2663 in
2895 2596 3145 2662 duabus
3198 2598 3429 2663 tabulis
3491 2597 3795 2680 lapideis,
3862 2603 3918 2662 et
3968 2597 4135 2663 dedit
4189 2598 4308 2665 illa
4372 2598 4542 2664 mihi.

2601 2685 2705 2750 23.
2773 2682 2935 2749 Fuit
2999 2687 3205 2748 autem
3267 2704 3459 2765 quum
3520 2684 3923 2749 audivissetis
3985 2703 4189 2748 vocem
4250 2706 4285 2750 e
4351 2684 4546 2750 medio

2601 2770 2991 2837 tenebrarum
3008 2820 3022 2847 ,
3081 2766 3282 2853 (mous
3338 2770 3505 2835 enim
3555 2770 3808 2835 ardebat
3862 2768 4027 2855 ique)
4072 2771 4425 2836 accessistis
4466 2771 4546 2836 ad

2601 2877 2698 2921 me
2740 2876 2946 2920 omnes
2986 2856 3172 2920 duces
3217 2855 3495 2919 tribuum
3535 2861 3904 2933 vestrarum,
3948 2860 4004 2920 et
4035 2857 4311 2922 seniores
4343 2856 4543 2921 vestri.

2605 2943 2706 3008 24.
2752 2941 2839 3006 Et
2882 2942 3171 3007 dixistis.-
3214 2940 3321 3006 Eu
3363 2942 3620 3005 ostendit
3662 2941 3837 3007 uobis
3859 2940 4090 3007 Iehova
4121 2941 4308 3007 Deus
4353 2948 4548 3008 noster

2601 3029 2871 3115 yloriam
2913 3046 3130 3106 suam,
3192 3031 3248 3092 et
3297 3028 3790 3110 maynitudinem
3832 3048 4036 3106 suam,
4078 3031 4134 3093 et
4175 3048 4380 3094 vocem
4422 3029 4550 3094 eius

2606 3115 2971 3181 audivimus
3005 3133 3037 3177 e
3071 3114 3270 3179 medio
3307 3114 3505 3196 iynis:
3547 3114 3725 3178 hodie
3759 3115 4036 3179 vidimus
4068 3116 4231 3195 quod
4266 3114 4552 3197 loquutus

2609 3206 2698 3266 est
2753 3200 2931 3265 Deus
2987 3220 3127 3264 eum
3189 3199 3465 3280 homine,
3531 3204 3586 3265 et
3645 3200 3827 3266 vixit.
3932 3199 4036 3265 25.
4107 3199 4298 3266 Nune
4362 3203 4552 3284 iqitur

2608 3307 2802 3369 quare
2856 3286 3226 3352 moriemur.-
3290 3291 3599 3366 consumet
3659 3288 3825 3350 enim
3881 3307 3994 3352 nos
4058 3287 4227 3370 iquis
4292 3304 4552 3370 mayms

2610 3376 2762 3438 iste:
2796 3373 2857 3436 si
2884 3373 3110 3436 iterum
3143 3371 3535 3437 audierimus
3557 3392 3756 3436 vocem
3779 3372 3908 3437 Dei
3941 3374 4158 3450 nostri,
4195 3374 4548 3437 moriemur.

2609 3459 2712 3524 26.
2766 3457 2937 3522 Nam
2979 3478 3138 3539 quae
3192 3457 3326 3522 ulla
3377 3457 3507 3540 fuit
3562 3478 3733 3536 carc,
3795 3463 3864 3524 ut
3920 3459 4142 3523 audiat
4180 3478 4388 3524 vocem
4430 3457 4553 3524 Dei

2606 3544 2898 3621 viventis,
2942 3542 3245 3625 loquentis
3285 3564 3317 3607 e
3359 3544 3563 3610 medio
3602 3544 3803 3627 iquis,
3846 3545 4010 3609 sieut
4050 3562 4196 3620 nos,
4240 3549 4302 3608 et
4338 3542 4552 3609 vivat?

2610 3630 2712 3695 27.
2772 3629 3009 3694 Accede
3067 3633 3164 3707 tu,
3222 3633 3278 3693 et
3334 3630 3491 3694 audi
3548 3631 3761 3694 omnia
3814 3649 3974 3710 quae
4031 3630 4269 3694 dixerit
4328 3630 4552 3694 Ieliova

2608 3716 2791 3782 Deus
2844 3720 3077 3780 noster.-
3133 3720 3201 3778 tu
3255 3719 3465 3779 autem
3517 3714 3792 3797 loqueris
3843 3716 3929 3781 ad
3986 3736 4097 3781 uos
4162 3735 4554 3798 quaeeunque

2608 3802 2840 3867 dixerit
2898 3799 3128 3865 Iehova
3183 3800 3366 3866 Deus
3418 3806 3623 3867 noster
3679 3801 3824 3878 tibi,
3882 3807 3939 3866 et
3990 3802 4325 3867 audiemus
4380 3806 4552 3883 atque

2604 3887 2928 3971 faciemus.
3040 3885 3142 3950 28.
3206 3883 3593 3968 Audivitque
3658 3886 3891 3952 Iehova
3952 3907 4151 3952 vocem
4231 3888 4552 3952 verborum

2607 3978 2953 4038 vestrorum
2995 3992 3186 4053 quum
3227 3972 3633 4055 loqueremini
3677 3974 3762 4038 ad
3803 3994 3916 4038 me.
3997 3972 4087 4037 Et
4127 3973 4295 4038 dixit
4330 3973 4553 4038 Iehova

2606 4058 2796 4124 mihi.-
2870 4057 3122 4122 Audivi
3196 4078 3400 4125 vocem
3475 4058 3797 4124 verborum
3851 4058 4079 4141 populi
4140 4058 4335 4125 huius
4399 4077 4552 4142 quae

2607 4145 2903 4210 dixerunt
2944 4143 3057 4208 tibi
3073 4169 3092 4208 .·
3153 4143 3297 4209 bene
3339 4146 3637 4209 dixerunt
3679 4164 4074 4226 quaeeunque
4117 4144 4357 4227 loquuti
4394 4147 4549 4210 suut.

2609 4231 2712 4296 29.
2766 4230 2924 4311 Quis
2966 4230 3066 4295 det
3100 4235 3172 4294 ut
3213 4231 3299 4296 sit
3339 4250 3442 4295 eor
3483 4251 3696 4295 eorum
3739 4232 3912 4296 istud
3970 4231 4132 4306 illis,
4188 4235 4257 4294 ut
4301 4232 4554 4297 timeant

2608 4337 2723 4393 me,
2761 4320 2819 4379 et
2850 4316 3198 4380 mastodiaut
3231 4317 3442 4381 omnia
3467 4321 3801 4398 praecepta
3834 4337 3971 4382 mea
4005 4317 4293 4381 omnibus
4327 4316 4553 4394 diebuS,

2607 4408 2680 4466 ut
2712 4402 2857 4467 bene
2889 4402 2973 4466 sit
3004 4400 3139 4466 illis
3171 4407 3228 4466 et
3256 4401 3418 4482 filiis
3450 4423 3664 4467 eorum
3685 4404 3755 4468 in
3776 4402 4137 4468 saeculum?
4207 4403 4313 4468 30.
4368 4402 4550 4476 Vade,

2609 4488 2712 4553 dic
2754 4488 2876 4551 eis:
2938 4487 3348 4552 Revertimini
3402 4488 3474 4552 in
3527 4489 3925 4554 tabernacula
3981 4494 4205 4554 vestra.
4294 4490 4398 4554 31.
4458 4483 4552 4552 Tu

2608 4593 2749 4638 vero
2791 4572 2893 4638 hie
2933 4577 3034 4638 sta
3077 4574 3253 4655 apud
3293 4595 3390 4638 me
3404 4624 3420 4654 ,
3473 4579 3530 4638 et
3574 4575 3903 4656 proferam
3957 4573 4073 4640 tibi
4115 4577 4331 4640 omnia
4364 4593 4552 4656 prae·

2608 4664 2780 4742 cepta
2822 4665 2878 4724 et
2909 4664 3143 4726 statuta
3176 4665 3234 4725 et
3266 4661 3515 4726 iudicia
3548 4680 3709 4742 quae
3742 4662 3888 4726 illos
3919 4660 4180 4741 docebis,
4214 4666 4285 4726 ut
4318 4661 4555 4744 faciant

2609 4748 2679 4811 in
2720 4751 2889 4810 terra
2931 4766 3121 4828 quam
3164 4766 3270 4831 eqo
3309 4747 3388 4812 do
3430 4745 3567 4811 illis
3600 4747 4067 4829 possidendam.

2780 4918 2883 4982 22.
2946 4917 3148 4983 Verba
3189 4916 3338 4982 haee
3379 4918 3685 4998 loquutus.
3773 4917 3876 4982 Ne
3914 4917 4219 5001 ambigua
4262 4918 4353 4983 sit
4393 4917 4556 5000 legis

2609 5005 2957 5084 autoritas,
3007 5015 3126 5067 aut
3164 5002 3614 5085 vilipendatur
3657 5025 3697 5068 a
3740 5004 3996 5086 populo,
4043 5002 4293 5070 reducit
4336 5003 4553 5068 Moses

2607 5089 2680 5153 in
2747 5089 3125 5154 memoriam
3197 5091 3390 5154 certis
3455 5089 3662 5173 signis
3726 5092 4146 5173 conspicuam
4202 5089 4405 5154 fuisse
4461 5088 4551 5152 lo·

2608 5175 2868 5258 quentis
2900 5173 3027 5240 Dei
3065 5176 3520 5258 praesentiam.
3609 5175 3762 5242 Huc
3806 5178 3982 5241 enim
4023 5185 4323 5258 spectant
4364 5174 4548 5259 ignia,

2786 5362 2845 5432 1)
2880 5361 2956 5417 Iu
2990 5363 3243 5418 hebraico
3279 5378 3329 5417 v.
3366 5361 3586 5417 19-28,
