4867 6150
933 653 1065 720 EX
1109 652 1462 722 NUMER.
1509 654 1593 720 V.

458 826 560 893 11.
629 825 958 909 Loquutus
1020 831 1110 893 est
1168 825 1404 892 Iehova
1467 827 1555 892 ad
1622 826 1872 909 Mosen,
1953 830 2239 896 dicendo:

285 915 388 981 12.
435 913 771 994 Alloquere
809 913 984 995 filios
1027 912 1271 991 Israel,
1333 917 1390 978 et
1428 914 1608 980 dicas
1643 913 1810 985 illis.-
1902 915 2108 998 Quum
2148 915 2243 981 di-

280 1000 530 1068 verterit
568 1019 733 1065 uxor
773 1000 1130 1082 cuiuspiam
1147 1045 1163 1076 ,
1218 1004 1277 1063 et
1316 1001 1768 1080 praevaricata
1823 1000 2023 1083 fuerit
2053 1021 2245 1083 prae-

278 1086 691 1154 varicatione:
783 1084 884 1151 13.
943 1084 1033 1151 Et
1086 1085 1303 1151 coierit
1354 1085 1599 1169 aliquis
1647 1107 1790 1152 cum
1832 1108 1905 1154 ea
1949 1089 2112 1153 coitu
2152 1107 2244 1153 se÷

279 1173 480 1240 minis
494 1223 509 1249 ,
570 1171 996 1239 absconditum
1056 1176 1261 1237 autem
1312 1170 1511 1253 fuerit
1563 1173 1644 1239 ab
1699 1172 1897 1240 oculis
1947 1175 2082 1239 viri
2138 1174 2243 1240 sui

279 1265 341 1326 et
392 1257 738 1337 delituerit,
800 1259 1066 1341 ipsaque
1111 1257 1361 1339 polluta
1413 1257 1634 1340 fuerit.-
1688 1260 1863 1327 testis
1923 1280 2066 1325 vero
2119 1279 2244 1325 non

280 1345 481 1430 fuerit
500 1348 712 1410 contra
741 1364 898 1421 eam,
942 1363 1134 1425 neque
1155 1344 1300 1425 ipsa
1334 1344 1533 1423 fuerit
1563 1345 1966 1430 deprebensa,
2016 1345 2117 1412 14.
2155 1344 2245 1411 Et

280 1432 612 1499 transierit
673 1450 869 1513 super
930 1450 1072 1495 eum
1126 1431 1395 1511 spiritus
1448 1430 1787 1515 zelotypiae
1803 1482 1820 1511 ,
1883 1433 2244 1513 zelatusque

280 1518 476 1603 fuerit
518 1535 777 1582 uxorem
818 1536 1020 1596 suam,
1059 1520 1116 1581 et
1155 1518 1303 1597 ipsa
1334 1516 1585 1599 polluta
1623 1519 1851 1600 fuerit.-
1891 1518 1990 1584 vel
2029 1525 2240 1584 trans-

281 1605 429 1670 ierit
470 1622 661 1683 super
703 1622 845 1668 eum
887 1603 1160 1686 spiritus
1199 1601 1570 1685 zelotypiae,
1629 1604 1986 1688 zelatusque
2046 1604 2246 1687 fuerit

283 1711 538 1756 uxorem
580 1708 800 1769 suam,
860 1695 916 1753 et
955 1689 1105 1771 ipsa
1148 1707 1271 1754 non
1310 1689 1512 1771 fuerit
1543 1690 1819 1770 polluta:
1913 1689 2014 1757 15.
2066 1690 2246 1756 Time

284 1776 547 1843 adducet
600 1775 704 1840 vir
756 1794 1013 1840 uxorem
1066 1794 1250 1840 suam
1306 1777 1394 1842 ad
1448 1777 1824 1842 sacerdotem
1838 1825 1853 1855 ‚
1919 1782 1976 1843 et
2032 1778 2247 1859 afferet

283 1863 650 1929 oblationem
711 1862 850 1926 eius
912 1881 1054 1927 cum
1115 1861 1238 1926 illa
1262 1911 1277 1941 ,
1357 1881 1575 1943 nempe
1635 1864 1938 1928 decimam
1992 1867 2245 1944 partem

283 1948 443 2032 epha
482 1947 742 2031 farinae
783 1945 1180 2013 hordeaceae.-
1221 1966 1351 2012 non
1367 1947 1591 2029 ficndet
1621 1968 1816 2030 super
1849 1970 1985 2015 eam
2017 1949 2243 2028 oleum,

284 2054 482 2117 neque
513 2039 706 2114 ponet
739 2053 931 2114 super
963 2054 1101 2099 eam
1134 2032 1294 2110 thus,
1340 2035 1495 2114 quia
1531 2033 1756 2102 oblatio
1794 2036 2247 2119 zelotypiarum

285 2127 405 2201 est,
467 2118 692 2185 oblatio
741 2119 1081 2185 memoriae
1129 2139 1426 2186 revocans
1467 2120 1536 2184 in
1578 2122 1952 2188 memoriam
2005 2122 2245 2204 iniqm-

282 2211 487 2272 tatem
595 2205 697 2269 16.
765 2204 855 2269 Et
916 2207 1430 2287 affropinqmre
1489 2206 1679 2286 faciet
1742 2228 1882 2273 eam
1938 2208 2246 2288 sacerdos,

281 2296 625 2374 statuetque
668 2310 807 2356 eam
848 2311 1059 2357 coram
1103 2290 1353 2357 Ieliova.
1447 2292 1546 2358 17.
1598 2292 1905 2375 Tolletque
1959 2295 2250 2361 sacerdos

284 2398 518 2460 aquam
573 2383 854 2443 sanctam
909 2378 979 2441 in
1033 2397 1184 2442 vase
1238 2382 1493 2444 testaceo
1507 2429 1522 2458 ,
1583 2379 1661 2445 de
1690 2380 1953 2461 pulvere
2009 2400 2248 2462 quoque

283 2466 398 2548 qui
456 2463 655 2546 fuerit
697 2464 770 2528 in
802 2464 1167 2544 pavimento
1210 2464 1600 2530 tabernaculi
1637 2466 1801 2531 tollet
1840 2466 2150 2545 sacerdos,
2194 2471 2252 2531 et

283 2553 482 2618 mittet
532 2550 602 2614 in
665 2570 901 2631 aquam
965 2549 1163 2615 illam.
1276 2549 1376 2617 18.
1451 2550 1615 2617 Tum
1678 2556 1904 2618 statuet
1958 2552 2248 2618 sacerdos

283 2637 613 2704 mulierem
668 2655 877 2701 coram
932 2634 1159 2701 Iebova
1173 2684 1189 2715 ,
1255 2641 1312 2703 et
1369 2636 1773 2720 discooperiet
1828 2643 2017 2720 caput
2065 2639 2246 2704 illius

282 2723 574 2789 mulieris
590 2773 605 2801 ,
646 2726 955 2802 ponetque
1014 2742 1205 2803 super
1259 2743 1490 2789 manus
1531 2725 1671 2789 eius
1712 2723 2073 2790 obkztionem
2115 2745 2242 2789 me-

284 2810 539 2886 moriae,
585 2828 747 2890 quae
787 2807 1015 2873 oblatio
1069 2808 1528 2893 zelotypiarum
1582 2814 1705 2875 est.-
1749 2816 1806 2875 et
1857 2809 1930 2875 in
1983 2830 2246 2877 manum

282 2895 627 2961 sacerdotis
679 2898 860 2958 erunt
912 2914 1114 2976 aquae
1178 2915 1441 2962 amarae
1501 2896 1881 2962 maledictae.
1987 2897 2086 2963 19.
2157 2895 2248 2961 Et

285 2981 609 3047 adiurabit
652 3000 790 3046 eam
846 2980 1137 3047 sacerdos
1153 3031 1168 3058 ,
1228 2980 1507 3063 dicetque
1548 2982 1680 3047 illi:
1748 2982 1825 3046 Si
1867 3003 1989 3048 non
2031 2983 2248 3050 coierit

285 3067 614 3152 quispiam
654 3071 849 3135 tecum
864 3118 879 3146 ,
941 3071 997 3132 et
1035 3068 1097 3131 si
1138 3087 1261 3133 non
1305 3067 1714 3135 declinaveris
1777 3069 1865 3134 ad
1905 3068 2248 3136 immundi-

285 3155 444 3219 tiam
486 3152 601 3218 sub
643 3155 781 3220 viro
822 3157 957 3233 tuo,
1016 3154 1254 3219 munda
1295 3159 1421 3220 esto
1464 3154 1543 3220 ab
1587 3156 1777 3237 aquis
1817 3157 1960 3221 istis
2002 3157 2249 3222 amaris

283 3239 661 3305 maledictis.-
746 3239 850 3305 20.
900 3239 978 3304 Si
1017 3260 1159 3305 vero
1200 3240 1612 3307 declinaveris
1652 3241 1767 3308 sub
1807 3243 1946 3309 viro
1986 3247 2125 3323 tuo,
2191 3247 2250 3308 et

274 3325 530 3407 polluta
564 3326 768 3408 fueris
784 3376 801 3404 ,
852 3326 1209 3408 dederitque
1264 3327 1507 3409 aliquis
1565 3329 1634 3392 in
1691 3334 1748 3392 te
1789 3348 2000 3395 semen
2056 3349 2247 3395 suum

280 3416 535 3495 praeter
576 3412 787 3477 vivum
828 3416 1024 3477 tuum.
1114 3412 1216 3478 21.
1263 3409 1657 3499 (Adina-abit,
1698 3416 1979 3498 inquam,
2023 3415 2247 3481 mulie-

284 3519 421 3563 rem
462 3497 647 3563 illam
687 3499 976 3564 sacerdos
1017 3499 1416 3565 adiuratione
1453 3502 1931 3580 maledictionis,
1992 3506 2048 3567 et
2089 3502 2251 3567 dicet

284 3582 603 3670 mulieri).·
655 3583 784 3648 Det
833 3589 889 3649 te
934 3583 1170 3650 Iehova
1227 3587 1298 3650 in
1344 3586 1834 3653 maledictionem
1887 3593 1944 3653 et
1986 3587 2250 3654 adiura-

283 3671 514 3735 tionem
581 3672 646 3734 in
708 3670 908 3736 medio
960 3671 1184 3753 populi
1247 3672 1374 3748 tui,
1455 3693 1648 3754 quum
1714 3674 1951 3740 dederit
2016 3673 2248 3740 Iehova

243 3831 250 3840 ,
283 3756 497 3838 femur
549 3760 732 3822 tuum
811 3757 1038 3823 cadens
1051 3807 1066 3837 ,
1131 3762 1189 3823 et
1249 3762 1497 3823 uterum
1562 3764 1741 3824 tuum
1801 3765 2244 3826 tumescentem

288 3841 394 3908 22.
456 3840 1025 3926 Inqredianturque
1083 3862 1287 3925 aquae
1342 3844 1703 3911 maledictae
1756 3847 1914 3912 istae
1970 3849 2042 3912 in
2092 3848 2246 3911 inte-

286 3930 468 3993 riora
508 3933 640 4012 tua,
682 3933 754 3993 ut
795 3934 1125 3994 tumescere
1161 3930 1409 4012 faciant
1451 3935 1732 4010 uterum,
1789 3939 1846 3998 et
1887 3933 2109 3999 cadere
2146 3932 2246 4015 fa-

288 4014 462 4079 ciant
521 4015 743 4096 femur.
856 4014 946 4080 Et
1006 4015 1169 4081 dicet
1227 4017 1460 4082 mulier
1519 4017 1668 4084 illa.-
1747 4020 1975 4098 Amen,
2042 4039 2243 4085 amen.

289 4098 395 4165 23.
443 4099 534 4164 Et
587 4101 810 4166 scribet
862 4101 1328 4168 maledictiones
1380 4104 1542 4169 istas
1592 4106 1885 4172 sacerdos
1940 4105 2011 4169 in
2064 4104 2245 4184 libro,

289 4191 347 4251 et
399 4185 618 4251 delebit
660 4191 881 4267 postea
938 4187 1093 4253 illas
1143 4207 1282 4252 cum
1337 4191 1525 4271 aquis
1564 4192 1843 4256 amaris.-
1928 4189 2033 4255 24.
2083 4191 2247 4256 Tum

289 4273 377 4339 ad
406 4272 757 4354 potandum
797 4273 972 4340 dabit
1010 4272 1264 4338 mulieri
1316 4296 1521 4357 aquas
1562 4297 1823 4342 amaras
1861 4277 2244 4357 maledictas,

289 4362 347 4423 et
393 4358 821 4443 inqredientur
875 4362 948 4425 in
1004 4380 1144 4426 eam
1186 4381 1388 4442 aquae
1428 4362 1796 4428 maledictae
1849 4363 1922 4428 in
1962 4383 2243 4428 amaras.

288 4444 398 4511 25.
449 4444 675 4511 Postea
716 4447 919 4529 capiet
956 4446 1243 4513 sacerdos
1275 4468 1306 4511 e
1338 4468 1535 4514 manu
1555 4449 1845 4514 mulieris
1885 4449 2247 4515 oblationem

285 4533 754 4615 zelotypia-rum,
797 4539 853 4598 et
893 4532 1153 4599 elevabit
1176 4533 1358 4600 illam
1397 4554 1606 4600 coram
1630 4534 1881 4616 Iehova,
1926 4536 2250 4618 offeretque

290 4640 433 4688 eam
474 4639 666 4702 super
707 4620 923 4686 altare.
992 4619 1096 4685 26.
1148 4620 1344 4686 Tollet
1381 4621 1571 4686 etiam
1611 4620 1898 4686 sacerdos
1930 4621 2247 4705 puqillum

277 4706 537 4790 plenum
579 4707 658 4772 de
701 4705 999 4772 oblatione
1037 4708 1405 4771 memoriam
1447 4708 1604 4785 eius,
1662 4706 2043 4788 adolebitque
2085 4708 2248 4773 alud

289 4813 483 4876 super
546 4791 764 4871 altare,
832 4797 889 4857 et
945 4797 1157 4873 postea
1223 4792 1309 4857 ad
1361 4793 1712 4873 potandum
1775 4791 1952 4857 dabit
1992 4794 2247 4858 mulieri

289 4898 525 4960 aquas.-
612 4877 713 4942 27.
773 4878 883 4943 Ad
926 4878 1306 4958 potandum,
1364 4880 1646 4960 inquam,
1703 4879 1878 4944 dabit
1930 4879 1990 4942 ei
2043 4899 2247 4960 aquas

287 4966 475 5033 illas:
517 4970 573 5029 et
616 4965 752 5042 erit,
794 4965 855 5029 si
887 4963 1135 5046 polluta
1172 4965 1369 5046 fuerit
1386 5013 1401 5042 ‚
1452 4965 2017 5049 praevaricataque
2053 4965 2249 5045 fuerit

280 5051 826 5135 praevaricatione
868 5051 938 5115 in
980 5051 1191 5115 virum
1234 5072 1425 5117 suum
1439 5101 1456 5132 ,
1509 5057 1652 5117 tunc
1708 5052 2131 5134 inqredientur
2172 5051 2246 5115 in

287 5138 471 5204 illam
513 5156 715 5218 aquae
756 5136 1119 5202 maledictae
1167 5158 1386 5204 versae
1441 5138 1512 5202 in
1569 5138 2092 5217 amaritudinem,
2148 5136 2247 5201 in-

288 5229 697 5306 tumescetque
751 5229 969 5290 uterus
1023 5223 1187 5298 eius,
1234 5228 1291 5289 et
1328 5225 1499 5289 cadet
1536 5224 1747 5306 femur
1788 5224 1959 5290 eius.-
2014 5228 2068 5288 et
2124 5224 2247 5288 erit

288 5311 524 5376 mulier
583 5311 705 5378 illa
769 5313 840 5375 in
905 5309 1394 5375 maledictionem
1457 5311 1531 5374 in
1588 5311 1791 5377 medio
1837 5310 2065 5393 populi
2119 5310 2240 5375 sui.

291 5397 397 5464 28.
466 5397 642 5479 Quod
696 5398 758 5462 si
813 5417 932 5462 non
986 5397 1183 5478 fuerit
1228 5395 1470 5479 polluta
1526 5396 1754 5463 mulier
1768 5448 1784 5476 ‚
1842 5397 1951 5463 sed
2004 5396 2244 5462 munda

1720 467 2207 536 SEPTIMUM
2252 466 2903 536 PRAEOEPTUM.

4175 468 4305 535 654

2339 653 2556 737 fuerit,
2598 656 2839 723 munda
2879 659 3018 737 erit,
3083 657 3610 739 seminabiturque
3641 657 3889 724 semine.
3978 657 4081 723 29.
4130 656 4311 724 Haec

2344 744 2433 805 est
2474 740 2576 807 les:
2617 739 3086 827 zelotypiarum,
3131 763 3326 826 quum
3367 744 3689 810 diverterit
3739 744 3967 810 mulier
4006 742 4123 809 sub
4164 745 4309 811 viro

2341 846 2489 907 suo,
2554 832 2614 892 et
2662 828 2914 909 polluta
2974 830 3202 913 fuerit:
3307 829 3408 894 30.
3475 831 3613 895 Aut
3672 831 3803 895 viri
3865 850 4060 911 super
4121 849 4305 911 quem

2343 913 2677 979 transierit
2713 915 2986 997 spiritus
3024 914 3376 999 zelotypiae,
3439 920 3496 981 et
3533 915 3773 981 zelatus
3811 916 4006 998 fuerit
4046 935 4307 981 uxorem

2343 1018 2548 1078 suam
2592 1002 2998 1084 statueritque
3037 1001 3361 1068 mulierem
3401 1021 3609 1068 coram
3655 1001 3919 1082 Iehova,
3976 1020 4050 1067 ac
4087 1001 4308 1083 fecerit

2345 1086 2405 1149 ei
2446 1086 2741 1152 sacerdos
2781 1088 3117 1153 secundum
3160 1107 3397 1155 omnem
3437 1088 3627 1171 leqem
3669 1087 3844 1153 hanc.
3932 1086 4036 1152 31.
4083 1085 4176 1152 Et
4205 1091 4305 1152 in-

2343 1190 2566 1237 nocens
2598 1172 2720 1237 erit
2749 1173 2852 1237 vir
2892 1173 2999 1241 ille
3040 1173 3120 1239 ab
3162 1175 3507 1256 iniquitate,
3547 1173 3776 1239 mulier
3814 1194 3957 1240 vero
3999 1173 4117 1238 illa
4146 1192 4302 1255 por-

2343 1257 2502 1325 tabit
2541 1258 2933 1340 iniquitatem
2974 1280 3178 1326 suam.

2524 1430 2623 1496 11.
2668 1429 3001 1513 Loquutus
3040 1434 3130 1498 est
3170 1428 3402 1496 Iehova
3446 1431 3533 1497 ad
3577 1429 3815 1496 Mosen.
3906 1430 4303 1515 Quanquam

2346 1515 2612 1581 videtur
2673 1516 3082 1583 caeremonia
3136 1515 3301 1583 haec
3356 1537 3511 1601 pars
3569 1538 3714 1583 esse
3771 1518 3990 1583 cultus
4033 1516 4303 1601 legalis:

2347 1602 2502 1686 quia
2544 1610 2766 1668 tamen
2811 1602 2895 1668 ad
2938 1601 3467 1669 observationem
3513 1603 3775 1686 septimi
3821 1603 4121 1669 mandati
4156 1625 4303 1686 per-

2346 1691 2535 1766 tinet,
2579 1688 2649 1753 in
2696 1688 2873 1756 hunc
2915 1688 3129 1755 locum
3176 1688 3442 1754 differre
3486 1689 3701 1755 visum
3746 1698 3866 1755 est.
3952 1689 4142 1754 Finis
4187 1698 4306 1772 est,

2348 1795 2431 1839 ne
2475 1774 2888 1857 impunitatis
2933 1775 3171 1841 fiducia
3215 1775 3522 1840 mulieres
3566 1797 3637 1841 se
3702 1774 3787 1839 ad
3829 1774 4306 1859 impudicitiam

2346 1861 2776 1945 prostituant,
2834 1861 2939 1927 vel
2997 1882 3081 1927 ne
3120 1858 3443 1945 zelotypia
3486 1860 3829 1927 dissidium
3876 1874 4178 1945 generet,
4240 1871 4307 1926 et
4437 1913 4440 1917 .

2346 1949 2640 2013 animum
2686 1948 2910 2013 mariti
2954 1945 3300 2012 alienando
3343 1948 3438 2012 ab*
3471 1969 3693 2027 uxore,
3752 1948 4095 2013 vinculum
4142 1948 4309 2013 casti

2348 2034 2592 2099 amoris
2635 2033 2876 2101 solvat:
2937 2036 3090 2116 quia
3146 2033 3273 2099 hoc
3333 2030 3524 2098 modo
3581 2035 3782 2099 ianua
3840 2034 4069 2099 multis
4113 2035 4313 2100 scele-

2347 2118 2534 2185 ribus
2578 2121 2962 2203 aperiretur.
3053 2120 3262 2185 Porro
3305 2119 3430 2185 hoc
3478 2121 3614 2184 ritu
3658 2128 3936 2185 testatus
3979 2130 4080 2184 est
4124 2120 4312 2193 Deus

2349 2226 2420 2271 se
2449 2205 2604 2271 fidei
2641 2205 3002 2290 coniugalis
3024 2204 3387 2289 praesidem
3428 2226 3571 2271 esse
3607 2226 3682 2270 ac
3717 2207 4067 2271 vindicem.
4113 2205 4309 2272 Unde

2349 2304 2620 2374 apparet
2664 2313 2860 2375 quam
2905 2292 3059 2358 boni
3091 2291 3311 2357 odoris
3352 2292 3744 2357 sacrificium
3781 2291 3869 2357 sit
3903 2312 4121 2357 coram
4167 2294 4314 2374 ipso

2348 2378 2704 2443 mulierum
2765 2386 3123 2462 nuptarum
3186 2378 3490 2443 castitas:
3557 2377 3667 2444 cui
3727 2376 4040 2461 dignatur
4092 2389 4309 2443 custo-

2350 2464 2499 2529 dem
2533 2486 2605 2530 se
2647 2465 2964 2547 profiteri.
3053 2462 3246 2531 Unde
3305 2484 3438 2529 non
3493 2462 3640 2530 leve
3683 2463 3939 2528 maritis
3984 2462 4311 2543 solatium,

2350 2550 2465 2615 ubi
2507 2548 2694 2616 Deus
2738 2550 3029 2617 occultae
3075 2548 3326 2615 fraudis
3385 2550 3825 2634 cognitionem
3887 2548 4195 2631 suscipit,
4253 2550 4313 2615 si

2348 2637 2521 2702 forte
2578 2657 2817 2702 uxores
2873 2636 3121 2720 perfide
3175 2656 3246 2701 se
3301 2637 3647 2720 gesserint.
3737 2633 3990 2700 Verum
4050 2635 4315 2719 singula

2348 2722 2581 2788 ordine
2647 2731 2927 2788 tractare
2994 2721 3314 2804 expediet.
3428 2720 3651 2801 Quum
3716 2721 3910 2785 initio
3975 2720 4165 2788 dicit:
4235 2719 4315 2789 Si

2348 2810 2592 2875 mulier
2643 2806 2841 2874 fidem
2901 2808 3272 2889 violaverit,
3335 2815 3404 2872 et
3445 2809 3695 2874 crimen
3761 2807 3985 2887 lateat,
4049 2808 4317 2873 videtur

2348 2894 2669 2978 implicita
2704 2915 2846 2961 esse
2881 2893 3288 2961 absurditas:
3334 2912 3409 2959 ac
3445 2895 3503 2957 si
3541 2893 3663 2959 hoc
3705 2893 3898 2958 modo
3941 2892 4161 2959 nullas
4198 2914 4313 2959 vo-

2352 2991 2531 3049 earet
2573 2982 2646 3045 in
2684 2981 2994 3047 iudicium
3043 2980 3173 3045 nisi
3217 2980 3583 3045 convictas:
3643 2979 3826 3062 atqui
3864 3000 3936 3044 re
3980 2988 4315 3063 comperta

2353 3088 2834 3151 supervacuum
2879 3075 3053 3132 esset
3095 3088 3394 3132 examen.
3487 3064 3741 3131 Verum
3788 3064 3952 3131 haec
3996 3064 4310 3132 conditio:

2352 3154 2428 3221 Si
2474 3165 2887 3238 transgressa
2945 3152 3164 3233 fuerit,
3233 3174 3368 3218 non
3434 3152 3763 3236 significat
3825 3151 4171 3218 mulierem
4237 3152 4310 3217 in

2352 3240 2677 3307 adulterio
2726 3240 2928 3306 fuisse
2988 3236 3465 3323 deprehensam
3485 3288 3501 3319 ,
3560 3236 3676 3303 sed
3718 3238 4001 3303 refertur
4042 3237 4127 3302 ad
4171 3239 4309 3321 opi-

2352 3328 2617 3393 nionem
2683 3325 2937 3391 mariti:
3002 3325 3291 3409 ideoque*
3345 3324 3438 3391 sic
3504 3324 3743 3391 resolvi
3789 3322 4032 3389 debent
4073 3326 4311 3390 verba:

2352 3413 2429 3480 Si
2477 3413 2621 3496 quis
2664 3411 3003 3478 existimet
3055 3431 3330 3477 uxorem
3375 3431 3561 3476 suam
3607 3410 3842 3477 coiisse
3885 3431 4033 3476 cum
4072 3410 4308 3488 alieno,

2349 3519 2473 3565 nec
2516 3498 2712 3565 aliter
2767 3498 2978 3582 possit
3020 3497 3228 3565 levari
3270 3497 3351 3563 ab
3394 3496 3731 3563 anxietate
3774 3517 3900 3580 qua
3948 3505 4309 3580 torquetur,

2347 3585 2663 3652 iudicium
2730 3584 2905 3668 quod
2968 3582 3348 3649 hominibus
3405 3582 3701 3648 ablatum
3759 3590 3880 3661 est,
3948 3581 4032 3646 ad
4088 3582 4309 3648 Deum

2346 3672 2566 3755 ipsum
2612 3671 2879 3737 deferat.
2972 3668 3260 3735 Videtur
3314 3677 3535 3734 tamen
3594 3668 3894 3733 consulto
3938 3666 4125 3732 Deus
4182 3668 4310 3733 cri-

2345 3781 2500 3824 men
2544 3758 2859 3842 posuisse,
2904 3777 2987 3821 ne
3029 3755 3404 3840 promiscue
3446 3755 3667 3819 mariti
3711 3752 4026 3819 dedecore
4085 3774 4309 3838 asper-

2344 3856 2580 3931 gerent
2621 3845 2925 3909 innoxias
2968 3863 3229 3908 uxores.
3291 3842 3555 3907 Scimus
3598 3839 3840 3906 multos
3883 3848 4130 3905 temere
4166 3861 4309 3905 esse

2346 3931 2742 4014 suspicaces:
2792 3929 2906 3995 ubi
2950 3938 3170 3994 autem
3217 3927 3417 3994 semel
3463 3927 3759 3992 animum
3817 3926 4159 4010 occupavit
4201 3946 4308 3990 ze·

2346 4017 2623 4103 lotypia,
2690 4015 2915 4082 nullus
2979 4022 3278 4098 superest
3332 4012 3769 4078 moderationi
3828 4012 3932 4079 vel
3992 4011 4307 4095 aequitati

2346 4106 2546 4170 locus.
2637 4101 2862 4184 Quare
2914 4101 3352 4166 inhumanum
3410 4099 3668 4176 fuisset,
3735 4099 4012 4165 morosis
4079 4106 4147 4162 et
4187 4098 4310 4161 im-

2347 4190 2647 4275 portunis
2712 4189 2967 4254 maritis
3032 4188 3415 4271 permittere
3478 4195 3551 4250 ut
3606 4183 3689 4250 ob
3744 4183 3928 4250 leves
3986 4182 4310 4267 quaslibet

2348 4275 2770 4360 suspiciones,
2815 4293 3059 4339 uxores
3103 4294 3258 4339 suas
3302 4271 3644 4338 traherent
3694 4269 3776 4336 ad
3820 4269 4135 4335 horribile
4178 4269 4308 4334 Dei

2345 4362 2683 4428 iudicium.
2770 4360 2917 4426 Iam
2959 4361 3017 4425 si
3056 4358 3299 4442 impius
3343 4379 3420 4424 ac
3467 4356 3752 4425 crudelis
3796 4367 3966 4422 esset
4007 4355 4304 4435 maritus,

2348 4458 2612 4516 tantum
2669 4447 2971 4514 licentiae
3026 4444 3183 4510 dare
3240 4443 3489 4528 absque
3547 4443 3683 4507 ullo
3729 4441 3985 4508 delectu
4004 4494 4018 4520 ,
4077 4443 4307 4507 fuisset

2350 4536 2539 4620 quasi
2581 4533 2874 4618 gladium
2919 4532 3164 4597 furioso
3203 4532 3272 4596 in
3319 4550 3591 4596 manum
3635 4530 3991 4612 porrigere,
4065 4525 4311 4595 Subin-

2349 4621 2524 4687 dicat
2568 4640 2725 4705 ergo
2771 4618 2974 4697 Deus,
3042 4617 3404 4700 prudenter
3445 4614 3994 4683 considerandum
4038 4635 4181 4680 esse
4226 4634 4312 4678 ne

2348 4707 2654 4773 sacerdos
2698 4703 3182 4789 quaerimonias
3226 4724 3455 4768 omnes
3500 4702 3696 4766 nimie
3749 4699 3941 4767 facile
3984 4700 4308 4765 admittat.

2349 4793 2746 4875 Quanquam
2775 4791 2960 4856 Deus
3003 4802 3231 4873 postea
3275 4811 3346 4853 se
3381 4788 3624 4854 clarius
3663 4787 3975 4869 exprimit
4009 4788 4075 4851 in
4102 4785 4312 4850 altera

2348 4890 2534 4962 parte
2582 4879 3047 4944 disiunctivae:
3107 4875 3183 4942 Si
3229 4874 3555 4959 zelotypia
3599 4893 3909 4939 accensus
3952 4872 4150 4937 fuerit
4183 4871 4307 4951 vir,

2347 4986 2467 5031 nec
2516 4974 2735 5029 tamen
2779 4963 3032 5047 polluta
3073 4962 3275 5027 fuerit
3310 4961 3565 5026 mulier.

2523 5049 2622 5116 15.
2676 5050 2853 5114 Tunc
2894 5049 3173 5114 adducet.
3234 5047 3500 5114 Oblatio
3536 5046 3699 5112 haec
3721 5066 3759 5109 a
3783 5043 4051 5126 reliquis
4087 5040 4311 5107 differt

2347 5157 2625 5221 quarum
2685 5144 2840 5201 ante
2896 5136 3068 5200 facta
3107 5133 3237 5199 fuit
3291 5135 3562 5199 mentio:
3609 5134 3762 5217 quia
3817 5129 4308 5196 contestationis

2346 5233 2449 5288 est
2514 5222 2762 5304 speeies
2831 5242 2960 5304 qua
3041 5241 3110 5286 se
3179 5219 3628 5286 maledictioni
3708 5216 3969 5283 subiicit
4047 5214 4306 5280 mulier.

2344 5309 2526 5374 Pura
2593 5309 2797 5393 igitur
2861 5306 3075 5371 farina
3137 5306 3383 5388 absque
3440 5305 3635 5370 thure
3694 5313 3762 5367 et
3818 5302 3961 5369 oleo
4017 5302 4308 5382 offertur,

2345 5396 2500 5479 quia
2545 5393 2979 5461 exsecrationi
3026 5412 3162 5457 non
3206 5390 3560 5475 quadraret
3600 5388 3835 5455 litandi
3887 5388 4073 5453 ritus.
4163 5387 4307 5452 Iam
