4867 6150
365 446 489 514 521

357 654 483 719 pro
516 638 797 719 peccato.-
838 651 965 698 non
995 637 1183 714 ponet
1221 652 1414 716 super
1457 652 1598 699 eam
1639 633 1858 712 clema,
1901 652 2096 715 neque
2127 636 2319 715 ponet

365 740 559 805 super
599 740 739 786 eam
769 717 930 799 thu-3,
964 720 1121 802 quia
1154 718 1378 786 oblatio
1400 738 1525 800 pro
1544 725 1798 800 peccato
1830 724 1935 784 est.
2006 718 2106 784 12.
2146 719 2319 801 Affe-

368 813 462 874 ret
499 805 683 873 illam
708 806 970 888 inquam
1002 805 1090 871 ad
1120 806 1523 871 sacerdotem.-
1565 811 1708 870 tunc
1739 805 2028 871 sacerdos
2062 805 2318 885 acc‘wiet

367 914 447 960 w:
488 892 853 975 eaplenam
884 889 1206 975 punillam
1246 910 1436 956 suum
1472 890 1718 957 oderem
1759 892 1914 971 eius,
1957 896 2015 956 et
2054 888 2321 957 adolebit

369 999 560 1062 &oper
602 979 802 1043 altare
842 976 1013 1042 ultra
1077 975 1410 1043 oblationes
1462 977 1697 1060 imitas
1741 977 2035 1042 Iehovae:
2091 975 2317 1041 oblatio

355 1085 489 1149 pro
541 1067 794 1148 peccato
859 1068 965 1128 est.
1071 1062 1170 1127 13.
1238 1061 1328 1128 Et
1390 1062 1670 1143 expiabit
1730 1084 1868 1130 eum
1931 1062 2219 1129 sacerdos
2272 1081 2317 1126 a

355 1155 612 1234 peccato
641 1169 755 1216 suo
787 1148 951 1232 quod
978 1148 1266 1231 peccavit
1300 1149 1375 1214 in
1406 1169 1531 1214 uno
1565 1148 1643 1215 de
1674 1150 1849 1217 istis.-
1889 1153 1947 1215 et
1976 1148 2318 1214 remittetur

370 1239 450 1318 ei,
493 1241 549 1302 et
589 1235 708 1302 erit
747 1234 1050 1301 sacerdoti
1090 1235 1253 1303 sicut
1290 1234 1529 1301 miotha.

546 1409 600 1473 1.
655 1406 859 1490 Quum
892 1411 1101 1474 autem
1134 1407 1372 1473 anima.
1440 1407 1605 1473 Tres
1642 1406 2030 1476 delictorum
2068 1408 2316 1493 species

369 1516 532 1581 quas
576 1494 795 1560 Moses
840 1493 1163 1578 principie
1206 1493 1442 1576 capitis
1483 1495 1737 1573 inserit,
1781 1493 2099 1561 videntur
2139 1497 2317 1560 inter

370 1603 443 1649 se
485 1582 679 1664 lenge
724 1579 1005 1646 differre.
1074 1579 1303 1644 Prima
1346 1580 1520 1644 enim
1566 1600 1649 1645 ex
1692 1600 1913 1647 errore
1956 1581 2139 1648 nasci
2182 1601 2314 1646 nen

368 1668 613 1754 potuit:
678 1665 791 1731 ubi
833 1666 980 1749 quis
1023 1686 1163 1730 rem
1209 1666 1541 1749 cognitam
1598 1665 1866 1732 celabat.
1955 1667 2101 1751 Ege
2156 1686 2316 1731 vere

366 1753 779 1820 reticentiam
819 1751 900 1817 de
944 1772 1072 1834 qua
1115 1752 1351 1836 agitur,
1395 1750 1519 1817 sub
1555 1772 1776 1817 errore
1811 1750 2314 1836 comprehende,

366 1839 483 1906 ubi
539 1840 689 1923 quis
745 1837 996 1921 pudere
1054 1837 1161 1903 vel
1216 1845 1398 1903 metu
1456 1837 1794 1917 inductus,
1862 1839 2170 1905 connivet
2231 1839 2314 1903 ad

366 1926 578 1993 scelus
613 1923 722 1989 vel
761 1923 1206 2007 qualecunque
1241 1922 1550 1989 delictum
1588 1923 1670 1989 de
1708 1943 1837 2007 que
1871 1925 2315 2009 interrogatus

365 2012 586 2091 fuerit,
628 2018 823 2093 atque
857 2011 952 2074 ita
986 2031 1119 2075 non
1154 2007 1509 2075 meditatus
1551 2010 1933 2092 periurium,
1979 2009 2097 2077 sed
2138 2020 2319 2075 tene-

366 2098 520 2164 bras
565 2094 689 2164 sibi
733 2095 1091 2175 obducens,
1150 2094 1434 2162 subticet
1490 2097 1660 2179 qued
1721 2096 2014 2162 dicturus
2071 2104 2215 2162 erat
2256 2096 2315 2161 si

367 2205 510 2251 rem
554 2182 752 2266 probe
795 2182 1255 2248 examinasset.
1345 2179 1738 2265 Quanquam
1795 2183 2066 2266 propius
2117 2203 2314 2248 excu-

370 2268 592 2337 tienda
634 2275 791 2334 sunt
833 2266 1054 2347 verba,
1098 2267 1180 2332 de
1222 2288 1497 2350 querum
1543 2287 1741 2334 sensu
1784 2289 1920 2333 nen
1964 2269 2124 2335 satis
2167 2289 2313 2334 con-

366 2356 574 2425 venit.
662 2353 949 2436 Quidam
994 2374 1233 2419 nemen
1277 2338 1413 2423 Πὸκ
1456 2374 1576 2436 pre
1635 2353 2085 2421 exsecratione
2141 2354 2311 2437 pesi-

367 2451 512 2508 tum
548 2462 692 2507 esse
728 2440 975 2519 velunt,
1010 2460 1086 2506 ae
1121 2441 1177 2506 si
1214 2439 1460 2506 dictum
1499 2448 1688 2518 esset,
1733 2439 1813 2506 Si
1849 2440 1993 2524 quis
2028 2439 2314 2506 audierit

366 2527 794 2606 maleficium,
855 2525 961 2592 vel
1005 2526 1218 2592 scelus
1263 2524 1675 2604 detestabile,
1736 2535 1804 2592 et
1859 2526 2311 2593 exsecratione

366 2614 676 2699 dignum:
721 2610 837 2680 sed
880 2633 1109 2677 eorum
1144 2620 1585 2678 commentum
1622 2612 1943 2677 refellitur
1977 2634 2059 2677 ex
2096 2612 2311 2696 primo

364 2706 695 2778 contextu,
740 2700 892 2782 quia
934 2719 1086 2763 mex
1131 2697 1491 2777 subiicitur,
1537 2696 1617 2764 Si
1650 2697 1889 2764 viderit
1924 2707 2039 2764 aut
2071 2717 2309 2784 eogno-

362 2787 559 2854 verit.
680 2784 818 2850 Alii
894 2783 1347 2850 iusiurandum
1426 2783 1691 2867 quidem
1766 2785 2309 2868 interpretantur,

364 2873 480 2940 sed
533 2870 617 2937 ad
674 2871 1036 2954 periurium
1090 2870 1262 2935 male
1319 2870 1557 2935 restrin
1656 2878 1727 2934 nt
1747 2921 1762 2948 ,
1817 2870 2007 2953 quasi
2061 2869 2309 2935 intelli-

409 2966 553 3024 eret
593 2956 842 3034 Moses,
899 2976 1088 3022 reum
1143 2976 1287 3022 esse
1330 2957 1440 3039 qui
1481 2974 1565 3021 au
1616 2955 1763 3022 'erit
1821 2956 2151 3021 hominem
2196 2977 2309 3041 pe-

361 3050 686 3111 ierantem
705 3094 720 3125 ,
775 3061 898 3109 nec
936 3063 1007 3108 se
1050 3043 1457 3125 opposuerit:
1524 3042 1685 3125 quin
1728 3043 1947 3125 petius
1990 3062 2114 3109 sua
2156 3063 2309 3108 con-

361 3132 663 3199 niventia
697 3137 767 3195 et
800 3129 1060 3196 silentio
1094 3129 1334 3193 texerit
1368 3128 1750 3212 periurium.
1817 3129 2050 3213 Itaque
2084 3149 2311 3195 eorum

364 3217 734 3284 sententiae
778 3214 1116 3282 subscribe
1172 3215 1287 3297 qui
1343 3214 1425 3280 de
1483 3214 1890 3281 adiuratione
1948 3223 2311 3299 exponunt,

363 3304 481 3371 Sic
524 3304 699 3369 enim
745 3301 989 3385 optime
1033 3300 1230 3366 simul
1274 3301 1720 3367 cohaerebunt
1766 3299 1982 3367 verba.
2049 3300 2127 3367 Si
2163 3301 2311 3385 quis

362 3389 555 3456 testis
598 3390 835 3454 citatus
889 3386 1171 3453 audierit
1228 3406 1452 3452 vocem
1512 3385 1971 3467 adiuratienis,
2026 3409 2158 3471 qua
2200 3408 2308 3453 re-

362 3484 556 3562 getur
619 3494 739 3559 per
796 3493 1037 3539 nemen
1081 3471 1209 3538 Dei
1255 3479 1332 3537 ut
1375 3493 1530 3539 vere
1575 3472 1656 3538 de
1698 3494 1771 3540 re
1825 3475 2162 3557 preposita
2204 3494 2307 3539 re-

363 3560 713 3646 spondeat,
760 3571 828 3624 et
864 3560 1091 3625 favere
1134 3557 1244 3624 vel
1287 3558 1731 3643 indulgentia,
1778 3559 1883 3625 vel
1918 3559 2137 3626 fallaci
2180 3559 2309 3626 alie

362 3655 742 3734 praetextu,
807 3645 995 3728 quasi
1059 3644 1312 3711 obiecta
1376 3645 1618 3710 erroris
1681 3644 1945 3722 nebula,
2009 3646 2309 3726 tacuerit,

361 3733 535 3819 qued
579 3742 821 3811 tamen,
866 3731 925 3797 si
968 3730 1317 3816 diligenter
1361 3730 1760 3809 attenderet,
1806 3729 2090 3798 habebat
2131 3753 2307 3799 cem·

361 3831 658 3904 pertum:
718 3818 831 3884 ille
876 3838 1027 3883 reus
1072 3816 1215 3882 erit.
1303 3816 1539 3899 Itaque
1582 3818 1972 3901 particulam
2020 3816 2308 3884 disiunc-

362 3907 570 3973 tivam
615 3905 741 3970 hec
782 3904 923 3971 leco
969 3923 1084 3986 per
1142 3901 1646 3970 conditionalem
1700 3903 1973 3968 reddere
2031 3913 2306 3986 opertet.

365 3991 472 4058 Ad
507 3991 784 4057 verbum
819 3999 936 4064 est,
982 3988 1059 4055 Si
1093 3990 1240 4072 quis
1275 3989 1557 4055 audierit
1596 4011 1817 4055 vocem
1861 3988 2308 4068 adiurationis,

362 4089 430 4144 et
466 4079 653 4144 testis
688 4078 846 4160 ipse.
908 4074 1243 4158 Quorsum
1282 4084 1499 4140 autem
1539 4077 1955 4161 exprimeret,
1999 4074 2077 4141 Si
2111 4076 2311 4141 fuerit

361 4164 585 4244 testis,
644 4161 878 4228 deinde
936 4160 1237 4227 adderet:
1298 4160 1429 4226 Vel
1489 4162 1899 4246 cognoverit,
1966 4181 2040 4227 ac
2098 4162 2154 4225 si
2201 4183 2308 4226 res

364 4250 662 4316 diversas
726 4247 1044 4314 referret?
1112 4247 1287 4331 Apte
1348 4267 1503 4313 vere
1568 4247 1847 4330 quadrat
1914 4246 2085 4331 quod
2149 4247 2309 4328 dixi,

361 4336 592 4419 culpae
653 4335 798 4400 fieri
853 4354 1038 4400 reum
1081 4334 1191 4417 qui
1237 4334 1423 4406 testis
1467 4341 1739 4400 vocatus
1784 4355 1911 4399 nen
1958 4333 2312 4417 respondet

362 4423 446 4487 de
489 4442 563 4486 re
607 4420 729 4487 sibi
786 4419 1066 4505 cognita.
1155 4418 1301 4485 Iam
1358 4419 1512 4502 quid
1570 4430 1742 4502 esset
1798 4419 2024 4485 audire
2082 4441 2307 4486 vocem

357 4508 748 4586 iuramenti,
816 4507 946 4572 nisi
987 4505 1323 4589 intelligas
1366 4525 1479 4569 ere
1523 4504 1757 4570 iudicis
1801 4505 2002 4571 fuisse
2046 4505 2309 4571 adiura-

358 4593 550 4660 tum?
621 4596 719 4659 Ac
760 4591 1123 4658 notandum
1171 4599 1302 4672 est,
1359 4601 1493 4656 tres
1552 4612 1717 4675 quae
1745 4592 1984 4675 ‚prime
2029 4611 2308 4656 comme·

356 4689 709 4745 merantur
773 4679 1053 4761 species,
1127 4678 1302 4744 inter
1366 4698 1436 4742 se
1493 4678 1723 4743 affines
1781 4698 1953 4757 esse,
2019 4679 2173 4760 quia
2229 4677 2309 4742 de

357 4765 814 4850 peccatoribus
878 4764 1236 4848 lequuntur
1303 4764 1414 4847 qui
1481 4785 1562 4829 ex
1645 4763 1922 4829 aliorum
2004 4762 2309 4829 sordibus

359 4852 817 4935 contagionem
879 4849 1173 4915 trahunt.
1262 4850 1434 4914 Nam
1494 4870 1695 4933 quum
1751 4851 1820 4913 in
1877 4869 2118 4933 genere
2172 4851 2308 4915 ius-

361 4939 559 5004 sisset
602 4938 824 5003 Meses
879 4935 1113 5002 delicta
1171 4956 1391 5001 errore
1445 4935 1733 5001 admissa
1786 4935 2071 5020 expiari,
2131 4956 2310 5001 nunc

359 5023 623 5090 subiicit
666 5024 835 5107 qued
880 5042 1014 5086 nen
1058 5022 1222 5088 satis
1265 5021 1508 5087 diserte
1551 5022 1922 5106 expositum
1966 5028 2126 5099 erat,
2173 5022 2311 5105 pia·

358 5110 510 5177 culo
534 5110 731 5174 etiam
769 5109 1082 5174 obnoxios
1105 5127 1247 5172 esse
1271 5129 1380 5172 ees
1405 5109 1515 5191 qui
1537 5107 1775 5191 polluti
1798 5109 2043 5173 fuerint
2078 5107 2312 5173 alienis

357 5195 655 5261 maculis.
721 5194 829 5259 Ita
863 5195 1108 5277 optime
1152 5193 1500 5259 conveniet
1543 5214 1694 5259 cum
1739 5194 2012 5277 reliquis
2056 5193 2311 5259 duobus

360 5281 487 5348 hec
541 5284 825 5365 primum
846 5331 861 5360 ,
925 5280 981 5345 si
1032 5278 1179 5362 quis
1236 5278 1500 5361 oblique
1557 5281 1846 5362 periurio
1904 5302 1977 5346 se
2036 5280 2310 5345 alterius

361 5367 601 5434 delicte
645 5366 1057 5452 implicuerit,
1102 5365 1519 5430 immundum
1564 5386 1707 5432 esse
1751 5366 1953 5433 denec
1997 5365 2308 5448 placatio-

1758 443 2270 512 SECUNDUM
2318 441 2968 512 PRAEOEPTUM.

4232 446 4360 513 522

2420 652 2574 697 110111
2619 630 2966 699 obtulerit:
3013 631 3082 697 id
3126 635 3304 699 enim
3347 635 3675 721 significat
3716 635 4044 718 loquutie:
4090 636 4367 701 Portare

2417 717 2869 800 iniquitatem:
2918 740 2993 786 ae
3028 718 3087 784 si
3122 720 3399 787 dixisset
3421 722 3660 802 Moses,
3697 741 3942 787 nexam
3978 721 4366 788 contrahere

2418 804 2529 886 qui
2566 805 2962 870 maleficium
3006 805 3336 885 celaverit,
3384 806 3465 871 de
3509 828 3638 890 que
3681 808 4126 892 interrogatus
4169 807 4367 873 fuerit

2417 890 2624 955 testis.

2590 975 2649 1040 2.
2707 977 2847 1042 Aut
2885 978 2949 1042 ci
3003 977 3222 1043 anima
3279 979 3562 1063 tetiyerit.
3652 978 3937 1044 Videtur
3994 978 4119 1045 hec
4175 998 4363 1061 prae-

2418 1068 2683 1144 ceptum
2763 1082 2895 1126 nen
2974 1062 3167 1128 medo
3232 1084 3712 1148 supervacuum
3730 1117 3746 1145 ‚
3828 1064 3943 1131 sed
4008 1063 4364 1130 absurdum

2416 1167 2670 1230 queque
2726 1167 2884 1215 esse.
2974 1146 3320 1229 Quomodo
3380 1150 3559 1216 enim
3623 1150 3966 1236 purganda
4023 1158 4196 1217 esset
4238 1151 4363 1215 im-

2416 1232 2774 1299 mundities
2810 1255 2893 1300 ex
2928 1242 3235 1300 contactu
3270 1235 3374 1301 vel
3409 1237 3766 1317 cadaveris,
3811 1235 3917 1301 vel
3952 1235 4223 1301 alterius
4267 1236 4365 1301 rei

2415 1318 2717 1402 impurae
2797 1328 3166 1400 eontracta,
3246 1321 3407 1387 satis
3487 1322 3767 1389 antehac
3828 1323 4049 1389 Moses
4115 1321 4360 1388 decuit:

2418 1405 2830 1489 purgationis
2906 1426 3064 1474 vere
3129 1408 3396 1473 medum
3465 1408 3719 1475 facilem
3786 1409 4032 1492 absque
4093 1416 4362 1491 sumptu

2417 1492 2854 1576 praescripsit.
2943 1491 3230 1558 Videtur
3286 1495 3504 1578 itaque
3558 1495 3812 1561 inutilis
3855 1514 4000 1560 esse
4042 1495 4363 1578 repetiti0.

2419 1576 2813 1643 Graviorem
2878 1599 3035 1644 vere
3114 1599 3393 1662 poenam
3475 1579 3710 1648 delicto
3786 1582 4077 1665 irrogare
4094 1631 4110 1659 ,
4191 1578 4365 1664 qued

2418 1666 2660 1730 erroris
2723 1672 3107 1749 praetextus
3173 1675 3490 1732 extenuat
3505 1718 3521 1746 ,
3587 1688 3782 1819 «guam
3848 1665 3959 1732 ubi
4028 1665 4211 1731 nulla
4276 1665 4366 1732 sit

2418 1750 2660 1816 erroris
2702 1750 2952 1816 mentio
2969 1800 2985 1830 ,
3055 1750 3355 1834 iniquum
3401 1760 3520 1818 est.
3662 1753 3743 1818 ed
3806 1761 4028 1818 tenere
4085 1759 4360 1836 eportet,

2418 1856 2554 1902 11011
2595 1834 2807 1902 80111111
2852 1836 3332 1903 immunditiem
3379 1837 3590 1922 pretio
3634 1838 3956 1914 mulctari,
3995 1837 4110 1904 sed
4155 1838 4363 1922 negli-

2419 1923 2730 2007 gentiam,
2766 1943 2895 2005 qua
2916 1923 3160 1989 factum
3194 1923 3397 1989 fuerit
3430 1934 3507 1990 ut
3539 1924 3995 2008 purgationem
4031 1923 4364 1990 emitteret

2418 2009 2527 2091 qui
2594 2008 2880 2091 pollutus
2947 2017 3108 2075 erat.
3208 2009 3390 2075 Fieri
3451 2012 3628 2076 enim
3693 2019 3909 2095 petest
3966 2019 4043 2075 ut
4099 2010 4211 2093 qui
4266 2010 4364 2076 sic

2418 2104 2687 2178 torpent
2727 2094 2798 2159 in
2842 2095 2982 2159 suis
3015 2095 3210 2168 ‚vitiis
3225 2146 3241 2176 ,
3301 2095 3553 2162 cultum
3598 2097 3726 2162 Dei
3771 2096 3851 2161 ad
3902 2106 4163 2181 tempus
4207 2116 4361 2162 cen-

2415 2181 2758 2246 taminent.
2845 2180 2996 2245 Non
3040 2181 3242 2266 igitur
3284 2182 3528 2248 mirum
3575 2185 3630 2248 si
3675 2182 3899 2248 durior
3941 2202 4151 2266 poena
4194 2182 4366 2247 infli-

2415 2268 2613 2351 gitur,
2650 2266 2763 2332 ubi
2796 2287 2981 2332 error
3014 2287 3098 2333 ex
3137 2268 3374 2351 supina
3406 2287 3753 2352 crassaque
3787 2269 4132 2335 securitate
4168 2275 4364 2333 natus

2414 2353 2608 2438 plura
2649 2353 2814 2420 vitia
2857 2372 2940 2418 ex
2984 2374 3057 2419 se
3100 2353 3346 2438 gignit,
3405 2375 3533 2438 que
3591 2354 3836 2420 seilicet
3878 2354 4087 2419 maier
4130 2353 4212 2418 ad
4255 2373 4361 2419 08-

2418 2437 2701 2505 vendum
2748 2439 2923 2503 inter
2965 2438 3191 2505 fideles
3235 2440 3455 2524 vigeat
3498 2440 3796 2508 attentio.
3870 2440 4166 2506 Teneant
4204 2460 4362 2525 ergo

2414 2525 2722 2603 lectores,
2767 2546 2901 2590 nen
2946 2525 3017 2590 in
3062 2525 3238 2591 nude
3283 2534 3533 2592 attactu
3591 2526 3929 2593 cadaveris
3972 2527 4176 2591 situm
4219 2546 4364 2592 esse

2417 2611 2726 2678 delictum
2763 2610 2844 2676 de
2878 2632 3003 2694 quo
3038 2633 3217 2679 nune
3239 2612 3478 2697 agitur,
3504 2612 3617 2678 sed
3652 2614 3723 2677 in
3742 2614 3883 2695 ipsa
3903 2612 4362 2696 incogitantia:

2416 2702 2572 2781 quia
2614 2698 2671 2762 si
2716 2697 2860 2779 quis
2905 2697 3132 2764 sedule
3175 2697 3533 2764 meditetur
3574 2698 3787 2783 legem
3832 2696 3993 2776 Dei,
4047 2718 4181 2763 non
4226 2705 4365 2762 tam

2414 2784 2605 2850 facile
2648 2782 2917 2868 obrepet
2960 2782 3201 2850 oblivio
3219 2835 3235 2864 ,
3290 2804 3419 2867 qua
3476 2783 3728 2850 tollitur
3782 2783 4133 2850 discrimen
4191 2784 4365 2848 inter

2416 2870 2513 2935 fas
2554 2878 2621 2935 et
2654 2869 2857 2935 nefas.
2925 2869 3177 2935 Eadem
3220 2870 3388 2935 ratio
3432 2878 3534 2936 est
3574 2870 3858 2953 preximi
3902 2869 4211 2948 mandati,
4250 2869 4365 2935 ubi

2416 2954 2620 3023 simili
2661 2974 2910 3039 poenae
2953 2953 3293 3022 subiicitur
3326 2956 3440 3038 qui
3474 2956 3811 3022 hominem
3846 2955 4261 3022 immundum
4298 2963 4365 3021 et

2414 3041 2737 3126 pollutum
2784 3042 3104 3126 attigerit:
3150 3041 3346 3109 sicuti
3392 3040 3551 3107 dum
3598 3042 3832 3109 mulier
3862 3051 4203 3109 menstrua
4242 3062 4365 3108 sua

2372 3159 2388 3172 ·
2413 3130 2681 3212 patitur,
2726 3128 3155 3210 pollutionem
3199 3127 3457 3193 inducit
3498 3128 3638 3194 sele
3682 3137 4008 3195 contactu.

2584 3214 2647 3281 4.
2693 3214 2831 3279 Aut
2870 3214 3084 3280 anima
3127 3215 3189 3280 si
3229 3215 3557 3280 iuraverit.
3645 3213 3832 3280 Haec
3871 3234 4127 3297 queque
4170 3214 4362 3297 culpa

2414 3301 2624 3366 errori
2667 3309 2735 3365 et
2776 3300 3186 3386 ignorantiae
3241 3299 3663 3380 adscribitur,
3723 3302 3839 3368 ubi
3895 3300 4040 3384 quis
4076 3299 4362 3366 incensi-

2412 3386 2637 3452 derate
2695 3386 2854 3452 facit
2910 3385 3081 3470 quod
3140 3407 3211 3452 80
3269 3405 3401 3452 11011
3450 3386 3779 3454 facturum
3843 3386 4176 3471 pellicitus
4227 3398 4359 3453 est:

2412 3494 2626 3556 neque
2663 3472 2841 3538 0111111
2876 3479 3037 3538 tune
3074 3472 3359 3538 violatur
3392 3472 3872 3551 iusiurandum,
3910 3472 4082 3557 qued
4115 3474 4360 3540 scelere

2412 3580 2544 3624 non
2590 3567 2874 3624 careret:
2930 3557 3047 3623 sed
3099 3559 3173 3623 in
3232 3559 3376 3642 ipsa
3428 3559 3686 3625 incuria
3744 3559 3903 3626 satis
3952 3567 4053 3624 est
4109 3559 4358 3644 culpae,

2412 3646 2568 3729 quia
2611 3643 2823 3710 solida
2865 3643 3094 3728 religio
3131 3646 3269 3709 veti
3306 3645 3690 3710 memoriam
3727 3656 4096 3712 renovaret.
4162 3646 4358 3713 Unde

2411 3730 2740 3813 sequitur,
2786 3730 2898 3796 ubi
2944 3729 3128 3795 nulla
3182 3741 3284 3796 est
3341 3730 3707 3797 sollicitudo
3751 3752 3880 3797 non
3925 3753 4067 3797 esse
4108 3734 4357 3798 serium

2409 3816 2787 3902 praestandi
2836 3817 2969 3882 veti
3014 3816 3325 3882 studium.
3412 3816 3560 3882 Hoc
3616 3839 3772 3883 vere
3816 3816 4199 3884 mandatum
4242 3839 4358 3884 ne-

2410 3902 2768 3969 cessarium
2812 3902 2968 3983 fuit,
3029 3901 3183 3986 quia
3239 3922 3434 3985 saepe
3491 3903 3635 3968 fieri
3678 3904 3897 3987 potuit
3941 3914 4016 3968 ut
4056 3904 4357 3970 hemines

2410 3989 2519 4072 qui
2586 4009 2657 4054 se
2722 3988 2860 4054 veti
2923 3988 3416 4054 obstrinxerant
3470 3988 3627 4069 fide,
3682 4010 3803 4073 per
3854 3989 4357 4074 incogitantiam

2410 4074 2613 4158 lapsi,
2669 4075 2851 4157 quasi
2897 4073 3095 4141 soluti
3140 4075 3318 4139 omni
3362 4074 3627 4140 vinculo
3645 4125 3661 4153 ,
3721 4074 3845 4141 sibi
3903 4077 3978 4139 in
4019 4083 4357 4159 posterum

2410 4159 2866 4245 indulgerent:
2913 4161 3023 4242 qui
3069 4168 3290 4226 autem
3335 4182 3412 4232 ee
3459 4161 3738 4226 veniunt
3779 4161 4105 4240 licentiae,
4144 4162 4357 4246 magis

2410 4267 2485 4313 ac
2557 4247 2768 4330 magis
2845 4245 3316 4326 obdurescunt,
3398 4244 3601 4313 donec
3679 4246 3944 4312 tandem
4023 4248 4362 4315 excutiant

2410 4353 2669 4399 emnem
2724 4333 2858 4398 Dei
2914 4333 3370 4398 reverentiam.
3458 4330 3692 4398 Voluit
3748 4353 3903 4416 erge
3962 4333 4145 4400 Deus
4202 4343 4360 4399 vota

2409 4418 2691 4484 fideliter
2712 4419 2984 4497 servari,
3022 4440 3107 4483 ne
3141 4428 3556 4501 contemptus
3596 4418 3676 4484 ad
3714 4419 4118 4503 impietatem
4153 4442 4358 4504 usque

2410 4502 2677 4570 tandem
2743 4514 3212 4588 prorumperet.
3314 4501 3388 4570 Si
3455 4505 3601 4587 quis
3654 4526 3812 4589 erge
3868 4527 4001 4571 nen
4061 4507 4359 4591 cogitans

2408 4590 2728 4657 exciderit
2763 4612 2801 4656 a
2837 4591 2965 4656 fide
2999 4591 3170 4669 data,
3215 4589 3477 4655 iubetur
3512 4589 3729 4655 Deum
3768 4591 4059 4674 placare:
4099 4615 4230 4659 nen
4274 4592 4357 4657 ob

2410 4677 2749 4742 levitatem
2795 4675 2898 4764 (ut
2953 4675 3220 4760 quidam
3279 4673 3543 4826 putant?
3598 4678 3784 4759 quasi
3830 4686 4076 4745 temere
4118 4680 4359 4762 premi-

2411 4763 2575 4829 serit
2627 4763 2797 4846 qued
2857 4784 2985 4828 nen
3046 4760 3354 4839 debebat,
3419 4783 3487 4828 se
3592 4762 3676 4826 eb
3734 4765 4139 4848 neglectum,
4205 4766 4358 4849 quia

2412 4849 2820 4933 diligentiam
2866 4869 2997 4915 nen
3057 4848 3356 4914 adhibuit
3397 4855 3476 4912 ut
3521 4849 3651 4914 veti
3695 4850 3765 4913 in
3809 4859 4102 4934 tempore
4144 4872 4357 4918 recer-

2411 4937 2695 5000 daretur.
2786 4935 2993 5000 Perre
3049 4935 3104 4999 si
3165 4934 3378 5000 locum
3435 4934 3613 5000 hunc
3679 4936 3969 5019 papistae
4014 4958 4132 5002 8110
4175 4958 4356 5002 mere

2410 5022 2661 5087 insulse
2705 5022 3026 5105 arripiant
3076 5018 3159 5084 ad
3217 5019 3608 5086 stabilienda
3664 5021 3993 5103 quaelibet
4048 5032 4230 5102 veta,
4287 5023 4356 5087 in

2412 5115 2719 5191 promptu
2763 5107 2999 5172 solutio
3044 5116 3172 5172 est:
3220 5104 3440 5171 Deum
3499 5108 3930 5172 constantiam
3980 5109 4242 5174 nonnisi
4283 5108 4356 5173 in

2410 5193 2726 5278 legitimis
2771 5203 2835 5257 et
2878 5193 3003 5258 rite
3047 5193 3377 5275 conceptis
3423 5193 3593 5259 vetis
3641 5194 3921 5276 exigere.
4012 5192 4355 5276 Quaenam

2411 5279 2499 5344 sit
2564 5279 2668 5361 pie
2732 5278 2997 5346 vivendi
3064 5279 3227 5343 ratio
3293 5287 3444 5343 ante
3508 5278 3957 5344 intelleximus
4023 5303 4106 5345 ex
4149 5281 4357 5347 Mosis
4412 5335 4416 5339 A

2415 5367 2746 5446 doctrina,
2811 5366 2987 5433 unde
3052 5364 3421 5449 colligimus
3485 5385 3563 5429 ea
3630 5365 3898 5430 minime
3965 5364 4359 5449 praestanda
