4867 6150
544 440 665 506 187

540 628 730 696 lubili
789 627 1049 695 vinculo
1090 628 1391 693 homines
1445 627 1515 690 in
1560 637 1790 689 mutua
1833 622 2140 687 societate
2185 630 2251 685 et
2293 619 2490 685 bene-

542 716 835 782 volentia
893 716 1205 793 retineat,
1265 714 1445 778 varie
1512 710 1901 794 dispensans
1944 727 2063 772 sua
2115 707 2303 783 dona,
2371 726 2492 771 nec

543 822 942 885 quemquam
986 799 1195 865 solida
1253 799 1644 881 perfectione
1701 815 1901 878 supra
1959 791 2225 857 modum
2285 791 2492 857 extol-

544 889 711 967 lens,
756 888 918 951 alios
962 887 1109 952 aliis
1152 885 1415 968 obligat.
1477 884 1654 948 Vere
1698 886 1855 966 ergo
1901 878 2128 945 scribit
2170 878 2490 961 Augusti-

543 995 703 1049 nus,
751 973 967 1037 Deum
1017 974 1089 1037 in
1150 972 1271 1036 hoc
1319 983 1466 1034 actu
1509 968 1893 1033 humiliasse
1937 987 2197 1030 servum
2260 983 2492 1030 suum:

543 1058 1090 1143 quemadmodum
1135 1057 1384 1122 Paulus
1429 1056 1630 1120 refert
1683 1055 1804 1120 sibi
1852 1051 2160 1135 colaphos
2204 1073 2347 1116 esse
2389 1050 2492 1114 in-

543 1145 756 1211 flictos
799 1165 919 1227 per
962 1143 1269 1226 angelum
1316 1142 1546 1220 Satan,
1615 1162 1699 1205 ne
1743 1138 2108 1205 sublimitas
2145 1137 2490 1202 revelatio-

547 1253 708 1296 num
754 1231 951 1294 nimis
994 1251 1143 1297 eum
1191 1228 1536 1293 extolleret
1580 1223 1666 1311 (2.
1714 1225 1865 1290 Cor.
1913 1224 2014 1300 12,
2061 1220 2146 1309 7).

719 1315 819 1381 15.
865 1312 954 1380 Et
989 1316 1309 1395 respondit
1344 1313 1556 1379 Moses
1588 1332 1807 1378 socero.
1880 1310 2178 1393 Ingenuo
2221 1328 2492 1389 respon-

546 1403 656 1467 det
700 1402 920 1466 Moses
964 1410 1279 1483 tanquam
1326 1400 1405 1464 de
1450 1420 1522 1462 re
1566 1398 1854 1463 maxime
1887 1393 2237 1470 laudanda,
2274 1404 2352 1459 ut
2379 1393 2495 1476 qui

544 1488 789 1553 nullius
835 1487 981 1551 vitii
1028 1487 1325 1552 conscius
1383 1484 1507 1550 sibi
1552 1494 1709 1549 erat.
1802 1480 1891 1548 Se
1950 1481 2124 1546 enim
2187 1479 2312 1544 Dei
2367 1481 2489 1543 mi-

544 1575 858 1652 nistrum,
927 1582 996 1638 et
1051 1573 1322 1655 spiritus
1380 1573 1522 1635 eius
1566 1589 1884 1652 organum
1932 1587 2075 1632 esse
2128 1568 2489 1648 profitetur.

544 1660 684 1726 Nec
727 1680 886 1724 vero
930 1661 997 1724 in
1045 1659 1491 1741 quaestionem
1532 1656 1756 1720 venire
1790 1654 2009 1737 potuit
2044 1652 2183 1717 eius
2218 1652 2380 1717 fides
2417 1670 2493 1715 ac

543 1746 908 1829 integritas.
997 1744 1079 1808 In
1124 1765 1199 1809 eo
1243 1753 1500 1808 tantum
1545 1743 1870 1824 peccabat,
1928 1738 2098 1821 quod
2143 1760 2213 1803 se
2256 1738 2491 1802 immo·

547 1832 692 1899 dico
735 1830 957 1896 labore
1001 1831 1311 1905 obruens,
1371 1849 1580 1911 neque
1637 1826 1761 1892 sibi
1807 1826 2139 1910 privatim,
2210 1845 2327 1889 nec
2370 1844 2490 1906 pu-

544 1917 713 1983 blice
756 1917 901 1980 aliis
958 1914 1261 1980 omnibus
1319 1914 1702 1980 consuleret.
1808 1912 2159 1977 Caeterum
2214 1931 2295 1974 ex
2353 1910 2496 1974 eius

547 2003 766 2069 verbis
830 2002 1158 2086 colligitur
1230 2001 1410 2065 utilis
1469 2000 1779 2065 doctrina.
1887 1998 2069 2063 Dicit
2133 1996 2494 2080 litigatores

547 2091 775 2154 venire
837 2087 915 2153 ad
964 2089 1178 2152 Deum
1242 2083 1710 2169 quaerendum,
1766 2106 1836 2149 se
1895 2104 2056 2150 vero
2114 2081 2345 2148 docere
2399 2081 2491 2145 le·

549 2196 664 2259 ges
719 2184 785 2239 et
841 2182 1093 2239 statuta
1151 2172 1297 2237 Dei.
1386 2171 1579 2238 Unde
1624 2172 1950 2253 sequitur,
2006 2168 2134 2234 huc
2201 2179 2495 2250 spectare

545 2260 882 2345 politicum
946 2258 1277 2336 ordinem,
1342 2266 1420 2322 ut
1486 2265 1775 2321 erectum
1841 2257 1927 2322 sit
1995 2253 2138 2319 Deo
2204 2253 2493 2319 tribunal

545 2348 614 2412 in
659 2358 856 2423 terra,
900 2346 968 2409 in
1017 2365 1143 2428 quo
1186 2343 1424 2409 iudicis
1466 2364 1711 2407 munus
1755 2352 2075 2420 exerceat,
2121 2360 2204 2404 ne
2248 2340 2496 2404 iudices

548 2444 616 2497 et
655 2433 1085 2515 magistratus
1142 2431 1502 2514 potentiam
1555 2429 1676 2493 sibi
1723 2435 2034 2510 arrogent
2090 2426 2290 2490 nullis
2335 2426 2493 2508 legi·

548 2519 670 2583 bus
738 2517 1125 2591 subiectam,
1183 2537 1266 2581 ne
1324 2516 1450 2581 sibi
1507 2513 1858 2597 quidquam
1901 2533 2020 2596 pro
2065 2512 2334 2576 libidine
2390 2511 2494 2575 vel

546 2604 821 2670 arbitrio
888 2601 1238 2667 decernere
1301 2602 1719 2683 permittant,
1788 2620 1873 2663 ne
1938 2598 2218 2680 denique
2284 2597 2366 2662 ad
2425 2619 2496 2661 se

547 2689 819 2754 trahant
876 2688 1046 2770 quod
1105 2687 1233 2752 Dei
1291 2687 1632 2770 proprium
1685 2694 1800 2751 est.
1900 2685 2087 2750 Tunc
2145 2683 2321 2748 enim
2390 2683 2497 2747 de-

548 2795 732 2839 mum
778 2774 973 2857 probe
1019 2795 1088 2838 se
1133 2783 1364 2857 gerent
1406 2772 1863 2856 magistratus,
1923 2771 1978 2835 si
2045 2771 2171 2836 Dei
2216 2770 2496 2835 vicarios

550 2882 621 2926 se
665 2881 807 2926 esse
850 2861 1289 2925 meminerint.
1335 2858 1596 2942 Religio
1641 2859 1838 2921 etiam
1883 2857 2185 2921 omnibus
2221 2854 2498 2938 privatis

547 2947 864 3023 inficitur,
910 2967 992 3009 ne
1029 2959 1273 3010 temere
1309 2945 1508 3009 fidem
1547 2944 1655 3009 vel
1693 2943 2007 3008 auxilium
2047 2942 2334 3007 iudicum
2370 2941 2495 3004 im-

549 3033 826 3117 plorent,
852 3031 964 3098 sed
991 3032 1245 3098 sincero
1269 3031 1510 3097 affectu
1547 3030 1701 3095 illuc
1737 3028 2051 3095 accedant
2073 3038 2385 3112 tanquam
2413 3025 2496 3092 ad

550 3121 769 3185 Deum
792 3118 1252 3201 quaerendum.
1292 3116 1609 3200 Quisquis
1634 3118 1808 3180 enim
1834 3113 2008 3180 aliud
2033 3116 2281 3197 appetit
2302 3134 2497 3196 quam

552 3205 800 3271 discere
859 3226 941 3268 ex
998 3225 1111 3268 ore
1161 3205 1583 3287 magistratus
1638 3200 1792 3285 quid
1836 3211 2088 3267 rectum
2134 3223 2209 3266 ac
2251 3201 2498 3265 iustum

554 3292 661 3370 sit,
699 3290 1016 3372 sacrilega
1051 3290 1322 3353 audacia
1358 3290 1568 3353 locum
1590 3288 1776 3352 illum
1801 3286 1943 3352 Deo
1967 3286 2250 3351 dicatum
2278 3285 2491 3351 violat.

729 3375 826 3440 17.
880 3377 1054 3440 Tunc
1094 3376 1259 3439 dixit
1300 3394 1469 3440 socer
1515 3373 1738 3438 Mosis.
1814 3373 1963 3436 Non
2006 3373 2273 3437 damnat
2311 3385 2498 3456 prae-

554 3463 687 3528 cise
731 3473 933 3525 totam
977 3462 1158 3525 illam
1207 3462 1525 3524 rationem
1565 3480 1760 3541 quam
1806 3469 1956 3522 ante
2001 3473 2314 3541 sequutus
2358 3467 2501 3523 erat

553 3548 776 3613 Moses
818 3546 1037 3632 (sicuti
1079 3547 1320 3610 morosi
1358 3545 1676 3619 homines,
1722 3544 1826 3610 vel
1871 3545 2183 3626 protervi,
2218 3544 2327 3608 vel
2362 3564 2501 3607 am-

551 3631 803 3708 bitiosi,
871 3632 1186 3714 pusillum
1259 3631 1477 3696 nescio
1538 3629 1693 3712 quid
1747 3630 2106 3712 carpendo,
2166 3629 2502 3712 praeclara

551 3719 832 3784 aliorum
874 3720 1044 3782 facta
1087 3714 1482 3802 obscurant‚)
1527 3716 1640 3780 sed
1688 3729 1944 3780 tantum
1989 3728 2239 3799 partem
2301 3737 2499 3780 unam

553 3804 918 3888 corrigens,
977 3802 1146 3867 nihil
1201 3803 1281 3867 de
1338 3805 1513 3866 iusta
1567 3801 1762 3866 laude
1817 3802 1992 3867 Mosi
2058 3802 2374 3880 detrahit,
2434 3811 2503 3866 et

552 3892 656 3957 ius
715 3889 887 3973 quod
944 3888 1130 3953 Deus
1188 3888 1554 3954 contulerat
1609 3889 1932 3953 intactum
1994 3889 2324 3971 relinquit.
2415 3889 2496 3952 In

552 3997 683 4060 quo
743 3976 1030 4040 notanda
1095 3989 1196 4039 est
1259 3975 1399 4040 eius
1463 3973 1850 4048 moderatiO,
1917 3973 2087 4056 quod
2153 3985 2499 4057 praetextu

554 4065 695 4127 vitii
741 4060 1157 4145 particularis
1203 4080 1338 4123 non
1384 4058 1674 4124 abutitur
1717 4058 1797 4124 ad
1843 4060 2231 4129 mutandum
2268 4083 2498 4126 verum

558 4147 889 4213 ordinem:
964 4146 1076 4211 sed
1145 4156 1401 4211 tantum
1486 4146 1793 4209 admonet
1864 4146 2185 4228 quomodo
2252 4148 2502 4212 utiliter

554 4235 824 4315 exsequi
859 4234 1062 4316 possit
1097 4234 1315 4298 Moses
1359 4243 1581 4314 partes
1624 4231 1744 4296 sibi
1790 4231 2109 4297 divinitus
2151 4232 2500 4299 iniunctae.

732 4320 833 4384 19.
883 4318 1233 4384 Consilium
1275 4318 1389 4382 tibi
1431 4317 1605 4382 ᾶαόο.
1703 4316 1921 4382 Audet
1964 4317 2229 4400 quidem
2274 4319 2501 4385 Iethro

556 4405 809 4470 felicem
856 4417 1162 4469 eventum
1209 4405 1620 4487 promittere,
1678 4404 1736 4468 si
1778 4404 2049 4469 consilio
2091 4425 2209 4469 suo
2251 4405 2500 4469 obtem-

556 4502 744 4574 peret
810 4491 1061 4555 Moses:
1142 4511 1351 4572 neque
1417 4498 1635 4554 tamen
1703 4491 1980 4572 superbe
2046 4491 2247 4556 iactat
2323 4491 2501 4557 hunc

557 4581 694 4642 fore
736 4576 1127 4660 prudentiae
1181 4597 1338 4640 suae
1395 4578 1686 4642 fructum
1729 4575 1843 4640 sed
1890 4577 2015 4640 Dei
2066 4575 2500 4642 benedictioni

557 4675 623 4729 et
668 4664 919 4745 gratiae
963 4661 1290 4738 adscribit,
1358 4663 1412 4726 si
1457 4682 1767 4744 prospere
1810 4662 2102 4727 succedit
2144 4664 2342 4728 etiam
2387 4666 2500 4729 ubi

558 4748 726 4813 nihil
769 4748 897 4813 nisi
940 4748 1185 4832 optima
1229 4750 1480 4812 ratione
1522 4749 1910 4814 instituitur.
1983 4749 2129 4814 Hoc
2173 4750 2349 4814 enim
2395 4771 2500 4814 so-

558 4844 676 4901 nat
719 4834 1029 4917 loquutio‚
1073 4833 1420 4900 consilium
1464 4835 1585 4899 sibi
1630 4855 1989 4912 occurrere,
2035 4834 2205 4919 quod
2252 4836 2311 4900 si
2356 4838 2499 4901 Mo·

558 4943 663 4988 ses
721 4928 1060 5003 sequatur,
1125 4921 1305 4985 Deus
1364 4919 1718 4987 benedicet.
1818 4921 2048 5004 Neque
2105 4930 2325 4986 tamen
2384 4923 2498 4986 ob·

560 5017 797 5073 trectat
857 5006 1060 5084 Mosi‚
1122 5006 1309 5088 quasi
1376 5006 1483 5087 pio
1541 5008 1681 5071 eius
1739 5007 1957 5071 studio
2016 5019 2081 5071 et
2138 5006 2501 5074 industriae

558 5094 876 5158 hactenus
919 5113 1048 5156 non
1094 5090 1376 5156 adfuerit
1402 5093 1609 5156 Deus:
1657 5093 1814 5174 quin
1860 5094 2080 5176 potius
2114 5091 2500 5174 subindicat,

561 5180 778 5244 Deum
818 5199 961 5244 esse
1011 5178 1204 5243 huius
1248 5178 1504 5243 consilii
1548 5188 1865 5256 autorem,
1912 5181 2083 5262 quod
2129 5183 2343 5262 gratia
2379 5203 2501 5246 sua

561 5275 1010 5348 prosequetur.
1058 5265 1141 5328 In
1165 5285 1444 5343 summa,
1485 5273 1684 5347 negat
1720 5286 1790 5327 se
1822 5264 1954 5331 huc
1977 5265 2247 5331 tendere
2283 5278 2359 5332 ut
2396 5268 2500 5333 vel

563 5352 892 5417 tantillum
952 5351 1274 5415 diminuat
1338 5371 1421 5415 ex
1471 5350 1598 5414 Dei
1653 5351 1869 5434 gratia
1932 5372 2128 5433 quam
2192 5363 2503 5437 expertus

1648 433 2389 502 COMMENTARIUS
2434 433 2536 498 IN
2583 430 2884 497 EXODI
2926 430 3125 498 OAP.
3172 430 3438 498 XVIII.

4410 433 4520 499 188

2594 632 2736 683 erat
2779 619 3027 685 Moses:
3087 620 3202 685 sed
3248 619 3511 686 modum
3566 618 3910 686 ostendere
3965 641 4157 703 quem
4215 621 4397 686 Deus
4437 622 4525 686 ef-

2593 705 2770 770 fectu
2836 704 3298 789 comprobabit.
3410 705 3730 789 Sequitur
3805 703 4037 772 deinde
4104 707 4311 771 altera
4386 728 4526 789 pars

2593 812 2793 874 quam
2861 792 3085 875 attigi,
3156 813 3389 875 nempe
3456 793 3627 875 quod
3693 796 3835 857 iure
3899 813 4020 858 suo
4085 814 4217 858 non
4298 793 4527 876 spoliat

2594 877 2823 942 Mosen
2845 927 2859 956 ,
2920 886 2994 940 ut
3033 878 3157 942 Dei
3218 878 3618 944 vocationem
3679 888 3949 956 evertat,
4017 879 4133 943 sed
4173 878 4393 961 potius
4452 878 4527 943 ad

2590 963 2997 1046 pergendum
3046 962 3383 1041 hortando,
3430 966 3598 1046 quod
3646 965 3849 1029 semel
3894 984 3932 1028 a
3971 965 4112 1029 Deo
4157 964 4528 1030 mandatum

2593 1057 2709 1128 est,
2753 1049 2902 1113 vult
2946 1051 3151 1113 fixum
3199 1060 3266 1114 et
3307 1050 3683 1115 inviolabile
3731 1072 4012 1116 manere.
4078 1050 4222 1116 Hoc
4266 1052 4394 1114 iam
4438 1051 4531 1115 di-

2593 1135 2873 1218 ligenter
2916 1135 3285 1218 expendere
3330 1137 3653 1213 convenit,
3701 1137 3971 1202 consilia
4014 1158 4097 1201 ex
4145 1136 4426 1202 utilitate
4467 1145 4531 1202 et

2596 1222 2791 1286 rebus
2838 1222 3011 1285 natis
3056 1220 3150 1285 sic
3196 1220 3431 1286 debere
3474 1225 3618 1306 capi
3654 1236 3729 1287 ut
3765 1223 3892 1287 Dei
3936 1222 4333 1287 ordinationi
4370 1222 4530 1287 nihil

2595 1306 2891 1372 decedat:
2952 1308 3103 1388 quia
3147 1308 3329 1372 nefas
3373 1316 3476 1373 est
3518 1310 3588 1372 in
3630 1310 4073 1391 quaestionem
4122 1307 4381 1372 trahere
4424 1328 4530 1391 pa-

2595 1390 2871 1457 rendum
2921 1395 3005 1457 sit
3050 1413 3255 1457 necne
3299 1394 3440 1459 eius
3486 1394 3777 1477 imperio.
3864 1394 4103 1478 Itaque
4156 1393 4532 1461 maledictae

2596 1489 2752 1543 sunt
2809 1478 3341 1558 deliberationes,
3407 1478 3642 1562 quibus
3709 1480 3956 1562 aliquid
4021 1481 4092 1543 in
4157 1480 4281 1544 Dei
4341 1481 4533 1546 verbo

2595 1577 2869 1644 mutare,
2916 1565 3019 1628 vel
3067 1585 3187 1629 nos
3230 1574 3419 1630 extra
3462 1567 3821 1631 vocationis
3866 1576 4126 1632 nostrae
4169 1577 4381 1631 metas
4425 1566 4530 1631 ab·

2596 1651 2833 1716 ducere
2880 1651 3280 1733 propositum
3327 1664 3443 1716 est.
3537 1652 3860 1731 Diximus,
3906 1651 4144 1717 molem
4182 1653 4365 1716 illam
4411 1674 4531 1734 qua

2594 1738 3088 1819 opprimebatur
3134 1737 3387 1811 Moses,
3433 1758 3561 1803 non
3608 1738 3811 1803 fuisse
3855 1760 3895 1802 a
3938 1737 4082 1803 Deo
4124 1739 4532 1821 impositam:

2595 1821 2709 1888 sed
2755 1831 3015 1887 tantum
3060 1824 3298 1906 populo
3342 1823 3548 1889 fuisse
3592 1824 3821 1888 ducem
3858 1826 4279 1906 praefectum,
4326 1822 4534 1907 quoad

2593 1910 2797 1974 ferret
2841 1910 2982 1974 eius
3027 1908 3319 1974 facultas.
3410 1909 3559 1976 Hoc
3604 1912 3924 1976 intactum
3960 1909 4274 1994 relinquit
4298 1910 4534 1989 Iethro,

2596 1996 2887 2078 adeoque
2930 1996 3273 2059 confirmat
3317 2016 3392 2060 ac
3436 1995 3494 2060 si
3553 1996 3815 2061 coelesti
3876 1996 4131 2061 decreto
4177 1996 4536 2062 subscribe-

2596 2091 2715 2148 ret.
2805 2080 2978 2161 Quia
3021 2080 3267 2146 electus
3311 2090 3453 2145 erat
3498 2091 3808 2164 tanquam
3854 2082 4214 2165 interpres,
4272 2094 4343 2147 et
4391 2103 4537 2146 eum

2594 2168 3006 2233 familiariter
3066 2166 3455 2232 admittebat
3511 2167 3696 2233 Deus
3756 2176 3833 2232 ut
3896 2168 4071 2233 inter
4112 2190 4184 2234 se
4227 2183 4297 2231 et
4341 2189 4536 2251 popu·

2597 2255 2732 2318 lum
2782 2253 3037 2317 medius
3080 2259 3267 2332 esset,
3312 2252 3495 2317 iubet
3540 2254 3604 2316 in
3654 2254 3776 2318 hac
3831 2255 4161 2320 functione
4205 2254 4535 2320 insistere:

2598 2339 2772 2420 Quia
2806 2349 3028 2403 autem
3062 2359 3388 2403 summam
3413 2337 3906 2421 gubernationis
3950 2352 4173 2405 tenere
4208 2361 4344 2404 non
4383 2361 4540 2424 pug-

2598 2427 2802 2492 nabat
2844 2446 2992 2490 cum
3038 2426 3393 2508 prophetae
3438 2425 3676 2505 officio,
3746 2428 4025 2491 maiores
4069 2427 4270 2490 etiam
4316 2447 4540 2492 causas

2600 2511 2683 2577 ad
2737 2532 2888 2575 eum
2948 2510 3177 2575 referri
3234 2510 3433 2575 iubet.
3531 2510 3646 2577 Sic
3682 2513 3857 2577 enim
3901 2514 4299 2594 interpretor
4345 2513 4540 2578 statui

2603 2598 2839 2663 Mosen
2880 2619 2919 2661 e
2963 2596 3226 2681 regione
3253 2597 3377 2661 Dei
3422 2600 3491 2661 in
3539 2596 3858 2661 tradenda
3900 2599 4162 2680 pietatis
4198 2599 4450 2682 regula,
4482 2607 4542 2661 et

2601 2682 2897 2750 obeundo
2934 2703 3208 2747 munere
3246 2683 3657 2765 prophetico:
3696 2683 3927 2749 referri
3965 2698 4181 2750 autem
4209 2687 4543 2768 graviores

2600 2790 2830 2834 causas
2876 2790 2915 2833 a
2959 2770 3301 2850 praefectis
3338 2768 3417 2832 ad
3465 2770 3565 2833 ius
3601 2789 3792 2834 suum
3839 2771 4071 2853 cuique
4117 2770 4539 2836 reddendum.

2774 2855 2876 2919 21.
2953 2852 3126 2919 Tunc
3188 2860 3393 2919 autem
3440 2855 3670 2937 deliyes
3725 2876 3804 2919 ex
3862 2861 3995 2922 toto.
4089 2856 4193 2921 Ad
4250 2857 4541 2934 verbum,

2602 2941 2992 3025 providebiS,
3041 2940 3211 3022 quod
3264 2940 3652 3005 tantundem
3712 2941 3885 3006 valet
3921 2963 3996 3006 ac
4032 2942 4285 3007 delectu
4324 2943 4542 3008 habito

2603 3027 3060 3112 dignissimum
3119 3047 3440 3110 quemque
3497 3047 3864 3093 assumere:
3925 3050 4008 3093 ne
4052 3028 4300 3094 scilicet
4358 3028 4542 3094 obvio

2603 3118 2835 3196 cuique
2878 3123 3065 3177 tanta
3109 3114 3445 3195 provincia
3489 3121 3734 3179 temere
3780 3115 4147 3180 mandetur.
4238 3116 4391 3182 Hoc
4436 3136 4542 3180 au·

2602 3213 2733 3266 tem
2780 3203 2848 3264 in
2902 3198 3105 3263 libero
3165 3201 3402 3282 populo
3460 3200 3747 3264 maxime
3805 3213 4356 3280 consentaneum,
4419 3222 4543 3266 non

2603 3309 2642 3352 a
2685 3307 2882 3353 censu
2930 3285 3034 3349 vel
3081 3284 3327 3349 divitiis
3371 3284 3619 3350 iudices
3665 3285 3813 3370 legi,
3858 3286 3973 3351 sed
4018 3289 4128 3369 qui
4164 3289 4414 3352 virtute
4436 3310 4544 3352 ει·

2603 3372 2932 3439 cellerent.
3035 3369 3427 3453 Quanquam
3496 3383 3712 3435 autem
3783 3385 4034 3438 rectum
4102 3385 4206 3438 est
4260 3376 4544 3456 primum

2605 3460 2828 3525 haberi
2873 3457 3141 3521 virtutis
3182 3465 3569 3540 respectum,
3617 3469 3688 3522 ut
3731 3459 3789 3522 si
3831 3459 3974 3541 quis
4019 3460 4089 3523 in
4135 3458 4330 3542 plebe
4368 3480 4545 3542 repe-

2602 3547 2811 3610 riatur
2869 3564 3024 3627 prae
3084 3543 3227 3607 aliis
3287 3542 3594 3620 idoneus,
3655 3546 3866 3626 potior
3913 3548 4003 3609 sit
4044 3545 4248 3611 nobili
4294 3557 4411 3611 ant
4453 3546 4543 3610 di-

2603 3633 2765 3696 vite:
2815 3639 3193 3713 perpetuam
3242 3637 3461 3693 tamen
3508 3629 3717 3712 legem
3754 3640 3820 3694 et
3856 3633 4310 3696 necessitatem
4362 3631 4544 3696 indu·

2602 3739 2750 3784 cere
2807 3719 2861 3782 si
2921 3716 3068 3798 quis
3130 3715 3318 3790 velit,
3386 3717 3621 3779 merito
3665 3717 4111 3782 contentiosus
4152 3719 4540 3783 censebitur.

2602 3804 2971 3869 Enumerat
3013 3810 3232 3866 autem
3258 3800 3484 3866 Iethro
3528 3812 3807 3883 quatuor
3849 3802 4036 3868 dotes
4080 3823 4246 3886 quae
4290 3805 4546 3887 potissi·

2601 3912 2783 3954 mum
2825 3890 2891 3952 in
2935 3886 3254 3953 iudicibus
3299 3887 3597 3952 creandis
3640 3887 4030 3970 spectandae
4073 3902 4245 3966 sunt,
4315 3910 4547 3971 nempe

2602 3977 3056 4041 strenuitatem
3114 3974 3182 4037 in
3231 3974 3425 4038 rebus
3487 3975 3776 4056 agendis,
3845 3975 4147 4039 timorem
4192 3974 4343 4053 Dei,
4390 3978 4547 4040 inte—

2602 4064 2928 4146 gritatem,
2989 4072 3057 4124 et
3114 4080 3310 4141 opum
3370 4069 3850 4142 contemptum:
3911 4082 4041 4124 non
4098 4074 4169 4125 ut
4226 4062 4395 4128 alias
4438 4083 4546 4126 ex·

2601 4147 2844 4225 cludat,
2889 4166 3166 4229 quarum
3211 4146 3421 4227 primo
3465 4145 3678 4228 capite
3716 4146 4207 4211 Deuteronomii
4252 4149 4329 4211 fit
4373 4170 4546 4212 men-

2607 4236 2714 4311 tio,
2761 4244 2838 4296 ut
2881 4232 3076 4315 paulo
3114 4244 3263 4313 post
3305 4230 3700 4297 videbimus:
3761 4230 3873 4296 sed
3919 4243 3991 4296 ut
4033 4234 4360 4316 significet
4418 4254 4546 4299 non

2602 4319 2922 4404 quoslibet
2979 4338 3120 4382 esse
3176 4317 3473 4392 idoneoS,
3540 4317 3674 4381 imo
3733 4318 3978 4400 requiri
4023 4319 4297 4384 eximias
4342 4321 4545 4385 virtu-

2604 4417 2730 4486 tes,
2773 4425 2938 4488 quas
2973 4425 3090 4486 per
3124 4401 3574 4487 synecdochen
3614 4403 3735 4468 sub
3771 4403 3876 4468 his
3913 4413 4191 4486 quatuor
4227 4406 4542 4489 designat.

2602 4493 2731 4560 Ubi
2803 4491 3120 4556 vertimus
3193 4489 3366 4555 viros
3424 4488 3657 4567 fortes,
3717 4488 4019 4555 hebraice
4080 4490 4322 4575 legitur
4380 4493 4545 4557 viros

2602 4577 3039 4643 fortitudinis:
3108 4596 3236 4657 quo
3294 4575 3557 4639 nomine
3612 4584 3851 4658 putant
3916 4576 4183 4658 quidam
4249 4579 4545 4642 robustos

2602 4677 2665 4729 et
2709 4662 3067 4729 laboriosos
3110 4659 3345 4725 notari.
3436 4660 3571 4726 Sed
3628 4662 3843 4744 potius
3898 4659 4069 4746 (meo
4112 4662 4384 4749 iudicio)
4440 4663 4543 4727 de-

2600 4754 2823 4834 signat
2888 4749 3105 4813 Moses
3171 4754 3474 4811 strenuos
3540 4757 3606 4811 et
3671 4747 4001 4825 cordatos,
4060 4768 4224 4828 quos
4283 4750 4545 4833 opponit

2603 4859 2731 4902 non
2778 4845 3037 4899 tantum
3082 4832 3360 4916 ignavis,
3405 4832 3522 4897 sed
3570 4832 3945 4898 socordibus
4011 4835 4209 4899 etiam
4255 4855 4333 4900 ac
4378 4835 4543 4899 timi-

2602 4923 2719 4988 dis.
2813 4921 3061 4984 Verum
3124 4918 3278 5000 quia
3337 4918 3581 5001 absque
3626 4921 3863 4984 timore
3913 4919 4037 4983 Dei
4081 4919 4406 4985 evanidus
4448 4931 4544 4984 est

2602 5020 2736 5073 tam
2781 5006 2982 5072 animi
3029 5025 3222 5086 quam
3266 5006 3557 5086 corporis
3604 5005 3821 5088 vigor,
3893 5006 4199 5088 pietatem
4248 5005 4542 5090 adiungit

2601 5092 2888 5160 secundo
2932 5092 3091 5169 loco,
3136 5101 3213 5154 ut
3255 5090 3326 5152 in
3373 5111 3646 5156 munere
3689 5113 3806 5156 suo
3841 5102 4191 5157 versentur
4235 5103 4537 5176 tanquam

2603 5181 2928 5246 rationem
2992 5175 3136 5241 Deo
3197 5173 3538 5240 reddituri.
3648 5178 3914 5242 Veritas
3994 5199 4128 5244 non
4209 5179 4539 5244 fraudibus

2602 5277 2863 5333 tantum
2908 5274 2974 5327 et
3016 5262 3251 5327 crassis
3294 5261 3672 5341 mendaciis,
3718 5264 3831 5327 sed
3876 5262 4233 5342 ambitioni,
4289 5263 4539 5330 blandis

2604 5348 3197 5437 pollicitationibus,
3287 5347 3561 5432 aliisque
3646 5348 3924 5432 obliquis
4010 5352 4288 5428 artibuS‚
4380 5371 4538 5433 quac
