4867 6150
545 424 678 491 687

549 613 681 680 tica
738 613 1124 697 repetitione
1179 612 1467 680 inculcat
1523 612 1741 695 Deus,
1815 621 1889 679 ut
1943 611 2287 679 inflexibili
2344 633 2497 678 con·

550 700 796 765 stantia
838 698 1084 765 iudices
1130 699 1439 783 aequitati
1485 699 1821 766 studeant:
1868 720 1990 765 nee
2028 699 2298 774 frustra,
2344 697 2503 782 quia

550 785 720 850 nihil
777 783 1134 869 proclivius
1192 806 1389 868 quam
1448 786 1673 852 favore
1734 785 1837 853 vel
1894 785 2044 851 odio
2086 783 2503 851 obtenebrari

546 869 890 936 hominum
961 878 1233 936 mentes.
1335 871 1595 937 Deinde
1666 893 1868 955 quum
1925 871 2313 936 innumerae
2369 870 2505 937 sint

549 956 883 1040 captiones
918 953 1000 1020 ad
1045 955 1528 1042 pessumdanda
1569 957 1827 1035 iudicia,
1874 956 2005 1023 nisi
2034 955 2229 1023 valde
2265 954 2503 1021 attenti

550 1042 684 1107 sint
726 1041 848 1125 ipsi
892 1041 1140 1109 iudices
1184 1042 1265 1108 ad
1309 1043 1586 1109 insidias
1629 1042 1957 1110 cavendas
1975 1094 1990 1124 ‚
2036 1041 2315 1109 subinde
2358 1041 2504 1108 illa·

550 1128 775 1211 queari
820 1128 1172 1214 continget.

1136 1469 1268 1536 Ex
1316 1467 1621 1536 EXODI
1653 1468 1928 1536 XXIII.

721 1640 782 1707 3.
834 1639 1183 1724 Pauperem
1225 1662 1349 1708 non
1394 1640 1730 1708 honorabis
1770 1661 1848 1706 ex
1888 1662 2013 1708 sna
2052 1660 2272 1708 eausa.

1070 1982 1203 2049 EX
1248 1981 1582 2049 EODEM
1627 1981 1982 2050 CAPI'PE.

723 2157 782 2222 6.
812 2154 961 2222 Non
984 2155 1250 2234 inflecte-³
1282 2152 1592 2220 iudicium
1613 2153 1939 2238 pauperis
1971 2153 2069 2219 tui
2103 2155 2172 2218 in
2205 2154 2315 2221 lite
2348 2154 2506 2222 eins,

722 2327 783 2392 6.
826 2326 978 2391 Non
1020 2326 1302 2406 im‘ledes.
1372 2323 1706 2407 Quoniam
1750 2324 1834 2391 ad
1877 2324 2297 2410 reprimenda
2340 2347 2508 2409 quae

547 2432 747 2496 saepe
789 2411 1186 2496 contingunt
1229 2411 1422 2489 vitia,
1468 2409 1778 2477 feruntur
1821 2410 2002 2497 leges
2020 2462 2035 2490 ,
2082 2431 2216 2476 non
2263 2412 2505 2478 mirum

546 2507 652 2565 est
696 2499 755 2564 si
796 2518 1120 2583 pauperes
1166 2495 1350 2563 Deus
1395 2495 1843 2575 commendet,
1897 2497 2133 2581 quibus
2176 2517 2312 2563 non
2356 2517 2508 2564 raro

545 2583 786 2649 accidit
839 2583 1262 2649 succumbere
1318 2582 1386 2648 in
1431 2580 1621 2647 bonis
1665 2583 1879 2649 causis
1899 2632 1915 2663 ,
1971 2580 2127 2648 dum
2172 2590 2239 2648 et
2281 2582 2508 2650 favore

550 2668 1030 2748 destituuntur,
1087 2677 1153 2734 et
1208 2677 1475 2753 propter
1534 2677 1979 2752 contemptum
2024 2669 2307 2753 expositi
2350 2675 2509 2736 sunt

551 2754 868 2836 iniuriae,
926 2775 1045 2821 nec
1102 2755 1318 2839 pretio
1361 2761 1615 2822 certare
1657 2763 1935 2839 possunt
1978 2776 2127 2821 cum
2171 2752 2505 2821 divitibus.

550 2840 796 2907 Merito
849 2840 1070 2991 imaue
1126 2840 1526 2925 prospicitur
1572 2861 1799 2906 eorum
1856 2840 2195 2920 tenuitati,
2238 2864 2322 2907 ne
2366 2840 2508 2907 exi·

545 2947 758 3012 guum
817 2946 945 3011 quo
1047 2924 1384 3010 possident
1439 2925 1572 2992 illis
1635 2927 1888 2993 auferat
1931 2926 2221 2993 iudicum
2263 2926 2508 3011 iniqui-

1984 422 2291 491 OOTAV
2304 423 2434 490 ΠΜ
2484 422 3133 491 PRAEOEP'PUM.

4417 423 4522 490 688

2606 618 2731 677 tas.
2840 609 3093 678 Verum
3157 609 3330 695 quod
3397 610 3725 695 sequitur,
3803 628 4285 694 supervacuum
4344 610 4533 678 videri

2605 707 2854 781 posset:
2910 697 3014 764 Ne
3060 698 3455 781 pauperibus
3499 697 3721 762 faveat
3761 695 3993 762 iudex:
4041 694 4214 779 quod
4254 697 4364 763 vix
4402 697 4530 764 fieri

2606 782 2801 849 solet:
2874 781 3109 849 deinde
3166 805 3298 849 non
3354 784 3662 850 convenit
3720 780 4116 867 reprehendi
4171 780 4339 865 quod
4394 782 4533 849 alibi

2607 870 2923 954 praecipit
2965 867 3185 950 Deus,
3231 889 3306 936 ae
3361 868 3543 935 laudi
3586 868 3785 934 ducit.
3872 866 4296 949 Respondeo,
4337 874 4533 934 tanto·

2607 976 2763 1041 pere
2810 955 2950 1020 Deo
3011 955 3267 1038 placere
3308 952 3803 1034 rectitudinem,
3858 961 3935 1019 ut
3977 951 4158 1019 nullo
4201 953 4390 1019 modo
4429 975 4537 1019 ex·

2608 1041 2915 1108 cusabilis
2973 1041 3060 1106 sit
3107 1039 3336 1120 iudex,
3395 1061 3782 1124 quocunque
3842 1047 4188 1122 praetextu
4249 1038 4352 1104 vel
4402 1046 4535 1105 tan-

2613 1126 2828 1193 tillum
2876 1128 2956 1192 ab
3001 1147 3080 1193 ea
3123 1127 3423 1203 declinet,
3470 1135 3663 1210 atque
3707 1125 3886 1192 hunc
3923 1145 4068 1191 esse
4112 1126 4313 1191 finem
4353 1123 4538 1191 huius

2612 1212 2980 1278 doctrinae:
3039 1213 3195 1296 quia
3249 1214 3375 1279 etsi
3419 1220 3494 1277 ut
3536 1211 3896 1296 plurimum
3941 1211 4288 1295 tyrannice
4338 1210 4537 1294 oppri—

2611 1299 2817 1364 mitur
2850 1319 3119 1383 pauper,
3164 1299 3432 1363 ambitio
3467 1308 3692 1364 tamen
3734 1294 4068 1363 interdum
4111 1296 4392 1362 iudicem
4430 1297 4542 1361 im-

2656 1384 2810 1450 ellet
2876 1384 2958 1450 ad
3016 1404 3394 1468 perversam
3450 1383 3995 1464 misericordiam,
4060 1391 4136 1447 ut
4191 1383 4415 1467 largus
4468 1382 4544 1447 sit

2609 1406 2693 1536 ge
2736 1470 2984 1549 alieno,
3035 1478 3231 1555 atque
3288 1471 3450 1537 haec
3504 1469 3780 1537 tentatio
3837 1489 3915 1535 eo
3972 1468 4396 1552 periculosior
4435 1474 4540 1545 est,

2611 1555 2784 1640 quod
2842 1555 3017 1621 fallit
3069 1556 3398 1623 iniustitia
3453 1556 3578 1622 sub
3630 1556 3845 1640 specie
3901 1554 4186 1620 virtutis.
4277 1553 4443 1619 Nam
4492 1552 4542 1619 si

2611 1642 2834 1708 oculos
2892 1651 3152 1709 tantum
3202 1642 3431 1728 dirigit
3472 1640 3670 1709 iudex
3716 1641 3798 1707 ad
3844 1640 4176 1706 miseriam
4220 1639 4544 1724 litigantis,

2612 1727 2813 1795 simul
2853 1728 3123 1813 obrepet
3163 1728 3381 1795 inanis
3416 1737 3652 1807 metus,
3697 1747 3783 1792 ne
3825 1725 4212 1811 pessumdet
4257 1746 4379 1792 sua
4418 1744 4545 1790 seu·

2613 1814 2824 1880 tentia
2877 1835 3069 1897 quem
3128 1823 3401 1898 cuperet
3443 1834 3587 1881 esse
3630 1813 3907 1879 salvum.
3992 1810 4100 1878 Ita
4140 1809 4319 1895 quod
4361 1811 4541 1876 unius

2613 1907 2789 1979 erat,
2850 1900 3039 1967 alteri
3093 1899 3510 1967 adiudicabit.
3602 1899 3816 1965 Maior
3872 1903 3976 1964 est
4029 1896 4370 1963 interdum
4409 1916 4547 1979 pau-

2610 2005 2843 2068 perum
2889 1987 3243 2067 temeritas,
3286 1983 3577 2061 audacia.
3622 1996 3690 2052 et
3722 1983 4085 2069 pertinacia
4118 1982 4205 2048 ad
4238 1982 4390 2048 lites
4422 2000 4545 2046 mo·

2612 2070 2861 2138 vendas
2917 2082 2987 2138 et
3042 2072 3523 2157 persequendas
3567 2091 3764 2155 quam
3809 2069 4126 2137 divitum:
4172 2068 4293 2135 ubi
4334 2086 4547 2135 causae

2614 2154 2952 2235 diffidunt,
2999 2158 3268 2225 solenne
3311 2166 3412 2224 est
3455 2156 3542 2222 ad
3579 2159 3911 2242 lacrymas
3954 2163 4021 2222 et
4062 2153 4549 2220 lamentationes

2612 2243 2985 2328 confugere,
3031 2243 3265 2327 quibus
3308 2243 3560 2311 iudices
3602 2244 3822 2309 minus
3864 2249 4092 2308 cautos
4125 2239 4547 2307 circumveni·

2612 2338 2768 2403 unt,
2825 2331 2939 2413 qui
2995 2350 3229 2396 causae
3267 2329 3489 2411 obliti,
3545 2337 3808 2395 tantum
3853 2327 3934 2394 de
3980 2325 4266 2394 levanda
4307 2324 4551 2391 miseria

2614 2422 2681 2479 et
2723 2423 3016 2498 egestate
3059 2417 3370 2502 cogitant.
3459 2416 3667 2498 Atqui
3709 2412 3868 2480 dum
3912 2434 4030 2497 pro
4071 2412 4283 2478 nihilo
4327 2412 4550 2478 ducunt

2611 2501 2933 2600 iacturam
2993 2501 3275 2567 divitum
3332 2501 3437 2589 (eo
3479 2500 3674 2584 quod'
3696 2499 3829 2567 illis
3872 2499 4160 2598 toleratu
4202 2500 4295 2564 sit
4335 2491 4550 2598 facilis)

2612 2605 2806 2739 {1⁰35
2806 2598 3278 2740 ‘'vi''mgssssffi
3315 2585 3831 2758 {33353222230
3856 2593 4190 2755 ⁸123&ss
4188 2583 4553 2736 εέὲῗῗῗέῃὲ

2610 2777 2932 2842 pauperes
2973 2761 3273 2843 opprimi,
3317 2761 3433 2824 nbi
3476 2780 3561 2825 ne
3601 2758 3762 2842 ipsis
3803 2757 4071 2841 quidem
4113 2757 4413 2823 succurri
4453 2773 4553 2837 pa·

2612 2844 2777 2910 titur
2818 2866 2969 2912 cum
3012 2843 3253 2912 damno
3298 2844 3600 2912 divitum.

1875 3653 2555 3731 APPENDICES
2600 3653 3182 3732 POLITICAE
3205 3644 3278 3733 ¹).

1153 3865 1285 3933 EX
1329 3867 1634 3935 EXODI
1677 3868 1914 3937 XXII.

730 4005 765 4069 1
786 4004 861 4091 ²).
926 4005 1152 4087 Quum
1186 4006 1448 4089 furatus
1500 4007 1699 4090 fuerit
1754 4008 1900 4090 quis
1938 4007 2144 4073 bovem
2185 4011 2297 4072 aut
2327 4026 2515 4089 pecu-

547 4091 711 4171 deon,
757 4095 816 4156 et
846 4091 1240 4175 haynlavmit,
1285 4096 1398 4157 aut
1427 4093 1792 4173 vendiderit,
1835 4095 2111 4176 quinque
2153 4091 2330 4158 boves
2371 4093 2514 4158 red-

550 4177 2515 4262 detproimboveffltquamorpecudespropecudeala:

550 4262 615 4327 2.
664 4262 773 4343 (Si
818 4264 893 4328 in
942 4263 1263 4345 effossione
1319 4264 1604 4330 inventus
1643 4265 1845 4348 fuerit
1883 4266 2029 4349 fur,
2078 4270 2137 4331 et
2166 4284 2516 4345 percussus

547 4348 775 4431 fuerit,
841 4353 897 4414 et
960 4349 1109 4414 inde
1150 4352 1463 4427 mutus,
1531 4369 1657 4415 non
1708 4352 1829 4415 erit
1882 4353 1944 4416 ei
1996 4351 2069 4416 in
2121 4353 2512 4432 sanquinem.

556 4433 616 4498 3.
646 4432 721 4498 Si
753 4440 927 4501 ortus
956 4434 1156 4516 fuerit
1187 4433 1284 4499 sol
1315 4455 1506 4516 super
1546 4456 1708 4514 enm,
1753 4437 1873 4501 erit
1911 4436 1984 4501 in
2017 4436 2078 4502 ei
2110 4437 2513 4520 sanquinem)

553 4519 863 4586 reddendo
917 4521 1165 4586 reddet.-
1222 4519 1286 4585 ei
1326 4540 1452 4585 non
1492 4523 1580 4587 eit
1620 4522 1709 4601 ei,
1755 4522 2055 4588 vendetur
2088 4527 2343 4604 propter
2378 4523 2519 4604 fur-

554 4610 691 4671 tum
723 4624 927 4670 suum.
994 4605 1054 4670 4.
1100 4604 1179 4671 Si
1210 4605 1707 4687 deprehendatur
1750 4608 1822 4673 in
1863 4628 2059 4673 mann
2102 4608 2242 4674 eine
2271 4609 2520 4692 furtum

556 4714 602 4757 a
633 4691 779 4758 bove
811 4710 1009 4772 nsque
1041 4693 1128 4758 ad
1162 4693 1437 4769 asinum,
1482 4713 1680 4776 usque
1714 4695 1802 4760 ad
1831 4694 2167 4777 pecudem:
2204 4695 2351 4760 viva
2393 4695 2519 4761 dno

555 4777 785 4844 reddet.

730 4930 1076 4997 Hactenus
1111 4930 1534 5015 iniquitatum
1573 4932 1900 5000 vindicem
1939 4953 2010 4999 se
2049 4932 2193 4999 fore
2236 4934 2521 5000 asseruit

559 5015 762 5097 Deus,
806 5018 1113 5101 furesque
1147 5017 1409 5084 citando
1454 5017 1535 5084 ad
1581 5039 1776 5085 suum
1822 5018 2137 5097 tribunal,
2182 5029 2518 5086 aeternam

570 5203 1083 5330 amalghffggrica
1116 5209 1179 5261 in
1213 5206 1451 5260 editione
1480 5207 1732 5276 principe
1763 5223 1877 5263 non
1909 5209 2134 5277 boian,
2183 5224 2303 5264 eam
2336 5214 2519 5264 tamen

735 5342 797 5412 2)
829 5343 969 5397 Heb.
1005 5342 1092 5413 21,
1125 5342 1223 5413 3⁷3
1259 5342 1346 5411 22,
1384 5342 1536 5398 1-3.

2616 3876 2896 3936 mortem
2954 3868 3086 3935 illis
3142 3869 3490 3936 minitatus
3533 3879 3652 3935 est.
3740 3868 3935 3935 Nunc
3979 3880 4351 3952 sequuntur
4391 3868 4550 3951 leges

2616 3955 2938 4035 forenses,
2993 3976 3273 4039 quarum
3330 3977 3464 4021 non
3524 3967 3659 4020 tam
3711 3963 3945 4021 exacta
3999 3963 4104 4020 est
4160 3964 4230 4020 et
4284 3954 4551 4037 perfecta

2619 4042 2815 4107 ratio:
2862 4041 3018 4123 quia
3065 4042 3246 4109 Deus
3286 4041 3361 4107 in
3404 4042 3487 4108 iis
3530 4039 3822 4106 ferendis
3864 4041 4110 4106 iustum
4156 4042 4217 4104 ri
4306 4061 4440 4106 rem
4479 4035 4549 4103 ad

2617 4127 2843 4211 populi
2886 4126 3195 4193 duritiem
3241 4128 3517 4193 inflexit.
3606 4125 3962 4192 Caeterum
4051 4125 4182 4191 uod
4218 4062 4413 4192 geue
4453 4144 4550 4221 po:

2621 4212 2780 4298 pulo
2837 4234 2956 4279 suo
3012 4212 3373 4280 tradiderat
3390 4266 3406 4291 ,
3469 4213 3748 4279 mutuati
3804 4218 3964 4278 sunt
4066 4210 4258 4278 einde
4316 4210 4552 4296 profem

2621 4298 3053 4384 legislatores.
3156 4299 3471 4383 Asperior
3536 4298 3800 4382 quidem
3865 4298 4083 4364 fuerat
4143 4299 4392 4377 Draco,
4452 4291 4554 4361 sed

2622 4384 2829 4451 nimia
2885 4387 3025 4451 eius
3079 4386 3397 4452 severitas
3440 4386 3640 4452 tacito
3675 4384 3902 4469 populi
3946 4382 4378 4450 Atheniensis
4418 4400 4551 4446 eon-

2623 4491 2822 4537 sensu
2888 4471 3227 4538 obsolevit.
3344 4473 3406 4538 A
3465 4470 3710 4540 Solone
3782 4477 4005 4536 autem
4073 4468 4365 4535 mutuati
4412 4472 4551 4534 sunt

2625 4557 2978 4624 decemviri
3038 4565 3291 4641 partem
3348 4557 3513 4624 iuris
3565 4555 3738 4642 quod
3780 4556 3851 4622 in
3895 4576 4050 4622 suas
4096 4554 4352 4621 tabulas
4393 4567 4550 4618 retu·

2625 4644 2875 4709 lerunt:
2935 4665 3110 4726 quau
3155 4665 3310 4709 uam
3363 4645 3434 4709 in
3490 4641 3913 4709 distinctione
3971 4661 4222 4725 poenae
4282 4638 4456 4724 dupli
4494 4641 4552 4734 et

2625 4728 2971 4813 quadrupli
3011 4737 3388 4796 variarunt:
3434 4728 3706 4795 tandem
3749 4747 4052 4795 successu
4096 4727 4407 4811 temporis
4447 4721 4550 4788 ah·

2627 4814 2784 4899 quid
2828 4824 3054 4899 postea
3096 4825 3426 4882 mutatum
3461 4824 3576 4882 est.
3656 4815 3911 4881 Verum
3956 4813 4250 4899 quisquis
4293 4808 4551 4897 pruden-

2627 4911 2730 4965 ter
2772 4903 2993 4967 omnia
3037 4901 3458 4986 expenderit,
3511 4901 3796 4985 reperiet
3839 4909 3977 4967 tam
4025 4898 4332 4966 Solonem
4377 4912 4552 4979 quam

2628 4985 3050 5067 decemviros,
3102 4988 3216 5054 ubi
3261 5009 3301 5052 a
3343 4989 3489 5073 lege
3534 4987 3661 5053 Dei
3708 4985 4134 5062 deflexerunt,
4178 4986 4247 5050 in
4291 4981 4553 5049 deterius

2624 5072 2964 5157 prolapsos
3007 5095 3169 5141 csse.
3257 5073 3484 5139 Primo
3528 5071 3877 5140 discrimen
3925 5072 4034 5139 hic
4073 5071 4341 5156 ponitur
4379 5063 4552 5152 quale

2626 5160 2940 5225 statuitur
2993 5159 3250 5245 legibus
3306 5160 3598 5226 romanis
3652 5161 3826 5224 inter
3862 5158 4042 5225 fures
4084 5156 4455 5223 manifestos
4492 5152 4552 5249 φῦ

2630 5265 2749 5310 nec
2816 5245 3224 5312 manifestos:
3294 5246 3429 5312 illic
3487 5246 3664 5312 enim
3720 5245 3831 5311 fur
3886 5265 4009 5312 nec
4068 5244 4439 5308 manifestus
4488 5254 4550 5299 m
4594 5269 4601 5288 ·

2627 5330 2904 5415 duplum
2948 5331 3329 5410 damnatur,
3375 5333 3761 5399 manifestus
3806 5351 3962 5397 vero
4005 5328 4078 5396 in
4121 5325 4545 5414 quadruplum·
