4867 6150
569 430 701 498 315

571 626 723 701 cute,
759 640 867 686 nec
888 618 1069 702 pilus
1104 619 1243 686 eius
1274 638 1494 686 versus
1522 620 1716 703 fuerit
1749 619 1820 684 in
1852 618 2215 699 albedinem,
2251 618 2523 684 includet

572 707 860 775 sacerdos
912 706 1180 789 plaqam
1241 710 1463 788 septem
1527 704 1763 773 diebus.
1866 704 1927 770 5.
2003 703 2230 770 Ροειεα
2293 703 2524 769 videbit

570 814 714 861 eum
754 792 1043 858 sacerdos
1083 792 1188 857 die
1228 793 1519 872 septimo.-
1560 797 1620 856 et
1661 792 1723 857 si
1751 790 1957 874 playa
1997 790 2198 872 fuerit
2236 788 2523 872 aequalis

573 899 784 948 coram
823 877 1019 943 oculis
1060 878 1214 955 eius,
1256 897 1365 942 nec
1406 878 1665 944 creverit
1695 876 1898 962 playa
1940 878 2011 941 in
2052 881 2203 951 cute,
2248 876 2519 941 includet

574 984 718 1031 eum
749 963 1039 1030 sacerdos
1071 967 1298 1046 septem
1332 963 1550 1030 diebus
1585 964 1868 1029 secundo.
1923 964 1983 1028 6.
2029 963 2205 1027 Tunc
2237 962 2527 1046 inspiciet

573 1050 860 1117 sacerdos
915 1050 1125 1131 ipsum
1181 1048 1283 1113 die
1323 1051 1583 1131 septimo
1631 1051 1893 1126 iterum,
1952 1053 2009 1114 ct
2048 1049 2110 1114 si
2150 1048 2454 1131 subniyra
2478 1046 2525 1134 ¹)

570 1137 767 1220 fuerit
795 1135 1012 1218 playa,
1056 1154 1163 1199 nec
1203 1135 1459 1200 creverit
1488 1135 1690 1220 playa
1731 1136 1804 1200 in
1846 1139 1996 1210 cute,
2037 1139 2181 1201 tunc
2222 1134 2526 1200 mundum

574 1220 910 1290 declarabit
929 1219 983 1307 ²)
1027 1241 1167 1286 eum
1208 1221 1527 1287 sacerdos.-
1584 1221 1821 1287 scabies
1871 1226 1991 1287 est:
2047 1225 2103 1285 et
2143 1219 2379 1285 lavabit
2419 1220 2527 1284 vir

574 1308 934 1374 vestimenta
976 1326 1117 1381 sua,
1163 1311 1218 1371 et
1258 1307 1530 1372 mundus
1563 1308 1700 1373 erit.
1769 1308 1828 1373 7.
1881 1306 2058 1390 Quod
2099 1307 2161 1371 si
2202 1305 2523 1371 crescendo

572 1394 828 1461 creverit
897 1391 1140 1459 scabies
1214 1393 1285 1456 in
1359 1397 1492 1458 cute
1555 1398 1893 1493 postquam
1971 1396 2251 1458 ostensus
2323 1392 2527 1473 fuerit

574 1478 882 1546 sacerdoti
944 1480 1016 1543 in
1069 1498 1206 1559 pur
1169 1479 1450 1576 ratione
1511 1480 1678 1558 eius,
1743 1479 2112 1560 inspicietur
2163 1479 2429 1543 secundo
2482 1498 2527 1542 a

573 1565 903 1632 sacerdote.
1007 1564 1066 1630 8.
1337 1569 1547 1630 autem
1611 1566 1841 1631 viderit
1902 1566 2194 1631 sacerdos
2254 1582 2527 1630 crescere

573 1651 839 1719 scabiem
879 1651 952 1715 in
993 1655 1157 1722 cute.
1224 1650 1619 1716 immundum
1673 1649 1984 1717 indicabit
2035 1670 2176 1716 eum
2216 1649 2526 1729 sacerdos,

571 1737 751 1819 lepra
793 1740 899 1802 est.
989 1734 1050 1801 9.
1103 1736 1351 1817 Quoties
1385 1737 1588 1822 playa
1629 1732 1838 1819 leprae
1886 1737 2082 1818 fuerit
2133 1737 2202 1801 in
2259 1735 2524 1810 homine,

576 1824 919 1921 adducetur
960 1821 1047 1887 ad
1101 1823 1506 1888 sacerdotem.-
1630 1823 1693 1889 0.
1755 1823 2165 1904 Etaspiciet
2217 1822 2526 1900 sacerdos,

578 1914 635 1975 et
665 1909 726 1975 si
759 1912 962 1972 tumor
1009 1906 1190 1972 albus
1241 1908 1443 1990 fuerit
1488 1908 1558 1974 in
1609 1914 1775 1988 cute,
1835 1915 1894 1974 et
1938 1909 2274 2009 mutaverit
2316 1907 2529 1989 pilum

578 1997 651 2061 in
693 1994 1036 2060 albedinem
1053 2044 1068 2073 ,
1128 1997 1184 2058 ει
1240 1994 1607 2059 alimentum
1662 1996 1876 2061 carnis
1929 1995 2108 2061 vivae
2157 1995 2227 2058 in
2270 1999 2525 2071 tumore,

584 2081 683 2146 11.
732 2080 944 2160 Lepra
986 2079 1327 2144 inveterata
1369 2086 1460 2145 est
1500 2081 1571 2145 in
1613 2086 1747 2147 cute
1787 2082 2003 2148 carnis
2055 2082 2222 2147 eius.-
2276 2081 2530 2160 ideoque

577 2165 1017 2233 contaminabit
1034 2185 1175 2230 eum
1209 2167 1515 2244 sacerdos,
1552 2168 1705 2249 quia
1726 2168 2091 2233 immundus
2111 2171 2214 2232 est.
2263 2166 2365 2230 12.
2407 2164 2530 2229 Sin

577 2250 985 2337 yerminando
1024 2251 1474 2335 yerminaverit
1531 2254 1708 2334 lepra
1764 2254 1837 2319 in
1894 2258 2056 2332 cute,
2117 2257 2174 2317 et
2216 2251 2532 2333 operuerit

582 2341 762 2422 lepra
774 2343 965 2404 totam
986 2342 1184 2403 cutem
1200 2338 1511 2422 plaqae,a
1540 2340 1741 2422 capite
1760 2340 1847 2404 ad
1868 2339 2064 2419 pedes
2086 2339 2240 2413 eius,
2264 2343 2320 2404 et
2339 2342 2534 2403 totum

580 2429 898 2506 aspectum
963 2423 1282 2489 oculorum
1344 2424 1718 2491 sacerdotis.-
1819 2425 1920 2490 13.
1996 2425 2169 2491 Tunc
2239 2424 2533 2504 inspiciet

582 2510 886 2588 sacerdos,
930 2513 986 2574 et
1028 2510 1088 2574 si
1123 2511 1441 2591 operuerit
1482 2510 1662 2592 lepra
1694 2515 1881 2576 totam
1919 2530 2169 2576 carnem
2198 2509 2350 2588 eius,
2386 2513 2534 2575 tunc

583 2597 886 2662 mundam
929 2594 1236 2661 iudicabit
1265 2595 1563 2678 playam:
1603 2595 1714 2660 ubi
1755 2601 1879 2662 tota
1920 2617 2104 2661 versa
2145 2601 2235 2661 εει
2265 2595 2338 2660 in
2373 2595 2534 2659 albe-

583 2682 826 2761 dinm,
869 2679 1106 2745 munda
1123 2680 1177 2766 ⁸)
1221 2685 1326 2746 est.
1421 2681 1521 2746 14.
1588 2682 1720 2764 Quo
1760 2687 1970 2747 autem
2012 2683 2114 2748 die
2155 2682 2298 2747 visa
2336 2680 2535 2763 fuerit

584 2768 656 2834 in
698 2787 765 2833 eo
806 2787 953 2833 caro
994 2766 1167 2843 viva,
1227 2768 1595 2834 immundus
1637 2768 1774 2834 erit.
1868 2768 1969 2835 15.
2021 2767 2111 2833 Et
2153 2767 2264 2833 ubi
2303 2766 2534 2832 viderit

581 2853 873 2919 sacerdos
912 2872 1167 2919 carnem
1209 2854 1452 2931 vivam,
1515 2854 1910 2921 immundum
1958 2854 2261 2920 iudicabit
2303 2854 2533 2935 ipsum,

582 2960 726 3005 caro
768 2940 916 3003 viva
958 2938 1285 3004 immunda
1328 2944 1435 3017 est,
1481 2938 1657 3022 lepra
1700 2945 1806 3007 est.
1882 2940 1982 3007 16.
2043 2939 2152 3006 Vel
2185 2940 2247 3006 si
2279 2959 2535 3004 reversa

577 3025 777 3111 fuerit
808 3044 955 3092 caro
989 3025 1168 3103 viva,
1206 3029 1262 3091 et
1294 3045 1586 3092 conversa
1621 3025 1692 3091 in
1726 3026 2099 3103 albedinem,
2143 3030 2288 3092 tunc
2336 3026 2536 3090 veniet

583 3113 672 3180 ad
711 3112 1116 3177 sacerdotem.
1183 3111 1285 3176 17.
1329 3109 1419 3177 Et
1460 3112 1751 3196 inspiciet
1791 3115 2112 3181 sacerdos.
2153 3117 2210 3177 et
2249 3113 2311 3178 si
2350 3131 2535 3177 versa

579 3198 780 3283 fuerit
812 3198 1012 3280 playa
1053 3197 1125 3262 in
1167 3198 1533 3279 albedinen
1574 3199 1875 3265 mundam
1913 3199 2217 3267 iudicabit
2246 3197 2536 3264 sacerdos

571 3284 841 3367 plaqam
883 3282 1098 3349 illam.-
1148 3284 1386 3350 munda
1429 3291 1536 3350 est.
1630 3286 1732 3351 18.
1791 3284 1884 3351 Et
1938 3287 2003 3351 si
2048 3286 2248 3367 fuerit
2288 3285 2361 3350 in
2402 3288 2537 3349 cute

585 3371 802 3435 carnis
876 3369 1154 3435 alicuius
1232 3369 1413 3435 ulcus
1431 3369 1504 3457 ⁴),
1581 3376 1638 3436 et
1712 3371 1876 3437 illud
1949 3376 2247 3437 sanatum
2322 3370 2539 3452 fuerit,

589 3455 691 3521 19.
726 3451 817 3521 Et
850 3454 1201 3520 exstiterit
1173 3475 1246 3519 in
1277 3454 1403 3521 loco
1435 3456 1663 3523 ulceris
1695 3462 1903 3523 tumor
1936 3458 2135 3536 albus,
2160 3461 2270 3523 aut
2289 3455 2541 3522 macula

564 3541 731 3609 ‘alba
793 3540 1095 3620 subrufa,
1162 3541 1511 3607 ostendetur
1573 3543 1914 3610 sacerdoti.-
2012 3544 2118 3610 20.
2187 3542 2276 3612 Et
2346 3562 2540 3625 quum

575 3627 936 3710 inspexerit
976 3627 1282 3706 sacerdos,
1325 3628 1388 3692 si
1419 3627 1603 3709 pilus
1635 3629 2013 3712 profundior
2051 3630 2249 3712 fuerit
2289 3633 2440 3708 cute,
2484 3632 2542 3694 et

574 3713 760 3796 pilus
802 3732 1135 3778 conversus
1172 3712 1367 3793 fuerit
1407 3715 1480 3778 in
1514 3714 1873 3794 albedinem,
1919 3714 2364 3782 contaminabit
2398 3735 2543 3780 eum

587 3799 912 3864 sacerdos:
969 3799 1127 3879 quia
1173 3798 1367 3881 playa
1413 3801 1623 3882 leprae
1664 3807 1756 3867 est
1794 3823 1871 3867 ex
1912 3802 2114 3869 ulcere
2151 3803 2539 3901 qerminans.

588 3884 694 3950 21.
753 3882 845 3948 Et
882 3884 942 3948 si
984 3884 1215 3950 viderit
1256 3904 1396 3950 eam
1436 3887 1759 3967 sacerdos,
1816 3893 1874 3954 et
1929 3909 2053 3953 non
2107 3887 2309 3970 suerit
2352 3889 2422 3952 in
2465 3907 2541 3952 ea

571 3970 761 4055 pilus
814 3968 1023 4048 albus,
1085 3990 1190 4037 nec
1249 3970 1451 4052 fuerit
1499 3973 1885 4055 profundior
1946 3979 2109 4051 cute,
2177 3974 2286 4040 sed
2345 3973 2543 4055 fuerit

586 4056 980 4133 subobscura,
1023 4059 1167 4120 tunc
1215 4057 1486 4123 includet
1530 4079 1671 4126 eum
1704 4060 1994 4126 sacerdos
2041 4064 2268 4141 septem
2300 4059 2539 4126 diebus.

589 4142 694 4208 22.
746 4141 822 4206 Si
862 4162 1005 4206 vero
1048 4145 1365 4209 crescendo
1408 4146 1664 4210 creverit
1693 4165 1820 4226 per
1861 4150 2088 4222 cutem,
2145 4146 2544 4212 immundum

588 4227 894 4294 iudicabit
951 4247 1095 4292 eum
1145 4228 1469 4295 sacerdos.
1504 4231 1704 4314 playa
1747 4235 1853 4298 est.
1942 4231 2046 4297 23.
2112 4230 2187 4297 Si
2244 4252 2382 4297 vero
2425 4250 2542 4296 suo

583 4313 1343 4381 lococonstiteritmacula
1377 4315 1542 4397 alba,
1579 4337 1689 4383 nec
1721 4319 1994 4393 creverit,
2030 4318 2283 4385 adustio
2315 4317 2546 4383 ulceris

592 4404 717 4465 est.-
771 4400 1075 4465 mundum
1098 4399 1149 4486 ⁵)
1203 4401 1510 4469 iudicabit
1562 4424 1706 4470 eum
1761 4405 2069 4470 sacerdos.
2171 4403 2275 4469 24.
2339 4404 2546 4485 Quum

591 4486 793 4568 fuerit
832 4504 980 4553 caro
1022 4487 1095 4551 in
1137 4489 1321 4553 cuius
1354 4495 1490 4554 cute
1522 4490 1641 4555 erit
1683 4490 1932 4556 adustio
1973 4491 2162 4574 iynis,
2203 4496 2262 4555 et
2295 4490 2366 4555 in
2398 4490 2547 4554 viva

592 4591 778 4637 carne
843 4572 1201 4639 adustionis
1274 4575 1526 4641 macula
1600 4575 1746 4641 alba
1820 4577 2118 4660 subrufa,
2197 4575 2293 4641 vel
2364 4574 2549 4640 alba.-

593 4657 701 4724 25.
749 4654 1050 4739 Inspiciet
1092 4679 1233 4725 eum
1283 4662 1601 4728 sacerdos.
1654 4667 1737 4742 et,
1779 4663 1842 4728 si
1882 4683 2099 4728 versus
2139 4663 2335 4746 fuerit
2366 4661 2549 4742 pilus

593 4745 668 4811 in
709 4742 1056 4809 albedinem
1099 4745 1168 4809 in
1207 4747 1458 4812 macula
1499 4747 1634 4828 illa,
1685 4753 1744 4813 ει
1781 4749 2137 4830 superficies
2178 4749 2317 4814 eius
2342 4748 2551 4847 fuerit

583 4829 971 4914 profundior
1026 4836 1190 4911 cute,
1247 4832 1422 4914 lepra
1479 4839 1568 4900 est
1630 4835 1703 4900 in
1767 4835 2094 4902 adustione
2153 4835 2552 4919 yerminans:

771 5087 802 5141 1
871 5086 941 5141 ln
975 5102 1099 5143 mar
1147 5088 1254 5141 ’nee
1289 5088 1415 5154 Vel,
1449 5089 1732 5143 obscurius
1768 5095 2065 5145 contracta.

771 5157 808 5210 2
870 5155 961 5212 Iba
954 5157 1015 5210 d.
1110 5157 1177 5224 el,
1214 5175 1305 5210 mu
1309 5157 1380 5210 nd
1383 5158 1473 5210 abi
1476 5164 1513 5210 t.

770 5224 807 5281 3
866 5225 1009 5281 Ibid.
1047 5225 1173 5289 Vel,
1204 5227 1406 5280 munda
1375 5242 1453 5279 um

770 5292 809 5348 4
867 5295 1012 5351 Ibid.
1051 5295 1165 5361 Vel,
1201 5296 1420 5365 pustula
1445 5295 1667 5349 ardens.

776 5336 1489 5433 5)11›a·d.V01',mundam.

2031 428 2410 497 PRIMUM
2452 429 3104 497 PRAEOEPTUM.

4438 432 4548 498 316

2625 620 2762 685 ideo
2806 619 3200 684 immundam
3242 616 3547 684 iudicabit
3585 636 3727 682 eam
3768 617 4074 697 sacerdos,
4128 617 4329 701 playa
4368 619 4552 702 leprae

2627 715 2736 771 est.
2839 706 2944 771 26.
3011 704 3187 787 Quod
3238 705 3300 769 si
3362 703 3715 784 inspexerit
3770 723 3908 768 eam
3959 705 4279 783 sacerdos,
4344 711 4399 770 et
4447 727 4554 771 non

2623 791 2824 873 fuerit
2867 792 2938 856 in
2972 790 3219 856 macula
3251 789 3436 871 pilus
3478 788 3676 869 albus,
3719 809 3829 854 nec
3860 789 4249 871 profundior
4282 796 4425 869 cute,
4458 793 4554 859 sed

2622 877 2820 960 fuerit
2861 875 3164 960 subniyra
3183 927 3197 953 ‚
3245 876 3520 941 includet
3561 895 3704 940 eum
3744 876 4032 941 sacerdos
4073 881 4303 956 septem
4342 877 4552 944 diebus.

2626 963 2730 1028 27.
2797 962 3023 1028 Postea
3077 962 3370 1044 inspiciet
3425 981 3566 1026 eum
3602 962 3891 1028 sacerdos
3933 961 4035 1026 die
4075 963 4365 1043 septimo.-
4413 969 4468 1029 et
4503 965 4557 1030 si

2624 1049 2942 1115 crescendo
2996 1049 3255 1113 creverit
3311 1049 3381 1112 in
3434 1052 3599 1124 cute,
3657 1047 4049 1112 immundam
4099 1047 4402 1114 iudicabit
4437 1070 4559 1115 eam

2625 1136 2933 1212 sacerdos,
2967 1132 3167 1216 playa
3208 1134 3425 1215 leprae
3461 1138 3566 1200 est.
3656 1132 3761 1199 28.
3828 1132 4004 1215 Quod
4060 1135 4121 1199 si
4180 1135 4252 1198 in
4300 1134 4422 1200 loco
4460 1156 4559 1201 suo

2625 1221 2855 1287 steterit
2887 1219 3156 1297 macula,
3198 1239 3307 1286 nec
3348 1221 3609 1285 creverit
3638 1239 3762 1299 per
3794 1223 4006 1297 cutem,
4053 1226 4110 1284 et
4141 1219 4354 1285 eadem
4382 1221 4562 1302 fuerit

2623 1311 2934 1373 contracta
2959 1303 3026 1391 ¹),
3092 1310 3296 1370 tumor
3360 1306 3723 1371 adustionis
3779 1309 3899 1370 est.-
3963 1306 4223 1389 ideoque
4280 1308 4560 1371 mundum

2624 1391 2928 1459 iudicabit
2989 1412 3130 1457 eum
3199 1392 3520 1457 sacerdos.
3587 1392 3743 1472 quia
3806 1392 4001 1457 ardor
4063 1393 4407 1458 eoeustionis
4467 1399 4560 1457 est.

2628 1478 2730 1544 29.
2782 1477 2858 1542 Si
2900 1479 3037 1543 viro
3080 1481 3191 1542 aut
3230 1476 3482 1542 mulieri
3522 1481 3742 1542 exorta
3771 1479 3973 1559 fuerit
4002 1477 4209 1563 playa
4251 1480 4325 1543 in
4366 1478 4562 1559 capite,

2626 1570 2737 1630 aut
2776 1566 2848 1629 in
2903 1562 3118 1642 barba,
3203 1563 3307 1662 30.
3373 1564 3551 1629 Tunc
3601 1564 3896 1645 inspiciet
3949 1565 4245 1631 sacerdos
4295 1564 4566 1646 playam:

2627 1656 2683 1718 et
2724 1651 2786 1717 si
2823 1613 3182 1731 superficies
3221 1649 3359 1715 eius
3391 1650 3774 1731 profundior
3813 1650 3937 1715 erit
3977 1655 4126 1727 cute,
4178 1655 4237 1715 et
4271 1652 4464 1730 fuerit
4501 1651 4563 1714 in

2626 1758 2702 1803 ea
2724 1737 2909 1817 pilus
2933 1736 3145 1814 flavus
3162 1739 3219 1801 et
3237 1737 3460 1814 tenuis,
3494 1737 3888 1801 immundum
3924 1736 4231 1803 iudicabit
4260 1736 4565 1801 sacerdos.-

2626 1822 2878 1888 macula
2919 1822 3108 1905 niqra
3149 1826 3254 1899 est,
3290 1821 3466 1902 lepra
3501 1824 3731 1903 capitis
3765 1828 3879 1888 aut
3914 1820 4147 1888 barbae
4178 1828 4288 1888 est.
4355 1821 4454 1887 31.
4500 1820 4568 1887 Si

2628 1914 2833 1975 autem
2875 1909 3216 1990 inspexerit
3257 1908 3546 1974 sacerdos
3574 1908 3843 1991 playam
3883 1908 4165 1975 maculae
4219 1910 4468 1991 niqrae,
4521 1911 4570 1970 et

2627 1992 2990 2094 superficies
3031 1994 3171 2058 eius
3212 2012 3339 2057 non
3376 1994 3576 2075 fuerit
3602 1996 3992 2077 profundior
4033 2000 4196 2073 cute,
4263 2014 4375 2060 nec
4404 1993 4571 2091 pilus

2629 2083 2808 2166 niyer
2848 2080 2921 2146 in
2963 2099 3055 2157 ea,
3100 2078 3369 2144 includet
3409 2082 3697 2145 sacerdos
3731 2081 4009 2164 plagam
4035 2081 4325 2146 maculae
4365 2080 4568 2163 niqrae

2630 2172 2860 2251 septem
2900 2165 3137 2265 diebus.
3226 2165 3330 2230 32.
3392 2164 3481 2230 Ει
3529 2186 3723 2248 quum
3763 2167 4111 2248 inspexerit
4149 2167 4442 2232 sacerdos
4479 2166 4572 2229 die

2630 2253 2914 2337 septima,
2960 2251 3024 2316 si
3064 2270 3187 2315 non
3230 2253 3488 2317 creverit
3529 2252 3781 2318 macula
3822 2253 3942 2320 illa
3982 2253 4202 2337 niqra,
4247 2272 4360 2317 nec
4400 2252 4468 2316 in
4505 2270 4572 2314 ea

2628 2341 2828 2423 fuerit
2849 2337 3033 2419 pilus
3045 2337 3274 2418 flavus,
3296 2343 3352 2403 et
3374 2343 3661 2420 aspectus
3683 2339 3964 2405 niaculae
3989 2339 4214 2423 niqrae
4237 2358 4361 2404 non
4394 2336 4575 2419 fuerit

2622 2424 3019 2508 profundior
3082 2427 3245 2488 cute:
3343 2423 3447 2489 33.
3522 2424 3699 2490 Tunc
3759 2426 4048 2505 radetur,
4103 2424 4213 2490 sed
4276 2423 4575 2489 maculam

2633 2512 2884 2594 niqram
2906 2529 3028 2573 non
3048 2509 3250 2587 radet,
3285 2510 3675 2592 includetque
3693 2513 3983 2576 sacerdos
4001 2511 4320 2576 maculam
4339 2510 4575 2593 niqram

2635 2618 2702 2664 se
2746 2601 2864 2662 tem
2905 2595 3122 2661 diebus
3162 2595 3443 2661 secundo.
3532 2595 3636 2661 34.
3688 2595 3915 2662 Postea
3957 2596 4249 2679 inspiciet
4300 2594 4574 2661 sacerdos

2635 2683 2951 2749 mculam
2991 2682 3246 2764 niyram
3284 2682 3387 2748 die
3427 2682 3725 2762 septima.-
3766 2687 3839 2763 et,
3882 2684 3946 2748 si
3985 2702 4112 2747 non
4152 2682 4414 2748 creverit
4454 2700 4576 2745 ma-

2637 2770 2779 2835 cula
2800 2769 2998 2851 niqra
3008 2768 3076 2833 in
3111 2771 3258 2846 cute,
3291 2787 3400 2833 nec
3418 2768 3779 2850 superficies
3813 2769 3951 2834 eius
3975 2768 4366 2851 profundior
4395 2765 4576 2849 fuerit

2637 2860 2802 2933 cute,
2865 2852 3171 2918 mundum
3244 2853 3550 2919 iudicabit
3624 2873 3765 2918 eum
3838 2855 4163 2920 sacerdos.-
4237 2852 4578 2934 lavabitque

2638 2942 3000 3006 vestimenta
3041 2959 3194 3017 sua,
3234 2943 3292 3004 et
3332 2940 3608 3005 mundus
3649 2941 3787 3005 erit.
3874 2940 3979 3006 35.
4043 2939 4119 3005 Si
4175 2944 4387 3005 autem
4427 2957 4576 3004 cres·

2638 3028 2823 3094 cendo
2883 3025 3139 3092 creverit
3191 3025 3439 3091 macula
3483 3046 3605 3109 per
3661 3030 3857 3093 eutem
3899 3031 4054 3108 post
4081 3025 4579 3127 pmificationem

2637 3132 2842 3194 suam,
2928 3113 3031 3178 36.
3085 3112 3262 3178 Tunc
3303 3112 3590 3212 inspiciet
3630 3132 3772 3179 eam
3827 3114 4149 3180 sacerdos.-
4208 3117 4301 3191 ει,
4359 3113 4422 3179 si
4460 3130 4576 3176 cre-

2638 3201 2797 3267 verit
2851 3198 3101 3264 macula
3156 3197 3276 3264 illa
3332 3200 3402 3263 in
3457 3203 3620 3278 cute,
3677 3219 3803 3265 non
3856 3200 4130 3282 requiret
4188 3199 4279 3265 ad
4336 3214 4579 3264 examen

2638 3286 2928 3353 sacerdos
2961 3284 3170 3367 pilum
3215 3284 3481 3364 flavum.-
3535 3285 3897 3351 immundus
3936 3291 4043 3350 est.
4132 3285 4236 3351 37.
4301 3284 4478 3366 Quod
4526 3281 4581 3348 si

2640 3374 2713 3439 in
2755 3371 2951 3438 oculis
2993 3372 3132 3435 eius
3172 3371 3513 3436 constiterit
3553 3371 3822 3449 macula,
3863 3375 3919 3437 et
3951 3371 4132 3454 pilus
4172 3371 4359 3454 niyer
4397 3368 4581 3452 fuerit

2641 3460 2712 3523 in
2754 3478 2847 3535 ea,
2892 3460 3122 3522 sanata
3156 3461 3249 3521 est
3289 3457 3540 3522 macula
3583 3457 3717 3537 αἶα,
3752 3457 4025 3555 mundus
4058 3462 4163 3534 est,
4201 3461 4259 3522 et
4292 3456 4583 3521 mundum

2640 3543 2947 3612 iudicabit
2988 3562 3129 3607 eum
3168 3543 3471 3609 sacerdos.
3536 3543 3639 3610 38.
3693 3545 3903 3626 Quum
3943 3542 4015 3607 in
4047 3548 4180 3609 cute
4212 3542 4436 3608 carnis
4466 3538 4582 3605 viri

2641 3636 2750 3696 aut
2791 3629 3084 3694 mulieris
3120 3628 3361 3709 fuerint
3400 3629 3696 3706 maculae,
3742 3629 4028 3695 maculae
4071 3631 4345 3711 inquam
4390 3626 4579 3702 albae,

2642 3716 2748 3783 39.
2813 3712 3117 3795 Inspiciet
3167 3715 3484 3794 sacerdos,
3542 3720 3634 3793 et,
3688 3715 3752 3780 si
3809 3716 3881 3780 in
3927 3720 4059 3780 cute
4111 3715 4332 3780 carnis
4386 3728 4583 3779 eorum

2639 3803 2882 3886 fuerint
2921 3800 3205 3866 maculae
3246 3800 3455 3880 albae,
3521 3802 3784 3884 subni9r
3781 3800 3947 3887 ae,²)
3991 3800 4243 3866 macula
4297 3799 4450 3865 alba
4502 3799 4585 3861 est

2643 3888 2808 3972 quod
2843 3887 3021 3968 floret
3064 3886 3133 3949 in
3176 3890 3323 3961 cute,
3367 3886 3641 3952 mundus
3682 3891 3787 3953 est.
3866 3887 3972 3952 40.
4034 3886 4155 3953 Vir
4192 3906 4391 3968 quum
4426 3882 4583 3964 depi-

2642 3975 2842 4040 latum
2902 3973 3103 4055 fuerit
3163 3976 3351 4055 caput
3419 3973 3591 4052 eius,
3666 3972 3886 4040 calvus
3951 3978 4074 4050 est,
4142 3972 4423 4037 mundus
4483 3971 4580 4033 εει.

2644 4060 2749 4126 41.
2802 4023 4586 4155 Quodsiexpartefacieisuaemputhabueritdepi-

2644 4147 2872 4222 latum,
2926 4144 3301 4210 recalvaster
3353 4150 3475 4220 est,
3531 4146 3807 4211 mundus
3847 4150 3954 4211 est.
4043 4144 4147 4209 42.
4421 4142 4483 4208 si
4519 4140 4584 4203 in

2642 4231 2892 4300 calvitio
2955 4232 3095 4295 eius
3157 4234 3270 4295 aut
3319 4235 3511 4328 parte
3574 4231 3852 4312 depilata
3914 4231 4112 4312 fuerit
4157 4228 4361 4314 playa
4431 4225 4582 4302 alba,

2643 4318 2930 4400 subrufa,
2965 4316 3142 4397 lepra
3179 4317 3545 4400 yerminans
3576 4322 3666 4383 est
3699 4318 3770 4382 in
3802 4316 4070 4390 calvitio,
4105 4317 4201 4381 vel
4233 4319 4427 4396 parte
4459 4312 4586 4379 eius

2644 4403 2943 4486 depilata.
3012 4402 3116 4468 43.
3161 4402 3447 4484 Aspiciet
3479 4423 3624 4486 erqo
3658 4423 3800 4468 eum
3833 4402 4154 4468 sacerdos.-
4186 4408 4259 4481 et,
4294 4402 4359 4465 si
4392 4406 4587 4465 tumor

2635 4490 2871 4574 plagae
2912 4488 3107 4568 albus,
3150 4487 3343 4571 rufus
3381 4488 3455 4553 in
3486 4489 3733 4554 calvitio
3764 4489 3906 4555 eius
3937 4492 4052 4554 aut
4078 4493 4271 4568 parte
4301 4485 4589 4568 depilata,

2647 4578 2808 4643 sicut
2847 4575 3082 4656 species
3120 4574 3332 4656 leprae
3372 4575 3444 4639 in
3484 4579 3617 4640 cute
3656 4576 3891 4653 carnis,
3978 4573 4082 4638 44.
4158 4572 4278 4639 Vir
4317 4572 4588 4653 leprostcs

2649 4667 2768 4740 εει,
2813 4661 3178 4727 immundus
3230 4665 3355 4726 εει.
3407 4662 3891 4727 contaminando
3931 4656 4377 4726 contaminabit
4417 4656 4588 4721 illum

2649 4748 2973 4815 sacerdos.-
3026 4747 3092 4812 in
3138 4747 3340 4829 capite
3380 4749 3521 4811 eius
3563 4752 3652 4813 est
3691 4746 3884 4829 playa
3925 4747 4078 4812 eius.
4167 4743 4272 4810 45.
4334 4739 4589 4824 Leprosi

2649 4840 2863 4901 autem
2894 4835 2967 4898 in
2999 4853 3121 4915 quo
3151 4832 3349 4914 fuerit
3375 4833 3574 4916 playa
3607 4832 3744 4912 illa,
3775 4833 4134 4898 vestimenta
4164 4835 4349 4896 erunt
4380 4829 4587 4903 scissa,

2652 4926 2710 4987 et
2771 4924 2959 5003 caput
3020 4918 3158 4983 eius
3221 4919 3486 4997 nudum,
3566 4923 3623 4983 et
3684 4919 3901 5001 pilum
3964 4916 4133 4984 labri
4207 4917 4470 4997 operiet,

2655 5006 3064 5083 Immundus,
3127 5004 3494 5070 immundus
3534 5023 3710 5083 sum,
3766 5002 4085 5104 elambit.
4169 5000 4275 5068 46.
4350 4998 4589 5066 Cunctis

2653 5092 2868 5159 diebus
2932 5089 3160 5173 quibus
3230 5090 3428 5173 fuerit
3487 5090 3689 5174 playa
3750 5089 3821 5156 in
3883 5110 3982 5171 eo,
4058 5087 4586 5157 contaminabitur.

2994 5230 3063 5238 -—

2828 5296 2889 5435 13
2925 5296 2997 5348 In
3030 5296 3307 5365 maraine.-
3346 5294 3464 5362 Vel,
3497 5295 3773 5366 subnigra.

2926 5364 3073 5420 Ibid-
3109 5364 3231 5433 Vel,
3266 5371 3594 5419 contractae.
