4867 6150
593 423 729 489 483
2000 420 2512 492 SECUNDUM
2578 420 3224 487 PRAECEPTUM.
4449 425 4557 491 484

591 612 1018 698 proiicerent:
1066 623 1258 696 atque
1302 613 1395 677 ita
1441 611 1636 678 fiebat
1680 620 1755 677 ut
1796 634 1928 677 non
1975 611 2123 696 plus
2168 611 2552 677 duodecima

598 708 785 783 parte
851 700 921 764 in
986 698 1278 782 singulos
1344 720 1550 763 annos
1614 699 1774 783 ipsis
1838 699 2171 781 integrum
2231 707 2546 762 maneret.

595 785 904 868 Denique
949 786 1018 849 in
1065 795 1316 868 septem
1354 784 1545 849 annis
1579 785 1929 866 peculiaris
1965 784 2091 848 fuit
2128 784 2327 848 unius
2367 782 2551 860 ratio,

601 878 678 936 ut
721 892 855 934 non
899 871 1016 936 soli
1063 871 1339 936 Levitae
1397 872 1709 953 privatim
1764 870 1890 936 sibi
1934 870 2219 936 decimas
2265 870 2551 952 percipe-

600 967 767 1031 rent,
811 956 924 1021 sed
969 956 1533 1022 communicarent
1567 976 1718 1023 cum
1755 955 2043 1041 pupillis,
2090 954 2320 1032 viduiS,
2366 976 2553 1038 pere-

599 1043 813 1128 grinis
858 1053 923 1106 et
967 1042 1111 1107 aliis
1158 1042 1576 1125 pauperibus.
1635 1042 2018 1119 Comedant,
2065 1042 2293 1124 inquit,
2339 1051 2409 1104 et
2451 1062 2553 1105 sa-

601 1137 938 1206 turentur,
999 1127 1235 1210 quibus
1298 1127 1539 1211 alioqui
1597 1128 1867 1194 ferenda
1922 1138 2097 1194 esset
2140 1128 2420 1203 esuries,
2482 1135 2558 1191 ut

603 1212 945 1280 benedicat
991 1213 1109 1278 tibi
1159 1215 1373 1279 Deus:
1418 1234 1546 1297 qua
1591 1215 2017 1297 promissione
2063 1215 2237 1297 ipsos
2275 1213 2356 1278 ad
2393 1214 2553 1278 libe-

600 1299 929 1365 ralitatem
981 1300 1240 1365 invitat.

779 1385 977 1463 Deut,
1016 1386 1121 1464 26,
1163 1386 1261 1450 12.
1357 1385 1701 1466 Postquam
1744 1385 2161 1467 compleveris,
2221 1384 2369 1450 Hoc
2412 1384 2555 1449 loco

604 1471 1067 1536 vehementius
1125 1472 1301 1554 ipsos
1355 1470 1437 1536 ad
1496 1470 1782 1537 decimas
1841 1472 2121 1536 libenter
2182 1482 2249 1535 et
2303 1471 2556 1553 prolixe

604 1556 974 1622 offerendas
1019 1557 1418 1637 exstimulat,
1464 1578 1666 1639 quum
1713 1557 1843 1622 illis
1889 1557 2104 1622 Deum
2158 1557 2346 1639 quasi
2404 1565 2556 1621 ante

604 1642 826 1709 oculos
871 1642 1135 1722 statuit,
1197 1663 1271 1707 ao
1322 1643 1380 1709 si
1422 1642 1490 1707 in
1537 1644 1678 1708 eius
1734 1664 2001 1708 manum
2046 1663 2160 1706 eas
2205 1642 2554 1708 solverent.

604 1728 919 1794 Solennis
975 1731 1147 1793 enim
1208 1729 1595 1794 contestatio
1661 1729 2008 1807 indicitur,
2069 1750 2198 1811 qua
2256 1749 2325 1792 se
2384 1727 2556 1812 apud

605 1813 828 1879 Deum
866 1824 1054 1879 reatu
1102 1814 1549 1898 obstringant,
1612 1816 1740 1879 nisi
1785 1814 2066 1880 fideliter
2111 1815 2560 1898 praestiterint

605 1901 988 1983 impositum
1036 1900 1161 1965 sibi
1206 1900 1514 1984 vectigal:
1577 1900 1745 1984 quod
1790 1903 1845 1967 si
1891 1900 2087 1985 probe
2162 1900 2372 1965 officio
2417 1900 2556 1963 fue-

607 1987 747 2050 rint
811 1985 1156 2068 perfuncti,
1223 2008 1446 2069 pacem
1516 1996 1581 2051 et
1643 1989 1924 2069 gratiam
1992 1996 2283 2051 exorent.
2372 1986 2560 2051 Nihil

606 2073 787 2136 enim
832 2072 1042 2157 magis
1087 2073 1586 2157 expergefacere
1624 2084 1837 2156 potest
1882 2072 2180 2138 homines
2216 2093 2407 2154 quam
2448 2071 2559 2136 ubi

604 2158 789 2223 Deus
853 2159 921 2222 in
991 2179 1127 2222 rem
1197 2164 1609 2243 praesentem
1679 2158 1924 2223 arbiter
1983 2167 2271 2224 vocatur.
2373 2158 2560 2222 Haec

603 2246 775 2308 ratio
818 2254 921 2308 est
964 2265 1081 2310 cur
1125 2246 1414 2327 profiteri
1463 2246 1636 2328 ipsos
1671 2246 1890 2310 iubeat
1925 2246 1995 2309 in
2022 2245 2149 2310 Dei
2183 2253 2557 2327 conspectu,

606 2350 679 2394 se
725 2330 793 2394 in
839 2328 1107 2395 decimis
1151 2328 1481 2396 solvendis
1526 2330 1899 2396 obedientes
1943 2331 2147 2396 fuisse
2192 2332 2332 2396 eius
2369 2351 2559 2395 man-

610 2415 781 2481 dato,
877 2414 1200 2499 Separare
1266 2416 1370 2481 vel
1432 2417 1668 2482 efferre
1727 2439 1810 2482 ex
1870 2417 2095 2493 domo,
2165 2416 2560 2481 tantundem

607 2502 790 2567 valet
833 2522 907 2565 ac
954 2502 1197 2567 nullius
1258 2501 1386 2566 doli
1447 2502 1567 2567 sibi
1624 2524 1766 2567 esse
1810 2504 2138 2581 conscios,
2195 2503 2354 2584 quin
2415 2502 2559 2567 Deo

609 2586 784 2670 quod
829 2608 1021 2651 suum
1066 2597 1208 2653 erat
1249 2587 1681 2653 reddiderint:
1728 2597 1921 2671 atque
1966 2588 2061 2653 ita
2104 2609 2302 2671 puros
2344 2609 2486 2654 esse
2523 2610 2561 2654 a

609 2672 971 2757 sacrilegio,
1017 2675 1166 2755 quia
1210 2673 1374 2738 nihil
1421 2683 1719 2739 sanctum
1766 2675 2086 2739 traxerint
2123 2675 2193 2739 in
2230 2694 2390 2739 usus
2426 2676 2558 2757 pri-

611 2768 817 2823 vatos.
879 2758 1073 2839 Quod
1117 2761 1440 2842 sequitur:
1486 2760 1635 2825 Non
1680 2762 2025 2844 praeterivi
2073 2760 2384 2825 mandata
2424 2770 2561 2839 tua,

611 2865 821 2927 neque
865 2845 1107 2911 oblitus
1153 2867 1332 2910 sum:
1397 2847 1660 2912 nonnisi
1720 2846 1802 2911 ad
1859 2868 1998 2911 rem
2059 2846 2137 2911 de
2196 2868 2324 2929 qua
2383 2867 2561 2910 nunc

612 2930 866 3014 agitur,
923 2931 1154 2995 referri
1214 2931 1421 2998 debet.
1521 2932 1738 2998 Nimis
1797 2934 1973 2997 enim
2032 2932 2274 2998 stultae
2329 2932 2559 2997 fuisset

611 3016 1004 3082 temeritatis
1048 3025 1113 3082 et
1158 3018 1607 3103 arrogantiae,
1663 3020 1904 3085 iactare
1964 3019 2176 3104 legem
2235 3020 2413 3084 omni
2474 3040 2558 3083 ex

610 3113 798 3187 parte
843 3112 908 3169 et
951 3104 1251 3170 omnibus
1295 3106 1588 3170 numeris
1631 3116 1956 3170 servatam
2016 3127 2056 3172 a
2121 3127 2191 3172 se
2246 3105 2452 3170 fuisse
2494 3114 2563 3170 et

610 3188 972 3271 impletam.
1056 3188 1449 3273 Quanquam
1488 3192 1650 3256 haec
1685 3191 1991 3275 loquendi
2017 3192 2230 3257 forma
2264 3190 2560 3257 studium

611 3277 833 3359 potius
876 3296 1069 3358 quam
1117 3277 1577 3358 perfectionem
1621 3277 1981 3362 significat:
2030 3298 2105 3343 ac
2149 3279 2202 3342 si
2252 3277 2559 3357 dicerent,

612 3361 740 3426 sibi
796 3361 863 3425 in
920 3362 1137 3426 animo
1193 3361 1393 3428 fuisse
1449 3365 1853 3448 propositum
1913 3384 2144 3446 parere
2186 3362 2314 3429 Dei
2371 3385 2557 3448 prae-

613 3446 838 3530 ceptis
926 3447 1312 3513 Tenendum
1363 3456 1586 3513 tamen
1636 3460 1739 3514 est
1775 3450 1943 3532 quod
1981 3449 2138 3528 dixi,
2182 3450 2452 3533 proprie
2492 3448 2559 3513 id

612 3541 907 3616 spectaro
952 3533 1033 3597 ad
1078 3534 1242 3598 ritus
1286 3534 1549 3619 legales.
1636 3535 1888 3601 Eodem
1932 3557 2132 3601 sensu
2176 3536 2370 3619 paulo
2414 3542 2564 3619 post

618 3617 888 3683 dicitur:
959 3619 1115 3683 Feci
1153 3618 1511 3685 secundum
1550 3622 1771 3687 omnia
1812 3642 1979 3705 quae
2016 3621 2178 3686 mihi
2229 3621 2561 3704 praecepit

618 3704 836 3769 Deus:
862 3705 1016 3787 quia
1036 3706 1090 3771 si
1117 3705 1196 3769 de
1220 3705 1622 3789 perfectione
1647 3708 1904 3792 gloriati
1928 3717 2167 3786 essent,
2210 3706 2382 3772 nihil
2426 3708 2558 3772 iam

615 3811 779 3872 opus
823 3800 967 3854 erat
1009 3792 1343 3857 sacrificiis
1365 3841 1379 3869 ,
1439 3804 1554 3857 aut
1611 3795 1754 3859 aliis
1822 3793 2337 3878 purgationibus.
2426 3793 2563 3861 Sed

616 3872 1192 3962 (quemadmodum
1280 3878 1411 3942 iam
1501 3878 1665 3964 dixi)
1754 3889 2010 3944 tantum
2087 3888 2405 3946 vocantur
2481 3879 2564 3944 ad

613 3983 914 4112 φεῖ-ηοω,
960 3975 1035 4028 ut
1076 3965 1328 4030 sincero
1374 3965 1564 4030 corde
1609 3965 1827 4030 Deum
1875 3975 2110 4032 testem
2155 3988 2311 4031 suae
2354 3966 2563 4050 pieta-

607 4058 698 4114 tis
769 4050 1006 4116 aciant.

783 4135 883 4200 14.
931 4134 1077 4201 Non
1119 4137 1352 4201 comedi
1403 4138 1474 4200 in
1530 4137 1812 4202 tristitia.
1922 4138 2023 4202 De
2081 4138 2324 4204 sanctis
2384 4136 2565 4204 obla-

609 4220 904 4286 tionibus
963 4223 1163 4286 verba
1217 4223 1362 4287 fieri
1428 4234 1682 4289 certum
1748 4233 1865 4288 est.
1971 4223 2164 4290 Nunc
2229 4225 2567 4307 quaeritur

610 4306 770 4390 quid
814 4307 900 4373 sit
943 4308 1281 4373 comedere
1326 4308 1396 4372 in
1443 4309 1728 4373 tristitia.
1830 4309 2183 4376 Communi
2231 4312 2367 4375 fere
2410 4330 2565 4375 con-

613 4413 813 4458 sensu
858 4403 1116 4477 recepta
1160 4403 1261 4458 est
1308 4394 1468 4458 haec
1511 4395 1861 4476 expositio:
1908 4417 2109 4477 quum
2157 4417 2379 4461 rerum
2422 4395 2564 4460 ino-

610 4479 724 4561 pia
768 4478 849 4543 ad
895 4479 1247 4544 furandum
1289 4490 1357 4545 et
1399 4479 1841 4546 fraudandum
1877 4481 2199 4561 sollicitet,
2246 4481 2565 4568 populum

612 4573 836 4628 tamen
873 4584 1180 4642 asserere,
1218 4567 1286 4630 in
1326 4567 1520 4632 rebus
1555 4588 1811 4649 quoque
1834 4569 2133 4652 angustis
2170 4579 2237 4633 et
2271 4577 2567 4651 egestate

615 4670 688 4714 se
729 4649 1120 4716 abstinuisse
1165 4674 1205 4716 a
1249 4653 1443 4719 rebus
1487 4654 1705 4731 sacris,
1759 4654 1931 4736 quod
1978 4652 2260 4720 libenter
2304 4653 2562 4737 recipie.

617 4735 1011 4818 Quanquam
1078 4759 1316 4802 nomen
1386 4739 1688 4804 tristitiae
1755 4760 1871 4822 pro
1949 4742 2283 4805 anxietate
2361 4741 2564 4803 animi

615 4820 787 4886 male
831 4819 955 4885 sibi
1002 4824 1241 4888 conscii
1285 4825 1490 4908 accipi
1531 4824 1753 4907 possit,
1800 4824 1921 4892 hoc
1966 4847 2195 4891 sensu:
2242 4826 2454 4891 sciens
2499 4833 2568 4890 et

617 4908 846 4973 volens
890 4907 1058 4971 nihil
1102 4911 1350 4974 comedi
1396 4913 1568 4993 quod
1615 4912 1757 4976 Deo
1803 4932 2061 4978 sacrum
2109 4927 2298 4989 esset,
2346 4922 2418 4976 ut
2463 4932 2566 4975 me

619 5003 841 5059 ureret
906 4993 1117 5058 malae
1182 4996 1614 5061 conscientiae
1672 4999 2062 5063 cauterium:
2122 4998 2314 5064 sicuti
2373 5018 2564 5062 suum

617 5101 936 5163 quemque
981 5079 1192 5146 scelus
1235 5091 1492 5164 torquet
1545 5093 1612 5147 et
1669 5104 1964 5150 moerore
2025 5084 2245 5151 afficit.
2338 5083 2419 5148 In
2466 5104 2566 5147 se-

615 5165 832 5231 cundo
877 5168 1168 5232 membro
1210 5167 1473 5233 variant
1508 5169 1917 5250 interpretes
1964 5170 2251 5251 Quidam
2291 5169 2563 5235 verbum

615 5266 749 5328 'mn
795 5264 1133 5337 exponunt
1177 5253 1477 5335 perdere:
1526 5255 1711 5336 quasi
1750 5254 1987 5320 dictum
2027 5268 2230 5322 esset:
2279 5257 2410 5321 Per
2446 5258 2565 5318 im-

611 5338 1009 5404 munditiam
1060 5340 1226 5405 nihil
1279 5340 1495 5423 perire
1547 5359 1803 5422 passos:
1850 5341 1958 5405 alii
2011 5352 2233 5407 autem
2288 5340 2564 5406 transfe-

2654 619 2836 675 runt:
2883 610 3069 674 Nihil
3114 608 3322 674 extuli
3366 611 3437 673 in
3482 630 3552 673 re
3597 608 3888 691 profana.
3981 608 4126 692 Ego
4173 630 4320 673 vero
4354 631 4555 680 nomen

2653 708 2798 763 &Dm
2867 694 3329 760 adverbialiter
3389 696 3671 778 positum
3732 716 3875 760 esse
3936 694 4239 760 existimo
4296 717 4401 777 pro
4456 699 4557 763 im·

2655 803 2844 865 pure,
2914 791 2988 846 ut
3044 791 3321 847 testetur
3376 781 3655 864 populus
3713 802 3784 845 se
3843 803 3973 846 non
4032 781 4231 846 fuisse
4274 782 4561 863 pollutum

2659 868 2768 934 vel
2804 868 3353 947 contaminatum,
3417 867 3770 950 quidquam
3818 867 4280 933 subtrahendo.
4364 868 4562 952 Itaque

2660 952 3122 1040 (meoiudicio)
3159 974 3288 1017 non
3315 952 3484 1017 male
3512 961 3776 1017 vertunt
3810 952 4108 1036 quidam:
4156 954 4285 1018 Por
4317 953 4563 1020 immun-

2660 1040 2908 1106 ditiam.
2998 1040 3227 1122 Neque
3270 1040 3444 1102 enim
3493 1047 3747 1103 vertere
3790 1038 3860 1103 in
3905 1039 4067 1104 alios
4113 1061 4266 1105 usus
4304 1050 4568 1123 poterant

2660 1127 2973 1203 decimas,
3034 1127 3192 1208 quin
3252 1146 3333 1189 ex
3377 1125 3582 1207 impio
3627 1125 3834 1190 abusu
3879 1125 4339 1191 contraherent
4383 1127 4564 1208 pollu-

2660 1214 2922 1276 tionem.
3025 1211 3105 1276 In
3168 1212 3359 1275 tertio
3415 1212 3709 1277 membro
3766 1213 3975 1275 maior
4036 1220 4139 1275 est
4191 1212 4567 1296 ambiguitas.

2663 1297 2767 1362 Ad
2806 1298 3077 1364 verbum
3126 1306 3256 1362 est:
3302 1296 3451 1362 Non
3491 1297 3639 1361 dedi
3675 1296 3829 1362 inde
3866 1308 4141 1362 mortu0.
4189 1297 4269 1361 In
4308 1299 4569 1365 versione

2660 1393 2974 1467 sequutus
3018 1405 3162 1447 sum
3210 1403 3320 1448 eos
3362 1383 3476 1464 qui
3521 1404 3637 1466 pro
3682 1383 3911 1447 funere
3955 1394 4021 1448 et
4063 1384 4387 1467 exsequiis
4439 1388 4573 1451 acci-

2662 1471 2869 1552 piunt.
2962 1467 3247 1550 Quidam
3311 1478 3528 1533 tamen
3590 1468 4033 1552 metaphorice
4077 1490 4314 1534 nomen
4359 1472 4572 1536 mortui

2661 1556 2948 1640 positum
3010 1576 3150 1621 esse
3207 1554 3442 1620 volunt
3495 1576 3611 1637 pro
3666 1577 3739 1620 re
3798 1554 4172 1636 immunda,
4230 1555 4339 1620 alii
4392 1559 4572 1640 magis

2661 1650 2880 1708 coacte
2931 1663 3050 1725 pro
3106 1641 3422 1722 impensis
3489 1662 3658 1724 quae
3716 1640 3797 1705 ad
3860 1641 4264 1707 tolerandam
4324 1642 4572 1708 hominis

2663 1730 2867 1793 vitam
2934 1727 3100 1792 nihil
3165 1728 3432 1793 faciunt.
3523 1727 3857 1808 Quorsum
3912 1735 4130 1793 tamen
4200 1728 4263 1791 id
4331 1727 4573 1809 dicatur,

2664 1813 2954 1878 nondum
2999 1814 3236 1896 liquet,
3307 1813 3470 1877 nihil
3527 1815 3593 1878 in
3654 1814 3880 1878 funere
3931 1822 4383 1897 consumptum
4439 1836 4571 1879 esse.

2662 1899 3085 1965 Immundum
3133 1897 3392 1982 quidem
3440 1907 3585 1965 erat
3603 1898 3919 1982 quidquid
3958 1901 4269 1983 attigerat
4302 1901 4572 1965 cadaver:

2663 1986 2808 2050 ideo
2854 1984 3116 2068 quidam
3166 1993 3505 2068 exponunt
3548 2006 3681 2050 non
3727 1985 4010 2067 pollutas
4055 1987 4259 2051 fuisse
4308 1988 4577 2052 victimas

2664 2072 2733 2136 in
2772 2072 3002 2136 funere
3048 2071 3355 2136 curando.
3453 2070 3645 2152 Quod
3687 2072 3743 2136 si
3795 2072 4040 2154 placet,
4108 2094 4229 2155 per
4292 2071 4576 2156 synecdo-

2664 2157 2829 2223 chen
2874 2158 3071 2222 funus
3109 2158 3378 2240 ponitur
3404 2178 3523 2240 pro
3559 2157 3850 2240 qualibet
3894 2178 3966 2221 re
4009 2157 4371 2223 immunda.
4455 2159 4576 2241 Ego

2665 2254 2883 2308 tamen
2931 2245 3146 2327 potius
3204 2242 3487 2308 arbitror
3544 2243 3663 2309 sub
3710 2264 3842 2308 una
3886 2244 4103 2328 specie
4147 2243 4579 2328 comprehendi

2664 2351 2771 2395 res
2834 2350 3061 2394 omnes
3125 2350 3291 2411 quae
3347 2329 3627 2412 speciem
3700 2330 3962 2412 pietatis
4019 2352 4174 2413 prae
4235 2351 4306 2396 se
4372 2331 4579 2395 ferunt.

2667 2418 2964 2481 Mortuos
3009 2416 3285 2498 sepelire
3342 2414 3670 2479 laudabile
3705 2416 3990 2481 officium
4029 2426 4190 2495 erat,
4230 2437 4305 2481 ac
4349 2417 4578 2500 pietatis

2667 2496 3069 2579 exercitium,
3131 2502 3222 2565 ita
3281 2502 3593 2566 honestus
3650 2503 3828 2566 color
3882 2501 4029 2585 plus
4090 2503 4392 2568 licentiae
4451 2502 4579 2565 dare

2664 2598 2935 2671 poterat.
2983 2587 3128 2652 Hoc
3173 2589 3378 2671 igitur
3423 2587 3621 2652 verbo
3669 2589 3893 2652 testari
3919 2587 4104 2654 Deus
4148 2588 4363 2653 voluit
4404 2589 4579 2653 lsrae-

2664 2676 2836 2752 litas,
2899 2673 3063 2738 nihil
3110 2695 3178 2738 se
3220 2675 3667 2739 >excusationis
3714 2673 4099 2753 obtendere,
4156 2675 4211 2740 si
4259 2674 4580 2758 quidquam

2665 2784 2748 2826 ex
2793 2759 2997 2824 sacris
3039 2760 3415 2824 averterint.

2840 2845 2939 2910 15.
2991 2844 3253 2926 Respice
3294 2847 3370 2911 de
3412 2844 3779 2911 habitaculo,
3842 2846 4018 2911 Dum
4068 2849 4191 2913 hac
4238 2846 4582 2913 conditione

2665 2953 2890 3016 preces
2941 2939 3005 2996 et
3060 2942 3215 2996 vota
3259 2931 3595 3014 concipere
3639 2932 3983 3010 iubentur,
4051 2940 4129 2997 ut
4174 2933 4357 2998 Deus
4400 2943 4583 2996 terrae

2665 3017 3022 3098 benedicat,
3068 3018 3126 3084 si
3162 3017 3343 3083 nullo
3378 3018 3720 3102 sacrilegio
3760 3039 3831 3084 se
3865 3018 4380 3102 inquinaverint,
4416 3016 4582 3084 simul

2664 3128 2746 3172 ex
2792 3106 3085 3190 opposito
3133 3112 3504 3184 monentur,
3552 3105 3803 3169 nullam
3845 3104 4083 3188 alioqui
4132 3107 4263 3171 Dei
4322 3105 4584 3171 benedic·

2666 3194 2910 3257 tionem
2956 3191 3343 3273 sperandam
3392 3211 3553 3256 esse.
3644 3191 3974 3274 Loquutio
4018 3193 4281 3256 interim
4335 3187 4584 3257 notanda

2665 3287 2795 3343 est:
2864 3275 3154 3342 Benedic
3219 3289 3434 3341 terrae
3498 3298 3695 3360 quam
3760 3276 3996 3343 dedisti
4062 3277 4236 3344 lacte
4294 3287 4360 3343 et
4422 3275 4583 3340 melle

2664 3366 2995 3429 fluentem.
3084 3363 3261 3429 Hinc
3327 3363 3500 3427 enim
3568 3363 3931 3447 colligitur,
3992 3372 4241 3428 terram
4295 3384 4427 3428 non
4474 3371 4582 3426 tam

2665 3460 2906 3515 natura
2951 3450 3215 3515 uberem
3261 3449 3478 3527 fuisse,
3540 3470 3735 3532 quam
3804 3448 3979 3533 quod
4039 3471 4285 3515 arcana
4348 3470 4460 3514 sua
4496 3449 4584 3512 be-

2665 3536 3014 3603 neficentia
3057 3535 3350 3619 quotidie
3396 3555 3540 3601 eam
3578 3536 3761 3600 Deus
3806 3536 4140 3619 irrigabat,
4188 3545 4269 3600 ut
4304 3531 4587 3601 foecunda

2665 3631 2853 3689 esset.

3217 3963 3349 4028 EX
3395 3963 3748 4030 NUMER.
3793 3963 4061 4030 XVIII.

2839 4133 2941 4200 25.
3011 4134 3340 4215 Loquutus
3405 4140 3495 4199 est
3555 4135 3785 4201 Iehova
3849 4136 3936 4201 acl
4003 4134 4257 4211 Mosen,
4334 4133 4587 4202 dicendo.-

2669 4222 2772 4287 26.
2825 4216 3163 4286 Praeterea
3203 4220 3288 4284 ad
3310 4218 3567 4285 chitas
3607 4222 3910 4303 loqueris.-
3951 4226 4007 4286 ct
4039 4223 4209 4287 dices
4244 4223 4367 4288 eis.-
4413 4223 4586 4302 Quum

2670 4308 3035 4388 acceperitis
3074 4328 3116 4371 a
3154 4305 3316 4386 filiis
3361 4305 3573 4372 Israel
3627 4308 3900 4374 decimas
3942 4327 4104 4388 quas
4146 4308 4321 4374 vobis
4359 4308 4434 4374 ab
4478 4305 4588 4370 illis

2669 4394 2816 4459 decli
2869 4395 2938 4457 in
2998 4392 3433 4457 haereditatem
3476 4398 3744 4458 vestram
3760 4446 3773 4471 ,
3834 4400 3978 4458 tunc
4020 4395 4291 4475 offeretis
4345 4415 4418 4459 esc
4475 4391 4585 4456 illis

2670 4480 3031 4545 oblationem
3075 4478 3367 4555 Iehovae,
3424 4479 3699 4544 decimas
3740 4500 3817 4544 ex
3861 4480 4135 4545 decimis.
4248 4481 4349 4546 27.
4394 4478 4473 4543 Et
4506 4496 4585 4542 re-

2659 4565 2990 4648 putabitur
3032 4563 3208 4629 vobis
3263 4563 3488 4630 oblatio
3544 4570 3752 4629 vestra
3795 4571 3864 4630 ut
3903 4567 4288 4648 frumentum
4330 4587 4404 4631 ex
4442 4583 4583 4638 area,

2669 4658 2725 4718 et
2766 4657 2836 4716 ut
2869 4651 3191 4733 plenitudo
3235 4671 3266 4714 e
3310 4652 3629 4716 torculari.
3722 4652 3822 4716 28.
3866 4651 3972 4716 Sic
4014 4652 4281 4732 offeretis
4320 4673 4421 4717 vos
4458 4668 4580 4730 quo-

2670 4759 2787 4820 que
2851 4737 3212 4803 oblationem
3281 4736 3543 4802 Ichovae
3607 4758 3684 4801 ex
3738 4738 4020 4802 omnibus
4082 4739 4341 4803 decimis
4394 4734 4582 4802 vestris

2670 4843 2832 4906 quas
2873 4824 3233 4906 acceperitis
3265 4844 3307 4887 a
3346 4821 3511 4902 filiis
3554 4824 3799 4900 Israel,
3859 4830 3915 4889 et
3955 4823 4186 4889 dabitis
4228 4845 4306 4889 ex
4346 4823 4467 4887 illis
4502 4818 4580 4885 ob—

2670 4912 2957 4978 lationem
3003 4909 3268 4973 Iehovae
3314 4908 3579 4974 Aharon
3621 4911 3942 4975 sacerdoti.
4031 4909 4134 4973 29.
4183 4910 4294 4974 Ea·
4335 4907 4581 4975 omnibu-5

2668 4996 3072 5061 oblationibus
3114 4996 3336 5059 vestris
3368 4995 3633 5076 offeretis
3667 5016 3905 5060 omnem
3938 4995 4299 5061 oblationem
4333 4994 4576 5065 Iehovac,

2669 5103 2746 5232 Ξῖ
2796 5081 4226 5249 ⁰⁷33:{1220353}”e.223:²<⁸’052fft20‘.2mi0”222³3
4274 5083 4577 5250 ῗεῗρᾝέ

2668 5274 2808 5317 vem
2849 5256 2988 5318 eius
3032 5274 3107 5316 ecc
3149 5273 3242 5330 eo,
3309 5253 3695 5332 reputabitur
3739 5254 3976 5318 Levitis
4018 5259 4087 5318 ut
4125 5254 4366 5335 fructus
4405 5267 4573 5327 areae,

2669 5345 2723 5404 et
2764 5345 2835 5403 ut
2875 5340 3121 5421 fractus
3163 5338 3512 5404 torcularis.
3589 5339 3688 5404 31.
3741 5339 4080 5406 Comedetis
4121 5344 4321 5404 autem
4360 5336 4503 5403 illud
4519 5334 4575 5396 in
