4867 6150
557 444 684 511 103

562 642 668 702 est
711 635 851 701 eius
894 655 1164 701 manus:
1220 655 1455 700 verum
1499 634 1651 718 quia
1694 632 2026 699 miraculis
2071 633 2513 717 expergefacit

564 730 863 789 nostram
924 720 1294 805 ignaviam,
1345 719 1480 787 illic
1535 720 1749 804 magis
1807 719 2155 801 conspicua
2211 720 2509 804 refulget.

556 807 924 875 Caeterum
967 808 1120 890 quia
1163 806 1356 890 paulo
1410 814 1562 891 post
1620 805 1985 872 videbimus
2044 824 2268 888 magos
2313 826 2353 870 a
2396 827 2518 870 sua

571 893 902 960 dementia
946 914 1080 957 non
1137 892 1283 957 ideo
1341 892 1720 975 resipuisse,
1777 891 2102 957 discamus
2156 890 2409 957 sincere
2452 898 2519 955 et

568 1000 654 1045 ex
723 980 939 1044 animo
1003 998 1122 1045 nos
1187 978 1535 1044 humiliare
1602 978 1725 1043 sub
1791 978 2037 1060 potenti
2102 974 2231 1040 Dci
2299 996 2518 1054 manu,

554 1065 844 1132 simulac
887 1063 958 1128 in
1003 1064 1289 1129 medium
1347 1085 1418 1129 se
1464 1064 1826 1148 protulerit.
1909 1060 2101 1143 Quod
2162 1061 2423 1127 Pharao
2482 1081 2522 1125 a

552 1153 782 1233 :magis
826 1148 1122 1214 desertus
1167 1149 1332 1215 nihil
1370 1172 1454 1215 ex
1492 1170 1613 1215 sua
1647 1147 2016 1233 pervicacia
2051 1158 2285 1226 mutat,
2332 1147 2520 1213 nobis

566 1237 965 1303 documento
988 1236 1093 1315 sit,
1114 1236 1414 1321 quamvis
1439 1236 1595 1301 hinc
1630 1234 1784 1300 inde
1820 1231 2219 1299 adminicula
2252 1242 2526 1317 quaerat

562 1323 893 1406 impietae,
936 1325 1115 1388 intus
1159 1331 1382 1386 tamen
1422 1323 1693 1388 infixam
1731 1341 1874 1387 esse
1916 1321 2310 1404 pravitatem
2356 1341 2521 1403 quae

569 1408 721 1475 Deo
760 1429 878 1492 per
920 1429 990 1473 se
1034 1416 1375 1492 repugnet.

744 1578 848 1644 20.
901 1578 1078 1646 Tunc
1133 1580 1301 1646 dixit
1343 1578 1572 1645 Iehova
1625 1578 1712 1644 ad
1755 1561 1975 1642 M'osen
1990 1602 2009 1641 .·
2066 1575 2267 1660 Surye
2321 1597 2521 1655 mane,

570 1687 646 1734 ao
699 1670 756 1731 te
806 1665 958 1731 siste
1018 1667 1089 1731 in
1130 1670 1512 1749 conspectum
1550 1664 1948 1730 Pharaonis.-
1991 1661 2150 1729 Eece
2189 1662 2530 1746 eyredietwr

572 1752 660 1819 ad
702 1771 941 1834 aquas.-
999 1757 1056 1816 et
1097 1751 1263 1818 dices
1309 1751 1394 1816 ad
1449 1771 1623 1817 eum.-
1670 1749 1778 1816 Sic
1820 1749 1911 1814 ait
1956 1748 2219 1814 Iehova:
2260 1747 2527 1814 Dimitte

559 1837 868 1923 populum
909 1855 1113 1902 meum
1152 1841 1222 1901 nt
1255 1837 1535 1903 serviant
1569 1836 1748 1901 mihi.
1817 1834 1923 1900 21.
1968 1834 2146 1917 Quod
2181 1836 2245 1900 si
2286 1840 2355 1899 tn
2398 1854 2526 1899 non

572 1923 899 1989 dimiseris
931 1923 1244 2005 populum
1300 1942 1503 1988 meum
1521 1973 1536 2002 ,
1592 1942 1720 1987 eece
1778 1922 2053 1985 emittam
2107 1921 2178 1985 in
2221 1926 2305 1999 te,
2361 1924 2416 1985 et
2458 1921 2527 1984 in

575 2029 786 2077 servos
840 2014 978 2075 tuos
993 2059 1008 2085 ‚
1070 2014 1126 2074 et
1180 2010 1253 2074 in
1294 2009 1603 2091 populum
1643 2013 1817 2073 tuum
1835 2057 1851 2085 ,
1917 2011 1971 2071 et
2014 2007 2083 2072 in
2126 2007 2337 2072 domos
2379 2011 2526 2070 tuas

574 2114 835 2163 examen
869 2096 1269 2160 insectorum.-
1305 2100 1360 2160 et
1392 2094 1792 2176 replebuntur
1825 2093 2045 2159 domus
2079 2093 2526 2177 Aegyptiorum

575 2182 945 2247 insectorum
1003 2182 1323 2260 examine,
1382 2186 1564 2262 atque
1625 2180 1813 2245 etiam
1867 2183 2036 2244 terra
2092 2199 2287 2259 snper
2333 2197 2528 2259 quam

576 2265 698 2332 illa
776 2267 1140 2333 exstiterint.
1229 2267 1332 2332 22.
1393 2265 1480 2331 Et
1520 2264 1823 2347 separabo
1889 2265 1961 2330 in
2002 2264 2106 2330 die
2144 2263 2262 2329 illa
2301 2269 2533 2329 terram

582 2352 821 2431 Gosen,
919 2353 991 2417 in
1085 2373 1209 2435 qna
1289 2353 1570 2435 populus
1668 2371 1843 2416 mens
1932 2349 2201 2429 habitat,
2289 2370 2367 2415 ne
2447 2350 2532 2414 sit

575 2438 711 2505 illic
789 2458 1045 2504 examen
1112 2440 1480 2504 insectorum
1498 2488 1513 2517 ,
1588 2442 1660 2502 nt
1732 2438 1900 2503 scias
1973 2436 2139 2518 qnod
2215 2455 2319 2520 eqo
2388 2456 2530 2501 snm

577 2524 811 2590 Iehova
855 2525 925 2589 in
959 2524 1161 2590 medio
1200 2529 1424 2590 terrae.
1505 2523 1607 2589 23.
1653 2521 1744 2587 Et
1771 2542 2014 2604 ponam
2055 2521 2529 2604 redemptionem

577 2612 742 2676 inter
770 2609 1081 2692 populum
1122 2630 1328 2676 menm
1345 2661 1360 2686 ,
1427 2614 1485 2676 et
1537 2611 1699 2674 inter
1738 2608 2042 2691 populum
2097 2612 2308 2674 tunm.-
2368 2606 2531 2672 Cras

578 2696 699 2764 erit
754 2697 1007 2780 siquam
1063 2695 1187 2763 hoc.
1289 2695 1392 2761 24.
1455 2695 1544 2761 Et
1586 2694 1733 2778 feeit
1791 2693 2019 2760 lehova
2076 2695 2195 2760 sio:
2256 2699 2311 2757 et
2365 2694 2534 2759 venit

580 2803 836 2849 examen
901 2783 1273 2849 insectorum
1332 2802 1524 2866 yrave
1578 2782 1650 2847 in
1704 2780 1956 2847 domum
2017 2778 2378 2845 Pharaonis
2393 2830 2410 2859 ,
2477 2783 2533 2844 et

580 2868 828 2934 domum
872 2888 1191 2934 servorum
1235 2869 1373 2934 eins
1386 2920 1402 2946 ,
1448 2873 1505 2934 et
1544 2871 1733 2933 totam
1776 2871 2008 2931 terram
2050 2866 2354 2949 Aeyypti:
2395 2884 2529 2930 cor-

579 2960 769 3036 rupta
800 2953 928 3036 fuit
960 2958 1132 3019 terra
1161 2959 1418 3038 propter
1449 2973 1708 3020 examen
1741 2953 2131 3018 insectorum.
2197 2950 2303 3016 25.
2356 2951 2530 3016 Tune

579 3041 814 3107 vocavit
860 3038 1119 3107 Pharao
1166 3040 1381 3107 Mosen
1423 3046 1483 3106 et
1523 3038 1817 3117 Aharon,
1864 3043 1920 3104 et
1958 3039 2082 3105 ait.-
2126 3036 2252 3118 Ite,
2287 3039 2528 3119 sacrifi-

579 3132 709 3193 cate
750 3125 888 3194 Deo
940 3131 1141 3193 vestro
1199 3128 1269 3192 in
1323 3127 1438 3193 hac
1493 3132 1678 3193 terra.
1769 3126 1872 3191 26.
1934 3124 2024 3190 Et
2076 3124 2246 3191 dixit
2286 3123 2531 3190 Moses.-

583 3212 733 3278 Non
774 3212 1051 3278 convenit
1089 3214 1296 3295 faeere
1336 3214 1462 3280 sie.-
1503 3212 1660 3294 qnia
1701 3211 2218 3278 abominationem
2262 3208 2532 3293 Aeyypti

580 3299 1081 3379 sacrificaremus
1124 3299 1389 3364 Iehovae
1431 3297 1571 3363 Deo
1615 3303 1841 3364 nostro.
1928 3295 2087 3364 Ecce
2104 3347 2118 3374 ,
2178 3297 2239 3362 si
2278 3294 2530 3378 sacrifi-

582 3403 867 3449 cet-remus
945 3383 1460 3449 abominationem
1525 3385 1979 3468 Aegyptiorum
2055 3402 2263 3448 eoram
2338 3382 2534 3448 oculis

584 3488 827 3549 eorum,
872 3489 1078 3534 annon
1121 3470 1481 3554 lapidarent
1520 3470 1684 3535 nos?
1772 3470 1876 3534 27.
1940 3469 2127 3535 Viam
2170 3469 2363 3534 trium
2405 3468 2534 3533 die-

582 3575 729 3620 rum
763 3556 1239 3638 proyrediemnr
1282 3556 1353 3620 in
1388 3556 1697 3622 desertum
1714 3605 1729 3636 ,
1796 3560 1852 3620 et
1893 3553 2390 3636 sacrificabimus
2434 3553 2535 3618 Ia

585 3639 779 3708 bovae
818 3640 958 3709 Deo
1000 3647 1226 3720 nostro,
1271 3642 1789 3723 quemadmodum
1821 3640 2144 3724 praecepit
2184 3640 2380 3706 nobis.

760 3812 864 3878 20.
913 3814 1090 3878 Tune
1144 3812 1312 3878 dixit
1354 3812 1584 3879 Iehova
1634 3815 1721 3880 ad
1765 3813 2020 3879 Mosen.-
2079 3812 2280 3896 Snrye
2331 3831 2533 3877 mane.

592 3898 806 3967 Sicuti
852 3898 1199 3964 temerario
1242 3919 1403 3964 ausu
1449 3899 1821 3983 perrumpit
1862 3900 2158 3978 Pharao,
2213 3897 2308 3963 sic
2352 3898 2534 3963 Deus

588 3985 879 4052 vicissim
905 3985 1044 4050 eins
1065 3985 1385 4067 impetum
1421 3985 1718 4067 opposita
1753 3984 2129 4050 defensione
2164 3985 2533 4066 compescit.

588 4071 738 4138 Hoc
804 4071 1068 4136 tandem
1135 4079 1626 4154 consequuntur
1694 4071 1881 4155 impii
1945 4069 2057 4135 diu
2126 4070 2537 4153 multumque

590 4156 966 4241 pugnand0,
1003 4165 1078 4222 ut
1109 4155 1406 4240 pluribus
1442 4157 1721 4239 acceptis
1758 4156 2138 4222 vulneribus
2178 4177 2295 4239 per
2321 4158 2538 4222 varios

593 4245 924 4309 cruciatus
979 4242 1328 4307 intereant.
1419 4241 1612 4322 Quod
1679 4242 1942 4308 iubetur
2002 4243 2223 4309 Moses
2279 4242 2538 4307 obviam

594 4327 821 4396 venire
864 4328 1235 4404 Pharaoni,
1296 4328 1407 4393 ubi
1458 4350 1650 4393 mane
1694 4329 1897 4394 animi
1942 4328 2156 4413 gratia
2199 4328 2279 4392 ad
2327 4328 2540 4410 ripam

592 4415 888 4481 fluminis
931 4413 1310 4492 descendet,
1372 4415 1700 4498 incertum
1760 4425 1861 4480 est
1904 4435 1988 4479 an
2035 4414 2196 4481 velit
2244 4413 2425 4479 Deus
2469 4414 2541 4478 in

593 4499 855 4586 publico
900 4508 1259 4585 tyrannum
1296 4498 1715 4584 deprehendi,
1762 4500 1934 4584 quod
1980 4500 2277 4566 difficiles
2321 4511 2544 4566 essent

593 4589 667 4652 in
713 4587 1024 4669 palatium
1070 4586 1304 4651 aditus.
1394 4584 1788 4670 Quanquam
1832 4586 1996 4651 mihi
2039 4586 2398 4652 verisimile
2444 4594 2545 4652 est

597 4674 966 4757 quaesitum
1003 4672 1208 4738 fuisse
1244 4671 1457 4737 locum
1494 4673 1562 4737 in
1599 4694 1724 4755 quo
1760 4681 1827 4737 et
1861 4693 1967 4738 res
2003 4684 2176 4738 esset
2204 4671 2540 4749 illustrior,

599 4767 667 4824 et
711 4779 841 4823 vox
881 4757 1088 4823 divini
1144 4759 1483 4842 praeconis
1533 4757 1776 4825 clarius
1836 4758 2274 4824 exaudiretur.
2364 4758 2546 4842 Ergo

595 4865 682 4911 ne
725 4843 879 4927 quid
925 4844 1195 4910 obscure
1239 4852 1529 4943 geratur,
1577 4844 1797 4910 Moses
1832 4845 1953 4911 sub
1994 4844 2101 4910 dio
2144 4866 2362 4910 coram
2408 4852 2548 4908 tota

595 4929 1021 4997 multitudine
1068 4930 1194 4995 Dei
1240 4928 1556 4996 iudicium
1600 4931 1993 5015 promulgat,
2039 4930 2224 4996 cuius
2268 4944 2548 4995 eventus

599 5019 825 5084 statim
870 5026 1188 5099 sequutus
1232 5025 1351 5081 est.
1434 5015 1564 5081 Hic
1609 5025 1825 5082 autem
1877 5016 2055 5082 nulla
2097 5014 2203 5102 (ut
2244 5016 2314 5080 in
2360 5037 2551 5099 supe-

599 5104 882 5170 rioribus
902 5098 1143 5187 plagis)
1167 5103 1393 5186 virgae
1414 5102 1491 5166 fit
1512 5102 1788 5167 mentio:
1822 5103 1977 5186 quia
1991 5101 2318 5168 interdum
2342 5104 2553 5167 utitur

594 5190 787 5257 Deus
821 5187 1116 5255 externis
1138 5209 1213 5251 or
1297 5189 1420 5264 nis,
1457 5201 1531 5252 ut
1564 5188 1849 5253 sciamus
1883 5197 2217 5255 creaturas
2251 5186 2373 5254 sub
2408 5189 2550 5255 eius

594 5297 805 5341 manu
829 5295 990 5353 esse,
1027 5273 1201 5339 inter
1248 5295 1357 5337 um
1398 5294 1549 5338 vero
1576 5294 1692 5355 per
1725 5293 1796 5338 se
1833 5275 1968 5358 agit
2002 5283 2078 5340 ut
2111 5274 2393 5340 sciamus
2417 5296 2549 5339 non

592 5381 796 5445 ogere
820 5362 1037 5443 ipsum
1059 5357 1489 5427 adminiculis.
1536 5359 1718 5426 Haec
1738 5359 2102 5443 inaequalis
2124 5360 2363 5445 agendi
2384 5360 2552 5426 ratio

1702 444 2445 513 COMMENTARIUS
2489 444 2590 511 IN
2634 442 2937 510 EXODI
2979 441 3179 508 CAP.
3224 438 3420 507 VIII.

4435 445 4549 510 104

2618 632 3040 710 demonstrat,
3087 631 3302 715 ipsum
3348 638 3545 715 prout
3587 631 3732 696 vult
3768 630 4042 713 imperio
4086 650 4205 698 suo
4248 631 4552 699 subiicere

2618 719 2872 797 omnia,
2934 728 3002 783 et
3056 725 3278 782 tamen
3339 716 3477 783 sola
3521 738 3642 782 sua
3684 717 3934 783 virtute
3979 737 4122 782 csse
4162 725 4550 786 contentum.

2617 805 2803 870 Haec
2843 802 3041 888 plaga
3083 802 3336 869 duabus
3394 802 3712 886 proximis
3770 801 4017 886 aliquid
4077 803 4272 868 affine
4331 803 4549 869 habet:

2620 893 2924 974 quoniam
2966 888 3137 957 cladi
3183 888 3564 973 adiungitur
3606 889 3970 974 ignominia
4003 910 4170 972 quae
4206 898 4235 953 t
4284 910 4552 956 rannum

2621 976 3010 1060 pudefaciat.
3069 987 3199 1052 Ὧν
3244 975 3569 1041 Hebraeis
3627 974 3795 1040 idem
3863 975 4038 1040 valet
4094 996 4220 1057 quo
4306 976 4556 1043 Latinis

2622 1083 2899 1128 examen
2959 1064 3374 1127 insectorum.
3464 1061 3661 1126 Multi
3728 1061 4121 1146 interpretes
4184 1061 4558 1127 existimant

2623 1148 2917 1214 diversas
2980 1147 3229 1231 species
3288 1147 3489 1213 fuisse
3553 1148 3949 1231 permixtas:
4016 1146 4184 1229 quod
4251 1168 4372 1232 ego
4435 1169 4555 1213 non

2622 1235 2880 1311 reiici0,
2938 1234 3089 1317 quia
3148 1232 3478 1316 probabile
3533 1243 3632 1299 est
3688 1232 4036 1299 collectum
4092 1233 4292 1298 fuisse
4343 1233 4559 1298 multi-

2624 1320 2856 1403 plicem
2903 1320 3252 1397 foetorem,
3305 1339 3430 1402 quo
3489 1328 3812 1404 tyrannus
3867 1339 4070 1403 prope
4114 1319 4558 1385 suffocaretur.

2626 1404 2758 1487 Qui
2807 1403 2886 1470 de
2933 1406 3137 1482 ursis,
3198 1403 3528 1481 leonibus,
3597 1405 3876 1490 tigribus
3920 1415 3986 1471 et
4029 1405 4233 1489 lupis,
4293 1405 4560 1489 aliisque

2627 1491 2846 1557 saevis
2888 1490 3279 1591 animalibus
3321 1501 3699 1574 exponunt,
3745 1491 3889 1556 sine
3932 1493 4185 1556 ratione
4230 1490 4563 1557 discedunt

2626 1597 2666 1641 a
2707 1598 2993 1662 gemuno
3040 1597 3213 1642 vocis
3256 1597 3474 1642 sensu.

2798 1662 2902 1728 22.
2947 1661 3037 1728 Et
3075 1661 3393 1744 separabo.
3482 1662 3629 1728 Hoc
3685 1661 3991 1746 quamvis
4034 1661 4326 1728 nondum
4372 1663 4563 1728 fuerit

2629 1748 2872 1813 diserte
2916 1750 3309 1831 expositum,
3356 1748 3698 1814 transferri
3744 1757 3964 1814 tamen
4012 1746 4092 1813 ad
4138 1748 4300 1814 alias
4342 1748 4564 1833 plagas

2630 1834 2838 1900 debet.
2904 1833 3174 1900 Certum
3220 1833 3394 1899 enim
3441 1842 3560 1912 est,
3606 1854 3808 1917 quum
3857 1855 4134 1917 poenam
4176 1832 4257 1900 de
4300 1836 4562 1920 Aegyp-

2629 1920 2741 1984 tiis
2798 1921 3090 2004 exigeret
3135 1920 3361 2000 Deus,
3418 1941 3547 1985 non
3606 1921 3974 2003 promiscue
4030 1919 4566 1987 animadvertisse

2630 2008 2700 2072 in
2744 2026 3001 2072 omnes:
3047 2004 3319 2088 ideoque
3363 2005 3641 2071 electum
3688 2006 3828 2072 eius
3872 2007 4219 2089 populum,
4266 2007 4376 2072 cui
4421 2028 4564 2073 con·

2632 2091 2876 2157 sultum
2939 2093 3230 2168 volebat,
3298 2092 3659 2156 immunem
3719 2092 3919 2159 fuisse
3977 2092 4059 2158 ab
4101 2094 4280 2158 omni
4325 2093 4566 2159 incom-

2631 2177 2842 2243 modo,
2910 2177 3105 2245 Nunc
3141 2187 3361 2242 tamen
3398 2177 3563 2242 forte
3606 2178 3894 2260 primum
3939 2177 4137 2244 huius
4181 2178 4569 2245 discriminis

2630 2264 2868 2330 certior
2912 2262 3207 2329 redditur
3252 2262 3544 2342 Pharao,
3605 2285 3808 2346 quum
3868 2273 4019 2330 ante
4070 2264 4426 2349 peculiaris
4464 2265 4571 2331 illa

2630 2350 2757 2416 Dei
2816 2351 3028 2435 gratia
3090 2349 3309 2433 ipsum
3375 2349 3624 2415 lateret.
3725 2349 3902 2415 Hinc
3962 2372 4117 2416 vero
4168 2351 4315 2434 plus
4383 2372 4569 2435 quam

2632 2436 3054 2501 manifestum
3097 2437 3249 2515 suit,
3311 2456 3509 2518 penes
3554 2437 3818 2502 unicum
3867 2437 4080 2502 Deum
4126 2436 4395 2503 Israelis
4438 2459 4570 2503 esse

2632 2522 2948 2587 beneficia
2982 2532 3049 2588 et
3081 2543 3345 2606 poenas,
3382 2531 3455 2585 ut
3490 2522 3629 2588 suis
3666 2531 3909 2604 parcat,
3944 2543 4185 2606 eosque
4220 2522 4573 2588 clementer

2633 2617 2699 2672 et
2744 2618 3015 2691 paterne
3060 2617 3321 2686 tractet,
3381 2628 3609 2673 rursus
3661 2608 4016 2674 vindictam
4073 2617 4300 2675 contra
4362 2609 4571 2675 hostes

2635 2715 2785 2759 suos
2829 2702 3147 2759 exerceat.
3216 2692 3437 2775 Quam
3480 2694 3562 2759 ob
3606 2714 3745 2758 rem
3792 2695 4087 2760 additur:
4130 2694 4226 2761 Ut
4268 2695 4440 2762 scias
4474 2717 4570 2760 me

2635 2801 2778 2845 esse
2821 2776 3138 2846 Iehovam
3183 2779 3253 2843 in
3296 2779 3508 2845 medio
3558 2788 3788 2846 terrae.
3879 2779 4123 2846 Subest
4180 2781 4359 2846 enim
4408 2782 4570 2846 anti·

2635 2864 2857 2944 thesis,
2903 2888 3066 2950 quae
3111 2867 3454 2948 prostratis
3498 2864 3684 2931 idolis
3729 2866 4050 2946 omuibus,
4099 2867 4308 2932 solum
4357 2866 4569 2932 Deum

2632 2952 2898 3017 Israelis
2932 2952 3004 3016 in
3039 2951 3305 3017 sublimi
3338 2951 3524 3017 locat.
3592 2951 3944 3017 Caeterum
3981 2972 4355 3037 quanquam
4404 2965 4573 3018 terra

2633 3038 2742 3105 hic
2776 3058 2894 3121 pro
2929 3046 3066 3104 toto
3102 3038 3256 3104 orbe
3292 3036 3629 3104 habitabili
3663 3039 3869 3122 accipi
3902 3048 4136 3123 potest,
4175 3048 4325 3123 apte
4355 3047 4570 3106 tamen

2632 3124 2714 3189 ad
2735 3123 3114 3208 Aegyptum
3155 3124 3610 3208 restringetur,
3655 3134 3731 3189 ut
3774 3127 4055 3190 affirmet
4092 3127 4275 3191 Deus
4317 3126 4392 3191 in
4437 3126 4571 3209 ipso

2633 3209 2923 3296 Aegypti
2967 3209 3217 3294 gremio
3260 3232 3330 3275 se
3375 3210 3734 3291 dominari,
3781 3211 3886 3277 vel
3926 3210 4165 3294 ubique
4209 3232 4325 3293 per
4369 3219 4569 3278 totam

2634 3299 3031 3383 Aegyptum,
3078 3295 3250 3380 quod
3294 3295 3469 3361 idem
3515 3297 3709 3363 valet.
3782 3298 4111 3381 Loquutio
4155 3318 4321 3381 quae
4365 3299 4568 3382 sequi·

2634 3391 2763 3462 tur,
2807 3403 3181 3467 quanquam
3225 3382 3415 3466 paulo
3460 3382 3683 3448 durior
3728 3392 3845 3464 est,
3896 3382 4057 3449 nihil
4104 3393 4323 3449 tamen
4373 3383 4572 3450 conti-

2635 3479 2752 3534 net
2816 3469 3215 3553 ambiguum.
3316 3467 3578 3536 Dicitur
3642 3470 3817 3534 enim
3885 3468 4177 3553 posuisse
4233 3468 4424 3536 Deus
4476 3491 4571 3535 re·

2635 3553 3079 3638 demptionem
3113 3554 3286 3619 inter
3320 3554 3634 3638 populum
3670 3576 3860 3621 suum
3898 3565 3965 3620 et
3989 3556 4390 3640 Aegyptios:
4427 3556 4571 3640 quia

2632 3640 2818 3706 velut
2849 3640 3239 3723 interposita
3273 3641 3569 3722 maceria,
3603 3640 3714 3707 vel
3750 3642 3982 3708 erectis
4017 3641 4340 3722 claustris,
4379 3661 4570 3726 quum

2632 3726 2949 3811 angulum
2995 3747 3203 3791 unum
3245 3734 3540 3792 servaret
3581 3727 4011 3807 incolumem,
4056 3729 4338 3812 gratiam
4388 3747 4569 3794 suam

2636 3834 2676 3878 a
2697 3821 2835 3877 tota
2870 3813 3118 3879 circum
3155 3812 3419 3896 regione
3457 3811 3804 3895 prohibuit.
3871 3814 4079 3879 Porro
4115 3815 4266 3896 quia
4300 3813 4573 3880 verbum

2637 3884 2767 3969 15¹7&
2832 3899 3160 3983 significat
3226 3897 3605 3963 admirabile
3669 3920 3839 3978 esse,
3920 3900 4029 3965 vel
4102 3899 4572 3978 absconditum,

2642 3995 2908 4051 vertunt
2965 3983 3229 4067 quidam
3286 3986 3715 4066 interpretes:
3777 3985 4248 4051 Admirabilem
4309 3984 4572 4052 reddam

2639 4080 2881 4136 terram
2920 4071 3161 4136 Gosen.
3243 4068 3379 4136 Sed
3422 4072 3604 4154 sequi
3650 4070 3849 4140 malui
3895 4071 4065 4154 quod
4110 4071 4321 4155 magis
4368 4092 4577 4153 recep-

2639 4166 2782 4222 tum
2825 4165 2986 4236 erat,
3032 4164 3098 4222 et
3139 4157 3373 4220 melius
3416 4157 3767 4222 convenire
3803 4157 4013 4223 visum
4053 4168 4170 4223 est.
4238 4159 4575 4224 Postremo

2643 4241 3002 4310 notandum
3068 4251 3199 4320 est,
3290 4243 3530 4307 iterum
3597 4254 3855 4325 tempus
3921 4243 4365 4326 poenitentiae
4441 4240 4575 4307 dari

2641 4328 3012 4406 Pharaoni,
3059 4336 3166 4408 ut,
3233 4328 3290 4394 si
3350 4336 3522 4394 esset
3578 4329 3921 4409 sanabilis,
3981 4349 4259 4412 poenam
4303 4330 4426 4396 sibi
4470 4328 4575 4394 de·

2643 4415 3019 4479 nunciatam
3073 4421 3536 4479 anteverteret.
3626 4414 3892 4480 Poterat
3948 4415 4124 4480 enim
4168 4414 4400 4481 eodem
4443 4434 4573 4480 mo·

2643 4509 2863 4565 mento
2898 4500 3081 4565 Deus
3120 4500 3425 4566 bestiolas
3467 4499 3614 4566 illas
3657 4500 3989 4567 emittere:
4035 4501 4151 4567 sed
4195 4509 4271 4566 ut
4312 4498 4576 4587 tyranni

2643 4586 2964 4651 malitiam
3001 4585 3322 4668 probaret,
3360 4596 3692 4669 posterum
3729 4585 3902 4652 diem
3945 4587 4172 4653 edixit.

2813 4670 2921 4738 25.
2993 4671 3170 4739 Tunc
3211 4673 3450 4738 vocavit
3493 4670 3752 4740 Pharao
3798 4672 4033 4739 Mosen.
4122 4672 4408 4740 Videtur
4460 4670 4574 4739 sibi

2647 4778 2961 4843 magnum
3005 4756 3248 4842 aliquid
3296 4756 3451 4823 dare
3497 4757 3774 4837 Pharan,
3819 4761 3873 4825 si
3917 4759 4197 4826 liberum
4240 4761 4327 4825 sit
4372 4760 4574 4825 Israe-

2645 4844 2784 4910 litis
2843 4843 2986 4910 Deo
3044 4845 3363 4909 sacrificia
3418 4844 3653 4909 offerre
3710 4844 3780 4909 in
3835 4848 4160 4930 Aegypte.
4250 4844 4578 4911 Debuerat

2648 4932 2787 5013 ipse
2845 4951 2996 4995 cum
3051 4929 3189 4994 suis
3248 4929 3549 4996 omnibus
3609 4931 3736 4996 Dei
3791 4932 4039 4996 cultum
4100 4932 4376 5014 supplex
4442 4950 4572 4996 am·

2651 5017 2862 5099 plecti,
2887 5027 2953 5081 et
2974 5014 3546 5100 superstitionibus
3569 5016 3829 5082 reiectis
3854 5017 4086 5082 Mosen
4122 5028 4426 5100 appetere
4447 5016 4572 5081 sin·

2650 5123 2835 5168 cerae
2871 5101 3133 5186 pietatis
3177 5102 3587 5186 magistrum.
3647 5101 3829 5167 Nihil
3872 5101 3954 5167 de
3996 5102 4447 5168 communibus
4481 5101 4575 5165 vi·

2653 5188 2764 5254 tiis
2817 5196 3050 5266 mutat,
3101 5209 3234 5253 non
3272 5188 3614 5253 renunciat
3646 5187 3856 5268 idolis,
3903 5210 4037 5254 non
4075 5189 4330 5256 abdicat
4362 5186 4573 5272 pristi-

2652 5294 2773 5339 nos
2818 5292 3102 5339 errores:
3169 5281 3428 5339 tantum
3517 5274 3791 5339 ermittit
3830 5274 3901 5339 in
3947 5297 4080 5342 una
4122 5273 4385 5341 ditionis
4427 5291 4580 5340 suae

2654 5368 2840 5444 parte
2883 5360 3101 5426 Deum
3135 5359 3281 5426 coli.
3372 5357 3421 5426 S
3549 5360 3670 5428 hoc
3716 5361 4012 5444 reprobis
4055 5363 4287 5428 tritum
4331 5369 4431 5427 est
4470 5358 4576 5424 ubi
