4867 6150
587 453 732 519 ’619

600 637 943 704 timoniam
1012 637 1312 704 conferre
1377 637 1434 703 si
1489 641 1876 723 sanguinem
1941 660 2069 707 nou
2128 640 2550 724 attingerent,

600 724 756 790 inde
793 722 986 790 facile
1030 722 1483 805 indulgentiae
1526 726 1795 791 suborta
1833 725 2069 792 fuisset
2111 725 2437 791 illecebra.

775 810 989 877 Levit.
1039 810 1117 875 17
1139 859 1154 888 ,
1202 807 1303 874 10.
1353 809 1715 894 Quicunque
1757 832 1834 878 ex
1874 812 2055 878 domo
2100 810 2328 877 Israel.
2417 810 2551 877 Hic

601 917 730 963 non
769 904 1027 961 tantum
1064 896 1260 960 morti
1306 895 1550 962 addicit
1592 897 1703 980 qui
1747 919 1816 963 se
1861 918 1978 963 esu
2022 897 2366 981 sanguinis
2410 896 2551 981 pol-

600 983 866 1059 luerint,
930 981 1043 1047 sed
1090 983 1145 1047 si
1190 1002 1425 1048 manus
1469 982 1757 1049 iudicum
1803 983 2174 1068 effugerint,
2219 1003 2290 1049 se
2335 982 2551 1051 vindi-

600 1089 745 1137 cem
781 1068 916 1132 fore
955 1067 1361 1150 pronunciat.
1427 1068 1655 1151 Neque
1699 1069 1877 1135 enim
1920 1067 2249 1135 iudicibus
2291 1076 2551 1134 tantum

601 1154 990 1240 praescribit
1026 1153 1183 1237 quid
1229 1153 1406 1220 factu
1452 1167 1705 1222 rectum
1749 1154 1855 1233 sit,
1900 1154 2014 1221 sed
2057 1155 2180 1221 sibi
2224 1155 2351 1238 ipsi
2396 1175 2554 1221 ven·-

602 1239 778 1306 dicat
847 1260 1092 1323 poenae
1153 1240 1510 1324 exigendae
1568 1248 1824 1324 partes:
1895 1263 2017 1309 nec
2075 1263 2230 1307 vero
2284 1240 2552 1307 modum

599 1324 861 1392 excedit
912 1325 967 1392 si
1012 1327 1164 1391 finis
1208 1326 1374 1408 legis
1415 1336 1764 1409 spectetur.
1854 1327 2000 1393 Etsi
2044 1328 2220 1393 enim
2263 1325 2554 1394 hominis

601 1413 871 1476 interitu
931 1411 1195 1495 pensari
1253 1413 1641 1496 sanguinem
1697 1413 1876 1479 bruti
1933 1413 2240 1480 animalis
2280 1434 2553 1480 consen·

600 1505 871 1562 taneum
905 1518 1041 1563 non
1077 1497 1222 1577 fuit,
1267 1498 1619 1564 tenendum
1666 1506 1890 1566 tamen
1934 1510 2034 1565 est
2079 1498 2551 1585 paedagogium

599 1583 773 1650 hanc
818 1584 968 1648 rudi
1014 1583 1256 1668 populo
1297 1583 1499 1649 fuisse
1545 1586 2016 1663 necessariam,
2060 1606 2145 1652 ne
2189 1584 2276 1651 ad
2318 1583 2551 1651 barba-

598 1670 764 1739 riem
824 1670 1222 1752 prosilirent.
1312 1669 1519 1735 Porro
1578 1691 1659 1736 ne
1717 1680 2078 1754 querantur
2122 1671 2244 1737 sibi
2291 1670 2552 1736 nullum

597 1755 882 1839 relinqui
942 1776 1133 1822 usum
1175 1756 1556 1839 sanguinis,
1612 1755 1918 1822 admonet
1966 1756 2178 1834 Daue,
2234 1777 2437 1840 quum
2482 1757 2553 1822 in

597 1841 1038 1925 expiationem
1086 1840 1274 1907 datus
1317 1842 1420 1919 sit,
1469 1840 1617 1925 plus
1657 1863 1852 1926 quam
1896 1843 2193 1927 ingratos
2236 1864 2380 1909 esse
2422 1843 2554 1909 nisi

599 1935 786 1992 tanto
846 1927 1156 1995 beneficio
1200 1928 1491 1995 contenti
1535 1928 1688 1994 sint.
1779 1929 1870 1994 Et
1911 1937 2086 1994 certe
2132 1950 2331 2012 quum
2377 1927 2552 2014 apud

598 2034 712 2078 eos
765 2014 1045 2096 pretium
1105 2023 1276 2079 esset
1333 2012 1639 2097 placandi
1683 2013 1841 2091 Dei,
1899 2014 2062 2082 haec
2116 2015 2365 2081 utilitas
2408 2014 2553 2082 cibo

599 2098 797 2184 longe
840 2098 1272 2183 praeferenda
1314 2099 1457 2165 fuit.
1549 2100 1731 2185 Ergo
1774 2101 1829 2165 si
1873 2100 2263 2185 sanguinem
2308 2101 2425 2184 qui
2468 2102 2551 2167 ad

600 2185 819 2251 Deum
863 2184 1419 2259 reconciliandum
1465 2184 1663 2251 altari
1705 2185 2069 2255 destinatus
2114 2196 2244 2262 est,
2289 2188 2359 2252 in
2407 2186 2552 2253 vul-

599 2290 822 2355 garem
888 2272 1106 2337 cibum
1172 2262 1533 2337 transferre
1597 2281 1943 2357 appetant.
2009 2271 2553 2357 ingratitudinem

598 2355 733 2423 illis
776 2355 1033 2440 oblique
1077 2358 1431 2440 exprobrat
1475 2357 1723 2424 Moses:
1783 2359 1937 2441 quia
1980 2357 2165 2424 Deus
2209 2380 2393 2424 esum
2438 2379 2554 2425 au-

599 2444 839 2518 ferens,
884 2442 1118 2507 melius
1154 2440 1419 2527 aliquid,
1457 2442 1630 2526 quod
1674 2443 1934 2510 abunde
1965 2444 2268 2511 sufficere
2301 2442 2554 2526 debeat,

600 2526 937 2593 residuum
976 2528 1107 2593 illis
1141 2528 1314 2595 fecit.
1383 2530 1736 2596 Caeterum
1771 2530 2092 2614 quomodo
2136 2531 2389 2597 animas
2434 2551 2549 2596 ex·

603 2614 742 2699 piet
803 2614 1101 2699 sanguis,
1169 2613 1322 2680 alibi
1384 2616 1600 2681 visum
1655 2622 1791 2696 est,
1846 2616 2305 2683 sacramentali
2359 2616 2554 2683 modo

602 2698 886 2766 scilicet:
932 2700 1043 2767 ubi
1079 2700 1443 2767 notandum
1479 2713 1598 2781 est,
1643 2700 1814 2785 quod
1851 2704 2185 2786 proprium
2231 2713 2330 2768 est
2354 2701 2552 2768 Chri·

601 2783 709 2865 sti,
748 2785 841 2853 sic
876 2786 1314 2871 metonymice
1351 2786 1694 2854 transferri
1729 2787 1815 2854 ad
1850 2788 2096 2873 figuras
2133 2795 2201 2855 et
2234 2788 2552 2873 symbola,

2083 449 2471 519 SEX'PUM
2514 449 3159 518 PRAECEPTUM.

4457 453 4569 520 620

2656 648 2730 706 ut
2754 649 2975 704 tamen
3000 659 3134 704 non
3158 638 3372 704 inanis
3396 648 3511 704 aut
3546 638 3747 705 fallax
3783 637 3986 705 fuerit
4022 636 4402 704 similitudo:
4437 641 4565 724 quia

2655 735 2981 809 quatenus
3025 725 3096 790 in
3133 725 3427 790 externis
3469 726 3809 792 sacrificiis
3850 722 4194 790 Christum
4240 725 4566 807 apprehen-

2650 811 2893 879 derunt
2928 820 3166 894 patres,
3210 810 3348 877 illic
3393 832 3548 877 vere
3593 811 3885 877 exhibita
3929 809 4057 876 fuit
4097 811 4398 893 expiatio.
4467 811 4570 876 Pe-

2655 898 2954 982 regrinos
3017 897 3143 964 hoc
3209 916 3463 980 quoque
3526 897 3670 963 loco
3734 895 4028 981 intelligo
4093 917 4226 962 non
4284 896 4571 980 quoslibet

2655 983 2947 1067 hospites
2991 984 3105 1066 qui
3149 982 3530 1068 negotiandi
3574 1003 3772 1049 causa
3809 983 3937 1049 iter
3978 983 4295 1060 swerent,
4338 980 4443 1047 sed
4478 983 4573 1066 qui

2657 1068 2741 1138 ad
2786 1069 2914 1135 Dei
2968 1067 3226 1134 cultum
3285 1089 3357 1134 se
3414 1069 3845 1135 contulerant.
3926 1067 4128 1134 Multi
4173 1070 4347 1133 enim
4389 1068 4575 1134 exteri

2654 1153 3230 1240 superstitionibus
3267 1153 3487 1220 valere
3523 1156 3738 1233 iussis,
3772 1153 4418 1233 circumcidebantur,
4438 1175 4574 1237 quos

2656 1241 2945 1325 oportuit
2998 1240 3243 1307 diserte
3301 1240 3660 1325 obstringi,
3716 1262 3802 1306 ne
3860 1260 3931 1306 se
3983 1241 4352 1306 eximerent
4392 1240 4443 1305 si
4482 1239 4575 1305 lex

2654 1350 2766 1394 eos
2810 1328 3269 1412 praeteriisset.
3362 1327 3506 1393 Hoc
3550 1326 3698 1392 ideo
3739 1326 4031 1392 breviter
4076 1325 4432 1391 notandum
4472 1334 4581 1401 est,

2659 1435 2741 1479 ne
2788 1421 3094 1497 putemus
3134 1412 3220 1479 ab
3266 1434 3383 1478 esu
3428 1411 3770 1496 sanguinis
3814 1410 4118 1495 profanos
4162 1411 4447 1495 hospites
4486 1432 4577 1476 ar-

2656 1500 2810 1578 ceri,
2848 1499 3083 1583 quibus
3105 1498 3341 1565 licebat
3358 1518 3591 1565 carnes
3627 1520 3667 1563 a
3701 1498 3856 1565 foris
3891 1496 4251 1579 discerptas
4286 1499 4353 1563 in
4387 1494 4577 1563 cibum

2654 1605 2894 1653 emere.
3005 1583 3355 1651 Caeterum
3435 1584 3588 1669 quia
3656 1595 3809 1651 ante
3872 1583 4084 1667 legem
4153 1583 4581 1650 abstinuerant

2656 1678 2879 1753 patres
2912 1693 2952 1736 a
2987 1671 3341 1755 sanguine,
3388 1681 3454 1735 et
3494 1669 3843 1754 prohibitio
3874 1669 3959 1733 ad
3995 1670 4278 1753 primam
4314 1668 4579 1734 tabulam

2656 1765 2725 1823 et
2779 1756 3059 1842 legalem
3118 1756 3366 1823 cultum
3423 1777 3556 1823 non
3612 1756 3973 1839 spectabat:
4018 1755 4172 1819 inde
4216 1754 4456 1821 factum
4492 1764 4587 1819 est

2656 1853 2736 1909 ut
2780 1842 3076 1926 apostoli,
3122 1842 3451 1927 abrogatis
3508 1840 3934 1908 caeremoniis
3954 1891 3969 1920 ,
4028 1861 4157 1906 non
4202 1841 4348 1907 ausi
4388 1850 4593 1904 tamea

2657 1929 2903 1995 fuerint
2966 1927 3247 1995 liberum
3303 1948 3490 1996 esum
3557 1927 3898 2011 sanguinis
3950 1926 4172 1995 statim
4232 1928 4582 2009 permittere

2652 2014 2829 2103 (Act.
2878 2013 2995 2096 15,
3037 2012 3176 2101 20),
3223 2035 3309 2079 ne
3348 2014 3620 2099 gravior
3665 2012 3940 2078 offensio
3984 2021 4364 2079 nasceretur
4404 2034 4484 2076 ex
4521 2032 4582 2075 re

2658 2122 2834 2169 nova
2889 2112 2956 2168 et
3012 2099 3291 2167 insolita.
3380 2100 3560 2185 Ergo
3619 2122 3703 2165 ne
3761 2120 3866 2166 res
3924 2098 4184 2164 tantilla
4234 2097 4585 2164 exitialibus

2657 2185 2943 2254 dissidiis
2987 2186 3315 2253 scinderet
3361 2184 3685 2264 ecclesias,
3732 2185 4038 2270 gentibus
4085 2183 4479 2250 mandarunt
4514 2202 4585 2247 ne

2661 2282 3080 2340 vescerentur
3147 2272 3503 2356 sanguine:
3568 2273 3822 2337 ratione
3879 2270 4136 2349 addita,
4201 2268 4373 2354 quod
4437 2287 4584 2334 novo

2658 2358 2957 2441 exemplo
3013 2357 3257 2423 turbati
3316 2365 3536 2423 essent
3577 2357 3687 2441 qui
3733 2357 3980 2423 assueti
4026 2364 4217 2421 erant
4261 2353 4346 2420 ad
4389 2354 4583 2439 legen-

2660 2445 2810 2509 dam
2859 2444 3068 2509 Mosis
3113 2443 3503 2509 doctrinam:
3562 2444 3724 2509 haec
3762 2451 3981 2507 tamen
4028 2441 4254 2526 exigui
4300 2450 4429 2506 tem
4510 2439 4585 2504 ris

2661 2529 2786 2595 fuit
2843 2529 3252 2610 observatio,
3320 2530 3491 2597 sicut
3550 2549 3633 2595 ex
3691 2528 3903 2595 Paulo
3956 2528 4315 2613 colligitur.
4479 2523 4584 2591 uod

2659 2625 2879 2682 autem
2953 2636 3160 2698 usque
3215 2613 3296 2679 ad
3361 2625 3621 2698 tempus
3673 2613 4080 2679 Tertulliani<
4122 2635 4163 2678 a
4222 2610 4587 2697 quibusdam

2656 2709 2919 2854 rgltgnta
2974 2700 3097 2766 fuit
3114 2751 3129 2781 ‚
3196 2702 3668 2784 superstitione
3720 2719 3856 2766 aon
3914 2700 4127 2767 caruit
4151 2712 4247 2793 ,et
4307 2716 4589 2784 perverso

2658 2811 2693 2854 z
2801 2839 2815 2853 .

1435 3512 2108 3592 APPENDICES
2165 3511 2477 3591 SEXTI
2531 3514 3141 3594 PRAECEPTI
3196 3514 3800 3593 POLiT-ICAE.

1168 3730 1300 3796 EX
1345 3730 1659 3798 LEVIT.
1706 3730 1974 3799 XXIV.

650 3988 735 4054 ‘at
779 3901 880 3969 17.
933 3901 1056 3985 Qui
1085 3902 1475 3985 manasserii
1517 3861 1802 3969 animam
1844 3902 2143 3984 hominis,
2201 3910 2393 3970 morte
2433 3924 2562 3970 mo-

599 4008 664 4054 rt
734 4009 834 4055 ων.

1124 4330 1256 4397 EX
1302 4328 1635 4396 EODEM
1679 4328 2038 4396 CAPI'PE.

780 4502 880 4568 19.
942 4501 1059 4568 Vir
1100 4501 1214 4584 qui
1253 4500 1538 4568 intulerit
1576 4501 1891 4568 maculam
1921 4501 2220 4584 proximo
2261 4522 2376 4568 suo
2393 4551 2408 4580 ,
2468 4523 2559 4569 se-

601 4587 877 4654 cundum
932 4588 1096 4670 quod
1147 4588 1296 4672 fecit
1349 4587 1442 4653 sic
1489 4586 1610 4670 fiat
1660 4588 1738 4654 ei.
1840 4588 1944 4654 20.
2004 4586 2384 4655 Fracturam
2428 4608 2559 4671 pro

600 4675 922 4759 fractura,
981 4673 1224 4739 centlum
1267 4694 1393 4755 pro
1452 4673 1651 4754 oculo,
1695 4675 1937 4741 dentem
1966 4694 2094 4756 pro
2135 4675 2340 4741 dente.-
2394 4678 2558 4746 siout

605 4760 897 4825 intulerit
935 4759 1266 4825 maculam·
1288 4758 1530 4826 homini
1546 4810 1562 4840 ‚
1627 4761 1722 4825 sic
1765 4760 2068 4844 inferetur
2110 4761 2185 4827 ei.
2274 4761 2380 4826 21.
2434 4760 2559 4843 Qui

601 4845 979 4929 percusserit
1031 4845 1276 4911 animal
1330 4845 1540 4911 reddet
1594 4845 1789 4912 illud.-
1847 4847 1960 4928 qui
2000 4867 2143 4912 vero
2175 4848 2561 4931 percusserit

604 4933 908 4998 hominem
971 4931 1297 4996 moriatur.
1398 4931 1501 4997 22.
1561 4931 1886 4999 Iudicium
1941 4952 2137 4998 unum
2188 4935 2311 4999 erit
2364 4933 2558 5012 vobie,

602 5019 766 5169 {gout
799 5016 1182 5103 parem-inus
1223 5017 1316 5082 sic
1359 5022 1414 5082 et
1454 5018 1755 5102 indigena
1796 5019 1951 5085 erit.-
1992 5018 2152 5101 quia
2194 5040 2302 5103 eye
2323 5019 2559 5086 ffehova

677 5125 786 5170 eus
826 5109 1039 5171 vester.

3277 3730 3410 3797 EX
3455 3729 3756 3797 EXODI
3801 3730 3997 3798 XXI.

2839 3904 2940 3970 12.
2994 3901 3528 3987 Quipemmerit
3567 3902 3776 3970 virum
3816 3903 4215 3978 adaman,
4261 3906 4593 3969 mortemo-

2660 3990 2894 4057 riatur.
2981 3990 3085 4057 13.
3132 3988 4592 4073 Atquinoninsidiatcoefueritei,sedu·a-

2661 4077 2895 4143 diderit
2948 4076 3132 4143 illum
3168 4074 3358 4144 Deus
3412 4075 3483 4141 in
3536 4095 3767 4144 mamus
3810 4075 3972 4151 eius,
4026 4079 4177 4140 ¹tame
4212 4074 4377 4141 dabo
4419 4075 4589 4141 lom

2664 4162 2750 4228 ad
2791 4182 2970 4244 quem
3005 4162 3219 4246 fuyiet.
3310 4161 3411 4227 14.
3462 4159 3581 4226 Sin
3622 4181 3763 4227 vero
3804 4160 4165 4226 insultando
4209 4180 4278 4225 se
4329 4157 4589 4227 caulem

2662 4248 2987 4399 {pispiggt
3005 4268 3113 4398 ax?
3156 4248 3527 4398 moximtffi
3581 4266 3771 4312 suum
3787 4252 3933 4398 'uta
3975 4246 4212 4347 occidat
4252 4266 4396 4312 eum
4434 4243 4588 4311 mali-

2687 4353 2835 4413 wse,
3059 4355 3201 4398 ,an
3240 4353 3375 4398 meo
3522 4353 3589 4398 es
3623 4353 3766 4398 eum
3917 4338 4247 4399 momatur.

3176 4675 3311 4743 EX
3354 4675 3685 4744 EODEM
3729 4673 4086 4741 OAPITE.

2838 4848 2937 4914 18.
2990 4848 3165 4930 Quod
3221 4849 3282 4914 si
3335 4847 3815 4931 rixatifuerint
3855 4846 4092 4928 aliqui,
4150 4841 4581 4930 &percusserit

2664 4932 2822 4999 alter
2851 4935 3225 5016 proximem
3266 4955 3455 5000 suum
3498 4933 3711 5016 lapide
3752 4933 3850 4999 vel
3881 4953 4130 5017 pugnae,
4185 4952 4292 4999 nec
4333 4934 4580 4995 mortuus

2658 5019 2874 5103 fuerit,
2918 5020 3026 5085 sed
3068 5021 3332 5086 iacuerit
3373 5020 3446 5086 in
3480 5020 3652 5086 ledo.-
3713 5018 3815 5085 19.
3856 5018 3934 5082 Si
3975 5019 4338 5095 surrexerit,
4379 5021 4432 5082 et
4466 5032 4577 5110 anq-

2661 5106 2968 5172 bulaverit
2997 5105 3159 5187 foris
3191 5125 3380 5188 super
3411 5106 3701 5172 baculum
3740 5123 3947 5186 suum,
3988 5110 4133 5169 tunc
4164 5104 4443 5170 innocens
4477 5100 4578 5164 ent

2661 5190 3485 5344 ff'fflPfffflffJitliiZ'im
3494 5192 3943 5344 ..ῗίῗέἶωὲἂ
3982 5187 4447 5358 &W
4242 5188 4573 5358 W
4527 5185 4576 5280 ᾳ

2661 5297 2979 5445 aemam
3029 5383 3279 5429 servum
3319 5384 3508 5431 suum
3550 5364 3645 5430 vel
3686 5327 3984 5430 sacillum
4025 5382 4211 5429 suam
4251 5358 4473 5435 baculo,
4521 5357 4574 5418 σέ
