4867 6150
2031 1603 2732 1702 EXODUS.

1150 1908 1457 1980 CAPUT
1493 1911 1548 1977 Ι.

543 2082 602 2147 1.
642 2081 821 2148 Haec
853 2085 1001 2146 sunt
1032 2081 1290 2146 nomina
1314 2081 1595 2162 filiorum
1630 2082 1842 2147 Israel
1883 2082 1995 2166 φοί
2035 2087 2333 2147 venerunt

361 2170 437 2234 in
481 2168 842 2253 Aeyyptum
885 2186 1022 2231 cum
1068 2166 1370 2233 Iahacob:
1423 2169 1684 2249 quisque
1726 2189 1864 2232 cum
1903 2168 2166 2250 familia
2210 2188 2332 2233 sua

364 2255 552 2321 venit.
621 2254 680 2319 2.
728 2252 998 2330 Reubcn,
1042 2251 1312 2328 Simeon,
1360 2253 1519 2318 Levi
1562 2258 1618 2317 et
1652 2253 1956 2335 Iehudah,
2042 2254 2104 2319 3.
2151 2254 2332 2320 Issa-

367 2340 543 2421 char,
589 2339 874 2404 Zabulon
917 2343 973 2401 et
1006 2337 1369 2416 Beniamin,
1436 2337 1496 2403 4.
1543 2338 1717 2416 Dan,
1770 2338 2129 2423 Nepkthali,
2182 2339 2331 2405 Gad

372 2431 433 2493 et
476 2428 690 2490 Aeser.
780 2424 841 2490 5.
888 2423 1177 2488 Fuerunt
1232 2429 1436 2489 autem
1495 2445 1703 2489 omnes
1758 2428 2008 2491 animae
2051 2446 2331 2509 cyr-essue

378 2532 460 2578 ex
489 2510 716 2592 femore
752 2508 1042 2587 Iahacob,
1084 2510 1478 2592 septuayinta
1520 2512 1787 2576 animae.
1862 2511 2091 2593 Ioseph
2125 2516 2337 2576 autem

376 2602 512 2662 erat
543 2599 613 2661 in
634 2597 934 2680 Aeqypto.
1002 2596 1062 2660 6.
1111 2594 1407 2660 Mortuus
1440 2616 1584 2661 vero
1627 2603 1716 2662 est
1738 2596 1984 2680 Ioseph,
2030 2602 2087 2662 et
2125 2618 2333 2663 omnes

369 2683 613 2766 fratres
667 2683 827 2760 eiua,
891 2686 947 2746 et
1002 2686 1125 2746 tota
1183 2686 1359 2745 aetas
1412 2680 1549 2747 illa.
1645 2683 1700 2748 7.
1748 2682 1952 2747 Porro
2017 2688 2332 2749 creverunt

367 2769 499 2851 filii
543 2767 787 2845 Israel,
850 2773 907 2833 et
963 2768 1133 2831 aucti
1185 2772 1336 2830 sunt
1377 2773 1432 2831 et
1485 2767 1913 2851 multiplicati,
1960 2774 2018 2835 et
2059 2769 2331 2835 roborati

374 2853 946 2939 quamplurimam».-
988 2854 1140 2919 adeo
1183 2856 1251 2916 ut
1281 2852 1482 2932 plena
1524 2855 1690 2935 apsis
1731 2859 1890 2920 esset
1928 2858 2114 2920 terra.

556 3028 614 3093 1.
659 3024 836 3093 Haec
876 3026 1024 3089 sunt
1064 3024 1340 3090 nomina.
1413 3023 1777 3091 Consilium
1824 3024 2086 3108 quidem
2124 3025 2330 3092 Mosis

378 3124 484 3180 est
524 3114 869 3179 mirificam
916 3110 1367 3175 liberationem
1412 3110 1634 3195 populi
1681 3112 2078 3178 describere:
2127 3110 2331 3198 (unde

378 3211 448 3266 et
505 3220 744 3265 nomen
788 3220 827 3262 a
879 3196 1151 3262 Graecis
1207 3197 1378 3262 libro
1437 3196 1746 3285 inditum)
1805 3197 1918 3263 sed
1979 3208 2329 3281 antequam

378 3286 538 3353 illuc
584 3285 827 3361 veniat,
874 3281 1163 3348 breviter
1197 3280 1506 3348 admonet
1539 3283 1713 3366 quod
1748 3304 1883 3349 non
1920 3305 2098 3351 vana
2130 3284 2333 3350 fuerit

377 3371 729 3458 promissio
764 3367 1071 3435 Abrahae
1107 3367 1276 3446 data,
1322 3369 1712 3453 aequabitur
1754 3391 1979 3435 semen
2027 3377 2213 3434 tuum
2248 3369 2330 3434 ad

378 3478 738 3524 numerum
774 3453 1113 3522 stellarum
1139 3455 1297 3520 coeli
1321 3463 1389 3520 et
1409 3476 1648 3522 arenae
1671 3456 1872 3521 maris
1892 3455 2090 3542 (Gen.
2118 3456 2218 3537 15,
2242 3455 2329 3543 5).

380 3544 532 3610 Hoc
572 3544 592 3608 i
646 3546 779 3607 'tur
811 3540 1150 3607 exordium
1190 3540 1343 3606 libri
1379 3549 1509 3608 est:
1554 3543 1857 3625 quamvis
1902 3543 2210 3626 migratio
2245 3563 2333 3607 ex

379 3640 562 3696 terra
655 3628 917 3695 hanaan
963 3627 1034 3691 in
1066 3629 1467 3711 Aegyptum,
1514 3628 1598 3693 ad
1642 3636 1904 3712 tempus
1946 3629 2090 3695 visa
2130 3628 2334 3693 fuerit

378 3715 570 3801 quasi
608 3714 887 3781 foederis
932 3713 1060 3779 Dei
1103 3714 1413 3778 interitus
1457 3721 1523 3779 et
1568 3714 1861 3791 abolitio,
1908 3734 2059 3780 eum
2103 3722 2330 3780 tamen

379 3801 554 3886 quod
614 3821 803 3868 servo
860 3820 979 3867 suo
1023 3798 1352 3882 pollicitus
1408 3800 1624 3865 fuerat
1682 3799 1762 3866 de
1820 3798 2060 3866 sobolis
2116 3800 2328 3866 incre-

377 3889 624 3954 mentis
690 3909 808 3953 suo
875 3896 1166 3968 tempore
1230 3886 1413 3968 large
1479 3887 1905 3969 praestitisse.
2014 3886 2330 3952 Nominat

381 3982 605 4041 autem
668 3974 879 4038 solum
940 3971 1281 4038 duodecim
1338 3971 1746 4054 patriarchas
1790 3972 1902 4055 qui
1947 3995 2096 4039 cum
2142 3982 2328 4056 patre

381 4081 504 4128 suo
546 4059 740 4126 Iacob
797 4058 1070 4142 profecti
1126 4066 1307 4122 sunt:
1368 4056 1602 4123 deinde
1657 4080 1986 4124 summam
2044 4059 2330 4142 capitum

382 4146 652 4231 colligit,
689 4146 875 4211 cuius
911 4143 1057 4209 aliis
1092 4142 1345 4210 duobus
1380 4143 1536 4210 locis
1571 4146 1648 4209 fit
1671 4145 1950 4210 mentio:
1989 4145 2184 4210 Deut.
2228 4145 2329 4209 10.

383 4241 454 4297 et
496 4233 667 4297 Gen.
715 4230 818 4297 46.
908 4232 1129 4314 Atque
1180 4231 1424 4312 optime
1478 4232 1855 4313 supputatio
1899 4232 2228 4306 convenit,
2275 4231 2331 4294 si

383 4317 582 4383 Iacob
646 4319 822 4382 inter
887 4316 1140 4382 animas
1214 4316 1487 4400 triginta
1551 4337 1664 4381 sex
1744 4316 1960 4400 primo
2038 4317 2333 4400 catalogo

385 4413 748 4471 censeatur.
859 4401 1030 4466 Nam
1102 4401 1274 4484 quod
1339 4402 1581 4467 Rabini
1647 4401 1973 4468 Iochebed
2052 4412 2331 4468 matrem

385 4490 596 4555 Mosis
630 4499 971 4555 accersunt
994 4498 1069 4552 ut
1105 4509 1449 4552 numerum
1475 4488 1800 4570 expleant,
1839 4488 2035 4573 longe
2057 4489 2332 4572 petitum

388 4585 519 4642 est:
603 4595 677 4640 ac
745 4574 1012 4639 minime
1092 4586 1618 4652 consentaneum,
1701 4575 1965 4639 mulieri
2031 4595 2196 4659 quae
2261 4575 2333 4638 in

391 4664 697 4746 Aegypto
742 4671 969 4744 postea
1027 4671 1183 4725 nata
1241 4671 1370 4740 est,
1429 4660 1639 4724 locum
1701 4659 1843 4725 dari
1902 4663 2077 4725 inter
2131 4661 2331 4737 viros,

390 4769 553 4831 quos
596 4768 813 4812 secum
854 4745 1046 4810 Iacob
1091 4746 1384 4811 adduxit.
1457 4745 1533 4811 Si
1576 4747 1719 4828 quis
1764 4747 2029 4813 obiiciat
2071 4757 2332 4830 septua-

392 4834 579 4919 ginta
625 4831 753 4897 dici
797 4852 1092 4916 egressos
1134 4853 1213 4895 ex
1261 4835 1502 4898 femore
1544 4831 1762 4910 Iacob,
1819 4832 2009 4899 facile
2055 4833 2335 4899 diluitur

392 4918 834 5003 repugnantia
878 4941 957 4982 ex
1005 4921 1333 4983 communi
1379 4940 1500 4983 usu
1552 4918 2013 5003 synecdoches,
2102 4920 2331 5001 Ipsum

392 5027 548 5071 vero
595 5027 634 5068 a
673 5025 798 5086 quo
838 5005 1157 5087 progeniti
1214 5017 1369 5068 sunt
1421 5003 1686 5087 reliqui,
1736 5027 1865 5070 non
1909 5005 2201 5082 excludi,
2248 5025 2330 5070 ex

392 5091 609 5156 verbis
648 5089 851 5154 Mosis
894 5090 1205 5155 elicimus.
1278 5090 1355 5154 In
1402 5092 1817 5174 septuaginta
1861 5093 2148 5175 quinque
2193 5092 2331 5156 ani-

393 5176 627 5242 mabus
683 5177 961 5259 ingressi
1019 5188 1175 5240 sunt
1231 5192 1446 5258 patres
1506 5177 1603 5241 tui
1661 5177 1723 5240 in
1788 5181 2198 5260 Aegyptum:
2268 5187 2336 5240 et

396 5283 544 5329 ecco
609 5283 787 5326 nunc
854 5272 916 5325 te
975 5262 1435 5345 multiplicavit
1494 5264 1674 5326 Deus
1741 5261 1965 5348 (Dent.
2036 5264 2135 5337 10,
2204 5262 2332 5348 22).

338 5369 347 5375 ·
396 5348 704 5432 Quinque
776 5349 932 5412 Vero
995 5348 1372 5430 superaddi,
1439 5347 1539 5434 (ut
1604 5348 1846 5433 legitur
1905 5352 1972 5412 in
2030 5352 2335 5416 concione

2414 1909 2744 1993 Stephani
2780 1908 2956 1993 apud
2977 1910 3259 1998 Lucam)
3297 1910 3480 1977 nulla
3516 1912 3686 1979 ratio
3722 1913 3901 1979 sinit.
3969 1914 4110 1981 Nec
4141 1918 4382 1984 mirum

2415 2007 2542 2077 est,
2600 1998 2672 2061 in
2716 1996 2963 2062 notulis
3023 2018 3189 2080 quae
3251 2018 3558 2063 numeros
3616 1998 3920 2082 signant,
3979 2000 4087 2066 vel
4131 2003 4201 2067 in
4245 2024 4383 2069 una

2412 2083 2608 2147 litera
2651 2082 3017 2164 obrepsisse
3063 2084 3242 2148 hunc
3282 2103 3592 2150 errorem.
3683 2084 3877 2165 Quod
3927 2086 3984 2152 si
4029 2087 4174 2169 quis
4219 2110 4378 2155 con·

2416 2170 2738 2233 tentiosus
2785 2168 3045 2233 rixandi
3101 2189 3329 2234 ansam
3392 2179 3641 2253 captet,
3699 2171 4199 2241 meminerimus
4245 2196 4379 2240 non

2415 2254 2661 2319 frustra
2706 2263 2928 2320 vetare
2973 2256 3301 2337 spiritum,
3349 2275 3466 2338 per
3500 2277 3572 2320 os
3609 2255 3820 2336 Pauli,
3865 2279 3950 2323 ne
3989 2279 4386 2343 occupemur

2413 2341 2588 2406 circa
2632 2340 3047 2423 genealogias
3097 2338 3183 2426 (1.
3230 2340 3400 2406 Tim.
3452 2341 3510 2420 1,
3555 2340 3643 2428 4).

2589 2427 2649 2491 6.
2713 2424 3013 2491 Mortuus
3068 2446 3212 2491 vero
3269 2431 3360 2492 est
3412 2426 3655 2511 Ioseph.
3746 2428 3991 2494 Inscite
4051 2429 4383 2515 colligunt

2416 2533 2500 2576 ex
2559 2511 2681 2577 hoc
2741 2512 2878 2576 loco
2940 2510 3218 2576 Rabini:
3278 2513 3524 2596 Ioseph
3578 2513 3870 2597 primum
3924 2537 4009 2580 ex
4064 2517 4378 2584 fratribus

2414 2606 2748 2663 mortuum
2808 2598 3038 2663 fuisse:
3100 2598 3256 2681 quia
3312 2620 3515 2680 quum
3572 2598 3750 2665 solus
3806 2608 3963 2667 tunc
4007 2601 4377 2688 excelleret,

2415 2704 2654 2749 nomen
2722 2684 2862 2749 eius
2929 2683 3171 2749 diserte
3237 2686 3521 2767 exprimi
3586 2686 3857 2750 honoris
3923 2706 4144 2765 causa,
4226 2690 4374 2755 aliis

2414 2770 2818 2854 praeteritis,
2876 2778 3166 2852 apparet.
3257 2770 3525 2851 Quanto
3570 2782 3863 2855 tempore
3906 2773 4154 2838 fuerint
4196 2777 4371 2858 patri

2416 2856 2833 2939 superstites,
2892 2876 3026 2920 non
3082 2866 3310 2921 narrat
3352 2857 3603 2923 Moses:
3674 2857 3788 2925 sed
3848 2858 4114 2923 initium
4157 2869 4373 2925 muta-

2416 2941 2614 3006 tionis
2660 2949 2916 3006 tantum
2964 2951 3181 3007 notat:
3230 2963 3305 3008 ac
3350 2945 3404 3008 si
3453 2942 3734 3019 diceret,
3782 2944 4156 3010 humaniter
4201 2955 4378 3013 trac-

2418 3038 2587 3093 tatos
2622 3028 2821 3093 fuisse
2857 3026 3190 3094 Israelitas
3226 3028 3424 3113 longo
3461 3031 3774 3113 temporis
3818 3030 4051 3113 spatio,
4097 3042 4168 3097 ut
4212 3033 4373 3097 tole-

2417 3114 2645 3179 rabilis
2689 3113 2892 3178 fuerit
2936 3135 3162 3179 eorum
3212 3115 3500 3180 conditio
3544 3118 3652 3198 qui
3701 3115 4179 3182 descenderant
4222 3140 4374 3184 cum

2416 3198 2645 3275 Iacob,
2694 3200 2851 3283 quia
2893 3201 2974 3265 ab
3020 3201 3195 3265 omni
3240 3200 3484 3266 iniuria
3528 3212 3594 3267 et
3638 3200 3985 3287 tyrannide
4029 3202 4378 3286 immunes,

2418 3286 2701 3368 hospitio
2747 3285 2870 3351 sibi
2915 3305 3222 3353 concesso
3269 3288 3622 3370 tranquille
3662 3288 4073 3354 fruebantur.
4156 3287 4372 3357 Simul

2418 3371 2741 3452 admonet,
2778 3373 3086 3454 potuisse,
3124 3381 3341 3438 aetate
3376 3373 3494 3438 illa
3524 3383 3929 3457 consumpta,
3967 3376 4172 3440 emori
4193 3373 4373 3459 apud

2420 3467 2712 3542 posteros
2772 3456 3168 3523 desiderium
3213 3470 3278 3523 et
3332 3462 3715 3525 memoriam
3775 3472 3990 3526 terrae
4036 3459 4374 3542 Chanaan,

2418 3564 2616 3627 quam
2661 3564 2996 3626 nunquam
3031 3556 3530 3628 conspexerant,
3577 3546 3705 3612 nisi
3742 3547 4067 3613 violenter
4102 3546 4183 3612 ad
4224 3568 4370 3613 eam

2418 3628 2857 3713 expetendam
2923 3631 3366 3715 expergefacti
3431 3638 3670 3699 essent.
3774 3632 3865 3698 Et
3928 3640 4105 3698 certe
4171 3643 4244 3698 ut
4299 3633 4373 3698 in

2418 3715 2814 3781 meditandis
2858 3716 2986 3782 Dei
3044 3716 3377 3782 beneficiis
3433 3718 3786 3784 obliviosus
3844 3728 3911 3783 et
3967 3739 4185 3785 socors
4230 3729 4372 3785 erat

2418 3802 2700 3885 populus
2742 3801 2885 3876 ille,
2947 3824 3081 3867 non
3125 3804 3343 3886 potuit
3385 3805 3526 3868 eius
3572 3804 3772 3869 saluti
3815 3803 4050 3869 melius
4093 3805 4367 3882 consuli,

2420 3909 2615 3971 quam
2676 3886 2785 3953 ubi
2845 3889 3027 3954 Deus
3086 3888 3437 3956 crudeliter
3493 3889 3684 3953 illum
3746 3889 3971 3957 vexari
4033 3890 4370 3974 affligique

2420 3995 2650 4058 passus
2695 3983 2828 4038 est:
2872 3974 3130 4057 alioqui,
3176 3974 3447 4058 perinde
3488 3997 3562 4041 ac
3607 3977 3661 4040 si
3707 3974 4025 4040 oriundus
4069 3988 4241 4043 esset
4284 3997 4372 4042 ex

2419 4064 2747 4144 AegyptO,
2786 4070 3173 4142 perpetuum
3197 4061 3331 4125 illic
3356 4059 3582 4126 nidum
3608 4072 3925 4145 optasset:
3966 4082 4097 4144 qua
4122 4062 4370 4127 desidia

2416 4147 2486 4211 in
2511 4165 2740 4245 eorum
2775 4144 3080 4212 cordibus
3115 4146 3461 4212 obliterata
3495 4147 3727 4213 fuisset
3755 4169 3903 4231 spes
3939 4145 4368 4213 haereditatis

2420 4251 2801 4315 promissae.

2592 4317 2650 4382 7.
2702 4315 2903 4382 Porro
2944 4322 3262 4383 creverunt
3295 4316 3441 4399 filii.
3531 4318 3894 4401 Quousque
3927 4321 4365 4400 excreverint,

2421 4400 2803 4468 duodecimo
2839 4405 3049 4486 capite
3086 4414 3313 4469 narrat
3349 4404 3603 4483 Moses,
3640 4426 3878 4487 nempe
3929 4407 4010 4471 ad
4057 4417 4368 4472 sexcenta

2421 4509 2629 4572 usque
2673 4487 2899 4563 millia,
2940 4490 3233 4572 exceptis
3279 4491 3498 4572 pueris
3542 4501 3609 4555 et
3651 4491 4055 4559 mulieribus.
4144 4493 4367 4557 Incre-

2421 4573 2619 4639 dibile
2664 4582 2838 4639 certe
2882 4584 3312 4659 augmentum
3358 4586 3494 4640 tam
3539 4577 3773 4656 exiguo
3810 4590 4122 4663 tempore.
4193 4578 4368 4644 Nam

2421 4681 2622 4745 quum
2683 4659 2839 4725 anni
2882 4661 3057 4726 inter
3109 4660 3336 4726 foedus
3390 4683 3540 4728 cum
3586 4662 3923 4727 Abraham
3980 4685 4368 4747 percussum

2420 4757 2488 4811 et
2530 4747 2753 4830 populi
2797 4748 3053 4812 exitum
3095 4759 3527 4812 numerentur
3566 4749 4030 4833 quadringenti
4076 4751 4367 4834 triginta,

2422 4832 2761 4898 dimidiam
2821 4854 2974 4898 vero
3029 4843 3281 4917 partem
3336 4834 3673 4902 effluxisse
3716 4846 3970 4902 constet
4014 4847 4368 4919 antequam

2422 4918 2613 4984 Iacob
2676 4921 2744 4983 in
2811 4923 3185 5003 Aegyptum
3255 4919 3703 4987 descenderet:
3785 4921 3939 4987 inde
4004 4923 4365 4998 conficitur,

2421 5003 2721 5069 ducentis
2788 5014 3045 5070 tantum
3110 5007 3331 5082 annis,
3398 5007 3504 5071 vel
3572 5006 3765 5090 paulo
3828 5009 4010 5091 plus,
4080 5009 4199 5073 hoc
4267 5019 4367 5071 est

2419 5092 2612 5156 annis
2649 5091 2870 5156 decem
2912 5090 3012 5156 vel
3056 5091 3345 5170 circiter,
3389 5091 3725 5158 Israelitas
3768 5093 3969 5159 fuisse
4017 5094 4366 5176 inquilinos

2419 5177 2597 5242 illius
2640 5186 2868 5242 terrae.
2959 5177 3092 5259 Qui
3137 5201 3292 5264 ergo
3335 5180 3476 5243 fieri
3523 5180 3764 5262 potuit,
3832 5193 3906 5244 ut
3947 5192 4082 5244 tam
4126 5180 4367 5262 exiguo

2424 5273 2715 5344 tempore
2771 5274 3175 5332 excresceret
3234 5264 3485 5330 familia
3541 5285 3678 5329 una
3720 5266 3789 5328 in
3836 5272 3934 5330 tot
3985 5262 4362 5349 myriadas?

2424 5348 2648 5432 Larga
2702 5349 2935 5415 fuisset
2977 5371 3051 5417 ac
3109 5351 3374 5416 insolita
3430 5349 3913 5434 multiplicatio,
3977 5351 4033 5414 si
4075 5373 4155 5415 ex
4208 5370 4365 5416 nna·
