4867 6150
333 442 462 509 609

329 629 564 716 quibus
620 629 1096 714 quodammodo
1239 630 1405 697 lluta
1473 640 1606 698 est:
1674 630 1913 700 deinde
1972 640 2047 699 ut
2103 653 2283 701 mors

332 717 475 783 eius
519 717 629 801 qui
674 715 947 802 deliquit
988 719 1168 784 omni
1213 739 1292 784 us
1334 719 1423 784 sit
1465 718 1784 801 exemplo.

920 1058 1053 1127 Ex
1096 1058 1402 1128 EXODI
1446 1057 1681 1128 XXII.

502 1232 586 1299 28
614 1230 686 1320 Ι).
731 1230 887 1300 Diis
939 1251 1068 1298 non
1122 1231 1438 1315 detrahes,
1492 1232 1869 1317 &principi
1909 1233 2134 1320 populi
2188 1232 2283 1300 tui

325 1337 449 1386 non
484 1318 833 1385 maledices.

929 1660 1064 1729 Ex
1120 1661 1427 1729 LEVI'P.
1472 1660 1669 1729 xlx.

498 1830 603 1897 32.
648 1831 814 1900 Ante
855 1834 1144 1900 canitiem
1187 1853 1484 1919 assume,
1540 1839 1600 1899 et
1639 1833 1877 1901 honora
1915 1833 2149 1916 faciem
2189 1854 2283 1902 se-

323 1915 447 1999 m‘s,
490 1922 841 2002 mutuosque
877 1918 1091 1987 Deum
1130 1926 1342 1987 tuum:
1383 1941 1488 2005 eye
1534 1919 1787 1986 Ichova.

962 2263 1093 2330 EX
1141 2262 1409 2330 DEUT.
1456 2262 1651 2329 XVI.

500 2435 600 2503 18.
668 2437 925 2503 Iudices
986 2440 1044 2502 et
1095 2434 1451 2518 praefectos
1528 2436 1857 2502 constitues
1924 2434 2042 2501 tibi
2105 2436 2280 2501 intra

321 2527 810 2606 mesponas
864 2527 1215 2604 masque-s
1260 2520 1492 2586 Iehova
1537 2519 2279 2588 Deustuusdabittibi

473 2607 679 2761 osmi
603 2613 878 2761 παίζω,
921 2607 1034 2690 qui
1053 2606 1326 2674 iudicent
1366 2607 1667 2691 populum
1707 2608 1944 2675 iudicio
1978 2608 2277 2683 neemiae,

972 3033 1104 3102 Ex
1145 3035 1413 3104 DEU'I'.
1459 3034 1617 3102 XX.

496 3209 558 3276 9.
610 3209 817 3292 Quum
875 3206 1065 3289 finem
1124 3207 1385 3287 fecerint
1437 3206 1750 3290 praefecti
1814 3207 2124 3275 mditares
2180 3208 2271 3273 lo·

312 3294 1074 3466 wbffffipzlum,
1145 3294 1514 3360 constituent
1544 3294 1872 3377 principes
1913 3299 2275 3361 cumarum

493 3552 707 3620 Exod.
751 3552 857 3632 22,
901 3551 1006 3618 28.
1056 3551 1215 3621 Diis
1254 3577 1377 3622 non
1430 3551 1729 3621 detrahes.
1821 3550 2121 3635 Quatuor
2164 3553 2273 3620 isti

312 3640 446 3707 loci
480 3641 875 3707 confirmant
908 3638 1081 3722 quod
1117 3638 1275 3723 dixi,
1318 3642 1438 3709 sub
1474 3651 1821 3722 parentum
1861 3640 2121 3704 nomine
2156 3661 2275 3722 per

314 3724 779 3812 synecdochen
819 3726 890 3789 in
946 3725 1176 3808 quinto
1232 3737 1579 3812 praecepto
1633 3723 2106 3808 comprehendi
2162 3747 2274 3791 eos

313 3834 549 3879 omnes
592 3812 705 3896 qui
748 3824 1065 3894 praesunt
1106 3834 1257 3880 cum
1300 3812 1596 3898 imperio.
1662 3810 1891 3894 Neque
1927 3811 2106 3877 enim
2144 3809 2274 3876 Dei

312 3898 664 3966 consilium
731 3896 856 3963 fuit
920 3897 1274 3983 quidquam
1339 3898 1579 3965 addere
1635 3898 1715 3963 ad
1776 3896 1939 3963 duas
1996 3896 2270 3977 tabulas,

314 4005 399 4052 ac
440 3988 497 4052 si
539 3982 695 4067 quid
740 3982 981 4049 melius
1027 3985 1131 4050 vel
1178 3985 1531 4069 perfectius
1584 3982 1823 4050 deinde
1867 3983 1935 4048 in
1981 3991 2271 4049 mentem

316 4072 643 4138 venisset:
694 4069 865 4153 quod
915 4071 1267 4155 imaginari
1317 4072 1498 4137 nefas
1542 4080 1660 4136 est.
1720 4069 2091 4135 Contentus
2114 4090 2272 4154 ergo

309 4157 447 4225 fuit
478 4156 711 4240 regula
746 4155 949 4222 semel
986 4156 1246 4236 tradita,
1284 4157 1583 4241 quamvis
1617 4155 2005 4239 explicatius
2045 4165 2273 4239 postea

310 4244 633 4327 loquutus
696 4243 801 4310 sit.
912 4244 1116 4325 Atqui
1182 4264 1223 4309 a
1287 4246 1431 4327 lege
1496 4242 1788 4308 alienum
1852 4251 2029 4308 esset
2094 4241 2268 4325 quod

312 4351 497 4396 nunc
541 4329 953 4414 praecipitur,
1000 4330 1126 4394 nisi
1167 4330 1450 4396 accessio
1486 4342 1680 4412 atquc
1713 4326 1874 4393 adeo
1911 4349 2063 4410 pars
2098 4339 2271 4394 esset

313 4417 533 4501 quinti
571 4415 917 4499 praecepti.
986 4414 1209 4481 Primo
1250 4417 1434 4481 iubet
1477 4424 1858 4480 reverenter
1900 4414 2166 4493 sentire,
2204 4425 2270 4479 et

312 4502 501 4586 loqui
544 4501 625 4566 de
668 4501 989 4567 iudicibus
1033 4509 1100 4569 et
1143 4503 1290 4569 aliis
1333 4502 1442 4584 qui
1489 4500 1951 4584 magistratum
2003 4509 2267 4584 gerunt.

314 4588 472 4655 Non
518 4587 791 4654 dubium
847 4594 1065 4653 autem
1123 4598 1222 4654 est
1265 4590 1425 4671 quin
1469 4607 1588 4669 pro
1630 4589 1963 4651 communi
2005 4585 2271 4672 linguae

314 4675 665 4741 hebraicae
735 4694 855 4739 usu
919 4673 1023 4739 bis
1102 4674 1277 4740 idem
1358 4682 1642 4757 repetat:
1721 4669 1895 4737 unde
1974 4673 2272 4754 sequitur

317 4759 584 4827 eosdem
629 4761 850 4826 vocari
894 4759 1049 4826 deos
1092 4770 1158 4826 et
1214 4759 1435 4845 populi
1494 4757 1837 4843 principes.
1928 4757 2054 4823 Dei
2113 4778 2271 4823 vero

320 4867 560 4913 nomen
604 4846 957 4930 improprie
1000 4847 1295 4930 quidem,
1362 4843 1479 4910 sed
1538 4844 1783 4927 optima
1843 4844 2128 4923 ratione,
2188 4841 2273 4908 ad

318 4933 745 5018 magistratus
809 4932 1236 5010 transfertur,
1304 4932 1571 5015 quibus,
1641 4943 1953 5013 tanquam
2012 4930 2272 5013 imperii

319 5018 425 5085 sui
460 5019 802 5097 ministris,
847 5018 1196 5101 insculpsit
1229 5016 1477 5103 gloriae
1512 5036 1671 5083 suae
1706 5028 1951 5082 notam.
2022 5014 2271 5097 Quem·

322 5103 672 5170 admodum
735 5104 911 5169 enim
970 5104 1255 5169 vidimus
1313 5104 1612 5188 patribus
1670 5102 1890 5168 deberi
1937 5099 2272 5182 honorem,

321 5192 476 5273 quia
520 5191 700 5256 Deus
744 5190 813 5255 in
857 5191 1234 5257 societatem
1278 5189 1477 5274 patrii
1521 5187 1807 5255 nominis
1852 5209 1960 5254 eos
2006 5187 2270 5254 ascivit:

499 5378 558 5447 1)
590 5380 759 5436 Hebr.
795 5377 879 5433 27.

538 5464 753 5520 Caluini
786 5478 968 5534 opera.
1019 5464 1131 5520 Vol.
1178 5461 1401 5517 XXIV.

1776 443 2204 527 QUINTUM
2239 445 2888 515 PRAEOEP'I'UM.

4208 442 4341 510 610

2388 635 2482 701 ita
2524 635 2633 700 hic
2678 632 3000 701 iudicibus
3045 632 3360 700 asseritur
3403 653 3526 699 sua
3571 632 3890 718 dignitas.
3951 645 4027 699 ut
4068 654 4178 700 eos
4224 654 4345 699 ve-

2389 729 2662 788 neretur
2738 719 3051 804 populus:
3133 722 3285 804 quia
3353 719 3480 785 Dei
3561 741 3904 805 personam
3986 721 4337 797 sustinent,

2385 816 2702 891 tanquam
2769 805 2969 890 legati
3035 814 3151 871 aut
3233 805 3476 872 vicarii.
3590 809 3808 890 Atque
3885 806 3983 872 ita
4060 806 4337 890 exponit

2386 892 2696 959 Christus
2731 891 3137 958 certissimus
3174 892 3518 976 interpres,
3555 892 3670 957 ubi
3707 892 3921 957 locum
3958 912 4042 957 ex
4065 891 4336 958 Psalmo

2383 979 2573 1044 citat:
2630 979 2689 1043 E
2737 999 2775 1045 o
2832 976 3000 1043 dixi:
3056 976 3171 1042 Dii
3231 978 3419 1057 estis,
3479 983 3547 1042 et
3605 977 3725 1042 filii
3785 977 4046 1045 Excelsi
4106 998 4341 1043 omnes

2383 1063 2597 1152 (Ioan.
2646 1062 2681 1128 1
2732 1116 2746 1145 ,
2804 1063 2908 1130 34.
2956 1063 3066 1130 Ps.
3124 1062 3228 1144 82,
3285 1062 3389 1150 6):
3451 1084 3718 1147 nempe,
3778 1065 4000 1129 vocari
4058 1063 4211 1129 deos
4247 1063 4334 1129 ad

2384 1171 2548 1234 quos
2604 1170 2821 1217 sermo
2864 1138 2993 1215 Dei
3049 1149 3262 1215 factus
3314 1159 3448 1216 est:
3507 1147 3681 1234 quod
3739 1170 3870 1214 non
3934 1148 4013 1215 de
4073 1149 4337 1235 vulgari

2384 1236 2687 1304 doctrina
2732 1257 2897 1320 quae
2942 1235 3311 1301 destinatur
3352 1235 3656 1302 omnibus
3699 1234 3829 1301 Dei
3873 1236 4045 1314 filiis,
4092 1235 4204 1301 sed
4253 1234 4336 1300 de

2380 1321 2646 1407 speciali
2692 1319 3074 1389 dominandi
3116 1320 3426 1387 mandato
3462 1321 3877 1421 intelligitur.
3946 1321 4070 1387 Est
4112 1331 4334 1388 autem

2381 1408 2667 1495 insignis
2710 1408 3218 1492 magistratuum
3264 1407 3778 1487 commendatio,
3845 1407 4001 1473 dum
4048 1428 4158 1473 eos
4198 1427 4336 1474 non

2381 1493 2576 1560 modo
2618 1504 2968 1579 parentum
3014 1494 3151 1560 loco
3209 1502 3434 1560 censet
3477 1493 3688 1574 Deus,
3744 1492 3858 1559 sed
3903 1493 4167 1559 nomine
4212 1514 4335 1559 suo

2381 1588 2650 1647 ornatos
2715 1578 3017 1663 producit
3080 1579 3149 1644 in
3217 1578 3527 1645 medium.
3624 1578 3819 1647 Unde
3885 1580 4083 1645 etiam
4156 1579 4337 1646 clare

2381 1666 2592 1750 liquet
2658 1688 2790 1731 non
2858 1673 3116 1731 tantum
3181 1664 3343 1750 ipsis
3394 1663 3828 1731 obediendum
3888 1686 4031 1732 esse
4084 1686 4335 1749 poenae

2382 1760 2602 1832 metu,
2667 1749 2784 1818 sed
2838 1763 3108 1836 propter
3167 1751 3635 1818 conscientiam
3688 1747 3910 1838 (Rom.
3974 1751 4074 1832 13,
4132 1750 4221 1839 5),
4266 1762 4336 1818 et

2383 1844 2762 1906 reverenter
2795 1835 3102 1904 colendos
3136 1857 3297 1912 esse,
3336 1858 3420 1902 ne
3455 1838 3521 1901 in
3560 1836 3719 1920 ipsis
3742 1835 3926 1903 Deus
3963 1849 4333 1921 spernatur.

2384 1923 2460 1990 Si
2505 1924 2652 2007 quis
2693 1923 2973 2002 obiiciat,
3021 1943 3361 2006 perperam
3406 1922 3663 1988 laudari
3704 1943 3930 1988 eorum
3972 1923 4136 1989 vitia
4170 1944 4338 2008 quos

2382 2008 2684 2076 videmus
2727 2029 2848 2076 sua
2893 2016 3212 2093 potestate
3258 2007 3474 2073 abuti:
3527 2009 3861 2092 responsio
3905 2008 3975 2073 in
4022 2017 4333 2093 promptu

2383 2106 2503 2175 est,
2538 2096 2835 2179 quamvis
2860 2093 3188 2160 tolerandi
3210 2094 3344 2160 sint·
3362 2093 3612 2161 iudices
3650 2094 3891 2178 alioqui
3930 2116 4057 2160 non
4082 2096 4332 2179 optimi,

2382 2181 2704 2247 honorem
2764 2189 2983 2246 tamen
3044 2202 3172 2264 quo
3231 2179 3509 2263 praediti
3566 2190 3721 2247 sunt
3779 2200 3907 2245 non
3954 2202 4097 2247 csse
4142 2181 4333 2247 vitio·

2382 2288 2534 2333 rum
2578 2268 3127 2352 integumentum.
3217 2266 3356 2332 Nec
3398 2286 3556 2332 vero
3614 2266 3798 2331 iubet
3854 2266 4036 2332 Deus
4103 2288 4330 2333 corum

2382 2352 2642 2419 delictis
2685 2351 3113 2437 applaudere,
3158 2351 3272 2418 sed
3317 2352 3630 2436 populum
3679 2352 3874 2417 tacito
3917 2352 4167 2436 gemitu
4215 2374 4327 2437 po-

2381 2441 2516 2505 tius
2560 2437 2930 2522 deplorare,
2976 2459 3172 2522 quam
3215 2438 3553 2504 licentiosa
3596 2438 4021 2503 insectatione
4068 2460 4329 2505 movere

2382 2525 2631 2602 turbas,
2673 2535 2744 2591 et
2784 2523 3155 2591 convellere
3200 2523 3531 2607 politicum
3578 2522 3894 2589 ordinem.

2557 2610 2775 2677 Levit.
2827 2610 2925 2691 19,
2968 2610 3074 2677 32.
3135 2610 3298 2675 Ante
3338 2610 3642 2676 canitiem.
3734 2609 3816 2674 In
3860 2608 4129 2675 senibus
4173 2630 4333 2694 quo·

2380 2718 2507 2779 que
2550 2695 2830 2781 aliquam
2877 2718 3037 2763 suae
3083 2696 3442 2762 maiestatis
3488 2694 3844 2762 scintillam
3892 2696 4074 2760 Deus
4135 2695 4335 2762 reful-

2427 2804 2537 2848 ere
2605 2781 2823 2860 docet,
2903 2803 3033 2866 qua
3100 2780 3178 2848 ad
3253 2789 3516 2865 patrum
3591 2781 3909 2846 honorem
3991 2781 4336 2848 accedunt.

2379 2805 2723 2934 flosculos
2767 2890 2852 2933 ex
2907 2868 3197 2951 profanis
3257 2865 3594 2932 autoribus
3652 2865 3959 2951 colligere
4002 2864 4086 2932 de
4127 2867 4333 2932 hono·

2380 2952 2611 3020 randis
2654 2954 2922 3020 senibus
2979 2974 3107 3019 non
3170 2963 3270 3020 est
3330 2953 3495 3018 mihi
3549 2951 3990 3037 propositum:
4051 2953 4337 3020 sufficiat

2379 3038 2553 3125 quod
2613 3039 2720 3107 hic
2779 3040 2966 3106 Deus
3022 3038 3344 3125 praecipit
3402 3037 3631 3106 dictari
3691 3060 3729 3103 a
3788 3046 4047 3104 natura.
4138 3036 4336 3121 Quod

2379 3128 2686 3211 apparuit
2730 3127 3047 3205 Athenis,
3108 3147 3312 3211 quum
3371 3127 3661 3191 venisset
3705 3146 3910 3190 senex
3950 3123 4212 3207 quidam
4261 3126 4330 3191 in

2376 3213 2749 3291 theatrum,
2818 3232 2940 3277 nec
2997 3212 3214 3279 locum
3274 3213 3623 3295 reperisset
3677 3213 3850 3276 inter
3915 3212 4094 3277 cives
4159 3232 4333 3292 suos,

2377 3297 2645 3364 tandem
2701 3297 2809 3363 ubi
2870 3320 2909 3364 a
2966 3297 3182 3398 legato
3243 3305 3554 3382 spartano
3623 3296 3895 3363 honoris
3961 3317 4159 3363 causa
4216 3296 4333 3362 ad-

2375 3385 2616 3451 missus
2680 3392 2853 3449 esset
2912 3382 3096 3471 (qma
3174 3397 3478 3449 senectus
3558 3381 3732 3467 apud
3796 3382 4331 3449 Lacedaemonas

2373 3491 2618 3555 magna
2660 3473 3083 3536 veneratione
3127 3467 3388 3556 colitur)
3431 3468 3701 3553 plausus
3746 3468 4037 3552 undique
4082 3470 4329 3535 excita·

2375 3565 2488 3622 tus
2531 3565 2658 3622 est:
2707 3566 2864 3622 tunc
2889 3554 3450 3622 Lacedaemonius
3492 3554 3604 3621 ille
3647 3555 4077 3620 exclamavit:
4127 3556 4335 3620 Athe-

2375 3643 2641 3708 nienses
2685 3642 2852 3707 scire
2898 3640 3055 3726 quid
3092 3654 3347 3708 rectum
3383 3650 3577 3719 esset,
3623 3640 3835 3705 facere
3872 3654 4089 3705 autem
4130 3642 4327 3706 nolle.

2373 3727 2522 3794 Hoc
2589 3735 2765 3795 certe
2829 3736 3015 3793 tanto
3081 3749 3402 3794 consensu
3470 3725 3693 3810 populi
3761 3726 4162 3826 patefactum
4227 3739 4335 3792 est

2374 3815 2738 3899 ingenitam
2785 3833 2927 3880 esse
2983 3813 3198 3899 legem
3258 3812 3550 3879 omnium
3610 3812 3950 3887 cordibus,
4006 3823 4082 3876 ut
4139 3834 4329 3879 senes

2373 3906 2806 3966 revereantur
2849 3918 2927 3966 ac
2970 3899 3342 3965 observent.
3425 3897 3626 3964 Multi
3672 3897 3933 3982 quidem
3980 3919 4173 3964 senes
4207 3920 4327 3965 sua

2374 3987 2479 4051 vel
2528 3984 2829 4066 levitate,
2895 3983 3003 4050 vel
3044 3984 3348 4064 lascivia,
3408 3985 3515 4049 vel
3559 3983 3885 4065 socordia,
3935 3983 4323 4068 dignitatem

2372 4071 2498 4138 sibi
2544 4079 2888 4155 arrogant:
2949 4071 3253 4155 quamvis
3311 4081 3531 4136 tamen
3576 4070 3849 4137 canities
3892 4090 4026 4134 non
4072 4091 4331 4155 semper

2373 4157 2613 4224 habeat
2650 4157 2955 4223 comitem
2987 4158 3378 4241 sapientiam
3402 4207 3416 4232 .
3455 4165 3637 4222 aetas
3673 4175 3794 4240 per
3829 4176 3898 4220 se
3939 4156 4330 4222 venerabilis

2373 4253 2476 4310 est
2517 4267 2602 4310 ex
2645 4244 2776 4310 Dei
2820 4242 3149 4308 mandate.

2547 4330 2820 4396 Deuter.
2892 4326 2993 4408 16,
3064 4327 3164 4393 18.
3235 4327 3491 4394 Iudices
3549 4332 3606 4392 et
3657 4326 4023 4410 praefectos.
4127 4327 4330 4396 Hunc

2371 4416 2586 4482 locum
2634 4415 2808 4481 inter
2852 4413 3247 4500 appendices
3293 4415 3504 4497 quinti
3541 4414 3870 4497 praecepti
3909 4412 4123 4494 posui:
4173 4415 4330 4498 quia

2372 4503 2430 4568 si
2475 4502 2618 4567 Deo
2663 4500 2879 4585 placet
2921 4521 3227 4651 praeesse
3284 4497 3534 4566 iudices
3580 4499 3867 4584 regendo
3909 4499 4178 4582 populo,
4225 4522 4327 4566 se-

2372 4589 2597 4672 quitur
2653 4608 2878 4652 eorum
2961 4585 3190 4671 egibus
3245 4596 3312 4651 et
3370 4586 3601 4652 edictis
3656 4583 4094 4650 obediendum
4150 4607 4328 4652 esse:

2372 4674 2469 4739 ita
2513 4673 2594 4738 ad
2640 4693 2752 4738 eos
2796 4693 3005 4756 usque
3056 4670 3435 4738 extenditur
3491 4672 3705 4755 patria
3760 4681 4067 4754 potestas.
4160 4671 4327 4738 Cac-

2373 4770 2589 4825 terum
2634 4780 2761 4842 quo
2808 4758 3138 4824 lubentius
3180 4755 3508 4824 iudicibus
3550 4778 3621 4823 se
3675 4756 3959 4841 populus
4002 4757 4327 4837 subiiciat,

2373 4844 2686 4912 admonet
2709 4846 2892 4911 Deus
2928 4864 3064 4909 non
3099 4865 3288 4928 posse
3326 4843 3516 4910 aliter
3552 4844 3931 4910 conservari
3957 4842 4324 4911 humanum

2374 4952 2600 5017 genus.
2685 4929 2866 5015 Ergo
2911 4930 3173 5013 publica
3217 4930 3481 5008 utilitas,
3526 4930 3697 5013 quod
3743 4929 3979 5012 alioqui
4027 4926 4325 4995 odiosum

2373 5025 2547 5084 esset
2611 5016 3117 5099 magistratuum
3199 5016 3585 5100 imperium,
3665 5013 3944 5081 amabile
4011 5011 4328 5098 dulceque

2372 5102 2609 5168 reddit.
2693 5100 3044 5167 Caeterum
3092 5103 3398 5185 quamvis
3442 5123 3577 5167 non
3620 5101 3922 5167 omnibus
3964 5097 4191 5164 datum
4239 5103 4328 5168 sit

2371 5188 2619 5254 iudices
2662 5186 2924 5272 eligere,
2971 5189 3124 5271 quia
3159 5186 3346 5255 Deus
3393 5188 3515 5255 hac
3556 5186 4011 5273 praerogativa
4045 5184 4328 5253 electum

2419 5273 2692 5358 epulum
2729 5273 3035 5358 dignatus
3073 5286 3202 5340 est:
3240 5275 3637 5359 generaliter
3658 5283 3877 5338 tamen
3909 5272 4328 5341 commendat

2374 5296 2563 5426 ι1,)θυε
2608 5359 2945 5444 politicum
2990 5358 3318 5427 ordinem:
3387 5361 3544 5445 quia
3586 5358 3913 5445 significat
3957 5376 4089 5423 non
4135 5358 4331 5427 aliter
