<?xml version="1.0" encoding="UTF-8"?>
<!DOCTYPE html PUBLIC "-//W3C//DTD XHTML 1.0 Transitional//EN"
    "http://www.w3.org/TR/xhtml1/DTD/xhtml1-transitional.dtd">
<html xmlns="http://www.w3.org/1999/xhtml" xml:lang="en" lang="en">
 <head>
  <title>
</title>
<meta http-equiv="Content-Type" content="text/html;charset=utf-8" />
  <meta name='ocr-system' content='tesseract 3.04.00' />
  <meta name='ocr-capabilities' content='ocr_page ocr_carea ocr_par ocr_line ocrx_word'/>
</head>
<body>
  <div class='ocr_page' id='page_1' title='image "./ioanniscalvinio04unkngoog_0112.png"; bbox 0 0 4867 6150; ppageno 0'>
   <div class='ocr_carea' id='block_1_1' title="bbox 581 413 4539 485">
    <p class='ocr_par' dir='ltr' id='par_1_1' title="bbox 581 413 4539 485">
     <span class='ocr_line' id='line_1_1' title="bbox 581 413 4539 485; baseline 0 -1"><span class='ocrx_word' id='word_1_1' title='bbox 581 419 707 485; x_wconf 83' lang='lat'><strong>195</strong></span> <span class='ocrx_word' id='word_1_2' title='bbox 1716 415 2463 483; x_wconf 80' lang='lat' dir='ltr'>COMMENTARIUS</span> <span class='ocrx_word' id='word_1_3' title='bbox 2507 415 2609 482; x_wconf 87' lang='lat' dir='ltr'><strong>IN</strong></span> <span class='ocrx_word' id='word_1_4' title='bbox 2654 414 2955 481; x_wconf 86' lang='lat' dir='ltr'>EXODI</span> <span class='ocrx_word' id='word_1_5' title='bbox 3002 414 3201 481; x_wconf 82' lang='lat' dir='ltr'><strong>OAP.</strong></span> <span class='ocrx_word' id='word_1_6' title='bbox 3248 413 3445 481; x_wconf 88' lang='lat' dir='ltr'>XIX.</span> <span class='ocrx_word' id='word_1_7' title='bbox 4436 418 4539 484; x_wconf 84' lang='lat'><strong>196</strong></span> 
     </span>
    </p>
   </div>
   <div class='ocr_carea' id='block_1_2' title="bbox 577 605 2553 5422">
    <p class='ocr_par' dir='ltr' id='par_1_2' title="bbox 577 605 2533 1891">
     <span class='ocr_line' id='line_1_2' title="bbox 577 605 2525 691; baseline -0.003 -17"><span class='ocrx_word' id='word_1_8' title='bbox 577 607 706 674; x_wconf 91' lang='lat' dir='ltr'><strong>Dei</strong></span> <span class='ocrx_word' id='word_1_9' title='bbox 753 608 1224 691; x_wconf 89' lang='lat' dir='ltr'><strong>praescriptum</strong></span> <span class='ocrx_word' id='word_1_10' title='bbox 1272 613 1432 671; x_wconf 90' lang='lat' dir='ltr'><strong>erat.</strong></span> <span class='ocrx_word' id='word_1_11' title='bbox 1542 605 1749 671; x_wconf 89' lang='lat' dir='ltr'><strong>Porro</strong></span> <span class='ocrx_word' id='word_1_12' title='bbox 1802 626 2112 671; x_wconf 89' lang='lat' dir='ltr'><strong>aseensus</strong></span> <span class='ocrx_word' id='word_1_13' title='bbox 2180 605 2263 670; x_wconf 91' lang='lat' dir='ltr'><strong>ad</strong></span> <span class='ocrx_word' id='word_1_14' title='bbox 2311 607 2525 670; x_wconf 89' lang='lat' dir='ltr'><strong>Deum</strong></span> 
     </span>
     <span class='ocr_line' id='line_1_3' title="bbox 579 692 2529 776; baseline -0.003 -16"><span class='ocrx_word' id='word_1_15' title='bbox 579 716 711 760; x_wconf 91' lang='lat' dir='ltr'><strong>non</strong></span> <span class='ocrx_word' id='word_1_16' title='bbox 777 692 956 758; x_wconf 91' lang='lat' dir='ltr'><strong>aliud</strong></span> <span class='ocrx_word' id='word_1_17' title='bbox 1023 694 1352 776; x_wconf 82' lang='lat' dir='ltr'><strong>signifieat</strong></span> <span class='ocrx_word' id='word_1_18' title='bbox 1407 712 1601 774; x_wconf 90' lang='lat' dir='ltr'><strong>quam</strong></span> <span class='ocrx_word' id='word_1_19' title='bbox 1657 702 1847 756; x_wconf 89' lang='lat' dir='ltr'><strong>extra</strong></span> <span class='ocrx_word' id='word_1_20' title='bbox 1912 703 2125 756; x_wconf 87' lang='lat' dir='ltr'><strong>castra</strong></span> <span class='ocrx_word' id='word_1_21' title='bbox 2191 713 2529 775; x_wconf 86' lang='lat' dir='ltr'><strong>egressum</strong></span> 
     </span>
     <span class='ocr_line' id='line_1_4' title="bbox 579 777 2533 861; baseline -0.002 -16"><span class='ocrx_word' id='word_1_22' title='bbox 579 801 739 857; x_wconf 89' lang='lat' dir='ltr'><strong>esse,</strong></span> <span class='ocrx_word' id='word_1_23' title='bbox 785 789 861 844; x_wconf 91' lang='lat' dir='ltr'><strong>ut</strong></span> <span class='ocrx_word' id='word_1_24' title='bbox 905 779 1124 861; x_wconf 88' lang='lat' dir='ltr'><strong>procul</strong></span> <span class='ocrx_word' id='word_1_25' title='bbox 1174 777 1364 844; x_wconf 88' lang='lat' dir='ltr'><strong>turba</strong></span> <span class='ocrx_word' id='word_1_26' title='bbox 1409 786 1477 842; x_wconf 91' lang='lat' dir='ltr'><strong>et</strong></span> <span class='ocrx_word' id='word_1_27' title='bbox 1512 779 1693 842; x_wconf 91' lang='lat' dir='ltr'><strong>omni</strong></span> <span class='ocrx_word' id='word_1_28' title='bbox 1729 791 2149 842; x_wconf 89' lang='lat' dir='ltr'><strong>avocamento</strong></span> <span class='ocrx_word' id='word_1_29' title='bbox 2187 779 2255 841; x_wconf 91' lang='lat' dir='ltr'><strong>in</strong></span> <span class='ocrx_word' id='word_1_30' title='bbox 2293 798 2533 843; x_wconf 85' lang='lat' dir='ltr'><strong>areana</strong></span> 
     </span>
     <span class='ocr_line' id='line_1_5' title="bbox 578 862 2531 949; baseline -0.002 -18"><span class='ocrx_word' id='word_1_31' title='bbox 578 867 799 949; x_wconf 90' lang='lat' dir='ltr'><strong>quiete</strong></span> <span class='ocrx_word' id='word_1_32' title='bbox 851 865 1294 931; x_wconf 88' lang='lat' dir='ltr'><strong>sciscitaretur</strong></span> <span class='ocrx_word' id='word_1_33' title='bbox 1358 862 1667 946; x_wconf 79' lang='lat' dir='ltr'><strong>quidnam</strong></span> <span class='ocrx_word' id='word_1_34' title='bbox 1717 862 1860 927; x_wconf 93' lang='lat' dir='ltr'><strong>Deo</strong></span> <span class='ocrx_word' id='word_1_35' title='bbox 1906 864 2208 946; x_wconf 76' lang='lat' dir='ltr'>placeret.</span> <span class='ocrx_word' id='word_1_36' title='bbox 2297 863 2531 946; x_wconf 81' lang='lat' dir='ltr'><strong>Neque</strong></span> 
     </span>
     <span class='ocr_line' id='line_1_6' title="bbox 579 947 2530 1038; baseline -0.002 -21"><span class='ocrx_word' id='word_1_37' title='bbox 579 953 775 1031; x_wconf 90' lang='lat' dir='ltr'><strong>enim,</strong></span> <span class='ocrx_word' id='word_1_38' title='bbox 835 948 938 1038; x_wconf 93' lang='lat' dir='ltr'><strong>(ut</strong></span> <span class='ocrx_word' id='word_1_39' title='bbox 983 952 1196 1015; x_wconf 89' lang='lat' dir='ltr'><strong>solent</strong></span> <span class='ocrx_word' id='word_1_40' title='bbox 1245 947 1709 1034; x_wconf 79' lang='lat' dir='ltr'>superstitiosi)</span> <span class='ocrx_word' id='word_1_41' title='bbox 1768 949 1974 1014; x_wconf 89' lang='lat' dir='ltr'><strong>locum</strong></span> <span class='ocrx_word' id='word_1_42' title='bbox 2022 950 2352 1015; x_wconf 90' lang='lat' dir='ltr'><strong>excelsum</strong></span> <span class='ocrx_word' id='word_1_43' title='bbox 2399 949 2530 1014; x_wconf 91' lang='lat' dir='ltr'><strong>ele·</strong></span> 
     </span>
     <span class='ocr_line' id='line_1_7' title="bbox 582 1035 2532 1121; baseline -0.001 -19"><span class='ocrx_word' id='word_1_44' title='bbox 582 1039 710 1121; x_wconf 86' lang='lat' dir='ltr'><strong>git,</strong></span> <span class='ocrx_word' id='word_1_45' title='bbox 776 1038 886 1103; x_wconf 92' lang='lat' dir='ltr'><strong>ubi</strong></span> <span class='ocrx_word' id='word_1_46' title='bbox 940 1037 1084 1102; x_wconf 90' lang='lat' dir='ltr'><strong>Deo</strong></span> <span class='ocrx_word' id='word_1_47' title='bbox 1143 1046 1317 1100; x_wconf 90' lang='lat' dir='ltr'><strong>esset</strong></span> <span class='ocrx_word' id='word_1_48' title='bbox 1360 1037 1656 1118; x_wconf 87' lang='lat' dir='ltr'>propior:</span> <span class='ocrx_word' id='word_1_49' title='bbox 1725 1035 1837 1100; x_wconf 92' lang='lat' dir='ltr'><strong>sed</strong></span> <span class='ocrx_word' id='word_1_50' title='bbox 1884 1038 1964 1099; x_wconf 88' lang='lat' dir='ltr'><strong>ab</strong></span> <span class='ocrx_word' id='word_1_51' title='bbox 2011 1037 2193 1100; x_wconf 90' lang='lat' dir='ltr'><strong>omni</strong></span> <span class='ocrx_word' id='word_1_52' title='bbox 2238 1037 2532 1100; x_wconf 83' lang='lat' dir='ltr'><strong>tumultu</strong></span> 
     </span>
     <span class='ocr_line' id='line_1_8' title="bbox 582 1121 2532 1206; baseline -0.002 -17"><span class='ocrx_word' id='word_1_53' title='bbox 582 1143 652 1189; x_wconf 91' lang='lat' dir='ltr'><strong>se</strong></span> <span class='ocrx_word' id='word_1_54' title='bbox 711 1123 1056 1202; x_wconf 84' lang='lat' dir='ltr'><strong>subduxit,</strong></span> <span class='ocrx_word' id='word_1_55' title='bbox 1123 1133 1195 1186; x_wconf 93' lang='lat' dir='ltr'><strong>ut</strong></span> <span class='ocrx_word' id='word_1_56' title='bbox 1261 1143 1495 1187; x_wconf 89' lang='lat' dir='ltr'><strong>sensus</strong></span> <span class='ocrx_word' id='word_1_57' title='bbox 1553 1141 1781 1186; x_wconf 88' lang='lat' dir='ltr'><strong>omnes</strong></span> <span class='ocrx_word' id='word_1_58' title='bbox 1845 1141 1999 1186; x_wconf 91' lang='lat' dir='ltr'><strong>suos</strong></span> <span class='ocrx_word' id='word_1_59' title='bbox 2054 1122 2391 1206; x_wconf 87' lang='lat' dir='ltr'><strong>colligeret</strong></span> <span class='ocrx_word' id='word_1_60' title='bbox 2448 1121 2532 1185; x_wconf 89' lang='lat' dir='ltr'><strong>ad</strong></span> 
     </span>
     <span class='ocr_line' id='line_1_9' title="bbox 580 1206 2532 1292; baseline -0.001 -18"><span class='ocrx_word' id='word_1_61' title='bbox 580 1208 874 1275; x_wconf 89' lang='lat' dir='ltr'><strong>studium</strong></span> <span class='ocrx_word' id='word_1_62' title='bbox 921 1208 1234 1273; x_wconf 91' lang='lat' dir='ltr'><strong>discendi.</strong></span> <span class='ocrx_word' id='word_1_63' title='bbox 1324 1209 1568 1273; x_wconf 82' lang='lat' dir='ltr'>Postea</span> <span class='ocrx_word' id='word_1_64' title='bbox 1612 1215 1828 1272; x_wconf 91' lang='lat' dir='ltr'><strong>tamen</strong></span> <span class='ocrx_word' id='word_1_65' title='bbox 1877 1206 2198 1292; x_wconf 88' lang='lat' dir='ltr'><strong>adiungit,</strong></span> <span class='ocrx_word' id='word_1_66' title='bbox 2267 1208 2416 1291; x_wconf 91' lang='lat' dir='ltr'><strong>plus</strong></span> <span class='ocrx_word' id='word_1_67' title='bbox 2462 1229 2532 1273; x_wconf 88' lang='lat' dir='ltr'><strong>se</strong></span> 
     </span>
     <span class='ocr_line' id='line_1_10' title="bbox 580 1294 2532 1379; baseline -0.002 -19"><span class='ocrx_word' id='word_1_68' title='bbox 580 1295 888 1378; x_wconf 88' lang='lat' dir='ltr'><strong>adeptum</strong></span> <span class='ocrx_word' id='word_1_69' title='bbox 929 1315 1124 1379; x_wconf 87' lang='lat' dir='ltr'><strong>quam</strong></span> <span class='ocrx_word' id='word_1_70' title='bbox 1170 1305 1583 1375; x_wconf 86' lang='lat' dir='ltr'><strong>speraverat:</strong></span> <span class='ocrx_word' id='word_1_71' title='bbox 1628 1294 1781 1376; x_wconf 90' lang='lat' dir='ltr'><strong>quia</strong></span> <span class='ocrx_word' id='word_1_72' title='bbox 1835 1294 2048 1372; x_wconf 91' lang='lat' dir='ltr'><strong>Deus,</strong></span> <span class='ocrx_word' id='word_1_73' title='bbox 2095 1304 2356 1376; x_wconf 88' lang='lat' dir='ltr'><strong>praeter</strong></span> <span class='ocrx_word' id='word_1_74' title='bbox 2399 1294 2532 1358; x_wconf 89' lang='lat' dir='ltr'><strong>usi·</strong></span> 
     </span>
     <span class='ocr_line' id='line_1_11' title="bbox 583 1377 2533 1457; baseline -0.001 -12"><span class='ocrx_word' id='word_1_75' title='bbox 583 1390 792 1445; x_wconf 91' lang='lat' dir='ltr'><strong>tatum</strong></span> <span class='ocrx_word' id='word_1_76' title='bbox 861 1401 1140 1457; x_wconf 88' lang='lat' dir='ltr'><strong>morem,</strong></span> <span class='ocrx_word' id='word_1_77' title='bbox 1229 1377 1310 1444; x_wconf 93' lang='lat' dir='ltr'><strong>de</strong></span> <span class='ocrx_word' id='word_1_78' title='bbox 1376 1378 1750 1446; x_wconf 90' lang='lat' dir='ltr'><strong>renovando</strong></span> <span class='ocrx_word' id='word_1_79' title='bbox 1815 1399 1936 1443; x_wconf 90' lang='lat' dir='ltr'><strong>suo</strong></span> <span class='ocrx_word' id='word_1_80' title='bbox 2001 1379 2264 1445; x_wconf 87' lang='lat' dir='ltr'><strong>foedere</strong></span> <span class='ocrx_word' id='word_1_81' title='bbox 2331 1381 2533 1445; x_wconf 90' lang='lat' dir='ltr'><strong>verba</strong></span> 
     </span>
     <span class='ocr_line' id='line_1_12' title="bbox 580 1463 2531 1549; baseline 0.001 -19"><span class='ocrx_word' id='word_1_82' title='bbox 580 1466 755 1532; x_wconf 88' lang='lat' dir='ltr'><strong>fecit.</strong></span> <span class='ocrx_word' id='word_1_83' title='bbox 842 1469 1057 1549; x_wconf 81' lang='lat' dir='ltr'><strong>Atque</strong></span> <span class='ocrx_word' id='word_1_84' title='bbox 1130 1465 1262 1530; x_wconf 89' lang='lat' dir='ltr'><strong>hue</strong></span> <span class='ocrx_word' id='word_1_85' title='bbox 1319 1474 1568 1548; x_wconf 86' lang='lat' dir='ltr'><strong>spectat</strong></span> <span class='ocrx_word' id='word_1_86' title='bbox 1628 1465 1967 1547; x_wconf 84' lang='lat' dir='ltr'><strong>praefatio:</strong></span> <span class='ocrx_word' id='word_1_87' title='bbox 2040 1463 2154 1530; x_wconf 82' lang='lat' dir='ltr'><strong>Sic</strong></span> <span class='ocrx_word' id='word_1_88' title='bbox 2196 1467 2373 1532; x_wconf 89' lang='lat' dir='ltr'><strong>dices</strong></span> <span class='ocrx_word' id='word_1_89' title='bbox 2418 1465 2531 1531; x_wconf 92' lang='lat' dir='ltr'><strong>do-</strong></span> 
     </span>
     <span class='ocr_line' id='line_1_13' title="bbox 583 1550 2532 1635; baseline 0 -18"><span class='ocrx_word' id='word_1_90' title='bbox 583 1555 720 1617; x_wconf 89' lang='lat' dir='ltr'><strong>mui</strong></span> <span class='ocrx_word' id='word_1_91' title='bbox 767 1552 978 1631; x_wconf 89' lang='lat' dir='ltr'><strong>Iacob,</strong></span> <span class='ocrx_word' id='word_1_92' title='bbox 1028 1550 1459 1617; x_wconf 79' lang='lat' dir='ltr'><strong>annunciabis</strong></span> <span class='ocrx_word' id='word_1_93' title='bbox 1503 1551 1657 1617; x_wconf 89' lang='lat' dir='ltr'><strong>filiis</strong></span> <span class='ocrx_word' id='word_1_94' title='bbox 1717 1550 1941 1616; x_wconf 90' lang='lat' dir='ltr'><strong>Israel.</strong></span> <span class='ocrx_word' id='word_1_95' title='bbox 2037 1551 2168 1618; x_wconf 91' lang='lat' dir='ltr'><strong>Ubi</strong></span> <span class='ocrx_word' id='word_1_96' title='bbox 2228 1551 2532 1635; x_wconf 87' lang='lat' dir='ltr'><strong>repetitio</strong></span> 
     </span>
     <span class='ocr_line' id='line_1_14' title="bbox 583 1637 2532 1722; baseline -0.001 -19"><span class='ocrx_word' id='word_1_97' title='bbox 583 1646 650 1703; x_wconf 91' lang='lat' dir='ltr'><strong>et</strong></span> <span class='ocrx_word' id='word_1_98' title='bbox 695 1638 1039 1703; x_wconf 88' lang='lat' dir='ltr'><strong>verborum</strong></span> <span class='ocrx_word' id='word_1_99' title='bbox 1087 1637 1434 1704; x_wconf 86' lang='lat' dir='ltr'><strong>diversitas</strong></span> <span class='ocrx_word' id='word_1_100' title='bbox 1479 1637 1849 1719; x_wconf 89' lang='lat' dir='ltr'><strong>emphatica</strong></span> <span class='ocrx_word' id='word_1_101' title='bbox 1895 1649 2011 1716; x_wconf 89' lang='lat' dir='ltr'><strong>est,</strong></span> <span class='ocrx_word' id='word_1_102' title='bbox 2079 1648 2389 1722; x_wconf 90' lang='lat' dir='ltr'><strong>tanquam</strong></span> <span class='ocrx_word' id='word_1_103' title='bbox 2453 1637 2532 1703; x_wconf 92' lang='lat' dir='ltr'><strong>de</strong></span> 
     </span>
     <span class='ocr_line' id='line_1_15' title="bbox 582 1721 2530 1807; baseline -0.001 -18"><span class='ocrx_word' id='word_1_104' title='bbox 582 1746 654 1789; x_wconf 90' lang='lat' dir='ltr'><strong>re</strong></span> <span class='ocrx_word' id='word_1_105' title='bbox 700 1726 989 1788; x_wconf 84' lang='lat' dir='ltr'><strong>maxime</strong></span> <span class='ocrx_word' id='word_1_106' title='bbox 1033 1724 1205 1788; x_wconf 88' lang='lat' dir='ltr'><strong>seria</strong></span> <span class='ocrx_word' id='word_1_107' title='bbox 1250 1721 1568 1788; x_wconf 87' lang='lat' dir='ltr'><strong>disserere</strong></span> <span class='ocrx_word' id='word_1_108' title='bbox 1616 1724 1791 1800; x_wconf 90' lang='lat' dir='ltr'><strong>velit,</strong></span> <span class='ocrx_word' id='word_1_109' title='bbox 1861 1745 1987 1806; x_wconf 89' lang='lat' dir='ltr'><strong>quo</strong></span> <span class='ocrx_word' id='word_1_110' title='bbox 2029 1724 2180 1807; x_wconf 92' lang='lat' dir='ltr'><strong>plus</strong></span> <span class='ocrx_word' id='word_1_111' title='bbox 2226 1725 2530 1789; x_wconf 85' lang='lat' dir='ltr'><strong>attentio-</strong></span> 
     </span>
     <span class='ocr_line' id='line_1_16' title="bbox 586 1809 1254 1891; baseline 0.001 -17"><span class='ocrx_word' id='word_1_112' title='bbox 586 1811 690 1875; x_wconf 88' lang='lat' dir='ltr'><strong>nis</strong></span> <span class='ocrx_word' id='word_1_113' title='bbox 736 1809 859 1876; x_wconf 90' lang='lat' dir='ltr'><strong>sibi</strong></span> <span class='ocrx_word' id='word_1_114' title='bbox 908 1818 1254 1891; x_wconf 86' lang='lat' dir='ltr'><strong>comparet.</strong></span> 
     </span>
    </p>

    <p class='ocr_par' dir='ltr' id='par_1_3' title="bbox 583 1893 2547 4801">
     <span class='ocr_line' id='line_1_17' title="bbox 756 1893 2536 1973; baseline -0.001 -12"><span class='ocrx_word' id='word_1_115' title='bbox 756 1897 818 1961; x_wconf 89' lang='lat'><strong>4.</strong></span> <span class='ocrx_word' id='word_1_116' title='bbox 872 1895 996 1961; x_wconf 81' lang='lat' dir='ltr'><strong>Vos</strong></span> <span class='ocrx_word' id='word_1_117' title='bbox 1035 1897 1304 1961; x_wconf 57' lang='lat' dir='ltr'><strong>vidisti&amp;</strong></span> <span class='ocrx_word' id='word_1_118' title='bbox 1397 1893 1546 1973; x_wconf 88' lang='lat' dir='ltr'><strong>Quo</strong></span> <span class='ocrx_word' id='word_1_119' title='bbox 1604 1894 1941 1960; x_wconf 90' lang='lat' dir='ltr'><strong>Israelitas</strong></span> <span class='ocrx_word' id='word_1_120' title='bbox 2004 1896 2237 1960; x_wconf 83' lang='lat' dir='ltr'><strong>blande</strong></span> <span class='ocrx_word' id='word_1_121' title='bbox 2296 1896 2536 1961; x_wconf 90' lang='lat' dir='ltr'><strong>invitet</strong></span> 
     </span>
     <span class='ocr_line' id='line_1_18' title="bbox 586 1979 2534 2064; baseline -0.001 -18"><span class='ocrx_word' id='word_1_122' title='bbox 586 1979 669 2046; x_wconf 90' lang='lat' dir='ltr'><strong>ad</strong></span> <span class='ocrx_word' id='word_1_123' title='bbox 734 1981 1150 2064; x_wconf 88' lang='lat' dir='ltr'><strong>obsequium,</strong></span> <span class='ocrx_word' id='word_1_124' title='bbox 1232 1980 1442 2064; x_wconf 90' lang='lat' dir='ltr'><strong>primo</strong></span> <span class='ocrx_word' id='word_1_125' title='bbox 1525 1981 1928 2045; x_wconf 86' lang='lat' dir='ltr'><strong>liberationis</strong></span> <span class='ocrx_word' id='word_1_126' title='bbox 2010 1980 2394 2047; x_wconf 89' lang='lat' dir='ltr'><strong>beneficium</strong></span> <span class='ocrx_word' id='word_1_127' title='bbox 2463 1982 2534 2045; x_wconf 95' lang='lat' dir='ltr'><strong>in</strong></span> 
     </span>
     <span class='ocr_line' id='line_1_19' title="bbox 585 2065 2532 2144; baseline 0 -12"><span class='ocrx_word' id='word_1_128' title='bbox 585 2070 966 2132; x_wconf 86' lang='lat' dir='ltr'><strong>memoriam</strong></span> <span class='ocrx_word' id='word_1_129' title='bbox 1015 2078 1312 2144; x_wconf 89' lang='lat' dir='ltr'><strong>revocat,</strong></span> <span class='ocrx_word' id='word_1_130' title='bbox 1368 2065 1602 2130; x_wconf 89' lang='lat' dir='ltr'><strong>deinde</strong></span> <span class='ocrx_word' id='word_1_131' title='bbox 1648 2087 1780 2131; x_wconf 91' lang='lat' dir='ltr'><strong>non</strong></span> <span class='ocrx_word' id='word_1_132' title='bbox 1827 2069 2082 2131; x_wconf 89' lang='lat' dir='ltr'><strong>minora</strong></span> <span class='ocrx_word' id='word_1_133' title='bbox 2119 2069 2185 2133; x_wconf 90' lang='lat' dir='ltr'><strong>in</strong></span> <span class='ocrx_word' id='word_1_134' title='bbox 2232 2069 2532 2132; x_wconf 85' lang='lat' dir='ltr'><strong>futurum</strong></span> 
     </span>
     <span class='ocr_line' id='line_1_20' title="bbox 584 2153 2534 2236; baseline 0.001 -20"><span class='ocrx_word' id='word_1_135' title='bbox 584 2162 844 2235; x_wconf 89' lang='lat' dir='ltr'><strong>tempus</strong></span> <span class='ocrx_word' id='word_1_136' title='bbox 888 2154 1233 2236; x_wconf 89' lang='lat' dir='ltr'><strong>promittit,</strong></span> <span class='ocrx_word' id='word_1_137' title='bbox 1280 2154 1333 2217; x_wconf 91' lang='lat' dir='ltr'><strong>si</strong></span> <span class='ocrx_word' id='word_1_138' title='bbox 1379 2173 1570 2217; x_wconf 89' lang='lat' dir='ltr'><strong>suum</strong></span> <span class='ocrx_word' id='word_1_139' title='bbox 1617 2153 1741 2235; x_wconf 87' lang='lat' dir='ltr'><strong>ipsi</strong></span> <span class='ocrx_word' id='word_1_140' title='bbox 1788 2153 2199 2218; x_wconf 84' lang='lat' dir='ltr'><strong>liberatorem</strong></span> <span class='ocrx_word' id='word_1_141' title='bbox 2238 2155 2534 2221; x_wconf 90' lang='lat' dir='ltr'><strong>vicissim</strong></span> 
     </span>
     <span class='ocr_line' id='line_1_21' title="bbox 584 2238 2535 2323; baseline 0 -20"><span class='ocrx_word' id='word_1_142' title='bbox 584 2260 716 2322; x_wconf 88' lang='lat' dir='ltr'><strong>qua</strong></span> <span class='ocrx_word' id='word_1_143' title='bbox 760 2238 944 2304; x_wconf 82' lang='lat' dir='ltr'><strong>deest</strong></span> <span class='ocrx_word' id='word_1_144' title='bbox 989 2241 1234 2321; x_wconf 89' lang='lat' dir='ltr'><strong>pietate</strong></span> <span class='ocrx_word' id='word_1_145' title='bbox 1278 2247 1345 2303; x_wconf 90' lang='lat' dir='ltr'><strong>et</strong></span> <span class='ocrx_word' id='word_1_146' title='bbox 1387 2238 1795 2323; x_wconf 86' lang='lat' dir='ltr'><strong>gratitudine</strong></span> <span class='ocrx_word' id='word_1_147' title='bbox 1852 2240 2089 2305; x_wconf 81' lang='lat' dir='ltr'><strong>colant.</strong></span> <span class='ocrx_word' id='word_1_148' title='bbox 2180 2240 2369 2305; x_wconf 87' lang='lat' dir='ltr'><strong>Duas</strong></span> <span class='ocrx_word' id='word_1_149' title='bbox 2426 2262 2535 2304; x_wconf 90' lang='lat' dir='ltr'><strong>au·</strong></span> 
     </span>
     <span class='ocr_line' id='line_1_22' title="bbox 584 2325 2536 2408; baseline 0.001 -19"><span class='ocrx_word' id='word_1_150' title='bbox 584 2334 715 2389; x_wconf 90' lang='lat' dir='ltr'><strong>tem</strong></span> <span class='ocrx_word' id='word_1_151' title='bbox 763 2326 1228 2390; x_wconf 89' lang='lat' dir='ltr'><strong>beneficentiae</strong></span> <span class='ocrx_word' id='word_1_152' title='bbox 1273 2344 1427 2390; x_wconf 89' lang='lat' dir='ltr'><strong>suae</strong></span> <span class='ocrx_word' id='word_1_153' title='bbox 1471 2335 1694 2406; x_wconf 89' lang='lat' dir='ltr'><strong>partes</strong></span> <span class='ocrx_word' id='word_1_154' title='bbox 1737 2334 2053 2405; x_wconf 77' lang='lat' dir='ltr'><strong>recenset,</strong></span> <span class='ocrx_word' id='word_1_155' title='bbox 2099 2325 2270 2408; x_wconf 92' lang='lat' dir='ltr'><strong>quod</strong></span> <span class='ocrx_word' id='word_1_156' title='bbox 2312 2326 2536 2391; x_wconf 89' lang='lat' dir='ltr'><strong>formi-</strong></span> 
     </span>
     <span class='ocr_line' id='line_1_23' title="bbox 586 2411 2534 2497; baseline 0.002 -23"><span class='ocrx_word' id='word_1_157' title='bbox 586 2411 866 2476; x_wconf 90' lang='lat' dir='ltr'><strong>dabilem</strong></span> <span class='ocrx_word' id='word_1_158' title='bbox 913 2432 1096 2476; x_wconf 91' lang='lat' dir='ltr'><strong>suam</strong></span> <span class='ocrx_word' id='word_1_159' title='bbox 1146 2412 1508 2494; x_wconf 89' lang='lat' dir='ltr'><strong>potentiam</strong></span> <span class='ocrx_word' id='word_1_160' title='bbox 1569 2412 1934 2476; x_wconf 82' lang='lat' dir='ltr'><strong>exseruerit</strong></span> <span class='ocrx_word' id='word_1_161' title='bbox 1992 2424 2222 2475; x_wconf 88' lang='lat' dir='ltr'><strong>contra</strong></span> <span class='ocrx_word' id='word_1_162' title='bbox 2269 2414 2534 2497; x_wconf 83' lang='lat' dir='ltr'><strong>Aegyp-</strong></span> 
     </span>
     <span class='ocr_line' id='line_1_24' title="bbox 585 2496 2536 2580; baseline 0.002 -21"><span class='ocrx_word' id='word_1_163' title='bbox 585 2498 742 2574; x_wconf 92' lang='lat' dir='ltr'><strong>tios,</strong></span> <span class='ocrx_word' id='word_1_164' title='bbox 805 2497 1039 2562; x_wconf 87' lang='lat' dir='ltr'><strong>deinde</strong></span> <span class='ocrx_word' id='word_1_165' title='bbox 1092 2496 1263 2580; x_wconf 91' lang='lat' dir='ltr'><strong>quod</strong></span> <span class='ocrx_word' id='word_1_166' title='bbox 1321 2497 1727 2580; x_wconf 87' lang='lat' dir='ltr'><strong>redemptum</strong></span> <span class='ocrx_word' id='word_1_167' title='bbox 1788 2499 2099 2580; x_wconf 90' lang='lat' dir='ltr'><strong>populum</strong></span> <span class='ocrx_word' id='word_1_168' title='bbox 2146 2499 2536 2563; x_wconf 89' lang='lat' dir='ltr'><strong>mirabiliter</strong></span> 
     </span>
     <span class='ocr_line' id='line_1_25' title="bbox 583 2582 2535 2666; baseline 0.001 -19"><span class='ocrx_word' id='word_1_169' title='bbox 583 2603 704 2666; x_wconf 84' lang='lat' dir='ltr'><strong>per</strong></span> <span class='ocrx_word' id='word_1_170' title='bbox 772 2605 950 2648; x_wconf 87' lang='lat' dir='ltr'><strong>mare</strong></span> <span class='ocrx_word' id='word_1_171' title='bbox 1008 2596 1076 2647; x_wconf 92' lang='lat' dir='ltr'><strong>et</strong></span> <span class='ocrx_word' id='word_1_172' title='bbox 1131 2592 1349 2649; x_wconf 89' lang='lat' dir='ltr'><strong>vastas</strong></span> <span class='ocrx_word' id='word_1_173' title='bbox 1409 2582 1828 2659; x_wconf 88' lang='lat' dir='ltr'><strong>solitudines,</strong></span> <span class='ocrx_word' id='word_1_174' title='bbox 1897 2585 2085 2666; x_wconf 89' lang='lat' dir='ltr'><strong>quasi</strong></span> <span class='ocrx_word' id='word_1_175' title='bbox 2148 2605 2263 2664; x_wconf 90' lang='lat' dir='ltr'><strong>per</strong></span> <span class='ocrx_word' id='word_1_176' title='bbox 2330 2583 2535 2649; x_wconf 89' lang='lat' dir='ltr'><strong>nubes</strong></span> 
     </span>
     <span class='ocr_line' id='line_1_26' title="bbox 586 2668 2536 2735; baseline 0.001 -2"><span class='ocrx_word' id='word_1_177' title='bbox 586 2680 652 2733; x_wconf 90' lang='lat' dir='ltr'><strong>et</strong></span> <span class='ocrx_word' id='word_1_178' title='bbox 696 2682 913 2734; x_wconf 73' lang='lat' dir='ltr'><strong>aerem</strong></span> <span class='ocrx_word' id='word_1_179' title='bbox 956 2670 1234 2735; x_wconf 84' lang='lat' dir='ltr'><strong>vexerit.</strong></span> <span class='ocrx_word' id='word_1_180' title='bbox 1321 2668 1504 2734; x_wconf 90' lang='lat' dir='ltr'><strong>Haec</strong></span> <span class='ocrx_word' id='word_1_181' title='bbox 1550 2671 1726 2734; x_wconf 90' lang='lat' dir='ltr'><strong>enim</strong></span> <span class='ocrx_word' id='word_1_182' title='bbox 1773 2669 2274 2735; x_wconf 88' lang='lat' dir='ltr'><strong>inaestimabilis</strong></span> <span class='ocrx_word' id='word_1_183' title='bbox 2318 2669 2536 2735; x_wconf 88' lang='lat' dir='ltr'><strong>fuerat</strong></span> 
     </span>
     <span class='ocr_line' id='line_1_27' title="bbox 588 2756 2535 2840; baseline 0.002 -22"><span class='ocrx_word' id='word_1_184' title='bbox 588 2757 817 2838; x_wconf 83' lang='lat' dir='ltr'><strong>gratia,</strong></span> <span class='ocrx_word' id='word_1_185' title='bbox 866 2756 1035 2837; x_wconf 91' lang='lat' dir='ltr'><strong>quod</strong></span> <span class='ocrx_word' id='word_1_186' title='bbox 1082 2756 1325 2821; x_wconf 90' lang='lat' dir='ltr'><strong>bellum</strong></span> <span class='ocrx_word' id='word_1_187' title='bbox 1373 2764 1753 2838; x_wconf 84' lang='lat' dir='ltr'><strong>susceperat</strong></span> <span class='ocrx_word' id='word_1_188' title='bbox 1800 2776 1950 2820; x_wconf 91' lang='lat' dir='ltr'><strong>cum</strong></span> <span class='ocrx_word' id='word_1_189' title='bbox 2018 2776 2172 2840; x_wconf 89' lang='lat' dir='ltr'><strong>rege</strong></span> <span class='ocrx_word' id='word_1_190' title='bbox 2217 2758 2535 2839; x_wconf 90' lang='lat' dir='ltr'><strong>potentis-</strong></span> 
     </span>
     <span class='ocr_line' id='line_1_28' title="bbox 587 2841 2534 2925; baseline 0.001 -19"><span class='ocrx_word' id='word_1_191' title='bbox 587 2841 781 2915; x_wconf 87' lang='lat' dir='ltr'><strong>simo,</strong></span> <span class='ocrx_word' id='word_1_192' title='bbox 869 2852 1131 2925; x_wconf 85' lang='lat' dir='ltr'><strong>gentem</strong></span> <span class='ocrx_word' id='word_1_193' title='bbox 1222 2842 1747 2906; x_wconf 86' lang='lat' dir='ltr'><strong>florentissimam</strong></span> <span class='ocrx_word' id='word_1_194' title='bbox 1792 2841 2200 2920; x_wconf 67' lang='lat' dir='ltr'><strong>afflixerat,</strong></span> <span class='ocrx_word' id='word_1_195' title='bbox 2291 2852 2534 2907; x_wconf 88' lang='lat' dir='ltr'><strong>terram</strong></span> 
     </span>
     <span class='ocr_line' id='line_1_29' title="bbox 586 2928 2533 3011; baseline 0 -19"><span class='ocrx_word' id='word_1_196' title='bbox 586 2948 843 2992; x_wconf 88' lang='lat' dir='ltr'><strong>summa</strong></span> <span class='ocrx_word' id='word_1_197' title='bbox 885 2928 1221 2992; x_wconf 86' lang='lat' dir='ltr'><strong>fertilitate</strong></span> <span class='ocrx_word' id='word_1_198' title='bbox 1266 2928 1595 3011; x_wconf 81' lang='lat' dir='ltr'><strong>insignem</strong></span> <span class='ocrx_word' id='word_1_199' title='bbox 1645 2939 2037 3003; x_wconf 82' lang='lat' dir='ltr'><strong>vastaverat,</strong></span> <span class='ocrx_word' id='word_1_200' title='bbox 2085 2938 2159 2992; x_wconf 91' lang='lat' dir='ltr'><strong>ut</strong></span> <span class='ocrx_word' id='word_1_201' title='bbox 2201 2940 2533 3010; x_wconf 86' lang='lat' dir='ltr'><strong>contemp-</strong></span> 
     </span>
     <span class='ocr_line' id='line_1_30' title="bbox 586 3013 2533 3098; baseline 0.002 -21"><span class='ocrx_word' id='word_1_202' title='bbox 586 3015 673 3080; x_wconf 88' lang='lat' dir='ltr'><strong>tis</strong></span> <span class='ocrx_word' id='word_1_203' title='bbox 743 3013 1090 3097; x_wconf 86' lang='lat' dir='ltr'><strong>mancipiis</strong></span> <span class='ocrx_word' id='word_1_204' title='bbox 1155 3035 1342 3096; x_wconf 91' lang='lat' dir='ltr'><strong>opem</strong></span> <span class='ocrx_word' id='word_1_205' title='bbox 1411 3015 1631 3081; x_wconf 86' lang='lat' dir='ltr'><strong>ferret.</strong></span> <span class='ocrx_word' id='word_1_206' title='bbox 1743 3013 1943 3078; x_wconf 90' lang='lat' dir='ltr'><strong>Nulla</strong></span> <span class='ocrx_word' id='word_1_207' title='bbox 2009 3015 2184 3081; x_wconf 91' lang='lat' dir='ltr'><strong>enim</strong></span> <span class='ocrx_word' id='word_1_208' title='bbox 2244 3014 2533 3098; x_wconf 90' lang='lat' dir='ltr'><strong>primum</strong></span> 
     </span>
     <span class='ocr_line' id='line_1_31' title="bbox 585 3099 2534 3185; baseline 0 -20"><span class='ocrx_word' id='word_1_209' title='bbox 585 3102 655 3165; x_wconf 91' lang='lat' dir='ltr'><strong>in</strong></span> <span class='ocrx_word' id='word_1_210' title='bbox 704 3101 1112 3185; x_wconf 83' lang='lat' dir='ltr'><strong>alienigenis,</strong></span> <span class='ocrx_word' id='word_1_211' title='bbox 1180 3099 1414 3165; x_wconf 88' lang='lat' dir='ltr'><strong>deinde</strong></span> <span class='ocrx_word' id='word_1_212' title='bbox 1455 3100 1733 3166; x_wconf 89' lang='lat' dir='ltr'><strong>sordidis</strong></span> <span class='ocrx_word' id='word_1_213' title='bbox 1777 3111 1844 3164; x_wconf 89' lang='lat' dir='ltr'><strong>et</strong></span> <span class='ocrx_word' id='word_1_214' title='bbox 1889 3103 2206 3183; x_wconf 88' lang='lat' dir='ltr'><strong>pecuariis</strong></span> <span class='ocrx_word' id='word_1_215' title='bbox 2251 3102 2534 3166; x_wconf 92' lang='lat' dir='ltr'><strong>homini-</strong></span> 
     </span>
     <span class='ocr_line' id='line_1_32' title="bbox 590 3186 2537 3270; baseline 0.001 -19"><span class='ocrx_word' id='word_1_216' title='bbox 590 3186 742 3267; x_wconf 89' lang='lat' dir='ltr'><strong>bus,</strong></span> <span class='ocrx_word' id='word_1_217' title='bbox 800 3196 868 3251; x_wconf 91' lang='lat' dir='ltr'><strong>et</strong></span> <span class='ocrx_word' id='word_1_218' title='bbox 920 3188 1092 3269; x_wconf 90' lang='lat' dir='ltr'><strong>turpi</strong></span> <span class='ocrx_word' id='word_1_219' title='bbox 1153 3186 1586 3270; x_wconf 88' lang='lat' dir='ltr'><strong>pudendoque</strong></span> <span class='ocrx_word' id='word_1_220' title='bbox 1643 3186 1916 3252; x_wconf 90' lang='lat' dir='ltr'><strong>servitio</strong></span> <span class='ocrx_word' id='word_1_221' title='bbox 1976 3187 2253 3253; x_wconf 87' lang='lat' dir='ltr'><strong>addictis</strong></span> <span class='ocrx_word' id='word_1_222' title='bbox 2319 3189 2537 3252; x_wconf 88' lang='lat' dir='ltr'><strong>fuerat</strong></span> 
     </span>
     <span class='ocr_line' id='line_1_33' title="bbox 587 3273 2538 3358; baseline -0.001 -20"><span class='ocrx_word' id='word_1_223' title='bbox 587 3273 877 3358; x_wconf 82' lang='lat' dir='ltr'><strong>dignitas</strong></span> <span class='ocrx_word' id='word_1_224' title='bbox 919 3293 1044 3355; x_wconf 90' lang='lat' dir='ltr'><strong>qua</strong></span> <span class='ocrx_word' id='word_1_225' title='bbox 1095 3273 1275 3336; x_wconf 92' lang='lat' dir='ltr'><strong>Deus</strong></span> <span class='ocrx_word' id='word_1_226' title='bbox 1319 3274 1388 3336; x_wconf 90' lang='lat' dir='ltr'><strong>in</strong></span> <span class='ocrx_word' id='word_1_227' title='bbox 1429 3273 1690 3337; x_wconf 91' lang='lat' dir='ltr'><strong>illorum</strong></span> <span class='ocrx_word' id='word_1_228' title='bbox 1735 3273 2014 3356; x_wconf 87' lang='lat' dir='ltr'><strong>gratiam</strong></span> <span class='ocrx_word' id='word_1_229' title='bbox 2071 3284 2538 3355; x_wconf 83' lang='lat' dir='ltr'><strong>provocaretur</strong></span> 
     </span>
     <span class='ocr_line' id='line_1_34' title="bbox 587 3357 2536 3444; baseline -0.001 -20"><span class='ocrx_word' id='word_1_230' title='bbox 587 3360 671 3424; x_wconf 90' lang='lat' dir='ltr'><strong>ad</strong></span> <span class='ocrx_word' id='word_1_231' title='bbox 720 3360 1082 3444; x_wconf 82' lang='lat' dir='ltr'><strong>Aegyptios</strong></span> <span class='ocrx_word' id='word_1_232' title='bbox 1127 3357 1469 3437; x_wconf 91' lang='lat' dir='ltr'><strong>delendos,</strong></span> <span class='ocrx_word' id='word_1_233' title='bbox 1529 3359 1642 3441; x_wconf 92' lang='lat' dir='ltr'><strong>qui</strong></span> <span class='ocrx_word' id='word_1_234' title='bbox 1685 3359 1927 3442; x_wconf 86' lang='lat' dir='ltr'><strong>gloria,</strong></span> <span class='ocrx_word' id='word_1_235' title='bbox 1989 3360 2252 3443; x_wconf 86' lang='lat' dir='ltr'><strong>opibus,</strong></span> <span class='ocrx_word' id='word_1_236' title='bbox 2319 3372 2536 3425; x_wconf 89' lang='lat' dir='ltr'><strong>terrae</strong></span> 
     </span>
     <span class='ocr_line' id='line_1_35' title="bbox 587 3443 2533 3529; baseline 0.001 -19"><span class='ocrx_word' id='word_1_237' title='bbox 587 3445 1074 3523; x_wconf 87' lang='lat' dir='ltr'><strong>foecunditate,</strong></span> <span class='ocrx_word' id='word_1_238' title='bbox 1163 3454 1229 3508; x_wconf 91' lang='lat' dir='ltr'><strong>et</strong></span> <span class='ocrx_word' id='word_1_239' title='bbox 1314 3446 1573 3526; x_wconf 89' lang='lat' dir='ltr'><strong>imperii</strong></span> <span class='ocrx_word' id='word_1_240' title='bbox 1659 3443 2005 3526; x_wconf 89' lang='lat' dir='ltr'><strong>splendore</strong></span> <span class='ocrx_word' id='word_1_241' title='bbox 2092 3445 2533 3529; x_wconf 88' lang='lat' dir='ltr'><strong>praestabant.</strong></span> 
     </span>
     <span class='ocr_line' id='line_1_36' title="bbox 589 3530 2535 3616; baseline 0 -19"><span class='ocrx_word' id='word_1_242' title='bbox 589 3530 816 3612; x_wconf 89' lang='lat' dir='ltr'><strong>Quare</strong></span> <span class='ocrx_word' id='word_1_243' title='bbox 874 3530 1283 3596; x_wconf 91' lang='lat' dir='ltr'><strong>detestabilis</strong></span> <span class='ocrx_word' id='word_1_244' title='bbox 1340 3531 1743 3615; x_wconf 87' lang='lat' dir='ltr'><strong>ingratitudo</strong></span> <span class='ocrx_word' id='word_1_245' title='bbox 1787 3530 2054 3608; x_wconf 86' lang='lat' dir='ltr'><strong>fuisset,</strong></span> <span class='ocrx_word' id='word_1_246' title='bbox 2124 3552 2253 3596; x_wconf 90' lang='lat' dir='ltr'><strong>non</strong></span> <span class='ocrx_word' id='word_1_247' title='bbox 2299 3553 2535 3616; x_wconf 88' lang='lat' dir='ltr'><strong>agnos-</strong></span> 
     </span>
     <span class='ocr_line' id='line_1_37' title="bbox 587 3616 2536 3700; baseline 0 -17"><span class='ocrx_word' id='word_1_248' title='bbox 587 3617 732 3683; x_wconf 69' lang='lat' dir='ltr'><strong>eer&#39;e</strong></span> <span class='ocrx_word' id='word_1_249' title='bbox 767 3625 1175 3700; x_wconf 90' lang='lat' dir='ltr'><strong>quantopere</strong></span> <span class='ocrx_word' id='word_1_250' title='bbox 1217 3616 1354 3681; x_wconf 91' lang='lat' dir='ltr'><strong>Deo</strong></span> <span class='ocrx_word' id='word_1_251' title='bbox 1393 3625 1610 3682; x_wconf 89' lang='lat' dir='ltr'><strong>essent</strong></span> <span class='ocrx_word' id='word_1_252' title='bbox 1645 3617 1955 3683; x_wconf 88' lang='lat' dir='ltr'><strong>obstricti.</strong></span> <span class='ocrx_word' id='word_1_253' title='bbox 2017 3616 2213 3698; x_wconf 88' lang='lat' dir='ltr'><strong>Quod</strong></span> <span class='ocrx_word' id='word_1_254' title='bbox 2251 3617 2536 3684; x_wconf 90' lang='lat' dir='ltr'><strong>seeundo</strong></span> 
     </span>
     <span class='ocr_line' id='line_1_38' title="bbox 584 3702 2538 3787; baseline -0.001 -18"><span class='ocrx_word' id='word_1_255' title='bbox 584 3703 729 3769; x_wconf 90' lang='lat' dir='ltr'><strong>loeo</strong></span> <span class='ocrx_word' id='word_1_256' title='bbox 786 3702 997 3780; x_wconf 89' lang='lat' dir='ltr'><strong>addit,</strong></span> <span class='ocrx_word' id='word_1_257' title='bbox 1066 3725 1135 3768; x_wconf 90' lang='lat' dir='ltr'><strong>se</strong></span> <span class='ocrx_word' id='word_1_258' title='bbox 1201 3703 1347 3767; x_wconf 90' lang='lat' dir='ltr'><strong>illos</strong></span> <span class='ocrx_word' id='word_1_259' title='bbox 1413 3712 1706 3785; x_wconf 86' lang='lat' dir='ltr'><strong>gestasse</strong></span> <span class='ocrx_word' id='word_1_260' title='bbox 1763 3704 1951 3768; x_wconf 84' lang='lat' dir='ltr'><strong>sicuti</strong></span> <span class='ocrx_word' id='word_1_261' title='bbox 2012 3704 2221 3770; x_wconf 85' lang='lat' dir='ltr'><strong>solent</strong></span> <span class='ocrx_word' id='word_1_262' title='bbox 2283 3704 2538 3787; x_wconf 86' lang='lat' dir='ltr'><strong>aquilae</strong></span> 
     </span>
     <span class='ocr_line' id='line_1_39' title="bbox 588 3789 2539 3874; baseline 0.001 -22"><span class='ocrx_word' id='word_1_263' title='bbox 588 3789 804 3874; x_wconf 82' lang='lat' dir='ltr'><strong>pullos</strong></span> <span class='ocrx_word' id='word_1_264' title='bbox 848 3810 1015 3865; x_wconf 91' lang='lat' dir='ltr'><strong>suos,</strong></span> <span class='ocrx_word' id='word_1_265' title='bbox 1087 3790 1167 3852; x_wconf 87' lang='lat' dir='ltr'><strong>ad</strong></span> <span class='ocrx_word' id='word_1_266' title='bbox 1214 3791 1595 3854; x_wconf 90' lang='lat' dir='ltr'><strong>continuum</strong></span> <span class='ocrx_word' id='word_1_267' title='bbox 1643 3801 1958 3870; x_wconf 89' lang='lat' dir='ltr'><strong>paternae</strong></span> <span class='ocrx_word' id='word_1_268' title='bbox 2002 3811 2197 3855; x_wconf 87' lang='lat' dir='ltr'><strong>curae</strong></span> <span class='ocrx_word' id='word_1_269' title='bbox 2243 3799 2539 3854; x_wconf 90' lang='lat' dir='ltr'><strong>tenorem</strong></span> 
     </span>
     <span class='ocr_line' id='line_1_40' title="bbox 591 3874 2538 3957; baseline -0.001 -16"><span class='ocrx_word' id='word_1_270' title='bbox 591 3884 858 3957; x_wconf 89' lang='lat' dir='ltr'><strong>spectat.</strong></span> <span class='ocrx_word' id='word_1_271' title='bbox 913 3874 1162 3939; x_wconf 84' lang='lat' dir='ltr'><strong>Eadem</strong></span> <span class='ocrx_word' id='word_1_272' title='bbox 1208 3885 1431 3956; x_wconf 87' lang='lat' dir='ltr'><strong>postea</strong></span> <span class='ocrx_word' id='word_1_273' title='bbox 1474 3875 1903 3940; x_wconf 90' lang='lat' dir='ltr'><strong>similitudine</strong></span> <span class='ocrx_word' id='word_1_274' title='bbox 1949 3884 2171 3941; x_wconf 90' lang='lat' dir='ltr'><strong>utetur</strong></span> <span class='ocrx_word' id='word_1_275' title='bbox 2215 3877 2432 3942; x_wconf 89' lang='lat' dir='ltr'><strong>Moses</strong></span> <span class='ocrx_word' id='word_1_276' title='bbox 2468 3877 2538 3944; x_wconf 88' lang='lat' dir='ltr'><strong>in</strong></span> 
     </span>
     <span class='ocr_line' id='line_1_41' title="bbox 591 3960 2537 4045; baseline -0.001 -18"><span class='ocrx_word' id='word_1_277' title='bbox 591 3962 878 4027; x_wconf 79' lang='lat' dir='ltr'><strong>cantico:</strong></span> <span class='ocrx_word' id='word_1_278' title='bbox 925 3971 989 4024; x_wconf 94' lang='lat' dir='ltr'><strong>et</strong></span> <span class='ocrx_word' id='word_1_279' title='bbox 1037 3960 1209 4043; x_wconf 89' lang='lat' dir='ltr'><strong>apud</strong></span> <span class='ocrx_word' id='word_1_280' title='bbox 1256 3960 1607 4043; x_wconf 87' lang='lat' dir='ltr'><strong>prophetas</strong></span> <span class='ocrx_word' id='word_1_281' title='bbox 1653 3963 1911 4043; x_wconf 87' lang='lat' dir='ltr'><strong>saepius</strong></span> <span class='ocrx_word' id='word_1_282' title='bbox 1956 3964 2257 4028; x_wconf 87' lang='lat' dir='ltr'><strong>occurrit.</strong></span> <span class='ocrx_word' id='word_1_283' title='bbox 2335 3963 2537 4045; x_wconf 81' lang='lat' dir='ltr'><strong>Aqui-</strong></span> 
     </span>
     <span class='ocr_line' id='line_1_42' title="bbox 592 4045 2541 4129; baseline 0 -16"><span class='ocrx_word' id='word_1_284' title='bbox 592 4049 724 4113; x_wconf 89' lang='lat' dir='ltr'><strong>lam</strong></span> <span class='ocrx_word' id='word_1_285' title='bbox 776 4067 927 4111; x_wconf 87' lang='lat' dir='ltr'><strong>vero</strong></span> <span class='ocrx_word' id='word_1_286' title='bbox 973 4050 1187 4127; x_wconf 88' lang='lat' dir='ltr'><strong>potius</strong></span> <span class='ocrx_word' id='word_1_287' title='bbox 1231 4048 1525 4111; x_wconf 89' lang='lat' dir='ltr'><strong>nominat</strong></span> <span class='ocrx_word' id='word_1_288' title='bbox 1570 4065 1762 4129; x_wconf 88' lang='lat' dir='ltr'><strong>quam</strong></span> <span class='ocrx_word' id='word_1_289' title='bbox 1811 4045 1974 4110; x_wconf 90' lang='lat' dir='ltr'><strong>alias</strong></span> <span class='ocrx_word' id='word_1_290' title='bbox 2019 4068 2194 4127; x_wconf 90' lang='lat' dir='ltr'><strong>aves,</strong></span> <span class='ocrx_word' id='word_1_291' title='bbox 2253 4071 2393 4113; x_wconf 87' lang='lat' dir='ltr'><strong>meo</strong></span> <span class='ocrx_word' id='word_1_292' title='bbox 2440 4049 2541 4113; x_wconf 90' lang='lat' dir='ltr'><strong>iu-</strong></span> 
     </span>
     <span class='ocr_line' id='line_1_43' title="bbox 595 4132 2543 4218; baseline 0.001 -21"><span class='ocrx_word' id='word_1_293' title='bbox 595 4133 787 4210; x_wconf 80' lang='lat' dir='ltr'><strong>dicio,</strong></span> <span class='ocrx_word' id='word_1_294' title='bbox 858 4144 935 4196; x_wconf 93' lang='lat' dir='ltr'><strong>ut</strong></span> <span class='ocrx_word' id='word_1_295' title='bbox 989 4134 1224 4197; x_wconf 89' lang='lat' dir='ltr'><strong>melius</strong></span> <span class='ocrx_word' id='word_1_296' title='bbox 1282 4133 1700 4198; x_wconf 84' lang='lat' dir='ltr'><strong>difficultates</strong></span> <span class='ocrx_word' id='word_1_297' title='bbox 1754 4132 2111 4214; x_wconf 88' lang='lat' dir='ltr'><strong>amplificet</strong></span> <span class='ocrx_word' id='word_1_298' title='bbox 2163 4134 2244 4198; x_wconf 90' lang='lat' dir='ltr'><strong>ad</strong></span> <span class='ocrx_word' id='word_1_299' title='bbox 2289 4136 2543 4218; x_wconf 86' lang='lat' dir='ltr'><strong>gratiae</strong></span> 
     </span>
     <span class='ocr_line' id='line_1_44' title="bbox 596 4217 2543 4301; baseline 0.001 -17"><span class='ocrx_word' id='word_1_300' title='bbox 596 4240 753 4284; x_wconf 90' lang='lat' dir='ltr'><strong>suae</strong></span> <span class='ocrx_word' id='word_1_301' title='bbox 798 4217 1449 4284; x_wconf 87' lang='lat' dir='ltr'><strong>commendationem.</strong></span> <span class='ocrx_word' id='word_1_302' title='bbox 1545 4218 1822 4301; x_wconf 73' lang='lat' dir='ltr'><strong>Aquilae</strong></span> <span class='ocrx_word' id='word_1_303' title='bbox 1885 4220 2060 4283; x_wconf 91' lang='lat' dir='ltr'><strong>enim</strong></span> <span class='ocrx_word' id='word_1_304' title='bbox 2121 4221 2332 4285; x_wconf 88' lang='lat' dir='ltr'><strong>foetus</strong></span> <span class='ocrx_word' id='word_1_305' title='bbox 2389 4241 2543 4285; x_wconf 90' lang='lat' dir='ltr'><strong>suos</strong></span> 
     </span>
     <span class='ocr_line' id='line_1_45' title="bbox 595 4305 2541 4387; baseline 0.001 -19"><span class='ocrx_word' id='word_1_306' title='bbox 595 4326 715 4387; x_wconf 87' lang='lat' dir='ltr'><strong>per</strong></span> <span class='ocrx_word' id='word_1_307' title='bbox 774 4305 979 4369; x_wconf 87' lang='lat' dir='ltr'><strong>ardua</strong></span> <span class='ocrx_word' id='word_1_308' title='bbox 1038 4305 1396 4381; x_wconf 88' lang='lat' dir='ltr'><strong>extollunt,</strong></span> <span class='ocrx_word' id='word_1_309' title='bbox 1457 4312 1525 4368; x_wconf 87' lang='lat' dir='ltr'><strong>et</strong></span> <span class='ocrx_word' id='word_1_310' title='bbox 1582 4305 2027 4370; x_wconf 87' lang='lat' dir='ltr'><strong>assuefaciunt</strong></span> <span class='ocrx_word' id='word_1_311' title='bbox 2094 4305 2173 4370; x_wconf 90' lang='lat' dir='ltr'><strong>ad</strong></span> <span class='ocrx_word' id='word_1_312' title='bbox 2228 4307 2541 4371; x_wconf 88' lang='lat' dir='ltr'><strong>intuitum</strong></span> 
     </span>
     <span class='ocr_line' id='line_1_46' title="bbox 597 4389 2541 4472; baseline 0.002 -19"><span class='ocrx_word' id='word_1_313' title='bbox 597 4391 770 4455; x_wconf 82' lang='lat' dir='ltr'><strong>solie.</strong></span> <span class='ocrx_word' id='word_1_314' title='bbox 862 4389 966 4454; x_wconf 88' lang='lat' dir='ltr'><strong>Ita</strong></span> <span class='ocrx_word' id='word_1_315' title='bbox 1011 4392 1288 4472; x_wconf 87' lang='lat' dir='ltr'><strong>populus</strong></span> <span class='ocrx_word' id='word_1_316' title='bbox 1336 4411 1465 4455; x_wconf 90' lang='lat' dir='ltr'><strong>non</strong></span> <span class='ocrx_word' id='word_1_317' title='bbox 1512 4411 1702 4455; x_wconf 90' lang='lat' dir='ltr'><strong>secus</strong></span> <span class='ocrx_word' id='word_1_318' title='bbox 1747 4412 1821 4455; x_wconf 87' lang='lat' dir='ltr'><strong>ac</strong></span> <span class='ocrx_word' id='word_1_319' title='bbox 1867 4412 2065 4472; x_wconf 87' lang='lat' dir='ltr'><strong>supra</strong></span> <span class='ocrx_word' id='word_1_320' title='bbox 2109 4391 2318 4456; x_wconf 87' lang='lat' dir='ltr'><strong>nubes</strong></span> <span class='ocrx_word' id='word_1_321' title='bbox 2354 4414 2541 4457; x_wconf 88' lang='lat' dir='ltr'><strong>evec-</strong></span> 
     </span>
     <span class='ocr_line' id='line_1_47' title="bbox 599 4475 2543 4560; baseline 0.001 -21"><span class='ocrx_word' id='word_1_322' title='bbox 599 4488 709 4540; x_wconf 90' lang='lat' dir='ltr'><strong>tus</strong></span> <span class='ocrx_word' id='word_1_323' title='bbox 755 4475 875 4540; x_wconf 87' lang='lat' dir='ltr'><strong>alis</strong></span> <span class='ocrx_word' id='word_1_324' title='bbox 928 4477 1077 4554; x_wconf 88' lang='lat' dir='ltr'><strong>Dei,</strong></span> <span class='ocrx_word' id='word_1_325' title='bbox 1135 4478 1421 4541; x_wconf 89' lang='lat' dir='ltr'><strong>maxima</strong></span> <span class='ocrx_word' id='word_1_326' title='bbox 1465 4497 1758 4560; x_wconf 90' lang='lat' dir='ltr'><strong>quaeque</strong></span> <span class='ocrx_word' id='word_1_327' title='bbox 1814 4478 2147 4542; x_wconf 90' lang='lat' dir='ltr'><strong>obstacula</strong></span> <span class='ocrx_word' id='word_1_328' title='bbox 2207 4488 2543 4542; x_wconf 88' lang='lat' dir='ltr'><strong>transcen-</strong></span> 
     </span>
     <span class='ocr_line' id='line_1_48' title="bbox 600 4562 2546 4645; baseline 0 -19"><span class='ocrx_word' id='word_1_329' title='bbox 600 4562 806 4626; x_wconf 88' lang='lat' dir='ltr'><strong>derat.</strong></span> <span class='ocrx_word' id='word_1_330' title='bbox 866 4562 1034 4626; x_wconf 90' lang='lat' dir='ltr'><strong>Nam</strong></span> <span class='ocrx_word' id='word_1_331' title='bbox 1082 4562 1249 4644; x_wconf 91' lang='lat' dir='ltr'><strong>quod</strong></span> <span class='ocrx_word' id='word_1_332' title='bbox 1296 4564 1544 4645; x_wconf 88' lang='lat' dir='ltr'><strong>aquilas</strong></span> <span class='ocrx_word' id='word_1_333' title='bbox 1589 4562 1851 4644; x_wconf 90' lang='lat' dir='ltr'><strong>quidam</strong></span> <span class='ocrx_word' id='word_1_334' title='bbox 1900 4563 2132 4626; x_wconf 89' lang='lat' dir='ltr'><strong>volunt</strong></span> <span class='ocrx_word' id='word_1_335' title='bbox 2179 4562 2461 4629; x_wconf 90' lang='lat' dir='ltr'><strong>discerni</strong></span> <span class='ocrx_word' id='word_1_336' title='bbox 2508 4586 2546 4627; x_wconf 87' lang='lat' dir='ltr'><strong>a</strong></span> 
     </span>
     <span class='ocr_line' id='line_1_49' title="bbox 598 4648 2547 4732; baseline -0.001 -19"><span class='ocrx_word' id='word_1_337' title='bbox 598 4648 873 4729; x_wconf 85' lang='lat' dir='ltr'><strong>reliquis</strong></span> <span class='ocrx_word' id='word_1_338' title='bbox 940 4648 1199 4724; x_wconf 86' lang='lat' dir='ltr'><strong>avibus,</strong></span> <span class='ocrx_word' id='word_1_339' title='bbox 1268 4650 1419 4730; x_wconf 91' lang='lat' dir='ltr'><strong>quia</strong></span> <span class='ocrx_word' id='word_1_340' title='bbox 1485 4648 1661 4714; x_wconf 85' lang='lat' dir='ltr'><strong>solae</strong></span> <span class='ocrx_word' id='word_1_341' title='bbox 1722 4648 1933 4732; x_wconf 90' lang='lat' dir='ltr'><strong>pullos</strong></span> <span class='ocrx_word' id='word_1_342' title='bbox 2000 4650 2120 4713; x_wconf 89' lang='lat' dir='ltr'><strong>alis</strong></span> <span class='ocrx_word' id='word_1_343' title='bbox 2178 4652 2547 4715; x_wconf 88' lang='lat' dir='ltr'><strong>sustineant</strong></span> 
     </span>
     <span class='ocr_line' id='line_1_50' title="bbox 598 4734 2328 4801; baseline 0.001 -2"><span class='ocrx_word' id='word_1_344' title='bbox 598 4734 912 4799; x_wconf 86' lang='lat' dir='ltr'><strong>frivolum</strong></span> <span class='ocrx_word' id='word_1_345' title='bbox 949 4745 1050 4797; x_wconf 90' lang='lat' dir='ltr'><strong>est</strong></span> <span class='ocrx_word' id='word_1_346' title='bbox 1094 4755 1169 4798; x_wconf 91' lang='lat' dir='ltr'><strong>ae</strong></span> <span class='ocrx_word' id='word_1_347' title='bbox 1214 4755 1367 4797; x_wconf 87' lang='lat' dir='ltr'><strong>vere</strong></span> <span class='ocrx_word' id='word_1_348' title='bbox 1415 4735 1817 4800; x_wconf 84' lang='lat' dir='ltr'><strong>rabbinienm</strong></span> <span class='ocrx_word' id='word_1_349' title='bbox 1867 4745 2328 4801; x_wconf 87' lang='lat' dir='ltr'><strong>commentum.</strong></span> 
     </span>
    </p>

    <p class='ocr_par' dir='ltr' id='par_1_4' title="bbox 601 4818 2553 5422">
     <span class='ocr_line' id='line_1_51' title="bbox 774 4818 2546 4903; baseline 0.001 -18"><span class='ocrx_word' id='word_1_350' title='bbox 774 4821 833 4885; x_wconf 82' lang='lat'><strong>5.</strong></span> <span class='ocrx_word' id='word_1_351' title='bbox 884 4818 1073 4884; x_wconf 80' lang='lat' dir='ltr'><strong>Nune</strong></span> <span class='ocrx_word' id='word_1_352' title='bbox 1115 4840 1272 4902; x_wconf 71' lang='lat' dir='ltr'><strong>erqo.</strong></span> <span class='ocrx_word' id='word_1_353' title='bbox 1361 4821 1653 4885; x_wconf 84' lang='lat' dir='ltr'><strong>Eundem</strong></span> <span class='ocrx_word' id='word_1_354' title='bbox 1708 4845 1777 4885; x_wconf 91' lang='lat' dir='ltr'><strong>se</strong></span> <span class='ocrx_word' id='word_1_355' title='bbox 1836 4836 2146 4903; x_wconf 88' lang='lat' dir='ltr'><strong>perpetuo</strong></span> <span class='ocrx_word' id='word_1_356' title='bbox 2193 4824 2327 4885; x_wconf 87' lang='lat' dir='ltr'><strong>fore</strong></span> <span class='ocrx_word' id='word_1_357' title='bbox 2370 4821 2546 4886; x_wconf 87' lang='lat' dir='ltr'><strong>affir-</strong></span> 
     </span>
     <span class='ocr_line' id='line_1_52' title="bbox 603 4906 2548 4989; baseline 0 -18"><span class='ocrx_word' id='word_1_358' title='bbox 603 4919 741 4971; x_wconf 89' lang='lat' dir='ltr'><strong>mat</strong></span> <span class='ocrx_word' id='word_1_359' title='bbox 789 4906 990 4981; x_wconf 86' lang='lat' dir='ltr'><strong>Deus,</strong></span> <span class='ocrx_word' id='word_1_360' title='bbox 1036 4925 1112 4970; x_wconf 88' lang='lat' dir='ltr'><strong>ae</strong></span> <span class='ocrx_word' id='word_1_361' title='bbox 1157 4915 1535 4970; x_wconf 88' lang='lat' dir='ltr'><strong>constanter</strong></span> <span class='ocrx_word' id='word_1_362' title='bbox 1578 4918 2178 4989; x_wconf 82' lang='lat' dir='ltr'><strong>perseveraturum,</strong></span> <span class='ocrx_word' id='word_1_363' title='bbox 2229 4906 2416 4972; x_wconf 92' lang='lat' dir='ltr'><strong>modo</strong></span> <span class='ocrx_word' id='word_1_364' title='bbox 2465 4929 2548 4971; x_wconf 90' lang='lat' dir='ltr'><strong>ne</strong></span> 
     </span>
     <span class='ocr_line' id='line_1_53' title="bbox 601 4990 2547 5073; baseline -0.001 -14"><span class='ocrx_word' id='word_1_365' title='bbox 601 4991 943 5059; x_wconf 87' lang='lat' dir='ltr'><strong>Israelitae</strong></span> <span class='ocrx_word' id='word_1_366' title='bbox 990 4990 1423 5073; x_wconf 84' lang='lat' dir='ltr'><strong>degenerent,</strong></span> <span class='ocrx_word' id='word_1_367' title='bbox 1483 4993 1595 5057; x_wconf 91' lang='lat' dir='ltr'><strong>sed</strong></span> <span class='ocrx_word' id='word_1_368' title='bbox 1657 4993 1899 5057; x_wconf 84' lang='lat' dir='ltr'><strong>addicti</strong></span> <span class='ocrx_word' id='word_1_369' title='bbox 1958 5009 2264 5057; x_wconf 85' lang='lat' dir='ltr'><strong>maneant</strong></span> <span class='ocrx_word' id='word_1_370' title='bbox 2308 5015 2423 5059; x_wconf 90' lang='lat' dir='ltr'><strong>suo</strong></span> <span class='ocrx_word' id='word_1_371' title='bbox 2471 4993 2547 5057; x_wconf 91' lang='lat' dir='ltr'><strong>li-</strong></span> 
     </span>
     <span class='ocr_line' id='line_1_54' title="bbox 605 5075 2550 5162; baseline -0.001 -18"><span class='ocrx_word' id='word_1_372' title='bbox 605 5078 907 5144; x_wconf 87' lang='lat' dir='ltr'><strong>beratori.</strong></span> <span class='ocrx_word' id='word_1_373' title='bbox 1003 5075 1213 5142; x_wconf 82' lang='lat' dir='ltr'><strong>Simul</strong></span> <span class='ocrx_word' id='word_1_374' title='bbox 1276 5079 1474 5141; x_wconf 89' lang='lat' dir='ltr'><strong>etiam</strong></span> <span class='ocrx_word' id='word_1_375' title='bbox 1535 5078 1844 5143; x_wconf 89' lang='lat' dir='ltr'><strong>admonet</strong></span> <span class='ocrx_word' id='word_1_376' title='bbox 1887 5100 2198 5162; x_wconf 86' lang='lat' dir='ltr'><strong>quorsum</strong></span> <span class='ocrx_word' id='word_1_377' title='bbox 2250 5092 2377 5143; x_wconf 90' lang='lat' dir='ltr'><strong>tam</strong></span> <span class='ocrx_word' id='word_1_378' title='bbox 2441 5081 2550 5145; x_wconf 90' lang='lat' dir='ltr'><strong>be-</strong></span> 
     </span>
     <span class='ocr_line' id='line_1_55' title="bbox 606 5164 2551 5245; baseline -0.001 -15"><span class='ocrx_word' id='word_1_379' title='bbox 606 5168 853 5230; x_wconf 88' lang='lat' dir='ltr'><strong>neficus</strong></span> <span class='ocrx_word' id='word_1_380' title='bbox 898 5165 1029 5227; x_wconf 89' lang='lat' dir='ltr'><strong>illis</strong></span> <span class='ocrx_word' id='word_1_381' title='bbox 1089 5164 1312 5242; x_wconf 85' lang='lat' dir='ltr'><strong>fuerit,</strong></span> <span class='ocrx_word' id='word_1_382' title='bbox 1379 5174 1456 5227; x_wconf 91' lang='lat' dir='ltr'><strong>ut</strong></span> <span class='ocrx_word' id='word_1_383' title='bbox 1520 5183 1777 5245; x_wconf 87' lang='lat' dir='ltr'><strong>semper</strong></span> <span class='ocrx_word' id='word_1_384' title='bbox 1843 5166 1921 5229; x_wconf 89' lang='lat' dir='ltr'><strong>ad</strong></span> <span class='ocrx_word' id='word_1_385' title='bbox 1979 5167 2335 5230; x_wconf 85' lang='lat' dir='ltr'><strong>vocationis</strong></span> <span class='ocrx_word' id='word_1_386' title='bbox 2394 5186 2551 5230; x_wconf 86' lang='lat' dir='ltr'><strong>suae</strong></span> 
     </span>
     <span class='ocr_line' id='line_1_56' title="bbox 607 5250 2550 5333; baseline -0.002 -17"><span class='ocrx_word' id='word_1_387' title='bbox 607 5253 804 5316; x_wconf 90' lang='lat' dir='ltr'><strong>finem</strong></span> <span class='ocrx_word' id='word_1_388' title='bbox 852 5252 1164 5333; x_wconf 86' lang='lat' dir='ltr'><strong>aspirent.</strong></span> <span class='ocrx_word' id='word_1_389' title='bbox 1255 5250 1485 5331; x_wconf 90' lang='lat' dir='ltr'><strong>Neque</strong></span> <span class='ocrx_word' id='word_1_390' title='bbox 1528 5252 1702 5313; x_wconf 88' lang='lat' dir='ltr'><strong>enim</strong></span> <span class='ocrx_word' id='word_1_391' title='bbox 1763 5272 1894 5315; x_wconf 90' lang='lat' dir='ltr'><strong>uno</strong></span> <span class='ocrx_word' id='word_1_392' title='bbox 1951 5262 2207 5315; x_wconf 88' lang='lat' dir='ltr'><strong>tantum</strong></span> <span class='ocrx_word' id='word_1_393' title='bbox 2269 5251 2550 5317; x_wconf 86' lang='lat' dir='ltr'><strong>liberali-</strong></span> 
     </span>
     <span class='ocr_line' id='line_1_57' title="bbox 609 5335 2553 5422; baseline 0.002 -23"><span class='ocrx_word' id='word_1_394' title='bbox 609 5339 762 5402; x_wconf 85' lang='lat' dir='ltr'><strong>tatis</strong></span> <span class='ocrx_word' id='word_1_395' title='bbox 807 5348 957 5403; x_wconf 85' lang='lat' dir='ltr'><strong>actu</strong></span> <span class='ocrx_word' id='word_1_396' title='bbox 1002 5336 1267 5422; x_wconf 84' lang='lat' dir='ltr'><strong>defungi</strong></span> <span class='ocrx_word' id='word_1_397' title='bbox 1317 5335 1611 5401; x_wconf 84' lang='lat' dir='ltr'><strong>voluerat-</strong></span> <span class='ocrx_word' id='word_1_398' title='bbox 1655 5356 1807 5418; x_wconf 88' lang='lat' dir='ltr'><strong>erga</strong></span> <span class='ocrx_word' id='word_1_399' title='bbox 1855 5339 2045 5419; x_wconf 55' lang='lat' dir='ltr'><strong>ipsos</strong></span> <span class='ocrx_word' id='word_1_400' title='bbox 2082 5337 2191 5401; x_wconf 89' lang='lat' dir='ltr'><strong>sed</strong></span> <span class='ocrx_word' id='word_1_401' title='bbox 2234 5347 2304 5402; x_wconf 91' lang='lat' dir='ltr'><strong>ut</strong></span> <span class='ocrx_word' id='word_1_402' title='bbox 2342 5339 2408 5401; x_wconf 91' lang='lat' dir='ltr'><strong>in</strong></span> <span class='ocrx_word' id='word_1_403' title='bbox 2449 5359 2553 5419; x_wconf 89' lang='lat' dir='ltr'><strong>pe-</strong></span> 
     </span>
    </p>
   </div>
   <div class='ocr_carea' id='block_1_3' title="bbox 2574 634 2618 5415">
    <p class='ocr_par' dir='ltr' id='par_1_5' title="bbox 2574 634 2618 5415">
     <span class='ocr_line' id='line_1_58' title="bbox 2574 634 2618 5415; baseline 0 0"><span class='ocrx_word' id='word_1_404' title='bbox 2574 634 2618 5415; x_wconf 95' lang='lat' dir='ltr'><strong> </strong></span> 
     </span>
    </p>
   </div>
   <div class='ocr_carea' id='block_1_4' title="bbox 2636 603 4587 5421">
    <p class='ocr_par' dir='ltr' id='par_1_6' title="bbox 2636 603 4573 2819">
     <span class='ocr_line' id='line_1_59' title="bbox 2637 603 4543 687; baseline 0.003 -19"><span class='ocrx_word' id='word_1_405' title='bbox 2637 604 2949 669; x_wconf 88' lang='lat' dir='ltr'><strong>culiarem</strong></span> <span class='ocrx_word' id='word_1_406' title='bbox 2995 604 3123 669; x_wconf 87' lang='lat' dir='ltr'><strong>sibi</strong></span> <span class='ocrx_word' id='word_1_407' title='bbox 3168 603 3480 687; x_wconf 87' lang='lat' dir='ltr'><strong>populum</strong></span> <span class='ocrx_word' id='word_1_408' title='bbox 3529 605 3911 686; x_wconf 86' lang='lat' dir='ltr'><strong>acquireret.</strong></span> <span class='ocrx_word' id='word_1_409' title='bbox 4000 605 4193 670; x_wconf 87' lang='lat' dir='ltr'><strong>Hane</strong></span> <span class='ocrx_word' id='word_1_410' title='bbox 4257 608 4543 673; x_wconf 88' lang='lat' dir='ltr'><strong>excellen-</strong></span> 
     </span>
     <span class='ocr_line' id='line_1_60' title="bbox 2638 676 4544 775; baseline 0.004 -21"><span class='ocrx_word' id='word_1_411' title='bbox 2638 691 2799 755; x_wconf 87' lang='lat' dir='ltr'><strong>tiam</strong></span> <span class='ocrx_word' id='word_1_412' title='bbox 2838 690 2967 756; x_wconf 89' lang='lat' dir='ltr'><strong>illis</strong></span> <span class='ocrx_word' id='word_1_413' title='bbox 3005 692 3308 772; x_wconf 88' lang='lat' dir='ltr'><strong>proponit</strong></span> <span class='ocrx_word' id='word_1_414' title='bbox 3365 689 3489 755; x_wconf 92' lang='lat' dir='ltr'><strong>sub</strong></span> <span class='ocrx_word' id='word_1_415' title='bbox 3538 712 3693 756; x_wconf 90' lang='lat' dir='ltr'><strong>voce</strong></span> <span class='ocrx_word' id='word_1_416' title='bbox 3735 676 3897 760; x_wconf 46' lang='lat'><strong>:5520</strong></span> <span class='ocrx_word' id='word_1_417' title='bbox 3953 712 4121 775; x_wconf 89' lang='lat' dir='ltr'><strong>quae</strong></span> <span class='ocrx_word' id='word_1_418' title='bbox 4184 694 4544 775; x_wconf 88' lang='lat' dir='ltr'><strong>pretiosissi-</strong></span> 
     </span>
     <span class='ocr_line' id='line_1_61' title="bbox 2637 775 4547 860; baseline 0.003 -19"><span class='ocrx_word' id='word_1_419' title='bbox 2637 797 2778 841; x_wconf 92' lang='lat' dir='ltr'><strong>mas</strong></span> <span class='ocrx_word' id='word_1_420' title='bbox 2823 796 3113 859; x_wconf 87' lang='lat' dir='ltr'><strong>quasque</strong></span> <span class='ocrx_word' id='word_1_421' title='bbox 3157 796 3262 840; x_wconf 88' lang='lat' dir='ltr'><strong>res</strong></span> <span class='ocrx_word' id='word_1_422' title='bbox 3304 775 3629 859; x_wconf 86' lang='lat' dir='ltr'><strong>significat</strong></span> <span class='ocrx_word' id='word_1_423' title='bbox 3677 790 3753 841; x_wconf 90' lang='lat' dir='ltr'><strong>ut</strong></span> <span class='ocrx_word' id='word_1_424' title='bbox 3794 777 4105 860; x_wconf 89' lang='lat' dir='ltr'><strong>quidquid</strong></span> <span class='ocrx_word' id='word_1_425' title='bbox 4153 778 4220 843; x_wconf 91' lang='lat' dir='ltr'><strong>in</strong></span> <span class='ocrx_word' id='word_1_426' title='bbox 4272 779 4547 846; x_wconf 86' lang='lat' dir='ltr'><strong>thesauro</strong></span> 
     </span>
     <span class='ocr_line' id='line_1_62' title="bbox 2637 861 4545 946; baseline 0.004 -20"><span class='ocrx_word' id='word_1_427' title='bbox 2637 861 3034 928; x_wconf 87' lang='lat' dir='ltr'><strong>reconditur.</strong></span> <span class='ocrx_word' id='word_1_428' title='bbox 3125 861 3521 945; x_wconf 79' lang='lat' dir='ltr'><strong>Quanquam</strong></span> <span class='ocrx_word' id='word_1_429' title='bbox 3576 885 3703 927; x_wconf 91' lang='lat' dir='ltr'><strong>non</strong></span> <span class='ocrx_word' id='word_1_430' title='bbox 3767 863 3936 928; x_wconf 88' lang='lat' dir='ltr'><strong>male</strong></span> <span class='ocrx_word' id='word_1_431' title='bbox 3993 863 4271 946; x_wconf 87' lang='lat' dir='ltr'><strong>quadrat</strong></span> <span class='ocrx_word' id='word_1_432' title='bbox 4335 888 4545 933; x_wconf 88' lang='lat' dir='ltr'><strong>nomen</strong></span> 
     </span>
     <span class='ocr_line' id='line_1_63' title="bbox 2637 946 4549 1037; baseline 0.003 -25"><span class='ocrx_word' id='word_1_433' title='bbox 2637 948 2896 1031; x_wconf 90' lang='lat' dir='ltr'><strong>peculii,</strong></span> <span class='ocrx_word' id='word_1_434' title='bbox 2942 948 3109 1031; x_wconf 92' lang='lat' dir='ltr'><strong>quod</strong></span> <span class='ocrx_word' id='word_1_435' title='bbox 3152 946 3436 1012; x_wconf 90' lang='lat' dir='ltr'><strong>reddidit</strong></span> <span class='ocrx_word' id='word_1_436' title='bbox 3473 958 3661 1014; x_wconf 89' lang='lat' dir='ltr'><strong>vetus</strong></span> <span class='ocrx_word' id='word_1_437' title='bbox 3704 950 4057 1032; x_wconf 89' lang='lat' dir='ltr'><strong>interpres:</strong></span> <span class='ocrx_word' id='word_1_438' title='bbox 4104 952 4257 1033; x_wconf 91' lang='lat' dir='ltr'><strong>quia</strong></span> <span class='ocrx_word' id='word_1_439' title='bbox 4302 973 4380 1016; x_wconf 92' lang='lat' dir='ltr'><strong>ex</strong></span> <span class='ocrx_word' id='word_1_440' title='bbox 4420 975 4549 1037; x_wconf 90' lang='lat' dir='ltr'><strong>pro·</strong></span> 
     </span>
     <span class='ocr_line' id='line_1_64' title="bbox 2640 1034 4549 1120; baseline 0.002 -21"><span class='ocrx_word' id='word_1_441' title='bbox 2640 1036 2817 1099; x_wconf 91' lang='lat' dir='ltr'><strong>ximo</strong></span> <span class='ocrx_word' id='word_1_442' title='bbox 2882 1044 3197 1099; x_wconf 87' lang='lat' dir='ltr'><strong>contextu</strong></span> <span class='ocrx_word' id='word_1_443' title='bbox 3266 1034 3473 1118; x_wconf 88' lang='lat' dir='ltr'><strong>liquet</strong></span> <span class='ocrx_word' id='word_1_444' title='bbox 3544 1034 3744 1099; x_wconf 88' lang='lat' dir='ltr'><strong>huius</strong></span> <span class='ocrx_word' id='word_1_445' title='bbox 3810 1036 4034 1120; x_wconf 90' lang='lat' dir='ltr'><strong>populi</strong></span> <span class='ocrx_word' id='word_1_446' title='bbox 4100 1038 4549 1120; x_wconf 89' lang='lat' dir='ltr'><strong>separationem</strong></span> 
     </span>
     <span class='ocr_line' id='line_1_65' title="bbox 2638 1120 4551 1203; baseline 0.004 -20"><span class='ocrx_word' id='word_1_447' title='bbox 2638 1120 2850 1185; x_wconf 87' lang='lat' dir='ltr'><strong>notari</strong></span> <span class='ocrx_word' id='word_1_448' title='bbox 2910 1121 2990 1184; x_wconf 89' lang='lat' dir='ltr'><strong>ab</strong></span> <span class='ocrx_word' id='word_1_449' title='bbox 3048 1120 3195 1185; x_wconf 89' lang='lat' dir='ltr'><strong>aliis</strong></span> <span class='ocrx_word' id='word_1_450' title='bbox 3251 1120 3572 1186; x_wconf 91' lang='lat' dir='ltr'><strong>omnibus.</strong></span> <span class='ocrx_word' id='word_1_451' title='bbox 3662 1122 3978 1203; x_wconf 79' lang='lat' dir='ltr'><strong>Sequitur</strong></span> <span class='ocrx_word' id='word_1_452' title='bbox 4035 1124 4209 1188; x_wconf 90' lang='lat' dir='ltr'><strong>enim</strong></span> <span class='ocrx_word' id='word_1_453' title='bbox 4269 1125 4551 1190; x_wconf 88' lang='lat' dir='ltr'><strong>continuo</strong></span> 
     </span>
     <span class='ocr_line' id='line_1_66' title="bbox 2639 1204 4555 1293; baseline 0.003 -24"><span class='ocrx_word' id='word_1_454' title='bbox 2639 1218 2812 1288; x_wconf 88' lang='lat' dir='ltr'><strong>post:</strong></span> <span class='ocrx_word' id='word_1_455' title='bbox 2885 1204 3214 1286; x_wconf 79' lang='lat' dir='ltr'><strong>Quoniam</strong></span> <span class='ocrx_word' id='word_1_456' title='bbox 3261 1227 3408 1271; x_wconf 91' lang='lat' dir='ltr'><strong>mea</strong></span> <span class='ocrx_word' id='word_1_457' title='bbox 3450 1219 3550 1271; x_wconf 91' lang='lat' dir='ltr'><strong>est</strong></span> <span class='ocrx_word' id='word_1_458' title='bbox 3593 1208 3904 1272; x_wconf 89' lang='lat' dir='ltr'><strong>universa</strong></span> <span class='ocrx_word' id='word_1_459' title='bbox 3944 1217 4140 1286; x_wconf 88' lang='lat' dir='ltr'><strong>terra,</strong></span> <span class='ocrx_word' id='word_1_460' title='bbox 4188 1210 4309 1287; x_wconf 89' lang='lat' dir='ltr'><strong>vel,</strong></span> <span class='ocrx_word' id='word_1_461' title='bbox 4355 1233 4555 1293; x_wconf 88' lang='lat' dir='ltr'><strong>quam-</strong></span> 
     </span>
     <span class='ocr_line' id='line_1_67' title="bbox 2636 1291 4555 1377; baseline 0.003 -20"><span class='ocrx_word' id='word_1_462' title='bbox 2636 1294 2764 1357; x_wconf 88' lang='lat' dir='ltr'><strong>vis:</strong></span> <span class='ocrx_word' id='word_1_463' title='bbox 2804 1291 3123 1374; x_wconf 88' lang='lat' dir='ltr'><strong>particula</strong></span> <span class='ocrx_word' id='word_1_464' title='bbox 3158 1293 3333 1356; x_wconf 89' lang='lat' dir='ltr'><strong>enim</strong></span> <span class='ocrx_word' id='word_1_465' title='bbox 3374 1306 3436 1360; x_wconf 70' lang='lat'><strong>⁹:</strong></span> <span class='ocrx_word' id='word_1_466' title='bbox 3473 1312 3665 1376; x_wconf 88' lang='lat' dir='ltr'><strong>saepe</strong></span> <span class='ocrx_word' id='word_1_467' title='bbox 3701 1293 4116 1359; x_wconf 88' lang='lat' dir='ltr'><strong>adversative</strong></span> <span class='ocrx_word' id='word_1_468' title='bbox 4152 1297 4415 1377; x_wconf 89' lang='lat' dir='ltr'><strong>capitur,</strong></span> <span class='ocrx_word' id='word_1_469' title='bbox 4452 1318 4555 1362; x_wconf 88' lang='lat' dir='ltr'><strong>nec</strong></span> 
     </span>
     <span class='ocr_line' id='line_1_68' title="bbox 2638 1377 4556 1461; baseline 0.003 -20"><span class='ocrx_word' id='word_1_470' title='bbox 2638 1377 2911 1442; x_wconf 90' lang='lat' dir='ltr'><strong>dubium</strong></span> <span class='ocrx_word' id='word_1_471' title='bbox 2957 1386 3058 1442; x_wconf 89' lang='lat' dir='ltr'><strong>est</strong></span> <span class='ocrx_word' id='word_1_472' title='bbox 3102 1377 3255 1460; x_wconf 90' lang='lat' dir='ltr'><strong>quin</strong></span> <span class='ocrx_word' id='word_1_473' title='bbox 3295 1387 3559 1461; x_wconf 88' lang='lat' dir='ltr'><strong>gentem</strong></span> <span class='ocrx_word' id='word_1_474' title='bbox 3606 1400 3801 1443; x_wconf 90' lang='lat' dir='ltr'><strong>unam</strong></span> <span class='ocrx_word' id='word_1_475' title='bbox 3849 1402 3998 1445; x_wconf 91' lang='lat' dir='ltr'><strong>cum</strong></span> <span class='ocrx_word' id='word_1_476' title='bbox 4043 1390 4180 1448; x_wconf 84' lang='lat' dir='ltr'><strong>toto</strong></span> <span class='ocrx_word' id='word_1_477' title='bbox 4216 1381 4367 1447; x_wconf 90' lang='lat' dir='ltr'><strong>orbe</strong></span> <span class='ocrx_word' id='word_1_478' title='bbox 4399 1404 4556 1447; x_wconf 90' lang='lat' dir='ltr'><strong>com·</strong></span> 
     </span>
     <span class='ocr_line' id='line_1_69' title="bbox 2639 1465 4557 1547; baseline 0.004 -21"><span class='ocrx_word' id='word_1_479' title='bbox 2639 1484 2882 1546; x_wconf 90' lang='lat' dir='ltr'><strong>parans</strong></span> <span class='ocrx_word' id='word_1_480' title='bbox 2928 1465 3128 1540; x_wconf 91' lang='lat' dir='ltr'><strong>Deus,</strong></span> <span class='ocrx_word' id='word_1_481' title='bbox 3184 1465 3462 1547; x_wconf 87' lang='lat' dir='ltr'><strong>gratiam</strong></span> <span class='ocrx_word' id='word_1_482' title='bbox 3509 1485 3694 1529; x_wconf 90' lang='lat' dir='ltr'><strong>suam</strong></span> <span class='ocrx_word' id='word_1_483' title='bbox 3742 1467 3950 1547; x_wconf 86' lang='lat' dir='ltr'><strong>magis</strong></span> <span class='ocrx_word' id='word_1_484' title='bbox 3996 1467 4289 1533; x_wconf 87' lang='lat' dir='ltr'><strong>extollat.</strong></span> <span class='ocrx_word' id='word_1_485' title='bbox 4371 1468 4557 1535; x_wconf 86' lang='lat' dir='ltr'><strong>Sicuti</strong></span> 
     </span>
     <span class='ocr_line' id='line_1_70' title="bbox 2636 1548 4560 1638; baseline 0.003 -25"><span class='ocrx_word' id='word_1_486' title='bbox 2636 1550 2708 1613; x_wconf 92' lang='lat' dir='ltr'><strong>in</strong></span> <span class='ocrx_word' id='word_1_487' title='bbox 2732 1552 3011 1614; x_wconf 89' lang='lat' dir='ltr'><strong>cantico:</strong></span> <span class='ocrx_word' id='word_1_488' title='bbox 3053 1548 3272 1630; x_wconf 87' lang='lat' dir='ltr'><strong>Quum</strong></span> <span class='ocrx_word' id='word_1_489' title='bbox 3314 1560 3491 1614; x_wconf 89' lang='lat' dir='ltr'><strong>sorte</strong></span> <span class='ocrx_word' id='word_1_490' title='bbox 3528 1550 3850 1616; x_wconf 90' lang='lat' dir='ltr'><strong>divideret</strong></span> <span class='ocrx_word' id='word_1_491' title='bbox 3888 1552 4208 1620; x_wconf 89' lang='lat' dir='ltr'><strong>Excelsus</strong></span> <span class='ocrx_word' id='word_1_492' title='bbox 4233 1569 4470 1638; x_wconf 86' lang='lat' dir='ltr'><strong>gentes,</strong></span> <span class='ocrx_word' id='word_1_493' title='bbox 4503 1569 4560 1619; x_wconf 88' lang='lat' dir='ltr'><strong>et</strong></span> 
     </span>
     <span class='ocr_line' id='line_1_71' title="bbox 2639 1636 4559 1723; baseline 0.003 -22"><span class='ocrx_word' id='word_1_494' title='bbox 2639 1646 2973 1719; x_wconf 90' lang='lat' dir='ltr'><strong>separaret</strong></span> <span class='ocrx_word' id='word_1_495' title='bbox 3017 1636 3190 1700; x_wconf 89' lang='lat' dir='ltr'><strong>filios</strong></span> <span class='ocrx_word' id='word_1_496' title='bbox 3236 1636 3595 1714; x_wconf 90' lang='lat' dir='ltr'><strong>hominum,</strong></span> <span class='ocrx_word' id='word_1_497' title='bbox 3639 1639 3979 1703; x_wconf 87' lang='lat' dir='ltr'><strong>constituit</strong></span> <span class='ocrx_word' id='word_1_498' title='bbox 4024 1643 4336 1706; x_wconf 91' lang='lat' dir='ltr'><strong>terminos</strong></span> <span class='ocrx_word' id='word_1_499' title='bbox 4379 1662 4559 1723; x_wconf 90' lang='lat' dir='ltr'><strong>popu-</strong></span> 
     </span>
     <span class='ocr_line' id='line_1_72' title="bbox 2640 1721 4561 1810; baseline 0.004 -25"><span class='ocrx_word' id='word_1_500' title='bbox 2640 1722 2848 1786; x_wconf 87' lang='lat' dir='ltr'><strong>lorum</strong></span> <span class='ocrx_word' id='word_1_501' title='bbox 2910 1721 2992 1786; x_wconf 93' lang='lat' dir='ltr'><strong>ad</strong></span> <span class='ocrx_word' id='word_1_502' title='bbox 3057 1742 3402 1786; x_wconf 90' lang='lat' dir='ltr'><strong>numerum</strong></span> <span class='ocrx_word' id='word_1_503' title='bbox 3469 1723 3755 1788; x_wconf 90' lang='lat' dir='ltr'><strong>filiorum</strong></span> <span class='ocrx_word' id='word_1_504' title='bbox 3801 1723 4024 1789; x_wconf 90' lang='lat' dir='ltr'><strong>Israel.</strong></span> <span class='ocrx_word' id='word_1_505' title='bbox 4130 1724 4308 1805; x_wconf 89' lang='lat' dir='ltr'><strong>Quia</strong></span> <span class='ocrx_word' id='word_1_506' title='bbox 4370 1730 4561 1810; x_wconf 88' lang='lat' dir='ltr'><strong>portio</strong></span> 
     </span>
     <span class='ocr_line' id='line_1_73' title="bbox 2638 1807 4560 1892; baseline 0.004 -21"><span class='ocrx_word' id='word_1_507' title='bbox 2638 1808 2925 1872; x_wconf 84' lang='lat' dir='ltr'><strong>Iehovae</strong></span> <span class='ocrx_word' id='word_1_508' title='bbox 2971 1819 3070 1871; x_wconf 89' lang='lat' dir='ltr'><strong>est</strong></span> <span class='ocrx_word' id='word_1_509' title='bbox 3113 1807 3395 1892; x_wconf 86' lang='lat' dir='ltr'><strong>populus</strong></span> <span class='ocrx_word' id='word_1_510' title='bbox 3440 1810 3616 1886; x_wconf 90' lang='lat' dir='ltr'><strong>eius,</strong></span> <span class='ocrx_word' id='word_1_511' title='bbox 3674 1819 3739 1873; x_wconf 90' lang='lat' dir='ltr'><strong>et</strong></span> <span class='ocrx_word' id='word_1_512' title='bbox 3799 1810 4125 1875; x_wconf 84' lang='lat' dir='ltr'><strong>funiculus</strong></span> <span class='ocrx_word' id='word_1_513' title='bbox 4171 1813 4311 1877; x_wconf 91' lang='lat' dir='ltr'><strong>eius</strong></span> <span class='ocrx_word' id='word_1_514' title='bbox 4356 1813 4560 1878; x_wconf 87' lang='lat' dir='ltr'><strong>Israel.</strong></span> 
     </span>
     <span class='ocr_line' id='line_1_74' title="bbox 2640 1892 4564 1981; baseline 0.002 -22"><span class='ocrx_word' id='word_1_515' title='bbox 2640 1892 2917 1959; x_wconf 80' lang='lat' dir='ltr'><strong>Summa</strong></span> <span class='ocrx_word' id='word_1_516' title='bbox 2959 1894 3164 1977; x_wconf 86' lang='lat' dir='ltr'><strong>igitur</strong></span> <span class='ocrx_word' id='word_1_517' title='bbox 3200 1902 3318 1969; x_wconf 90' lang='lat' dir='ltr'><strong>est,</strong></span> <span class='ocrx_word' id='word_1_518' title='bbox 3366 1914 3565 1976; x_wconf 90' lang='lat' dir='ltr'><strong>quum</strong></span> <span class='ocrx_word' id='word_1_519' title='bbox 3606 1894 3687 1958; x_wconf 89' lang='lat' dir='ltr'><strong>ad</strong></span> <span class='ocrx_word' id='word_1_520' title='bbox 3723 1895 4075 1978; x_wconf 88' lang='lat' dir='ltr'><strong>imperium</strong></span> <span class='ocrx_word' id='word_1_521' title='bbox 4102 1898 4227 1962; x_wconf 90' lang='lat' dir='ltr'><strong>Dei</strong></span> <span class='ocrx_word' id='word_1_522' title='bbox 4263 1901 4564 1981; x_wconf 88' lang='lat' dir='ltr'><strong>pertineat</strong></span> 
     </span>
     <span class='ocr_line' id='line_1_75' title="bbox 2641 1980 4562 2064; baseline 0.003 -21"><span class='ocrx_word' id='word_1_523' title='bbox 2641 1989 2815 2043; x_wconf 91' lang='lat' dir='ltr'><strong>totus</strong></span> <span class='ocrx_word' id='word_1_524' title='bbox 2862 1980 3054 2055; x_wconf 86' lang='lat' dir='ltr'><strong>orbis,</strong></span> <span class='ocrx_word' id='word_1_525' title='bbox 3103 2000 3311 2062; x_wconf 86' lang='lat' dir='ltr'><strong>genus</strong></span> <span class='ocrx_word' id='word_1_526' title='bbox 3356 1990 3577 2045; x_wconf 90' lang='lat' dir='ltr'><strong>tamen</strong></span> <span class='ocrx_word' id='word_1_527' title='bbox 3613 1980 3819 2046; x_wconf 89' lang='lat' dir='ltr'><strong>Israel</strong></span> <span class='ocrx_word' id='word_1_528' title='bbox 3864 1982 3943 2047; x_wconf 90' lang='lat' dir='ltr'><strong>ab</strong></span> <span class='ocrx_word' id='word_1_529' title='bbox 3980 2004 4055 2047; x_wconf 91' lang='lat' dir='ltr'><strong>eo</strong></span> <span class='ocrx_word' id='word_1_530' title='bbox 4099 2005 4240 2048; x_wconf 91' lang='lat' dir='ltr'><strong>esse</strong></span> <span class='ocrx_word' id='word_1_531' title='bbox 4286 1986 4562 2064; x_wconf 85' lang='lat' dir='ltr'><strong>electum,</strong></span> 
     </span>
     <span class='ocr_line' id='line_1_76' title="bbox 2640 2065 4566 2153; baseline 0.003 -24"><span class='ocrx_word' id='word_1_532' title='bbox 2640 2065 2810 2148; x_wconf 91' lang='lat' dir='ltr'><strong>quod</strong></span> <span class='ocrx_word' id='word_1_533' title='bbox 2849 2066 3195 2148; x_wconf 89' lang='lat' dir='ltr'><strong>praecellat</strong></span> <span class='ocrx_word' id='word_1_534' title='bbox 3217 2067 3472 2132; x_wconf 89' lang='lat' dir='ltr'><strong>eunctis</strong></span> <span class='ocrx_word' id='word_1_535' title='bbox 3494 2068 3819 2149; x_wconf 88' lang='lat' dir='ltr'><strong>gentibus.</strong></span> <span class='ocrx_word' id='word_1_536' title='bbox 3867 2067 4057 2133; x_wconf 89' lang='lat' dir='ltr'><strong>Unde</strong></span> <span class='ocrx_word' id='word_1_537' title='bbox 4082 2081 4356 2152; x_wconf 88' lang='lat' dir='ltr'><strong>apparet</strong></span> <span class='ocrx_word' id='word_1_538' title='bbox 4384 2092 4566 2153; x_wconf 88' lang='lat' dir='ltr'><strong>quum</strong></span> 
     </span>
     <span class='ocr_line' id='line_1_77' title="bbox 2641 2152 4566 2234; baseline 0.003 -18"><span class='ocrx_word' id='word_1_539' title='bbox 2641 2152 2929 2234; x_wconf 86' lang='lat' dir='ltr'><strong>aequalis</strong></span> <span class='ocrx_word' id='word_1_540' title='bbox 2974 2152 3062 2217; x_wconf 90' lang='lat' dir='ltr'><strong>sit</strong></span> <span class='ocrx_word' id='word_1_541' title='bbox 3105 2152 3397 2216; x_wconf 89' lang='lat' dir='ltr'><strong>omnium</strong></span> <span class='ocrx_word' id='word_1_542' title='bbox 3444 2153 3747 2231; x_wconf 80' lang='lat' dir='ltr'><strong>conditiO,</strong></span> <span class='ocrx_word' id='word_1_543' title='bbox 3795 2175 3925 2218; x_wconf 91' lang='lat' dir='ltr'><strong>non</strong></span> <span class='ocrx_word' id='word_1_544' title='bbox 3972 2155 4255 2220; x_wconf 88' lang='lat' dir='ltr'><strong>discerni</strong></span> <span class='ocrx_word' id='word_1_545' title='bbox 4301 2158 4456 2222; x_wconf 91' lang='lat' dir='ltr'><strong>alios</strong></span> <span class='ocrx_word' id='word_1_546' title='bbox 4496 2157 4566 2221; x_wconf 88' lang='lat' dir='ltr'><strong>ab</strong></span> 
     </span>
     <span class='ocr_line' id='line_1_78' title="bbox 2642 2237 4566 2321; baseline 0.003 -21"><span class='ocrx_word' id='word_1_547' title='bbox 2642 2237 2785 2301; x_wconf 82' lang='lat' dir='ltr'><strong>aliis</strong></span> <span class='ocrx_word' id='word_1_548' title='bbox 2832 2253 3089 2315; x_wconf 89' lang='lat' dir='ltr'><strong>natura,</strong></span> <span class='ocrx_word' id='word_1_549' title='bbox 3136 2239 3245 2302; x_wconf 88' lang='lat' dir='ltr'><strong>sed</strong></span> <span class='ocrx_word' id='word_1_550' title='bbox 3289 2240 3575 2321; x_wconf 88' lang='lat' dir='ltr'><strong>gratuita</strong></span> <span class='ocrx_word' id='word_1_551' title='bbox 3618 2239 3982 2321; x_wconf 88' lang='lat' dir='ltr'><strong>adoptione.</strong></span> <span class='ocrx_word' id='word_1_552' title='bbox 4073 2242 4325 2306; x_wconf 87' lang='lat' dir='ltr'><strong>Verum</strong></span> <span class='ocrx_word' id='word_1_553' title='bbox 4384 2252 4453 2307; x_wconf 93' lang='lat' dir='ltr'><strong>ut</strong></span> <span class='ocrx_word' id='word_1_554' title='bbox 4506 2244 4566 2306; x_wconf 90' lang='lat' dir='ltr'><strong>in</strong></span> 
     </span>
     <span class='ocr_line' id='line_1_79' title="bbox 2642 2325 4568 2412; baseline 0.003 -25"><span class='ocrx_word' id='word_1_555' title='bbox 2642 2325 3051 2406; x_wconf 90' lang='lat' dir='ltr'><strong>possessione</strong></span> <span class='ocrx_word' id='word_1_556' title='bbox 3096 2326 3261 2388; x_wconf 89' lang='lat' dir='ltr'><strong>tanti</strong></span> <span class='ocrx_word' id='word_1_557' title='bbox 3313 2325 3459 2389; x_wconf 91' lang='lat' dir='ltr'><strong>boni</strong></span> <span class='ocrx_word' id='word_1_558' title='bbox 3507 2335 3832 2403; x_wconf 91' lang='lat' dir='ltr'><strong>maneant,</strong></span> <span class='ocrx_word' id='word_1_559' title='bbox 3895 2336 4123 2391; x_wconf 88' lang='lat' dir='ltr'><strong>mutua</strong></span> <span class='ocrx_word' id='word_1_560' title='bbox 4166 2350 4325 2412; x_wconf 88' lang='lat' dir='ltr'><strong>erga</strong></span> <span class='ocrx_word' id='word_1_561' title='bbox 4369 2328 4568 2393; x_wconf 90' lang='lat' dir='ltr'><strong>Deum</strong></span> 
     </span>
     <span class='ocr_line' id='line_1_80' title="bbox 2642 2408 4569 2493; baseline 0.002 -19"><span class='ocrx_word' id='word_1_562' title='bbox 2642 2408 2803 2474; x_wconf 90' lang='lat' dir='ltr'><strong>fides</strong></span> <span class='ocrx_word' id='word_1_563' title='bbox 2839 2410 3145 2493; x_wconf 82' lang='lat' dir='ltr'><strong>exigitur.</strong></span> <span class='ocrx_word' id='word_1_564' title='bbox 3237 2414 3336 2474; x_wconf 88' lang='lat' dir='ltr'><strong>Ae</strong></span> <span class='ocrx_word' id='word_1_565' title='bbox 3392 2410 3602 2493; x_wconf 86' lang='lat' dir='ltr'><strong>primo</strong></span> <span class='ocrx_word' id='word_1_566' title='bbox 3662 2412 3925 2493; x_wconf 89' lang='lat' dir='ltr'><strong>quidem</strong></span> <span class='ocrx_word' id='word_1_567' title='bbox 3985 2413 4302 2478; x_wconf 90' lang='lat' dir='ltr'><strong>iubentur</strong></span> <span class='ocrx_word' id='word_1_568' title='bbox 4361 2414 4569 2478; x_wconf 88' lang='lat' dir='ltr'><strong>audire</strong></span> 
     </span>
     <span class='ocr_line' id='line_1_81' title="bbox 2643 2493 4570 2582; baseline 0.004 -24"><span class='ocrx_word' id='word_1_569' title='bbox 2643 2497 2782 2559; x_wconf 90' lang='lat' dir='ltr'><strong>eius</strong></span> <span class='ocrx_word' id='word_1_570' title='bbox 2826 2517 3082 2561; x_wconf 91' lang='lat' dir='ltr'><strong>vocem:</strong></span> <span class='ocrx_word' id='word_1_571' title='bbox 3138 2493 3472 2581; x_wconf 91' lang='lat' dir='ltr'><strong>(quoniam</strong></span> <span class='ocrx_word' id='word_1_572' title='bbox 3531 2497 3788 2561; x_wconf 90' lang='lat' dir='ltr'><strong>nullum</strong></span> <span class='ocrx_word' id='word_1_573' title='bbox 3841 2498 3983 2563; x_wconf 91' lang='lat' dir='ltr'><strong>Deo</strong></span> <span class='ocrx_word' id='word_1_574' title='bbox 4042 2500 4296 2582; x_wconf 85' lang='lat' dir='ltr'><strong>gratius</strong></span> <span class='ocrx_word' id='word_1_575' title='bbox 4341 2501 4570 2566; x_wconf 88' lang='lat' dir='ltr'><strong>sacrifi-</strong></span> 
     </span>
     <span class='ocr_line' id='line_1_82' title="bbox 2642 2580 4571 2673; baseline 0.002 -27"><span class='ocrx_word' id='word_1_576' title='bbox 2642 2583 2815 2646; x_wconf 91' lang='lat' dir='ltr'><strong>cium</strong></span> <span class='ocrx_word' id='word_1_577' title='bbox 2883 2603 3079 2664; x_wconf 90' lang='lat' dir='ltr'><strong>quam</strong></span> <span class='ocrx_word' id='word_1_578' title='bbox 3144 2580 3511 2646; x_wconf 90' lang='lat' dir='ltr'><strong>obedientia</strong></span> <span class='ocrx_word' id='word_1_579' title='bbox 3574 2584 3662 2662; x_wconf 94' lang='lat' dir='ltr'><strong>[l.</strong></span> <span class='ocrx_word' id='word_1_580' title='bbox 3714 2582 3895 2649; x_wconf 82' lang='lat' dir='ltr'><strong>Sam.</strong></span> <span class='ocrx_word' id='word_1_581' title='bbox 3962 2584 4060 2664; x_wconf 82' lang='lat'><strong>15,</strong></span> <span class='ocrx_word' id='word_1_582' title='bbox 4113 2585 4286 2673; x_wconf 82' lang='lat'>22]):</span> <span class='ocrx_word' id='word_1_583' title='bbox 4355 2586 4571 2652; x_wconf 86' lang='lat' dir='ltr'><strong>deinde</strong></span> 
     </span>
     <span class='ocr_line' id='line_1_83' title="bbox 2644 2666 4573 2753; baseline 0.003 -20"><span class='ocrx_word' id='word_1_584' title='bbox 2644 2667 2910 2733; x_wconf 88' lang='lat' dir='ltr'><strong>additur</strong></span> <span class='ocrx_word' id='word_1_585' title='bbox 2953 2666 3361 2733; x_wconf 90' lang='lat' dir='ltr'><strong>obedientiae</strong></span> <span class='ocrx_word' id='word_1_586' title='bbox 3408 2668 3736 2748; x_wconf 90' lang='lat' dir='ltr'><strong>definitio,</strong></span> <span class='ocrx_word' id='word_1_587' title='bbox 3796 2691 4027 2753; x_wconf 89' lang='lat' dir='ltr'><strong>nempe</strong></span> <span class='ocrx_word' id='word_1_588' title='bbox 4088 2684 4164 2737; x_wconf 93' lang='lat' dir='ltr'><strong>ut</strong></span> <span class='ocrx_word' id='word_1_589' title='bbox 4205 2673 4437 2739; x_wconf 86' lang='lat' dir='ltr'><strong>foedus</strong></span> <span class='ocrx_word' id='word_1_590' title='bbox 4478 2673 4573 2738; x_wconf 93' lang='lat' dir='ltr'><strong>ob-</strong></span> 
     </span>
     <span class='ocr_line' id='line_1_84' title="bbox 2641 2762 2925 2819; baseline -0.004 0"><span class='ocrx_word' id='word_1_591' title='bbox 2641 2762 2925 2819; x_wconf 91' lang='lat' dir='ltr'><strong>servent.</strong></span> 
     </span>
    </p>

    <p class='ocr_par' dir='ltr' id='par_1_7' title="bbox 2640 2840 4587 5421">
     <span class='ocr_line' id='line_1_85' title="bbox 2813 2840 4573 2924; baseline 0.002 -20"><span class='ocrx_word' id='word_1_592' title='bbox 2813 2840 2872 2904; x_wconf 88' lang='lat'><strong>6.</strong></span> <span class='ocrx_word' id='word_1_593' title='bbox 2919 2840 3008 2904; x_wconf 73' lang='lat' dir='ltr'><strong>Et</strong></span> <span class='ocrx_word' id='word_1_594' title='bbox 3047 2860 3156 2905; x_wconf 80' lang='lat' dir='ltr'><strong>vos</strong></span> <span class='ocrx_word' id='word_1_595' title='bbox 3197 2841 3375 2906; x_wconf 72' lang='lat' dir='ltr'><strong>eritis</strong></span> <span class='ocrx_word' id='word_1_596' title='bbox 3414 2840 3592 2905; x_wconf 73' lang='lat' dir='ltr'><strong>mih-i.</strong></span> <span class='ocrx_word' id='word_1_597' title='bbox 3683 2840 3944 2906; x_wconf 79' lang='lat' dir='ltr'><strong>Clarius</strong></span> <span class='ocrx_word' id='word_1_598' title='bbox 3989 2850 4056 2905; x_wconf 90' lang='lat' dir='ltr'><strong>et</strong></span> <span class='ocrx_word' id='word_1_599' title='bbox 4101 2842 4397 2924; x_wconf 87' lang='lat' dir='ltr'><strong>pluribus</strong></span> <span class='ocrx_word' id='word_1_600' title='bbox 4443 2865 4573 2909; x_wconf 90' lang='lat' dir='ltr'><strong>ver·</strong></span> 
     </span>
     <span class='ocr_line' id='line_1_86' title="bbox 2640 2925 4570 3010; baseline 0.001 -18"><span class='ocrx_word' id='word_1_601' title='bbox 2640 2926 2739 2992; x_wconf 88' lang='lat' dir='ltr'><strong>bis</strong></span> <span class='ocrx_word' id='word_1_602' title='bbox 2784 2925 3085 3010; x_wconf 86' lang='lat' dir='ltr'><strong>designat</strong></span> <span class='ocrx_word' id='word_1_603' title='bbox 3127 2925 3447 3008; x_wconf 91' lang='lat' dir='ltr'><strong>quomodo</strong></span> <span class='ocrx_word' id='word_1_604' title='bbox 3493 2927 3763 3008; x_wconf 88' lang='lat' dir='ltr'><strong>pretiosi</strong></span> <span class='ocrx_word' id='word_1_605' title='bbox 3790 2928 3929 2992; x_wconf 90' lang='lat' dir='ltr'><strong>Deo</strong></span> <span class='ocrx_word' id='word_1_606' title='bbox 3964 2930 4171 2994; x_wconf 89' lang='lat' dir='ltr'><strong>futuri</strong></span> <span class='ocrx_word' id='word_1_607' title='bbox 4215 2931 4356 2996; x_wconf 88' lang='lat' dir='ltr'><strong>sint</strong></span> <span class='ocrx_word' id='word_1_608' title='bbox 4376 2930 4570 2995; x_wconf 85' lang='lat' dir='ltr'><strong>Israe-</strong></span> 
     </span>
     <span class='ocr_line' id='line_1_87' title="bbox 2641 3012 4574 3099; baseline 0.002 -23"><span class='ocrx_word' id='word_1_609' title='bbox 2641 3012 2796 3077; x_wconf 90' lang='lat' dir='ltr'><strong>litae</strong></span> <span class='ocrx_word' id='word_1_610' title='bbox 2841 3033 3072 3094; x_wconf 89' lang='lat' dir='ltr'><strong>nempe</strong></span> <span class='ocrx_word' id='word_1_611' title='bbox 3116 3013 3269 3095; x_wconf 91' lang='lat' dir='ltr'><strong>quia</strong></span> <span class='ocrx_word' id='word_1_612' title='bbox 3303 3023 3497 3077; x_wconf 88' lang='lat' dir='ltr'><strong>erunt</strong></span> <span class='ocrx_word' id='word_1_613' title='bbox 3541 3012 3610 3078; x_wconf 91' lang='lat' dir='ltr'><strong>in</strong></span> <span class='ocrx_word' id='word_1_614' title='bbox 3648 3034 3925 3099; x_wconf 85' lang='lat' dir='ltr'><strong>regnum</strong></span> <span class='ocrx_word' id='word_1_615' title='bbox 3963 3015 4368 3082; x_wconf 83' lang='lat' dir='ltr'><strong>sacerdotale</strong></span> <span class='ocrx_word' id='word_1_616' title='bbox 4411 3026 4472 3081; x_wconf 93' lang='lat' dir='ltr'><strong>et</strong></span> <span class='ocrx_word' id='word_1_617' title='bbox 4511 3016 4574 3080; x_wconf 92' lang='lat' dir='ltr'><strong>in</strong></span> 
     </span>
     <span class='ocr_line' id='line_1_88' title="bbox 2642 3098 4573 3187; baseline 0.002 -25"><span class='ocrx_word' id='word_1_618' title='bbox 2642 3107 2908 3183; x_wconf 88' lang='lat' dir='ltr'><strong>gentem</strong></span> <span class='ocrx_word' id='word_1_619' title='bbox 2952 3110 3267 3164; x_wconf 90' lang='lat' dir='ltr'><strong>sanctam.</strong></span> <span class='ocrx_word' id='word_1_620' title='bbox 3359 3098 3615 3179; x_wconf 79' lang='lat' dir='ltr'><strong>Quibus</strong></span> <span class='ocrx_word' id='word_1_621' title='bbox 3663 3101 3879 3166; x_wconf 91' lang='lat' dir='ltr'><strong>verbis</strong></span> <span class='ocrx_word' id='word_1_622' title='bbox 3922 3101 4270 3184; x_wconf 89' lang='lat' dir='ltr'><strong>signifieat,</strong></span> <span class='ocrx_word' id='word_1_623' title='bbox 4332 3103 4573 3187; x_wconf 87' lang='lat' dir='ltr'><strong>praedi·</strong></span> 
     </span>
     <span class='ocr_line' id='line_1_89' title="bbox 2643 3184 4575 3270; baseline 0.001 -21"><span class='ocrx_word' id='word_1_624' title='bbox 2643 3197 2741 3249; x_wconf 90' lang='lat' dir='ltr'><strong>tos</strong></span> <span class='ocrx_word' id='word_1_625' title='bbox 2798 3184 2934 3250; x_wconf 86' lang='lat' dir='ltr'><strong>fore</strong></span> <span class='ocrx_word' id='word_1_626' title='bbox 2992 3194 3127 3248; x_wconf 86' lang='lat' dir='ltr'><strong>tam</strong></span> <span class='ocrx_word' id='word_1_627' title='bbox 3184 3185 3567 3250; x_wconf 88' lang='lat' dir='ltr'><strong>sacerdotali</strong></span> <span class='ocrx_word' id='word_1_628' title='bbox 3614 3207 3812 3268; x_wconf 89' lang='lat' dir='ltr'><strong>quam</strong></span> <span class='ocrx_word' id='word_1_629' title='bbox 3858 3189 4035 3270; x_wconf 90' lang='lat' dir='ltr'><strong>regio</strong></span> <span class='ocrx_word' id='word_1_630' title='bbox 4081 3188 4365 3254; x_wconf 89' lang='lat' dir='ltr'><strong>honore:</strong></span> <span class='ocrx_word' id='word_1_631' title='bbox 4421 3211 4491 3254; x_wconf 86' lang='lat' dir='ltr'><strong>ac</strong></span> <span class='ocrx_word' id='word_1_632' title='bbox 4525 3188 4575 3253; x_wconf 88' lang='lat' dir='ltr'><strong>si</strong></span> 
     </span>
     <span class='ocr_line' id='line_1_90' title="bbox 2643 3271 4575 3349; baseline 0.001 -13"><span class='ocrx_word' id='word_1_633' title='bbox 2643 3271 2917 3349; x_wconf 90' lang='lat' dir='ltr'><strong>diceret,</strong></span> <span class='ocrx_word' id='word_1_634' title='bbox 2979 3293 3109 3334; x_wconf 91' lang='lat' dir='ltr'><strong>non</strong></span> <span class='ocrx_word' id='word_1_635' title='bbox 3169 3271 3359 3335; x_wconf 92' lang='lat' dir='ltr'><strong>modo</strong></span> <span class='ocrx_word' id='word_1_636' title='bbox 3414 3272 3654 3336; x_wconf 89' lang='lat' dir='ltr'><strong>liberos</strong></span> <span class='ocrx_word' id='word_1_637' title='bbox 3697 3272 3835 3336; x_wconf 88' lang='lat' dir='ltr'><strong>fore</strong></span> <span class='ocrx_word' id='word_1_638' title='bbox 3888 3275 3940 3337; x_wconf 91' lang='lat' dir='ltr'><strong>si</strong></span> <span class='ocrx_word' id='word_1_639' title='bbox 4002 3274 4074 3337; x_wconf 91' lang='lat' dir='ltr'><strong>in</strong></span> <span class='ocrx_word' id='word_1_640' title='bbox 4120 3274 4247 3338; x_wconf 84' lang='lat' dir='ltr'><strong>fide</strong></span> <span class='ocrx_word' id='word_1_641' title='bbox 4299 3285 4367 3340; x_wconf 91' lang='lat' dir='ltr'><strong>et</strong></span> <span class='ocrx_word' id='word_1_642' title='bbox 4406 3277 4575 3340; x_wconf 89' lang='lat' dir='ltr'><strong>obse·</strong></span> 
     </span>
     <span class='ocr_line' id='line_1_91' title="bbox 2642 3356 4576 3442; baseline 0.002 -22"><span class='ocrx_word' id='word_1_643' title='bbox 2642 3358 2792 3441; x_wconf 88' lang='lat' dir='ltr'><strong>quio</strong></span> <span class='ocrx_word' id='word_1_644' title='bbox 2838 3366 3149 3439; x_wconf 90' lang='lat' dir='ltr'><strong>perstent,</strong></span> <span class='ocrx_word' id='word_1_645' title='bbox 3195 3357 3309 3422; x_wconf 91' lang='lat' dir='ltr'><strong>sed</strong></span> <span class='ocrx_word' id='word_1_646' title='bbox 3351 3356 3615 3441; x_wconf 90' lang='lat' dir='ltr'><strong>regibus</strong></span> <span class='ocrx_word' id='word_1_647' title='bbox 3661 3359 3936 3424; x_wconf 89' lang='lat' dir='ltr'><strong>similes:</strong></span> <span class='ocrx_word' id='word_1_648' title='bbox 3982 3360 4136 3442; x_wconf 91' lang='lat' dir='ltr'><strong>quia</strong></span> <span class='ocrx_word' id='word_1_649' title='bbox 4180 3361 4436 3426; x_wconf 89' lang='lat' dir='ltr'><strong>nullum</strong></span> <span class='ocrx_word' id='word_1_650' title='bbox 4472 3380 4576 3442; x_wconf 87' lang='lat' dir='ltr'><strong>op·</strong></span> 
     </span>
     <span class='ocr_line' id='line_1_92' title="bbox 2642 3442 4577 3528; baseline 0.001 -20"><span class='ocrx_word' id='word_1_651' title='bbox 2642 3443 2906 3508; x_wconf 88' lang='lat' dir='ltr'><strong>tabilius</strong></span> <span class='ocrx_word' id='word_1_652' title='bbox 2973 3442 3077 3509; x_wconf 88' lang='lat' dir='ltr'><strong>vel</strong></span> <span class='ocrx_word' id='word_1_653' title='bbox 3157 3443 3412 3509; x_wconf 89' lang='lat' dir='ltr'><strong>felicius</strong></span> <span class='ocrx_word' id='word_1_654' title='bbox 3480 3464 3759 3527; x_wconf 88' lang='lat' dir='ltr'><strong>regnum</strong></span> <span class='ocrx_word' id='word_1_655' title='bbox 3833 3458 3935 3509; x_wconf 91' lang='lat' dir='ltr'><strong>est</strong></span> <span class='ocrx_word' id='word_1_656' title='bbox 3998 3467 4192 3528; x_wconf 85' lang='lat' dir='ltr'><strong>quam</strong></span> <span class='ocrx_word' id='word_1_657' title='bbox 4261 3469 4385 3512; x_wconf 91' lang='lat' dir='ltr'><strong>nos</strong></span> <span class='ocrx_word' id='word_1_658' title='bbox 4450 3448 4577 3511; x_wconf 91' lang='lat' dir='ltr'><strong>Deo</strong></span> 
     </span>
     <span class='ocr_line' id='line_1_93' title="bbox 2641 3529 4578 3613; baseline 0 -19"><span class='ocrx_word' id='word_1_659' title='bbox 2641 3530 2978 3594; x_wconf 89' lang='lat' dir='ltr'><strong>subiicere.</strong></span> <span class='ocrx_word' id='word_1_660' title='bbox 3025 3529 3232 3593; x_wconf 88' lang='lat' dir='ltr'><strong>Porro</strong></span> <span class='ocrx_word' id='word_1_661' title='bbox 3278 3530 3585 3612; x_wconf 89' lang='lat' dir='ltr'><strong>quoniam</strong></span> <span class='ocrx_word' id='word_1_662' title='bbox 3631 3543 3788 3595; x_wconf 88' lang='lat' dir='ltr'><strong>tunc</strong></span> <span class='ocrx_word' id='word_1_663' title='bbox 3831 3531 4101 3613; x_wconf 86' lang='lat' dir='ltr'><strong>profana</strong></span> <span class='ocrx_word' id='word_1_664' title='bbox 4137 3543 4331 3597; x_wconf 88' lang='lat' dir='ltr'><strong>erant</strong></span> <span class='ocrx_word' id='word_1_665' title='bbox 4365 3530 4578 3597; x_wconf 90' lang='lat' dir='ltr'><strong>mundi</strong></span> 
     </span>
     <span class='ocr_line' id='line_1_94' title="bbox 2641 3615 4578 3698; baseline 0.001 -20"><span class='ocrx_word' id='word_1_666' title='bbox 2641 3615 2937 3698; x_wconf 84' lang='lat' dir='ltr'><strong>imperia,</strong></span> <span class='ocrx_word' id='word_1_667' title='bbox 2982 3635 3257 3698; x_wconf 87' lang='lat' dir='ltr'><strong>regnum</strong></span> <span class='ocrx_word' id='word_1_668' title='bbox 3304 3616 3425 3680; x_wconf 89' lang='lat' dir='ltr'><strong>hoc</strong></span> <span class='ocrx_word' id='word_1_669' title='bbox 3468 3636 3725 3680; x_wconf 88' lang='lat' dir='ltr'><strong>sacrum</strong></span> <span class='ocrx_word' id='word_1_670' title='bbox 3768 3627 3973 3682; x_wconf 86' lang='lat' dir='ltr'><strong>vocat.</strong></span> <span class='ocrx_word' id='word_1_671' title='bbox 4022 3618 4379 3685; x_wconf 78' lang='lat' dir='ltr'><strong>Genitivus</strong></span> <span class='ocrx_word' id='word_1_672' title='bbox 4415 3619 4578 3683; x_wconf 91' lang='lat' dir='ltr'><strong>enim</strong></span> 
     </span>
     <span class='ocr_line' id='line_1_95' title="bbox 2644 3701 4579 3788; baseline 0.002 -25"><span class='ocrx_word' id='word_1_673' title='bbox 2644 3703 2787 3772; x_wconf 72' lang='lat' dir='ltr'><strong>vioe</strong></span> <span class='ocrx_word' id='word_1_674' title='bbox 2831 3701 3106 3782; x_wconf 88' lang='lat' dir='ltr'><strong>epitheti</strong></span> <span class='ocrx_word' id='word_1_675' title='bbox 3153 3702 3426 3782; x_wconf 89' lang='lat' dir='ltr'><strong>capitur,</strong></span> <span class='ocrx_word' id='word_1_676' title='bbox 3477 3721 3593 3783; x_wconf 90' lang='lat' dir='ltr'><strong>pro</strong></span> <span class='ocrx_word' id='word_1_677' title='bbox 3639 3703 3967 3766; x_wconf 91' lang='lat' dir='ltr'><strong>communi</strong></span> <span class='ocrx_word' id='word_1_678' title='bbox 4015 3704 4283 3788; x_wconf 85' lang='lat' dir='ltr'><strong>linguae</strong></span> <span class='ocrx_word' id='word_1_679' title='bbox 4331 3726 4475 3770; x_wconf 88' lang='lat' dir='ltr'><strong>usu:</strong></span> <span class='ocrx_word' id='word_1_680' title='bbox 4511 3723 4579 3766; x_wconf 89' lang='lat' dir='ltr'><strong>ac</strong></span> 
     </span>
     <span class='ocr_line' id='line_1_96' title="bbox 2645 3787 4580 3863; baseline 0.001 -12"><span class='ocrx_word' id='word_1_681' title='bbox 2645 3788 2700 3851; x_wconf 90' lang='lat' dir='ltr'><strong>si</strong></span> <span class='ocrx_word' id='word_1_682' title='bbox 2747 3788 3006 3863; x_wconf 88' lang='lat' dir='ltr'><strong>diceret,</strong></span> <span class='ocrx_word' id='word_1_683' title='bbox 3054 3808 3185 3851; x_wconf 91' lang='lat' dir='ltr'><strong>non</strong></span> <span class='ocrx_word' id='word_1_684' title='bbox 3233 3787 3425 3851; x_wconf 91' lang='lat' dir='ltr'><strong>modo</strong></span> <span class='ocrx_word' id='word_1_685' title='bbox 3474 3798 3733 3852; x_wconf 89' lang='lat' dir='ltr'><strong>terrena</strong></span> <span class='ocrx_word' id='word_1_686' title='bbox 3768 3800 3832 3852; x_wconf 90' lang='lat' dir='ltr'><strong>et</strong></span> <span class='ocrx_word' id='word_1_687' title='bbox 3868 3788 4115 3854; x_wconf 88' lang='lat' dir='ltr'><strong>caduca</strong></span> <span class='ocrx_word' id='word_1_688' title='bbox 4149 3790 4580 3855; x_wconf 88' lang='lat' dir='ltr'><strong>dominatione</strong></span> 
     </span>
     <span class='ocr_line' id='line_1_97' title="bbox 2644 3872 4580 3960; baseline -0.001 -22"><span class='ocrx_word' id='word_1_689' title='bbox 2644 3874 2977 3952; x_wconf 85' lang='lat' dir='ltr'><strong>fruituros,</strong></span> <span class='ocrx_word' id='word_1_690' title='bbox 3023 3872 3138 3936; x_wconf 89' lang='lat' dir='ltr'><strong>sed</strong></span> <span class='ocrx_word' id='word_1_691' title='bbox 3182 3874 3381 3937; x_wconf 90' lang='lat' dir='ltr'><strong>etiam</strong></span> <span class='ocrx_word' id='word_1_692' title='bbox 3426 3894 3611 3939; x_wconf 86' lang='lat' dir='ltr'><strong>sacra</strong></span> <span class='ocrx_word' id='word_1_693' title='bbox 3655 3883 3719 3938; x_wconf 91' lang='lat' dir='ltr'><strong>et</strong></span> <span class='ocrx_word' id='word_1_694' title='bbox 3777 3876 4061 3940; x_wconf 89' lang='lat' dir='ltr'><strong>coelesti.</strong></span> <span class='ocrx_word' id='word_1_695' title='bbox 4148 3875 4287 3940; x_wconf 90' lang='lat' dir='ltr'><strong>Alii</strong></span> <span class='ocrx_word' id='word_1_696' title='bbox 4335 3876 4580 3960; x_wconf 90' lang='lat' dir='ltr'><strong>passive</strong></span> 
     </span>
     <span class='ocr_line' id='line_1_98' title="bbox 2646 3958 4583 4048; baseline 0.001 -25"><span class='ocrx_word' id='word_1_697' title='bbox 2646 3958 2992 4040; x_wconf 88' lang='lat' dir='ltr'><strong>accipiunt,</strong></span> <span class='ocrx_word' id='word_1_698' title='bbox 3037 3959 3256 4025; x_wconf 89' lang='lat' dir='ltr'><strong>Deum</strong></span> <span class='ocrx_word' id='word_1_699' title='bbox 3304 3959 3435 4025; x_wconf 91' lang='lat' dir='ltr'><strong>illis</strong></span> <span class='ocrx_word' id='word_1_700' title='bbox 3481 3961 3614 4024; x_wconf 87' lang='lat' dir='ltr'><strong>fore</strong></span> <span class='ocrx_word' id='word_1_701' title='bbox 3660 3982 3899 4044; x_wconf 90' lang='lat' dir='ltr'><strong>regem,</strong></span> <span class='ocrx_word' id='word_1_702' title='bbox 3948 3982 4149 4044; x_wconf 90' lang='lat' dir='ltr'><strong>quum</strong></span> <span class='ocrx_word' id='word_1_703' title='bbox 4196 3963 4347 4028; x_wconf 88' lang='lat' dir='ltr'><strong>aliis</strong></span> <span class='ocrx_word' id='word_1_704' title='bbox 4388 3960 4583 4048; x_wconf 90' lang='lat' dir='ltr'><strong>genti·</strong></span> 
     </span>
     <span class='ocr_line' id='line_1_99' title="bbox 2647 4044 4581 4128; baseline 0.001 -20"><span class='ocrx_word' id='word_1_705' title='bbox 2647 4047 2768 4112; x_wconf 87' lang='lat' dir='ltr'><strong>bus</strong></span> <span class='ocrx_word' id='word_1_706' title='bbox 2813 4044 3121 4109; x_wconf 88' lang='lat' dir='ltr'><strong>mortales</strong></span> <span class='ocrx_word' id='word_1_707' title='bbox 3167 4053 3234 4110; x_wconf 90' lang='lat' dir='ltr'><strong>et</strong></span> <span class='ocrx_word' id='word_1_708' title='bbox 3276 4055 3351 4115; x_wconf 85' lang='lat' dir='ltr'><strong>ut</strong></span> <span class='ocrx_word' id='word_1_709' title='bbox 3394 4045 3749 4128; x_wconf 91' lang='lat' dir='ltr'><strong>plurimum</strong></span> <span class='ocrx_word' id='word_1_710' title='bbox 3809 4047 4105 4112; x_wconf 88' lang='lat' dir='ltr'><strong>crudeles</strong></span> <span class='ocrx_word' id='word_1_711' title='bbox 4166 4051 4429 4127; x_wconf 82' lang='lat' dir='ltr'><strong>tyranni</strong></span> <span class='ocrx_word' id='word_1_712' title='bbox 4479 4047 4581 4111; x_wconf 88' lang='lat' dir='ltr'><strong>do·</strong></span> 
     </span>
     <span class='ocr_line' id='line_1_100' title="bbox 2648 4129 4582 4217; baseline -0.001 -21"><span class='ocrx_word' id='word_1_713' title='bbox 2648 4133 3077 4196; x_wconf 88' lang='lat' dir='ltr'><strong>minarentur.</strong></span> <span class='ocrx_word' id='word_1_714' title='bbox 3142 4129 3331 4211; x_wconf 88' lang='lat' dir='ltr'><strong>Quod</strong></span> <span class='ocrx_word' id='word_1_715' title='bbox 3374 4133 3498 4196; x_wconf 86' lang='lat' dir='ltr'><strong>etsi</strong></span> <span class='ocrx_word' id='word_1_716' title='bbox 3543 4153 3674 4195; x_wconf 91' lang='lat' dir='ltr'><strong>non</strong></span> <span class='ocrx_word' id='word_1_717' title='bbox 3718 4153 3986 4215; x_wconf 88' lang='lat' dir='ltr'><strong>prorsus</strong></span> <span class='ocrx_word' id='word_1_718' title='bbox 4022 4134 4267 4211; x_wconf 88' lang='lat' dir='ltr'><strong>reiicio,</strong></span> <span class='ocrx_word' id='word_1_719' title='bbox 4314 4137 4582 4217; x_wconf 87' lang='lat' dir='ltr'><strong>priorem</strong></span> 
     </span>
     <span class='ocr_line' id='line_1_101' title="bbox 2650 4218 4581 4303; baseline -0.001 -21"><span class='ocrx_word' id='word_1_720' title='bbox 2650 4229 2868 4282; x_wconf 89' lang='lat' dir='ltr'><strong>tamen</strong></span> <span class='ocrx_word' id='word_1_721' title='bbox 2928 4238 3188 4283; x_wconf 89' lang='lat' dir='ltr'><strong>sensum</strong></span> <span class='ocrx_word' id='word_1_722' title='bbox 3258 4218 3469 4300; x_wconf 86' lang='lat' dir='ltr'><strong>magis</strong></span> <span class='ocrx_word' id='word_1_723' title='bbox 3527 4218 3916 4300; x_wconf 89' lang='lat' dir='ltr'><strong>amplector:</strong></span> <span class='ocrx_word' id='word_1_724' title='bbox 3984 4219 4062 4284; x_wconf 90' lang='lat' dir='ltr'><strong>ad</strong></span> <span class='ocrx_word' id='word_1_725' title='bbox 4132 4242 4329 4303; x_wconf 90' lang='lat' dir='ltr'><strong>quem</strong></span> <span class='ocrx_word' id='word_1_726' title='bbox 4397 4222 4581 4285; x_wconf 86' lang='lat' dir='ltr'><strong>etiam</strong></span> 
     </span>
     <span class='ocr_line' id='line_1_102' title="bbox 2651 4301 4581 4391; baseline 0 -24"><span class='ocrx_word' id='word_1_727' title='bbox 2651 4325 2769 4368; x_wconf 91' lang='lat' dir='ltr'><strong>nos</strong></span> <span class='ocrx_word' id='word_1_728' title='bbox 2814 4302 3075 4368; x_wconf 89' lang='lat' dir='ltr'><strong>deducit</strong></span> <span class='ocrx_word' id='word_1_729' title='bbox 3120 4304 3363 4368; x_wconf 91' lang='lat' dir='ltr'><strong>Petrus</strong></span> <span class='ocrx_word' id='word_1_730' title='bbox 3407 4301 3492 4388; x_wconf 93' lang='lat'><strong>(1.</strong></span> <span class='ocrx_word' id='word_1_731' title='bbox 3541 4303 3683 4369; x_wconf 90' lang='lat' dir='ltr'><strong>Pet.</strong></span> <span class='ocrx_word' id='word_1_732' title='bbox 3732 4306 3790 4388; x_wconf 82' lang='lat'><strong>2,</strong></span> <span class='ocrx_word' id='word_1_733' title='bbox 3837 4304 3923 4391; x_wconf 86' lang='lat'><strong>9).</strong></span> <span class='ocrx_word' id='word_1_734' title='bbox 4013 4305 4186 4370; x_wconf 89' lang='lat' dir='ltr'><strong>Nam</strong></span> <span class='ocrx_word' id='word_1_735' title='bbox 4234 4328 4437 4388; x_wconf 88' lang='lat' dir='ltr'><strong>quum</strong></span> <span class='ocrx_word' id='word_1_736' title='bbox 4480 4304 4581 4368; x_wconf 90' lang='lat' dir='ltr'><strong>Iu·</strong></span> 
     </span>
     <span class='ocr_line' id='line_1_103' title="bbox 2651 4388 4580 4472; baseline 0.001 -20"><span class='ocrx_word' id='word_1_737' title='bbox 2651 4390 2814 4464; x_wconf 88' lang='lat' dir='ltr'><strong>daei,</strong></span> <span class='ocrx_word' id='word_1_738' title='bbox 2873 4390 2984 4471; x_wconf 90' lang='lat' dir='ltr'><strong>qui</strong></span> <span class='ocrx_word' id='word_1_739' title='bbox 3029 4388 3374 4472; x_wconf 88' lang='lat' dir='ltr'><strong>repudiato</strong></span> <span class='ocrx_word' id='word_1_740' title='bbox 3420 4389 3689 4455; x_wconf 88' lang='lat' dir='ltr'><strong>Christo</strong></span> <span class='ocrx_word' id='word_1_741' title='bbox 3750 4410 3789 4454; x_wconf 87' lang='lat' dir='ltr'><strong>a</strong></span> <span class='ocrx_word' id='word_1_742' title='bbox 3848 4390 4100 4456; x_wconf 83' lang='lat' dir='ltr'><strong>foedere</strong></span> <span class='ocrx_word' id='word_1_743' title='bbox 4163 4390 4580 4463; x_wconf 88' lang='lat' dir='ltr'><strong>desciverant,</strong></span> 
     </span>
     <span class='ocr_line' id='line_1_104' title="bbox 2650 4475 4582 4560; baseline -0.001 -21"><span class='ocrx_word' id='word_1_744' title='bbox 2650 4475 2865 4539; x_wconf 89' lang='lat' dir='ltr'><strong>adhue</strong></span> <span class='ocrx_word' id='word_1_745' title='bbox 2907 4475 3033 4539; x_wconf 93' lang='lat' dir='ltr'><strong>hoc</strong></span> <span class='ocrx_word' id='word_1_746' title='bbox 3078 4476 3271 4539; x_wconf 90' lang='lat' dir='ltr'><strong>titulo</strong></span> <span class='ocrx_word' id='word_1_747' title='bbox 3318 4477 3560 4540; x_wconf 88' lang='lat' dir='ltr'><strong>frustra</strong></span> <span class='ocrx_word' id='word_1_748' title='bbox 3606 4476 4075 4560; x_wconf 89' lang='lat' dir='ltr'><strong>gloriarentur,</strong></span> <span class='ocrx_word' id='word_1_749' title='bbox 4143 4478 4299 4543; x_wconf 91' lang='lat' dir='ltr'><strong>solis</strong></span> <span class='ocrx_word' id='word_1_750' title='bbox 4344 4475 4582 4543; x_wconf 86' lang='lat' dir='ltr'><strong>Christi</strong></span> 
     </span>
     <span class='ocr_line' id='line_1_105' title="bbox 2652 4559 4583 4647; baseline -0.002 -21"><span class='ocrx_word' id='word_1_751' title='bbox 2652 4559 2960 4626; x_wconf 87' lang='lat' dir='ltr'><strong>membris</strong></span> <span class='ocrx_word' id='word_1_752' title='bbox 3006 4562 3318 4627; x_wconf 90' lang='lat' dir='ltr'><strong>honorem</strong></span> <span class='ocrx_word' id='word_1_753' title='bbox 3366 4562 3542 4628; x_wconf 89' lang='lat' dir='ltr'><strong>hunc</strong></span> <span class='ocrx_word' id='word_1_754' title='bbox 3587 4583 3902 4643; x_wconf 87' lang='lat' dir='ltr'><strong>asserens,</strong></span> <span class='ocrx_word' id='word_1_755' title='bbox 3948 4585 4093 4643; x_wconf 88' lang='lat' dir='ltr'><strong>vos,</strong></span> <span class='ocrx_word' id='word_1_756' title='bbox 4150 4564 4392 4647; x_wconf 89' lang='lat' dir='ltr'><strong>inquit,</strong></span> <span class='ocrx_word' id='word_1_757' title='bbox 4438 4562 4583 4627; x_wconf 86' lang='lat' dir='ltr'><strong>estis</strong></span> 
     </span>
     <span class='ocr_line' id='line_1_106' title="bbox 2652 4647 4583 4732; baseline -0.002 -19"><span class='ocrx_word' id='word_1_758' title='bbox 2652 4668 2861 4732; x_wconf 87' lang='lat' dir='ltr'><strong>genus</strong></span> <span class='ocrx_word' id='word_1_759' title='bbox 2904 4647 3201 4727; x_wconf 90' lang='lat' dir='ltr'><strong>electum,</strong></span> <span class='ocrx_word' id='word_1_760' title='bbox 3246 4648 3464 4732; x_wconf 87' lang='lat' dir='ltr'><strong>regale</strong></span> <span class='ocrx_word' id='word_1_761' title='bbox 3509 4649 3959 4728; x_wconf 86' lang='lat' dir='ltr'><strong>sacerdotium,</strong></span> <span class='ocrx_word' id='word_1_762' title='bbox 4005 4661 4072 4714; x_wconf 92' lang='lat' dir='ltr'><strong>et</strong></span> <span class='ocrx_word' id='word_1_763' title='bbox 4113 4660 4303 4715; x_wconf 88' lang='lat' dir='ltr'><strong>caett.</strong></span> <span class='ocrx_word' id='word_1_764' title='bbox 4397 4647 4583 4730; x_wconf 84' lang='lat' dir='ltr'><strong>Atqui</strong></span> 
     </span>
     <span class='ocr_line' id='line_1_107' title="bbox 2653 4732 4584 4816; baseline -0.002 -18"><span class='ocrx_word' id='word_1_765' title='bbox 2653 4755 2783 4798; x_wconf 91' lang='lat' dir='ltr'><strong>non</strong></span> <span class='ocrx_word' id='word_1_766' title='bbox 2846 4732 3198 4815; x_wconf 87' lang='lat' dir='ltr'><strong>quadraret</strong></span> <span class='ocrx_word' id='word_1_767' title='bbox 3256 4736 3359 4799; x_wconf 90' lang='lat' dir='ltr'><strong>his</strong></span> <span class='ocrx_word' id='word_1_768' title='bbox 3420 4734 3635 4800; x_wconf 88' lang='lat' dir='ltr'><strong>verbis</strong></span> <span class='ocrx_word' id='word_1_769' title='bbox 3695 4736 3995 4816; x_wconf 89' lang='lat' dir='ltr'><strong>passivus</strong></span> <span class='ocrx_word' id='word_1_770' title='bbox 4055 4756 4307 4816; x_wconf 89' lang='lat' dir='ltr'><strong>sensus,</strong></span> <span class='ocrx_word' id='word_1_771' title='bbox 4374 4735 4584 4800; x_wconf 81' lang='lat' dir='ltr'><strong>fideles</strong></span> 
     </span>
     <span class='ocr_line' id='line_1_108' title="bbox 2654 4818 4584 4886; baseline -0.001 -3"><span class='ocrx_word' id='word_1_772' title='bbox 2654 4819 2920 4884; x_wconf 89' lang='lat' dir='ltr'><strong>subesse</strong></span> <span class='ocrx_word' id='word_1_773' title='bbox 2987 4818 3113 4883; x_wconf 91' lang='lat' dir='ltr'><strong>Dei</strong></span> <span class='ocrx_word' id='word_1_774' title='bbox 3193 4821 3570 4886; x_wconf 82' lang='lat' dir='ltr'><strong>sacerdotio,</strong></span> <span class='ocrx_word' id='word_1_775' title='bbox 3697 4821 4035 4886; x_wconf 85' lang='lat' dir='ltr'><strong>Ooneinne</strong></span> <span class='ocrx_word' id='word_1_776' title='bbox 4106 4834 4324 4886; x_wconf 89' lang='lat' dir='ltr'><strong>autom</strong></span> <span class='ocrx_word' id='word_1_777' title='bbox 4397 4819 4584 4886; x_wconf 85' lang='lat' dir='ltr'><strong>verba</strong></span> 
     </span>
     <span class='ocr_line' id='line_1_109' title="bbox 2656 4906 4581 4987; baseline -0.001 -18"><span class='ocrx_word' id='word_1_778' title='bbox 2656 4907 2971 4970; x_wconf 88' lang='lat' dir='ltr'><strong>transfert</strong></span> <span class='ocrx_word' id='word_1_779' title='bbox 3015 4907 3345 4987; x_wconf 90' lang='lat' dir='ltr'><strong>apostolus</strong></span> <span class='ocrx_word' id='word_1_780' title='bbox 3413 4908 3490 4971; x_wconf 86' lang='lat' dir='ltr'><strong>ad</strong></span> <span class='ocrx_word' id='word_1_781' title='bbox 3543 4906 3904 4973; x_wconf 89' lang='lat' dir='ltr'><strong>tollendum</strong></span> <span class='ocrx_word' id='word_1_782' title='bbox 3967 4909 4284 4972; x_wconf 87' lang='lat' dir='ltr'><strong>novitatis</strong></span> <span class='ocrx_word' id='word_1_783' title='bbox 4339 4908 4581 4972; x_wconf 89' lang='lat' dir='ltr'><strong>odium:</strong></span> 
     </span>
     <span class='ocr_line' id='line_1_110' title="bbox 2655 4991 4585 5077; baseline -0.003 -22"><span class='ocrx_word' id='word_1_784' title='bbox 2655 4992 2843 5075; x_wconf 89' lang='lat' dir='ltr'><strong>quasi</strong></span> <span class='ocrx_word' id='word_1_785' title='bbox 2912 4991 3187 5057; x_wconf 89' lang='lat' dir='ltr'><strong>diceret:</strong></span> <span class='ocrx_word' id='word_1_786' title='bbox 3255 4992 3434 5059; x_wconf 91' lang='lat' dir='ltr'><strong>Olim</strong></span> <span class='ocrx_word' id='word_1_787' title='bbox 3504 4993 3828 5076; x_wconf 85' lang='lat' dir='ltr'><strong>pollicitus</strong></span> <span class='ocrx_word' id='word_1_788' title='bbox 3893 5008 3995 5059; x_wconf 91' lang='lat' dir='ltr'><strong>est</strong></span> <span class='ocrx_word' id='word_1_789' title='bbox 4046 4993 4231 5058; x_wconf 92' lang='lat' dir='ltr'><strong>Deus</strong></span> <span class='ocrx_word' id='word_1_790' title='bbox 4297 4993 4585 5077; x_wconf 83' lang='lat' dir='ltr'><strong>patribus</strong></span> 
     </span>
     <span class='ocr_line' id='line_1_111' title="bbox 2657 5077 4587 5161; baseline -0.002 -20"><span class='ocrx_word' id='word_1_791' title='bbox 2657 5079 2929 5154; x_wconf 87' lang='lat' dir='ltr'><strong>nostris,</strong></span> <span class='ocrx_word' id='word_1_792' title='bbox 2991 5099 3100 5142; x_wconf 89' lang='lat' dir='ltr'><strong>eos</strong></span> <span class='ocrx_word' id='word_1_793' title='bbox 3156 5078 3277 5143; x_wconf 92' lang='lat' dir='ltr'><strong>sibi</strong></span> <span class='ocrx_word' id='word_1_794' title='bbox 3325 5080 3463 5143; x_wconf 85' lang='lat' dir='ltr'><strong>fore</strong></span> <span class='ocrx_word' id='word_1_795' title='bbox 3509 5082 3577 5143; x_wconf 91' lang='lat' dir='ltr'><strong>in</strong></span> <span class='ocrx_word' id='word_1_796' title='bbox 3623 5100 3898 5161; x_wconf 89' lang='lat' dir='ltr'><strong>regnum</strong></span> <span class='ocrx_word' id='word_1_797' title='bbox 3947 5079 4363 5145; x_wconf 89' lang='lat' dir='ltr'><strong>sacerdotale.</strong></span> <span class='ocrx_word' id='word_1_798' title='bbox 4456 5077 4587 5142; x_wconf 86' lang='lat' dir='ltr'><strong>Hoc</strong></span> 
     </span>
     <span class='ocr_line' id='line_1_112' title="bbox 2658 5164 4585 5248; baseline -0.002 -21"><span class='ocrx_word' id='word_1_799' title='bbox 2658 5164 2941 5246; x_wconf 89' lang='lat' dir='ltr'><strong>elogium</strong></span> <span class='ocrx_word' id='word_1_800' title='bbox 3002 5165 3162 5228; x_wconf 87' lang='lat' dir='ltr'><strong>falso</strong></span> <span class='ocrx_word' id='word_1_801' title='bbox 3222 5164 3302 5228; x_wconf 93' lang='lat' dir='ltr'><strong>ad</strong></span> <span class='ocrx_word' id='word_1_802' title='bbox 3361 5186 3431 5229; x_wconf 90' lang='lat' dir='ltr'><strong>se</strong></span> <span class='ocrx_word' id='word_1_803' title='bbox 3484 5166 3754 5247; x_wconf 89' lang='lat' dir='ltr'><strong>rapiunt</strong></span> <span class='ocrx_word' id='word_1_804' title='bbox 3812 5166 4183 5248; x_wconf 90' lang='lat' dir='ltr'><strong>quicunque</strong></span> <span class='ocrx_word' id='word_1_805' title='bbox 4237 5186 4275 5229; x_wconf 90' lang='lat' dir='ltr'><strong>a</strong></span> <span class='ocrx_word' id='word_1_806' title='bbox 4331 5165 4585 5231; x_wconf 74' lang='lat' dir='ltr'><strong>Christo</strong></span> 
     </span>
     <span class='ocr_line' id='line_1_113' title="bbox 2657 5250 4585 5332; baseline -0.003 -18"><span class='ocrx_word' id='word_1_807' title='bbox 2657 5254 2865 5332; x_wconf 85' lang='lat' dir='ltr'><strong>capite</strong></span> <span class='ocrx_word' id='word_1_808' title='bbox 2926 5250 3258 5328; x_wconf 88' lang='lat' dir='ltr'><strong>deficiunt,</strong></span> <span class='ocrx_word' id='word_1_809' title='bbox 3327 5251 3438 5332; x_wconf 90' lang='lat' dir='ltr'><strong>qui</strong></span> <span class='ocrx_word' id='word_1_810' title='bbox 3504 5252 3680 5316; x_wconf 90' lang='lat' dir='ltr'><strong>solus</strong></span> <span class='ocrx_word' id='word_1_811' title='bbox 3748 5272 3866 5316; x_wconf 90' lang='lat' dir='ltr'><strong>nos</strong></span> <span class='ocrx_word' id='word_1_812' title='bbox 3909 5253 4111 5317; x_wconf 86' lang='lat' dir='ltr'><strong>efficit</strong></span> <span class='ocrx_word' id='word_1_813' title='bbox 4165 5250 4585 5316; x_wconf 83' lang='lat' dir='ltr'><strong>sacerdotium</strong></span> 
     </span>
     <span class='ocr_line' id='line_1_114' title="bbox 2656 5335 4586 5421; baseline -0.003 -22"><span class='ocrx_word' id='word_1_814' title='bbox 2656 5335 2894 5420; x_wconf 84' lang='lat' dir='ltr'><strong>regale.</strong></span> <span class='ocrx_word' id='word_1_815' title='bbox 2943 5336 3214 5401; x_wconf 89' lang='lat' dir='ltr'><strong>Interim</strong></span> <span class='ocrx_word' id='word_1_816' title='bbox 3262 5336 3462 5416; x_wconf 86' lang='lat' dir='ltr'><strong>docet,</strong></span> <span class='ocrx_word' id='word_1_817' title='bbox 3510 5339 3577 5401; x_wconf 91' lang='lat' dir='ltr'><strong>in</strong></span> <span class='ocrx_word' id='word_1_818' title='bbox 3618 5337 3733 5401; x_wconf 89' lang='lat' dir='ltr'><strong>illa</strong></span> <span class='ocrx_word' id='word_1_819' title='bbox 3775 5339 3987 5421; x_wconf 90' lang='lat' dir='ltr'><strong>specie</strong></span> <span class='ocrx_word' id='word_1_820' title='bbox 4031 5338 4411 5403; x_wconf 88' lang='lat' dir='ltr'><strong>mutationis</strong></span> <span class='ocrx_word' id='word_1_821' title='bbox 4447 5356 4586 5399; x_wconf 80' lang='lat' dir='ltr'><strong>vere</strong></span> 
     </span>
    </p>
   </div>
   <div class='ocr_carea' id='block_1_5' title="bbox 4792 5 4810 551">
    <p class='ocr_par' dir='ltr' id='par_1_8' title="bbox 4792 5 4810 551">
     <span class='ocr_line' id='line_1_115' title="bbox 4792 5 4810 551; baseline 0 0"><span class='ocrx_word' id='word_1_822' title='bbox 4792 5 4810 551; x_wconf 95' lang='lat' dir='ltr'><strong> </strong></span> 
     </span>
    </p>
   </div>
   <div class='ocr_carea' id='block_1_6' title="bbox 4793 986 4849 5994">
    <p class='ocr_par' dir='ltr' id='par_1_9' title="bbox 4793 986 4849 5994">
     <span class='ocr_line' id='line_1_116' title="bbox 4793 986 4849 5994; baseline 0 0"><span class='ocrx_word' id='word_1_823' title='bbox 4793 986 4849 5994; x_wconf 95' lang='lat' dir='ltr'><strong> </strong></span> 
     </span>
    </p>
   </div>
  </div>
 </body>
</html>
