4867 6150
559 438 688 503 343

560 627 807 693 culum.-
849 627 1004 708 quia
1023 626 1325 704 ruminat,
1369 629 1428 691 et
1458 624 1761 709 unqulam
1783 645 1909 690 non
1942 624 2190 703 dividit,
2235 625 2514 689 immun·

563 714 686 778 dus
726 713 846 778 erit
886 712 1072 778 vobis.
1161 712 1219 777 6.
1264 709 1353 776 Et
1393 710 1691 794 leporem:
1747 712 1901 793 quia
1945 711 2258 784 ruminat,
2303 715 2359 775 et
2397 730 2516 775 un-

558 798 773 883 qulam
828 818 952 864 non
1014 798 1270 875 dividit,
1328 797 1692 862 immundus
1754 798 1873 863 erit
1924 795 2119 862 vobis.
2212 796 2270 862 7.
2323 795 2515 861 Suem

559 902 830 967 quoque:
884 884 1039 965 quia
1082 882 1310 948 dividit
1347 882 1677 966 unqulam‚
1737 888 1793 948 et
1831 882 2020 964 findit
2057 882 2358 963 fissuram
2400 903 2515 946 un-

556 969 773 1122 gula&
831 970 967 1052 ipse
997 988 1164 1034 vero
1219 988 1341 1032 non
1381 970 1695 1121 ruminat,
1754 969 2120 1120 immungldigs
2161 969 2282 1033 erit
2322 969 2510 1033 vobis.

607 1106 621 1120 .
789 1075 973 1122 carne
1010 1074 1367 1120 eormnnon
1396 1056 1603 1121 comed
1657 1075 1737 1135 is,
1779 1075 1973 1137 neque
2110 1074 2258 1119 aver
2298 1073 2513 1119 eorum

561 1141 858 1224 tanqetis:
898 1140 1228 1206 immunda
1270 1145 1455 1206 erunt
1492 1142 1680 1207 vobis.
1771 1141 1832 1207 9.
1883 1140 2017 1206 Hoc
2072 1144 2282 1205 autem
2322 1159 2513 1205 come-

559 1226 723 1293 detis
762 1247 839 1291 ex
880 1226 1170 1292 omnibus
1209 1247 1369 1309 quae
1412 1232 1561 1292 sunt
1618 1228 1689 1293 in
1744 1227 1963 1308 aquis.-
2019 1226 2230 1291 omnia
2284 1225 2513 1307 quibus

557 1317 706 1377 sunt
729 1313 971 1395 pinnae
1007 1316 1065 1377 et
1105 1330 1408 1394 squamae
1448 1312 1521 1377 in
1565 1314 1753 1394 aquis
1773 1313 1994 1390 maris,
2041 1315 2098 1376 et
2140 1314 2210 1377 in
2225 1312 2512 1392 flumini-

560 1397 693 1477 bus,
738 1397 857 1464 illa
899 1397 1234 1465 comedetis.
1320 1398 1420 1464 10.
1474 1397 1707 1466 Omnia
1747 1419 1889 1465 vero
1930 1397 2155 1481 quibus
2195 1418 2320 1463 non
2362 1403 2512 1462 sunt

543 1485 791 1565 pinnae
832 1488 886 1550 et
926 1504 1230 1565 squamae
1267 1485 1338 1549 in
1379 1485 1568 1562 mari,
1614 1489 1671 1550 et
1711 1486 1783 1550 in
1818 1485 2215 1565 fluminibus,
2261 1488 2391 1549 tam
2431 1485 2511 1551 de

556 1571 727 1635 omni
768 1569 979 1654 reptili
1021 1570 1324 1651 aquatili,
1390 1590 1584 1652 quam
1636 1570 1713 1636 de
1767 1571 1939 1635 omni
1992 1570 2214 1635 anima
2271 1571 2510 1635 vivente

556 1675 717 1737 quae
758 1660 849 1721 est
889 1656 960 1721 in
1003 1656 1218 1737 aquis.-
1272 1654 1650 1723 abominatio
1693 1661 1877 1723 erunt
1917 1656 2105 1722 vobis.
2197 1655 2298 1720 11.
2345 1655 2509 1721 Abo-

557 1742 851 1820 minatio,
907 1742 1193 1823 inquam,
1248 1747 1433 1808 erunt
1475 1743 1687 1809 vobis:
1743 1742 1820 1808 de
1874 1761 2061 1807 carne
2115 1761 2328 1807 eorum
2382 1761 2509 1807 non

558 1829 899 1905 comedetis,
946 1834 1004 1892 et
1047 1829 1312 1894 cadaver
1332 1848 1547 1894 eorum
1568 1827 2102 1894 abominabimini.
2175 1828 2274 1892 12.
2308 1827 2505 1910 Quid-

557 1914 715 1995 quid
755 1933 879 1979 non
919 1912 1098 1980 habet
1127 1916 1375 1995 pinnas
1431 1920 1487 1979 et
1526 1935 1828 1997 squamas
1879 1915 1951 1979 in
1992 1914 2206 1995 aquis,
2274 1912 2506 1979 abomi-

559 1999 733 2066 natio
773 2000 892 2064 erit
929 1998 1118 2065 vobis.
1210 1999 1310 2065 13.
1357 1999 1537 2066 Haec
1591 2005 1801 2067 autem
1857 1999 2371 2065 abominabimini
2426 2019 2507 2064 ex

560 2085 951 2164 volatilibus,
1011 2082 1159 2170 (non
1202 2087 1616 2153 comedentur.-
1680 2086 1836 2168 quia
1873 2086 2253 2150 abominatio
2295 2082 2507 2170 sunt):

558 2170 860 2254 aquilam,
906 2176 962 2236 et
994 2171 1327 2255 qryphum,
1368 2177 1424 2237 et
1455 2172 1846 2238 haliaeetum.
1913 2172 2011 2237 14.
2057 2171 2148 2236 Et
2179 2171 2506 2250 vulturem,

559 2262 617 2325 et
658 2258 920 2323 milvum
961 2257 1302 2322 secundum
1352 2259 1617 2340 speciem
1671 2278 1874 2324 suam.
1967 2257 2067 2323 15.
2129 2257 2218 2322 Et
2269 2277 2507 2322 omnem

561 2364 818 2411 corvum
860 2343 1199 2409 secundum
1240 2346 1504 2425 speciem
1545 2364 1749 2410 suam.
1822 2344 1921 2409 16.
1964 2344 2054 2408 Et
2089 2343 2294 2425 filiam
2337 2348 2506 2408 stru-

559 2429 809 2507 thionis,
852 2433 908 2493 et
939 2433 1242 2507 noctuam,
1286 2435 1343 2494 et
1384 2430 1627 2495 larum.-
1674 2434 1729 2493 et
1770 2431 2127 2512 accipitrem
2168 2430 2509 2495 secundum

560 2516 823 2597 speciem
863 2533 1066 2580 suam.
1159 2515 1258 2595 17,
1307 2515 1396 2580 Et
1436 2516 1893 2598 nycticoracem,
1939 2521 1996 2580 et
2038 2515 2403 2598 merqulum,
2452 2520 2508 2580 et

562 2601 714 2666 ibin.
809 2600 907 2666 18.
955 2599 1046 2664 Et
1078 2599 1574 2682 porphyrionem,
1618 2607 1675 2666 et
1702 2601 2080 2682 pelicanum,
2125 2607 2181 2666 et
2221 2620 2502 2685 cyqnum.

564 2687 666 2753 19.
694 2686 783 2752 Et
804 2686 1124 2763 ciconiam,
1170 2686 1582 2752 charadrium
1621 2688 1960 2753 secundum
1994 2687 2261 2767 speciem
2299 2707 2504 2763 suam,

560 2779 619 2838 et
659 2792 961 2854 upupam,
1006 2776 1063 2837 et
1102 2773 1613 2852 vespertilionem.
1702 2773 1805 2839 20.
1858 2773 2053 2840 Omne
2102 2773 2319 2853 reptile
2373 2773 2508 2837 ala-

558 2864 695 2925 tum
736 2858 1071 2924 ambulans
1121 2878 1313 2939 super
1369 2863 1638 2940 quatuor
1678 2861 1872 2941 pedes
1887 2911 1902 2935 ,
1962 2859 2337 2925 abominatio
2387 2859 2509 2923 erit

556 2946 746 3011 vobis,
836 2945 939 3009 21.
1002 2942 1442 3010 Verumtamen
1499 2944 1607 3011 hoc
1650 2946 1976 3012 comedetis
2019 2965 2097 3009 ea:
2139 2945 2309 3010 omni
2350 2964 2493 3025 rep-

557 3032 661 3099 tili
703 3031 871 3098 ahto
904 3031 1066 3113 quod
1104 3030 1434 3114 gradietur
1464 3051 1658 3113 super
1679 3037 1950 3114 quatuor
1960 3031 2171 3113 pedes,
2216 3031 2319 3097 cui
2357 3036 2506 3095 sunt

558 3139 751 3185 crura
789 3138 981 3200 super
1008 3117 1203 3199 pedes
1244 3137 1411 3197 suos,
1457 3118 1682 3200 quibus
1723 3118 1966 3184 saliant
2016 3138 2209 3200 super
2248 3123 2502 3182 terram.

557 3205 661 3270 22.
710 3204 883 3268 Haec
931 3223 1008 3268 ex
1050 3202 1183 3267 illis
1238 3205 1587 3281 comedetis,
1647 3204 1946 3270 locustam
2003 3205 2186 3269 inccta
2240 3204 2505 3287 speciem

556 3312 759 3370 suam,
804 3294 861 3354 et
904 3294 1180 3354 attacum
1199 3289 1383 3356 iuxta
1403 3292 1669 3373 speciem
1687 3311 1891 3369 suam,
1939 3295 1995 3355 et
2035 3289 2506 3372 ophiomachum

557 3377 898 3442 secundum
937 3376 1203 3458 speciem
1243 3395 1445 3457 suam,
1490 3382 1547 3443 et
1567 3376 1865 3442 bruchum
1883 3376 2221 3442 secundum
2241 3377 2504 3457 speciem

557 3483 761 3529 suam.
850 3460 953 3527 23.
1007 3459 1203 3526 Omne
1244 3466 1450 3527 autem
1506 3461 1819 3544 reliquum
1859 3462 2078 3544 reptile
2116 3461 2354 3527 alatum
2397 3462 2505 3527 cui

554 3554 705 3615 sunt
744 3554 1010 3629 quatuor
1037 3546 1250 3627 pede-5⁸,
1293 3548 1671 3614 abominatio
1711 3550 1830 3613 erit
1868 3546 2059 3614 vobis.
2146 3548 2249 3612 24.
2295 3544 2384 3612 Et
2401 3547 2506 3613 his

546 3634 849 3717 polluetis
886 3653 1022 3698 vos:
1063 3632 1409 3716 quicunque
1461 3635 1726 3719 tetiqerit
1773 3636 2039 3702 cadaver
2095 3654 2331 3713 eorum,
2387 3634 2501 3698 im·

556 3720 835 3786 mundus
875 3720 995 3784 erit
1033 3738 1229 3800 usque
1270 3720 1357 3784 ad
1410 3741 1754 3804 vesperam.
1844 3720 1947 3787 25.
2009 3718 2098 3785 Et
2154 3720 2504 3802 quicunque

545 3807 904 3891 portaverit
923 3805 1233 3870 cadavera
1253 3826 1480 3883 eorum,
1506 3806 1746 3872 lavabit
1766 3809 2123 3872 vestimenta
2145 3827 2283 3882 sua,
2308 3810 2366 3870 et
2383 3807 2504 3871 im-

557 3893 836 3958 mundus
856 3892 977 3956 erit
995 3909 1191 3971 usque
1212 3892 1298 3955 ad
1321 3911 1664 3972 vesperam.
1712 3893 1815 3958 26.
1846 3892 2039 3958 Omne
2059 3891 2307 3958 animal
2337 3892 2503 3974 quod

554 3978 785 4046 dividit
823 3976 1141 4060 unqulam,
1188 3980 1244 4040 et
1276 3978 1579 4058 fissuram
1622 3998 1742 4043 non
1780 3980 1993 4059 findit,
2035 3984 2091 4043 et
2130 3998 2256 4043 non
2296 3978 2500 4043 rumi-

553 4070 683 4143 nat,
749 4063 1080 4128 iinmunda
1144 4069 1326 4128 erunt
1388 4064 1592 4129 vobis:
1665 4067 2016 4146 quicunque
2074 4064 2338 4148 tetiqerit
2404 4085 2497 4142 ea,

557 4150 926 4216 immundus
967 4148 1102 4213 erit.
1193 4148 1294 4212 27.
1343 4148 1431 4213 Et
1471 4150 1783 4233 quidquid
1819 4151 2121 4234 qraditur
2161 4171 2354 4232 super
2393 4170 2499 4215 vo·

559 4239 660 4303 las
710 4255 867 4301 suas
924 4236 1091 4299 inter
1144 4254 1352 4299 omnes
1401 4235 1579 4317 feras
1630 4256 1793 4318 quae
1856 4237 2242 4318 qradiuntur
2309 4256 2502 4318 super

559 4328 830 4405 quatuor
860 4322 1087 4402 pedes,
1133 4321 1462 4386 immunda
1503 4327 1684 4386 erunt
1724 4322 1927 4387 vobis.-
1982 4324 2327 4404 quicunque
2370 4322 2501 4386 teti-

555 4409 717 4493 qerit
791 4408 1102 4472 cadavera
1169 4427 1381 4471 eorum
1397 4458 1411 4484 ,
1505 4408 1871 4473 immundus
1948 4409 2066 4472 erit
2140 4428 2336 4489 usque
2412 4407 2500 4472 ad

558 4510 900 4573 vesperam.
1014 4490 1115 4556 28.
1176 4492 1264 4556 Et
1332 4495 1444 4574 qui
1484 4496 1837 4575 portaverit
1894 4495 2202 4559 cadavera
2266 4513 2497 4572 eorum,

559 4577 792 4644 lavabit
831 4578 1208 4657 vestimenta,
1250 4579 1732 4662 immundusque
1771 4580 1891 4644 erit
1931 4600 2124 4662 usque
2167 4580 2251 4644 ad
2293 4599 2497 4659 vowe-

554 4683 731 4731 ram:
772 4664 1100 4728 immunda
1153 4671 1333 4729 erunt
1385 4666 1572 4731 vobis.
1664 4666 1767 4732 29.
1815 4666 1901 4729 Et
1957 4666 2108 4732 haec
2158 4664 2331 4731 vobis
2381 4666 2501 4729 im-

555 4750 799 4816 munda
840 4754 1023 4813 erunt
1064 4750 1228 4814 inter
1267 4750 1521 4832 reptilia
1543 4772 1703 4834 quae
1743 4756 1988 4835 reptant
2028 4772 2218 4833 super
2246 4756 2499 4829 terram,

555 4833 863 4915 mustella,
907 4839 964 4899 et
1005 4855 1175 4913 mus,
1233 4840 1289 4900 et
1329 4837 1541 4903 rubeta
1583 4840 1925 4904 secundum
1978 4839 2239 4919 speciem
2293 4856 2497 4901 suam.

554 4923 660 4989 30.
688 4920 776 4986 Et
794 4921 1056 5004 myqale,
1080 4927 1136 4985 et
1153 4921 1558 4999 chamaeleon,
1577 4929 1635 4988 et
1653 4924 1874 5002 stellio,
1910 4929 1966 4989 et
1998 4925 2229 4989 lacerta
2251 4927 2308 4987 et
2326 4922 2500 5003 talpa

556 5010 659 5074 31.
718 5007 859 5072 Ista
916 5007 1246 5072 immunda
1300 5013 1446 5074 sunt
1493 5008 1667 5075 vobis
1732 5011 1894 5074 inter
1948 5011 2161 5075 omnia
2214 5008 2505 5091 reptilia.-

554 5096 906 5177 quicunque
925 5094 1189 5177 tetiqerit
1207 5093 1327 5159 illa
1335 5098 1672 5176 postquam
1688 5101 1932 5160 mortua
1950 5097 2210 5177 fuerint,
2233 5096 2504 5159 immun-

556 5182 681 5247 dus
735 5181 854 5245 erit
909 5200 1106 5262 usque
1163 5179 1247 5243 ad
1302 5200 1637 5260 vesperam.
1741 5182 1846 5246 32.
1908 5181 1993 5247 Et
2063 5201 2234 5247 omne
2313 5201 2505 5262 super

557 5266 723 5348 quod
757 5265 1040 5332 ceciderit
1073 5265 1322 5347 aliquid
1354 5287 1430 5330 esc
1462 5267 1555 5331 eis
1585 5272 1927 5347 postquam
1961 5273 2213 5332 mortua
2242 5267 2499 5347 fuerint,

553 5351 950 5417 immundum
1003 5352 1150 5430 erit,
1205 5356 1335 5416 tam
1390 5374 1508 5417 vas
1561 5352 1838 5436 liqneum
1879 5373 2070 5435 quam
2111 5355 2300 5419 vestis
2313 5401 2330 5436 ,
2389 5358 2505 5418 aut

2042 436 2422 505 PRIMUM
2468 433 3117 503 PRAECEPTUM.

4412 433 4519 500 344

2610 622 2823 707 pellis,
2870 626 2982 685 aut
3021 640 3269 687 saccus:
3327 639 3503 685 omne
3542 640 3660 686 vas
3701 621 3773 686 in
3822 641 3939 703 quo
3987 620 4135 702 sieri
4187 623 4333 688 solet
4369 642 4521 703 opus,

2619 710 2690 773 in
2767 728 3002 789 aquam
3077 708 3348 772 mittetur
3365 757 3380 786 ,
3456 711 3513 772 et
3574 708 3969 772 immundum
4032 709 4152 773 erit
4213 729 4395 791 usque
4449 711 4522 776 ad

2616 813 2971 876 vesperam,
3024 798 3081 858 et
3133 793 3557 858 mundabitur.
3647 793 3750 857 33.
3820 793 4013 858 Omne
4060 799 4381 875 praeterea
4425 816 4522 862 vas

2614 885 2946 946 testaceum
2985 880 3158 943 intra
3198 879 3361 960 quod
3415 880 3701 944 ceciderit
3751 879 4000 959 aliquid
4056 900 4136 944 ex
4198 882 4314 957 eis,
4366 883 4524 965 quid-

2613 965 2768 1047 quid
2809 965 2927 1030 erit
2968 965 3039 1029 in
3082 965 3192 1030 illo
3236 965 3629 1029 immundum
3670 973 3805 1043 erit,
3851 971 3906 1030 et
3947 966 4159 1049 ipsum
4211 968 4525 1054 confrinqe·

2612 1053 2711 1116 tis.
2801 1050 2904 1115 34.
2958 1050 3181 1116 Omnis
3218 1051 3395 1116 cibus
3434 1054 3546 1132 qui
3587 1051 3943 1130 comeditur,
3987 1073 4176 1134 super
4216 1073 4391 1133 quem
4436 1078 4523 1122 ve·

2613 1137 2776 1202 uerit
2816 1158 3004 1218 aqua,
3047 1136 3414 1201 immundus
3456 1138 3589 1215 erit,
3633 1141 3689 1201 et
3731 1139 3935 1203 omnis
3964 1144 4156 1220 potus
4208 1160 4325 1221 quo
4370 1147 4527 1223 pota-

2610 1227 2716 1288 tur
2774 1223 2844 1287 in
2899 1224 3068 1288 omni
3123 1242 3270 1287 vase
3318 1223 3567 1304 impuro
3582 1272 3597 1301 ,
3653 1223 4019 1290 immundus
4069 1225 4205 1290 erit.
4303 1225 4399 1291 35.
4453 1227 4529 1291 Et

2611 1328 2789 1374 omne
2809 1328 3000 1390 super
3020 1309 3183 1390 quod
3204 1308 3490 1373 ceciderit
3507 1308 3855 1390 quidquam
3876 1311 3951 1375 de
3989 1312 4286 1378 cadavere
4323 1332 4527 1395 eorum,

2611 1395 3004 1459 immundum
3069 1395 3218 1460 erit:
3284 1393 3570 1459 clibanus
3637 1399 3693 1459 et
3745 1395 4134 1479 chytropodes
4199 1397 4529 1479 diruentur,

2611 1481 2937 1545 immunda
2979 1485 3145 1558 sunt,
3186 1485 3242 1545 et
3282 1480 3611 1545 immunda
3653 1486 3834 1546 erunt
3874 1483 4058 1547 vobis.
4127 1482 4230 1549 36.
4294 1484 4530 1549 Verum-

2610 1570 2813 1631 tamen
2863 1566 3009 1648 fons
3065 1571 3120 1631 et
3177 1567 3449 1631 cisterna
3512 1569 3999 1650 conyreqationis
4054 1589 4366 1650 aquarum
4425 1573 4534 1637 erit

2610 1653 2879 1718 munda.-
2934 1656 3003 1716 at
3043 1652 3206 1734 quod
3247 1653 3511 1736 tetiqerit
3551 1653 3817 1717 cadaver
3862 1673 4100 1733 eorum,
4160 1656 4532 1722 immundum

2608 1740 2743 1803 erit.
2809 1739 2911 1805 37.
2955 1736 3290 1803 Praeterea
3331 1738 3393 1802 si
3434 1737 3719 1803 ceciderit
3759 1739 4103 1820 quidquam
4142 1742 4220 1806 de
4258 1743 4535 1809 cadavere

2609 1844 2821 1889 eorum
2862 1845 3052 1907 super
3091 1823 3346 1906 aliquod
3386 1844 3591 1889 semen
3631 1828 3841 1890 satum
3856 1876 3871 1903 ,
3917 1827 4082 1907 quod
4120 1829 4531 1908 seminabitur,

2607 1911 2910 1976 mundum
2954 1910 3088 1976 erit.
3179 1909 3281 1975 38.
3329 1909 3422 1974 At
3460 1929 3653 1990 quum
3694 1911 3848 1994 fusa
3888 1912 4086 1992 fuerit
4133 1934 4311 1995 aqua
4365 1934 4536 1995 super

2606 2015 2828 2075 semen,
2875 2002 2928 2062 et
2969 1995 3251 2062 ceciderit
3283 1995 3626 2077 quidquam
3668 1997 3745 2063 de
3776 1997 4070 2063 cadavere
4111 2019 4325 2063 eorum
4363 2020 4538 2082 super

2605 2081 2787 2158 illud,
2810 2083 3203 2148 immundum
3224 2082 3340 2146 erit
3381 2081 3568 2147 vobis.
3634 2082 3738 2148 39.
3769 2084 3974 2163 Quum
4001 2089 4207 2149 autem
4242 2091 4539 2151 mortuum

2603 2167 2800 2249 fuerit
2841 2169 3099 2250 aliquod
3140 2169 3386 2233 animal
3441 2169 3603 2248 quod
3655 2170 3741 2233 sit
3800 2169 3969 2234 vobis
4022 2171 4094 2234 in
4145 2171 4383 2251 cibum,
4438 2172 4538 2253 qui

2609 2254 2872 2338 tetiqerit
2891 2255 3158 2321 cadaver
3177 2255 3330 2329 eius,
3375 2254 3742 2319 immundus
3757 2255 3875 2319 erit
3891 2275 4087 2337 usque
4107 2256 4194 2320 ad
4214 2277 4536 2340 vesperam.

2608 2338 2712 2403 40.
2760 2338 2848 2403 Et
2889 2342 3001 2422 qui
3042 2340 3367 2405 comederit
3405 2341 3481 2405 de
3522 2341 3821 2407 cadavere
3864 2342 4002 2405 eius
4016 2393 4032 2421 ,
4089 2342 4326 2407 lavabit
4375 2345 4538 2409 vesti·

2607 2430 2814 2490 menta
2855 2446 2981 2492 sua
2999 2479 3013 2504 ,
3059 2427 3540 2507 immundusque
3580 2427 3701 2491 erit
3739 2446 3937 2507 usque
3978 2427 4065 2492 ad
4095 2446 4447 2509 vesperam.-
4485 2430 4540 2495 is

2608 2531 2848 2592 quoque
2883 2514 2996 2594 qui
3036 2512 3326 2578 extulerit
3368 2512 3667 2590 cadaver,
3723 2512 3956 2578 lavabit
3995 2514 4360 2579 vestimenta
4412 2535 4539 2594 sua,

2611 2601 2792 2678 atque
2845 2598 3209 2663 immundus
3266 2600 3389 2663 erit
3455 2617 3655 2679 usque
3706 2600 3793 2665 ad
3863 2618 4198 2682 vesperam.
4304 2600 4407 2665 41.
4463 2599 4544 2665 Et

2609 2702 2784 2748 omne
2835 2685 3053 2764 reptile
3103 2688 3360 2765 reptans
3428 2704 3622 2765 super
3673 2689 3906 2749 terram
3920 2735 3936 2764 ,
3998 2684 4384 2753 abominatio
4445 2692 4544 2764 est,

2608 2788 2733 2833 non
2796 2771 3153 2837 comedetur.
3258 2771 3362 2836 42.
3429 2770 3750 2852 Quidquid
3805 2771 3950 2835 item
4017 2772 4318 2854 qraditur
4367 2793 4543 2855 super

2599 2859 2835 2936 pectus,
2879 2861 2938 2921 et
2977 2856 3286 2938 quidquid
3327 2858 3559 2922 incedit
3608 2876 3803 2936 super
3853 2862 4123 2938 quatuor
4177 2863 4289 2922 aut
4335 2859 4544 2942 plures

2600 2942 2792 3022 pedes
2834 2943 2996 3006 inter
3037 2944 3248 3008 omnia
3289 2942 3545 3025 reptilia
3585 2961 3747 3023 quae
3780 2948 4032 3023 reptant
4069 2963 4264 3024 super
4304 2949 4540 3021 terram,

2610 3047 2734 3093 non
2776 3029 3125 3095 comedetis:
3181 3028 3334 3113 quia
3377 3029 3751 3095 abominatio
3796 3034 3961 3094 sunt.
4050 3030 4151 3096 43.
4202 3030 4306 3096 Ne
4348 3032 4543 3119 impu-

2608 3134 2722 3179 ras
2784 3116 3063 3181 reddatis
3126 3118 3379 3182 animas
3440 3122 3682 3181 vestras
3742 3115 3813 3180 in
3875 3117 4046 3180 omni
4111 3117 4328 3198 reptili
4392 3117 4544 3200 quod

2605 3205 2827 3281 reptat,
2874 3221 2981 3267 nec
3014 3201 3319 3284 polluatis
3359 3221 3466 3268 vos
3506 3201 3575 3265 in
3617 3202 3726 3279 eis,
3770 3221 3963 3284 neque
4005 3203 4419 3284 coinquinetis
4450 3222 4545 3268 vos

2599 3307 2720 3369 per
2760 3308 2852 3353 ea.
2917 3288 3022 3353 44.
3075 3288 3242 3370 Quia
3282 3308 3386 3372 eqo
3430 3286 3662 3353 Iehova
3696 3286 3877 3352 Deus
3909 3293 4135 3353 vester:
4173 3289 4545 3372 sanctificate

2606 3393 2748 3456 erqo
2798 3394 2906 3439 vos
2923 3421 2939 3449 ,
2996 3378 3051 3438 et
3103 3380 3283 3440 estote
3334 3375 3564 3450 sancti,
3620 3373 3775 3454 quia
3828 3379 4083 3439 sanctus
4133 3394 4312 3440 sum.-
4369 3381 4426 3441 et
4474 3394 4544 3439 ne

2593 3459 2904 3540 polluatis
2943 3460 3198 3527 animas
3236 3466 3478 3526 vestras
3507 3479 3632 3540 per
3671 3459 3895 3541 aliqua
3935 3460 4188 3540 reptilia
4211 3481 4378 3543 quae
4416 3482 4543 3543 rep-

2603 3550 2738 3610 tant
2777 3567 2967 3629 super
3020 3551 3274 3612 terram.
3364 3545 3466 3611 45.
3514 3545 3653 3629 E90
3711 3546 3876 3609 enim
3929 3565 4072 3610 sum
4117 3545 4386 3626 Iehova,
4442 3546 4544 3628 qui

2603 3632 2793 3698 eduxi
2834 3652 2942 3698 vos
2981 3652 3013 3697 e
3045 3637 3215 3698 terra
3260 3631 3529 3716 Aeqypti
3545 3680 3561 3709 ,
3619 3636 3688 3697 ut
3729 3650 3922 3696 essem
3974 3631 4148 3697 vobis
4210 3635 4279 3698 in
4325 3631 4543 3708 Deum,

2603 3723 2661 3783 et
2700 3719 2915 3783 essetis
2956 3720 3174 3795 sancti,
3222 3718 3374 3800 quia
3414 3723 3671 3783 sanctus
3709 3736 3870 3782 sum.
3959 3717 4063 3782 46.
4114 3717 4292 3785 Haec
4335 3724 4424 3786 est
4455 3718 4545 3782 lex

2602 3804 2981 3869 animalium
3023 3806 3438 3884 terrestrium,
3495 3810 3551 3869 et
3607 3801 3978 3883 volatilium,
4037 3808 4223 3886 atque
4277 3806 4547 3869 omnium

2602 3889 2979 3955 animalium
3011 3890 3349 3956 viventium
3370 3909 3530 3972 quae
3569 3895 3827 3972 reptant,
3872 3895 3931 3953 et
3948 3891 4229 3955 omnium
4265 3892 4544 3956 animan-

2600 3977 2761 4041 tium
2814 3977 3196 4056 reptantium
3247 3996 3439 4058 super
3487 3987 3737 4056 terram,
3823 3974 3928 4041 47.
3989 3975 4101 4041 Ad
4157 3977 4543 4061 dist-inquen-

2600 4064 2756 4129 dum
2812 4063 2971 4127 inter
3029 4063 3420 4128 inmundum
3471 4067 3529 4127 et
3591 4062 3891 4126 mundum
3909 4111 3924 4139 ,
3997 4067 4053 4126 et
4107 4063 4273 4127 inter
4328 4063 4547 4129 bestias

2600 4170 2759 4231 quae
2821 4149 3055 4214 comedi
3109 4155 3407 4231 possunt,
3473 4153 3530 4212 et
3602 4147 3834 4213 bestias
3896 4165 4059 4229 quae
4122 4149 4365 4215 comedi
4441 4166 4555 4212 non

2589 4239 2874 4317 possunt.

3234 4574 3368 4641 EX
3411 4574 3682 4642 DEU‘P.
3730 4574 3921 4641 XIV.

2773 4749 2832 4815 3.
2882 4748 3028 4814 Non
3072 4750 3342 4815 comedes
3394 4748 3591 4814 ullam
3648 4747 4186 4814 abominationem.
4275 4748 4339 4813 4.
4388 4745 4554 4812 Haec

2600 4841 2749 4902 sunt
2783 4836 3096 4901 animalia
3129 4854 3290 4916 quae
3322 4835 3673 4900 comedetis:
3718 4835 3941 4917 bovern,
3978 4855 4211 4918 aqnum
4238 4834 4467 4910 ovium,
4501 4835 4553 4898 et

2602 4922 2861 4988 hoedum
2903 4940 3254 5003 caprarum.
3342 4919 3402 4985 5.
3455 4920 3751 4991 Cervum.
3811 4926 3867 4986 et
3906 4941 4213 5004 capream.
4274 4926 4335 4986 et
4375 4919 4552 4985 buba-

2601 5010 2750 5084 lum,
2798 5014 2857 5073 et
2898 5007 3145 5073 hircum
3186 5005 3555 5089 sylvestrem,
3615 5013 3672 5071 et
3711 5007 3968 5073 damam
3981 5057 3996 5084 ,
4063 5012 4118 5071 et
4171 5006 4384 5071 bovem
4435 5003 4550 5088 syl·

2601 5099 2875 5173 vestran,
2920 5099 2978 5159 et
3016 5112 3275 5174 capram
3328 5092 3696 5172 rupicolam.
3783 5093 3842 5158 6.
3898 5091 4093 5158 Omne
4146 5093 4398 5159 animal
4434 5092 4547 5173 fin·

2601 5182 2755 5247 dens
2795 5180 3114 5263 unqulam,
3160 5184 3218 5243 et
3255 5177 3502 5259 findens
3540 5178 3825 5261 fiffuram
3853 5179 4131 5244 duarum
4151 5177 4548 5261 unqularum,

2602 5267 2939 5332 ruminans
2979 5267 3141 5330 inter
3183 5264 3517 5339 animalia,
3563 5265 3728 5332 illud
3771 5265 4105 5330 comedetis.
4176 5264 4230 5328 7.
4296 5263 4548 5329 Verum-

2602 5357 2809 5418 tamen
2850 5351 2958 5417 hoc
2978 5370 3103 5417 non
3122 5351 3444 5416 comedetis
3464 5371 3540 5415 ex
3560 5351 4023 5417 ruminantibus
4065 5356 4120 5415 et
4151 5370 4227 5416 eoe
4255 5347 4547 5430 findenti-
