4867 6150
556 442 684 510 375

561 630 936 699 conflictum
1003 651 1135 695 non
1202 629 1548 712 prodibant
1613 628 1741 693 nisi
1818 627 1968 692 freti
2037 626 2162 691 Dei
2243 625 2515 690 auxilio,

562 718 736 783 Nam
784 725 1060 780 externo
1105 714 1405 800 symbolo
1449 736 1556 780 res
1600 714 1741 797 ipsa
1780 713 2232 796 coniungitur:
2281 732 2517 794 nempe

564 816 642 869 ut
685 803 830 868 Deo
875 802 1177 881 militent,
1224 801 1454 866 ducem
1499 801 1715 883 ipsum
1752 813 2132 882 sequantur,
2179 807 2519 879 totumque

568 889 768 954 robur
812 909 1005 952 suum
1050 889 1118 951 in
1164 887 1303 952 eius
1346 887 1559 971 gratia
1604 893 1918 952 statuant.
1976 883 2196 966 Atque
2239 883 2394 948 huic
2417 904 2518 948 re·

569 975 760 1060 gulae
783 973 985 1039 fuisse
1010 972 1300 1038 addictos
1337 994 1565 1038 omnes
1587 980 1864 1050 sanctos,
1901 993 1984 1035 ex
2017 969 2283 1035 Psalmo
2297 967 2427 1055 (20,
2452 968 2520 1056 8)

575 1068 788 1145 patet:
835 1060 929 1124 Hi
968 1059 1034 1123 in
1072 1059 1392 1136 curribus,
1434 1058 1531 1124 illi
1567 1058 1637 1122 in
1675 1058 1878 1141 equis,
1924 1076 2046 1121 nos
2069 1066 2286 1121 autem
2311 1057 2381 1120 in
2405 1077 2522 1120 no-

567 1149 751 1212 mine
785 1146 909 1210 Dei
947 1145 1158 1209 nostri
1198 1145 1670 1210 invocabimus.
1718 1144 1919 1208 Item:
1960 1141 2111 1207 Non
2150 1140 2527 1207 servabitur

569 1252 688 1297 rex
729 1233 795 1295 in
822 1230 1243 1295 multitudine
1282 1232 1635 1296 exercitus:
1675 1251 1887 1312 neque
1924 1227 2313 1293 liberabitur
2336 1227 2526 1292 fortis

570 1316 778 1382 multa
829 1319 1074 1381 virtute
1126 1314 1329 1402 (Psal.
1371 1316 1476 1396 33,
1531 1315 1657 1403 16).
1745 1316 1936 1394 Ecce,
1983 1313 2202 1379 oculos
2236 1314 2526 1379 Iehovae

569 1425 768 1486 super
813 1403 1123 1466 timentes
1184 1423 1368 1481 eum,
1426 1412 1492 1469 et
1553 1424 1750 1487 super
1807 1422 1917 1467 eos
1984 1400 2097 1484 qui
2141 1406 2529 1484 exspectant

570 1489 988 1556 clementiam
1043 1489 1201 1553 eius.

747 1574 847 1640 10.
892 1574 1021 1640 Die
1064 1594 1304 1657 quoque
1346 1573 1636 1641 laetitiae.
1716 1571 1795 1637 Id
1859 1570 2130 1656 perinde
2184 1571 2308 1639 fuit
2351 1591 2428 1636 ac
2472 1569 2528 1636 si

569 1660 756 1725 Deus
802 1660 1017 1743 palam
1060 1661 1340 1740 faceret,
1401 1660 1615 1725 nullos
1672 1680 1744 1724 se
1803 1656 2081 1741 probare
2128 1657 2267 1722 dies
2307 1657 2527 1735 festos,

570 1768 692 1812 nec
737 1745 862 1811 sibi
906 1746 1159 1828 placere
1205 1747 1519 1811 sacrificia
1581 1745 1710 1811 nisi
1765 1752 2120 1828 praeeunte
2169 1764 2288 1808 suo
2343 1764 2530 1808 man·

572 1831 744 1896 dato.
790 1831 1019 1914 Neque
1056 1831 1230 1897 enim
1279 1832 1518 1915 populo
1579 1831 1757 1897 hunc
1807 1829 1915 1895 vel
1960 1828 2148 1894 illum
2194 1829 2367 1894 diem
2412 1829 2529 1893 eli·

573 1939 728 2003 gere
773 1916 873 1983 fas
915 1918 1060 1995 fuit,
1106 1917 1219 1982 sed
1261 1918 1580 1984 autoritas
1625 1914 2113 2011 praescribendi
2156 1915 2286 1980 fuit
2332 1936 2533 2000 penes

1960 435 2470 505 SECUNDUM
2527 435 3073 502 PRAECEPTU
3083 435 3174 501 M.

4428 429 4534 494 376

2619 644 2956 691 sacrorum
3003 623 3363 689 ministros.
3455 623 3555 688 Ac
3609 621 3792 687 Deus
3851 617 4117 703 quidem
4175 620 4538 702 neomenias,
4660 624 4671 651 ⁸

2621 712 2762 777 sive
2809 711 3182 790 novilunia,
3240 717 3308 774 et
3366 708 3652 791 reliquas
3695 706 4124 772 solennitates
4167 704 4539 771 instituerat:

2624 797 2737 863 sed
2777 819 2859 861 ne
2896 817 3025 880 qua
3060 796 3339 861 mutatio
3372 794 3694 861 accideret
3715 791 3817 879 (ut
3838 814 4098 876 semper
4119 791 4389 856 audaces
4409 800 4544 857 sunt

2623 883 2928 949 homines
3003 882 3085 947 ad
3152 879 3564 968 novandum)
3626 880 3990 963 legitimam
4056 878 4544 943 observationem

2622 969 2931 1035 tubarum
2985 970 3204 1035 sonitu
3267 968 3471 1034 voluit
3530 966 3802 1032 sanciri:
3863 985 3939 1030 ac
3995 964 4051 1031 si
4095 983 4213 1047 per
4256 983 4324 1029 os
4363 984 4547 1029 sacer·

2629 1055 2853 1121 dotum
2897 1054 3185 1120 ediceret
3234 1055 3372 1137 ipse
3431 1073 3651 1119 sacros
3695 1061 3938 1117 coetus.
4032 1047 4368 1117 Sacrificia
4406 1070 4551 1133 quae

2629 1142 2743 1207 alii
2788 1149 3130 1207 verterunt
3173 1141 3617 1223 pacificorum,
3666 1160 3798 1204 non
3837 1137 4080 1220 absque
4123 1157 4322 1202 eausa
4377 1137 4553 1201 inter-

2630 1236 2849 1312 pretor
2913 1227 3440 1311 prosperitatum.
3542 1224 3622 1289 Id
3689 1223 3867 1290 enim
3931 1224 4191 1306 proprie
4256 1222 4556 1305 signifieat

2631 1297 2870 1382 U'DSW.
2964 1311 3077 1381 Sic
3121 1324 3339 1379 autem
3379 1320 3696 1376 vocarunt
3738 1308 4248 1392 supplicationes
4291 1318 4355 1372 et
4396 1308 4555 1375 testi-

2630 1400 2850 1465 monia
2909 1400 3273 1484 gratiarum
3331 1398 3624 1476 actionis,
3690 1417 3891 1479 quum
3952 1393 4164 1479 erepti
4222 1404 4437 1459 essent
4485 1415 4559 1458 ex

2630 1505 2871 1569 magno
2917 1484 3322 1565 discrimine,
3382 1483 3485 1549 vel
3528 1483 3772 1567 insigni
3826 1481 4042 1564 aliquo
4090 1481 4215 1547 Dei
4271 1479 4559 1547 beneficio

2635 1572 2872 1637 affecti.
2963 1571 3146 1636 Dicit
3200 1582 3416 1636 autem
3463 1570 3683 1635 Moses
3728 1569 3922 1635 tubas
3967 1566 4287 1634 Israelitis
4330 1568 4461 1632 fore
4498 1566 4562 1630 in

2634 1657 3017 1723 memoriam
3082 1677 3301 1722 coram
3362 1657 3537 1721 Deo:
3605 1656 3756 1737 quia
3824 1653 3935 1720 ubi
4001 1653 4431 1720 convenerint
4491 1650 4564 1718 ad

2635 1741 3180 1893 suumbedictum
3225 1764 3335 1809 eos
3388 1741 3694 1825 respiciet
3758 1749 4158 1823 paternoque
4203 1760 4323 1806 suo
4364 1737 4569 1806 favore

2636 1830 2837 1913 digna
2882 1829 3037 1894 itur.

1705 2877 2445 2997 SECUNDUM
2527 2874 3457 2973 PRAECEPTUM.

1201 3187 1334 3253 Ex
1381 3184 1686 3252 EXODI
1729 3184 1889 3252 XX.

748 3357 808 3422 4.
860 3358 1006 3422 Non
1054 3357 1258 3440 facies
1309 3356 1424 3422 tibi
1461 3356 1763 3438 sculptile,
1822 3373 2018 3439 neque
2059 3355 2259 3421 ullam
2301 3355 2529 3439 ἱππαρί-

575 3463 716 3509 nem
758 3463 970 3510 eorum
1015 3463 1176 3524 quae
1217 3447 1366 3507 sunt
1385 3444 1474 3507 'in
1514 3444 1677 3510 coelo
1719 3463 2005 3523 sursum,
2070 3461 2264 3524 neque
2318 3462 2531 3506 eorum

577 3550 741 3613 quae
782 3530 850 3594 in
893 3533 1063 3594 terra
1118 3528 1428 3606 deorsum,
1484 3549 1677 3611 neque
1733 3547 1947 3593 eorum
2003 3548 2162 3610 quae
2218 3528 2289 3592 in
2341 3527 2532 3609 aquis

577 3621 723 3681 sunt
763 3615 972 3681 subter
1013 3619 1265 3679 terram.
1355 3614 1413 3680 5.
1470 3614 1616 3680 Non
1660 3614 1957 3680 adorabis
1999 3635 2090 3693 ea,
2134 3633 2330 3695 neque
2370 3613 2530 3679 coles

579 3721 671 3776 ea,
718 3723 821 3784 eqo
863 3701 1028 3766 enim
1070 3697 1299 3765 Iehova
1333 3700 1514 3766 Deus
1552 3706 1716 3779 tuuc,
1768 3699 1945 3765 Deus
1985 3700 2221 3778 zeloteS,
2260 3700 2532 3766 visitans

579 3788 973 3869 iniquitatem
1005 3790 1265 3866 patrum
1300 3806 1492 3867 super
1521 3787 1705 3868 filios,
1752 3786 1822 3849 in
1855 3786 2102 3851 tertiam
2145 3790 2203 3850 et
2233 3790 2530 3867 quartam

576 3874 1033 3957 „uenerationem
1090 3872 1160 3935 in
1217 3871 1320 3936 his
1372 3874 1482 3953 qui
1535 3893 1631 3937 me
1674 3871 1966 3936 oderunt.-
2053 3870 2112 3936 6.
2159 3870 2248 3936 Et
2286 3872 2532 3952 faciens

578 3959 1076 4024 misericordiam
1117 3958 1189 4022 in
1231 3957 1399 4022 mille
1442 3957 1842 4041 diliyentibus
1883 3977 1994 4035 me,
2041 3962 2096 4022 et
2138 3957 2530 4023 custodienti-

576 4045 691 4110 bus
721 4049 1059 4127 praecepta
1099 4063 1255 4108 mea.

937 4470 1441 4538 REPETITIO
1484 4471 1617 4537 Ex
1654 4470 1924 4538 DEU'P.
1972 4472 2055 4537 V.

750 4642 809 4708 8.
861 4642 1005 4706 Non
1057 4644 1254 4726 facies
1313 4645 1426 4709 tibi
1491 4644 1777 4726 sculptile
1810 4644 1906 4709 vel
1947 4643 2143 4708 ullam
2185 4645 2528 4730 imaqinem

576 4748 790 4794 eorum
844 4748 1010 4810 quae
1073 4734 1221 4793 sunt
1283 4730 1353 4794 in
1396 4730 1552 4795 coelo
1593 4750 1848 4796 sursum
1866 4781 1880 4808 ‚
1939 4750 2047 4794 nec
2102 4751 2313 4795 eorum
2367 4752 2527 4814 quae

576 4821 723 4882 sunt
763 4815 829 4878 in
866 4820 1037 4878 terra
1078 4816 1383 4892 deorsum,
1428 4834 1539 4881 nec
1580 4836 1791 4881 eorum
1836 4836 1995 4898 quae
2032 4822 2179 4881 sunt
2221 4817 2290 4881 in
2340 4818 2528 4900 aquis

576 4902 692 4969 sub
726 4906 913 4965 terra.
983 4898 1043 4965 9.
1099 4901 1240 4965 Non
1277 4901 1572 4966 adorabis
1615 4922 1707 4978 ea,
1754 4922 1947 4982 neque
1988 4902 2177 4967 coles.-
2219 4923 2325 4987 eyo
2361 4904 2528 4969 enim

579 4988 812 5054 Iehova
857 4986 1036 5051 Deus
1077 4991 1242 5060 tuus,
1300 4987 1480 5053 Deus
1520 4989 1769 5063 zelotes,
1816 4989 2082 5053 visitans
2135 4989 2528 5071 iniquitatem

571 5081 835 5158 patrum
875 5092 1068 5154 super
1104 5072 1291 5152 fitios,
1359 5074 1430 5137 in
1473 5075 1721 5138 tertiam
1763 5079 1818 5139 et
1860 5078 2151 5155 quartam
2189 5077 2531 5158 yeneratio-

577 5181 717 5225 nem
757 5162 822 5225 in
869 5158 972 5223 his
1012 5159 1123 5239 qui
1165 5178 1262 5222 me
1305 5159 1581 5223 oderunt.
1652 5160 1752 5225 10.
1802 5159 2070 5225 Faciem
2105 5166 2310 5226 autem
2345 5162 2528 5225 mise-

578 5248 919 5311 ricordiam
960 5246 1032 5309 in
1070 5243 1280 5310 millia
1324 5243 1729 5329 diligyentibus
1769 5266 1881 5324 me,
1951 5251 2007 5311 et
2046 5247 2528 5313 custodientibus

579 5353 718 5398 mea
751 5336 1102 5415 praecepta.

2807 3181 3020 3247 Exod.
3071 3180 3175 3261 20,
3235 3180 3298 3246 4.
3389 3181 3538 3246 Non
3576 3180 3776 3263 facies
3816 3181 3932 3246 tibi
3972 3181 4278 3264 sculptile.
4372 3183 4581 3248 Primo

2636 3275 2980 3351 praecepto
3041 3277 3382 3350 postquam
3443 3267 3751 3333 docuerat
3796 3268 4094 3351 quisnam
4154 3278 4337 3334 esset
4398 3290 4581 3335 verus

2635 3353 2837 3432 Deus,
2882 3374 3033 3419 eum
3072 3374 3277 3417 unum
3319 3353 3443 3417 coli
3480 3354 3692 3420 iussit:
3743 3373 3919 3418 nunc
3963 3364 4180 3419 autem
4227 3354 4466 3421 definit
4505 3356 4580 3419 le-

2634 3440 2943 3523 gitimum
3003 3439 3145 3505 eius
3204 3438 3476 3506 cultum.
3566 3438 3899 3520 Quoniam
3960 3449 4178 3505 autem
4237 3439 4407 3509 haec
4465 3439 4578 3507 duo

2632 3537 2787 3590 sunt
2823 3524 3153 3602 distincta,
3199 3524 3565 3609 colligimus
3590 3526 3856 3591 diversa
3891 3547 4035 3592 esse
4071 3537 4441 3612 praecepta,
4478 3526 4579 3593 ubi

2632 3610 2711 3676 de
2756 3613 2950 3677 rebus
2995 3611 3275 3676 diversis
3313 3612 3548 3695 agitur.
3605 3609 3857 3677 Ordine
3894 3611 4153 3695 quidem
4194 3613 4364 3678 illud
4406 3634 4578 3697 prae-

2632 3697 2835 3777 cedit,
2881 3704 2958 3762 ut
3004 3696 3200 3764 unico
3251 3697 3394 3762 Deo
3443 3697 3737 3762 contenti
3785 3698 3917 3763 sint
3963 3695 4219 3763 fideles:
4295 3699 4415 3765 sed
4459 3720 4575 3763 non

2632 3783 2963 3849 sufficeret
3005 3805 3123 3848 nos
3168 3782 3249 3847 ad
3295 3804 3497 3848 unum
3538 3782 3879 3848 colendum
3917 3783 4195 3863 institui,
4235 3786 4374 3851 nisi
4398 3785 4577 3851 etiam

2632 3870 2946 3935 sciremus
2991 3869 3271 3951 qualiter
3306 3868 3428 3934 coli
3453 3870 3632 3935 velit.
3681 3867 3957 3936 Summa
3979 3879 4196 3935 autem
4241 3882 4366 3951 est,
4405 3870 4580 3955 spiri-

2632 3955 2877 4019 tualem
2924 3976 3068 4020 osse
3106 3954 3233 4019 Dei
3268 3954 3536 4035 cultum,
3574 3964 3646 4020 ut
3684 3956 3823 4020 eius
3858 3964 4132 4020 naturae
4168 3959 4575 4041 respondeat.

2630 4041 2781 4106 Etsi
2818 4041 2992 4105 enim
3018 4048 3279 4105 tantum
3318 4041 3398 4105 de
3420 4042 3613 4106 idolis
3636 4040 3833 4107 verba
3857 4042 4017 4108 facit
4038 4042 4285 4121 Moses,
4313 4043 4576 4108 dubium

2630 4135 2850 4192 tamen
2895 4149 3023 4192 non
3071 4139 3171 4192 est
3215 4127 3375 4209 quin
3419 4148 3538 4211 per
3581 4127 4033 4212 synecdochen
4081 4126 4284 4214 (sicut
4343 4131 4415 4194 in
4452 4138 4580 4195 tota

2629 4212 2803 4299 lege)
2839 4234 3063 4278 omnes
3101 4212 3362 4278 fictitios
3399 4213 3615 4279 cultus
3653 4213 3920 4278 damnet
3967 4234 4128 4296 quos
4163 4236 4289 4298 pro
4325 4237 4445 4282 suo
4486 4216 4575 4279 in·

2630 4301 2825 4383 genio
2860 4298 3159 4363 homines
3196 4300 3590 4383 excogitant.
3637 4300 3815 4365 Hinc
3852 4300 4027 4365 enim
4065 4301 4372 4367 carnales
4417 4301 4575 4366 mix·

2630 4395 2818 4449 turae
2863 4384 2930 4448 in
2981 4384 3272 4448 vitiando
3321 4385 3446 4449 Dei
3491 4386 3689 4463 cultu,
3735 4386 3904 4468 quod
3958 4387 4172 4469 ipsum
4224 4387 4577 4454 aestimant

2629 4493 2714 4535 ex
2751 4472 3014 4554 proprio
3063 4492 3261 4536 sensu
3286 4522 3301 4551 ‚
3352 4480 3549 4554 atque
3597 4473 3690 4536 ita
3733 4470 4209 4554 quodammodo
4264 4474 4576 4542 transfor·

2631 4566 2834 4621 mant.
2881 4556 3039 4621 Ideo
3062 4564 3289 4622 tenere
3313 4577 3546 4639 operae
3570 4558 3851 4640 pretium
3888 4566 3990 4622 est
4024 4559 4238 4640 qualis
4272 4560 4363 4625 sit
4386 4558 4577 4636 Deus,

2630 4665 2714 4707 ne
2758 4642 2913 4727 quid
2960 4641 3039 4706 de
3083 4645 3222 4725 ipso
3265 4664 3562 4709 crassum
3587 4642 3692 4708 vel
3738 4651 4069 4709 terrenum
4117 4644 4575 4731 imaginemur.

2629 4729 2838 4793 Porro
2884 4728 3270 4813 simpliciter
3316 4731 3517 4794 verba
3562 4738 3826 4803 sonant,
3888 4751 4234 4813 perperam
4285 4732 4576 4797 homines

2630 4824 2937 4898 appetere
2995 4816 3121 4880 Dei
3180 4815 3610 4898 praesentiam
3657 4816 3726 4879 in
3784 4815 4003 4899 aliqua
4047 4815 4295 4881 visibili
4347 4818 4572 4900 effigie,

2630 4901 2781 4984 quia
2824 4901 3299 4983 repraesentari
3345 4901 3550 4965 oculis
3608 4922 3737 4965 non
3789 4910 4021 4984 potest.
4112 4900 4311 4983 Quod
4360 4913 4571 4968 autem

2629 4985 3121 5052 similitudinem
3167 4986 3366 5051 ullam
3413 4987 3556 5051 fieri
3601 4994 3814 5063 vetat,
3883 4989 3979 5053 vel
4026 5008 4249 5053 eorum
4302 5011 4469 5072 quae
4509 4990 4571 5050 in

2630 5073 2826 5138 coelis
2860 5081 3032 5151 sunt,
3070 5072 3178 5137 vel
3215 5092 3382 5155 quae
3417 5072 3487 5137 in
3526 5082 3719 5154 terra,
3764 5073 3865 5137 vel
3904 5094 4069 5157 quae
4104 5074 4175 5137 in
4219 5078 4416 5157 aquis
4459 5072 4570 5139 sub

2628 5169 2823 5238 terra,
2869 5172 3199 5241 sumptum
3247 5166 3463 5223 estex
3521 5179 3829 5241 perverso
3865 5180 3986 5224 usu
4031 5160 4140 5243 qui
4187 5163 4437 5242 passim
4480 5161 4569 5223 in·

2631 5243 2947 5309 valuerat.
2996 5243 3173 5325 Quia
3218 5253 3293 5308 ut
3336 5245 3710 5326 superstitio
3757 5266 4093 5331 nunquam
4138 5245 4427 5329 simplex
4463 5253 4570 5322 est,

2631 5330 2743 5395 sed
2780 5330 2850 5394 in
2896 5331 3113 5396 varias
3154 5339 3372 5414 partes
3419 5328 3824 5412 distrahitur,
3872 5333 3984 5397 alii
4019 5331 4088 5395 in
4125 5331 4344 5398 forma
4379 5330 4570 5397 homi·
