4867 6150
383 435 501 502 337

385 641 635 706 panem,
680 619 787 685 vel
831 621 1261 703 pulmentum,
1309 621 1409 686 vel
1457 621 1692 699 oleum,
1739 620 1847 686 vel
1892 622 2153 701 vinum,
2215 622 2323 689 vel

386 707 556 773 aliud
601 707 958 791 quidpiam,
1026 729 1108 771 an
1153 705 1709 773 sanctificabitur?
1799 707 2155 790 Postquam
2203 708 2328 774 hoc

385 800 726 877 negarunt,
769 813 1002 858 rursus
1045 792 1436 878 interrogat:
1487 791 1562 858 Si
1586 792 1882 876 tetigerit
1922 794 2212 877 pollutus
2257 795 2326 858 in

385 880 604 946 anima
647 876 891 961 aliquid
937 900 1020 943 ex
1064 878 1171 943 his
1213 879 1534 958 omnibus,
1585 898 1806 944 annon
1850 880 2325 946 contaminabi-

385 963 529 1030 tur?
641 964 1105 1046 Respondent:
1182 964 1778 1031 Contaminabitur.
1868 964 2064 1031 Unde
2129 965 2331 1033 infert

384 1050 734 1136 propheta:
805 1049 917 1116 Sic
974 1051 1251 1134 populus
1294 1051 1450 1129 iste,
1507 1059 1574 1117 et
1628 1050 1720 1116 sic
1775 1072 1938 1135 gens
1992 1053 2122 1117 ista
2176 1062 2330 1117 ante

384 1138 613 1204 faciem
658 1156 905 1216 meam,
967 1135 1127 1201 dicit
1170 1136 1447 1215 Iehova,
1495 1147 1562 1202 et
1606 1138 1700 1203 sic
1743 1158 1937 1202 omne
1982 1159 2145 1222 opus
2190 1159 2331 1204 ma-

385 1244 586 1289 nuum
645 1242 871 1287 eorum
931 1230 1001 1287 et
1057 1244 1480 1306 quaecunque
1524 1223 1885 1298 obtulerint
1925 1224 2124 1302 mihi,
2189 1224 2330 1307 pol-

383 1311 522 1374 luta
576 1319 789 1373 erunt.
890 1307 1073 1373 Idem
1147 1309 1329 1375 locus
1383 1329 1774 1393 germanum
1847 1308 2045 1375 huius
2113 1331 2331 1376 caere-

383 1394 638 1461 moniae
683 1415 874 1459 usum
921 1393 1344 1473 demonstrat,
1390 1396 1663 1461 vitiosos
1708 1403 1774 1459 et
1811 1415 2157 1479 perversos
2193 1396 2332 1462 cul·

385 1491 557 1546 tores
616 1478 853 1562 probro
913 1482 1124 1565 magis
1189 1502 1388 1564 quam
1453 1480 1704 1546 honore
1758 1481 1978 1546 Deum
2054 1483 2332 1561 afficere,

384 1569 537 1633 dum
595 1586 856 1631 sacrum
917 1567 1055 1633 eius
1119 1588 1357 1633 nomen
1420 1567 1556 1632 suis
1612 1567 2128 1651 inquinamentis
2187 1588 2335 1651 per-

385 1654 684 1719 miscent.

947 1994 1080 2060 Ex
1114 1993 1385 2061 DEUT.
1430 1993 1682 2061 xxm
1709 1993 1776 2081 1).

559 2168 599 2232 9
617 2166 691 2254 ²).
757 2167 964 2249 Quum
1028 2187 1310 2251 eyressus
1371 2166 1579 2249 fueris
1639 2168 1711 2233 in
1775 2167 2046 2234 exercitu
2126 2173 2339 2234 contra

381 2254 587 2321 hostes
626 2259 782 2330 tuos,
828 2274 972 2320 cave
1015 2254 1093 2319 ab
1135 2254 1306 2320 omni
1345 2273 1417 2318 re
1449 2254 1641 2320 mala.
1734 2254 1836 2319 10.
1905 2252 1982 2318 Si
2027 2252 2227 2335 fuerit
2267 2255 2338 2320 in

380 2345 435 2406 te
497 2341 827 2422 quispiam
888 2360 1010 2406 non
1062 2340 1340 2405 mundus
1401 2358 1556 2405 casu
1620 2345 1931 2420 nocturna
1994 2340 2339 2423 eyredietur

381 2432 566 2492 extra
616 2430 823 2490 castra
839 2476 854 2503 ,
911 2446 1018 2491 nec
1069 2425 1452 2509 inyredietur
1508 2425 1580 2490 in
1634 2426 1914 2493 medium
1968 2431 2334 2491 castrorum.

386 2513 484 2577 11.
548 2512 753 2594 Quum
794 2516 1001 2578 autem
1043 2511 1360 2593 asperserit
1399 2531 1738 2592 vesperem,
1784 2510 2018 2578 lavabit
2056 2531 2125 2575 se
2165 2530 2338 2594 aqua

383 2604 441 2663 et
481 2618 680 2681 quum
721 2597 1068 2663 occubuerit
1108 2597 1218 2676 sol,
1260 2598 1645 2680 inyredietur
1685 2602 1912 2664 castra.
1984 2597 2086 2663 12.
2132 2597 2340 2664 Locus

382 2685 578 2749 etiam
633 2684 753 2748 erit
806 2683 919 2749 tibi
975 2688 1151 2748 extra
1204 2688 1430 2759 castra,
1473 2684 1926 2767 eyredierisque
1968 2684 2119 2749 illue
2156 2681 2337 2764 foras

385 2770 486 2835 13.
546 2767 845 2834 Paxizzus
887 2769 1033 2834 itm
1074 2771 1196 2834 erit
1235 2768 1351 2834 tibi
1391 2769 1555 2834 imiter
1595 2789 1755 2836 vasa
1797 2775 1927 2848 tua,
1990 2774 2048 2835 ct
2088 2769 2339 2850 quando

382 2855 699 2921 desidetis
740 2860 935 2931 extra,
981 2855 1185 2935 fodies
1226 2855 1366 2937 ipso
1381 2906 1396 2932 ‚
1451 2859 1507 2919 et
1562 2875 1891 2922 conversus
1943 2856 2186 2938 operies
2235 2874 2340 2920 ex-

380 2945 699 3007 crementa
757 2947 887 3006 tua.
982 2941 1082 3005 14.
1145 2938 1377 3006 Iehcva
1403 2942 1599 3005 -enim
1653 2940 1837 3007 Deus
1898 2940 2174 3008 ambulat
2216 2960 2340 3024 per

382 3028 666 3094 medium
717 3031 1063 3093 castrorum
1118 3030 1398 3103 tuorum,
1461 3032 1529 3092 ut
1585 3028 1818 3109 eripiat
1866 3033 1956 3108 te,
2016 3031 2073 3094 et
2129 3027 2342 3093 ῠναᾶαὺ

381 3114 678 3179 inimicos
733 3118 870 3179 tuos
921 3133 1129 3179 coram
1194 3118 1266 3177 te.
1378 3112 1478 3178 Sit
1539 3112 1735 3196 iyitwr
1799 3116 1868 3180 in
1929 3113 2156 3180 cas-tris
2214 3113 2341 3179 tuis

382 3201 726 3279 sanctitas,
758 3220 860 3350 gie
905 3200 1116 3265 videat
1165 3200 1235 3264 in
1295 3203 1352 3264 te
1406 3199 1856 3281 turpitudinem
1909 3199 2223 3282 aliquam,
2284 3204 2342 3265 ct

383 3289 715 3352 avertatur
836 3305 869 3350 s
912 3290 983 3350 te.

569 3456 628 3521 9.
682 3456 887 3538 Quwm
942 3475 1223 3539 cyressus
1276 3456 1479 3538 fueris
1534 3456 1605 3520 in
1647 3456 1930 3522 exercitu.
2022 3453 2216 3537 Quod
2260 3455 2342 3522 de

387 3540 724 3608 servanda
768 3541 944 3606 domi
988 3549 1057 3606 et
1098 3541 1170 3606 in
1217 3544 1351 3607 otio
1397 3543 1682 3626 puritate
1727 3541 1963 3616 docuit,
2010 3562 2189 3608 nunc
2225 3563 2342 3606 ex-

388 3628 609 3695 tendit
650 3626 849 3693 etiam
894 3626 976 3691 ad
1021 3637 1236 3694 castra
1278 3627 1539 3694 bellica:
1588 3636 1663 3693 ut
1703 3627 1775 3692 in
1811 3627 2029 3693 medio
2064 3628 2343 3710 strepitu

387 3735 726 3780 armorum
761 3734 959 3797 puros
995 3734 1067 3778 se
1101 3716 1183 3780 ab
1219 3714 1398 3780 omni
1442 3714 1701 3779 macula
1743 3721 2154 3779 conservent.
2199 3713 2344 3779 Sci·

390 3823 580 3881 mus,
647 3810 720 3864 ut
788 3799 1144 3885 plurimum
1203 3801 1384 3884 leges
1449 3799 1517 3863 in
1579 3799 1765 3864 bellis
1829 3820 2116 3876 cessare,
2185 3798 2343 3864 dum

391 3888 623 3951 omnia
657 3887 908 3969 impetu
944 3886 1155 3970 magis
1200 3906 1394 3969 quam
1448 3886 1698 3949 ratione
1735 3894 2056 3969 aguntur,
2110 3892 2178 3950 et
2220 3885 2345 3950 sci-

391 3993 551 4037 mus
593 3971 804 4036 multa
858 3971 1066 4037 solere
1121 3970 1440 4037 militibus
1482 3971 1794 4053 permitti,
1856 3992 2021 4054 quae
2075 3972 2144 4036 in
2188 3992 2346 4054 pace

393 4058 584 4124 nullo
645 4058 835 4122 modo
889 4056 1227 4122 toleranda
1269 4064 1507 4123 essent.
1553 4056 1730 4122 Huic
1772 4056 1947 4122 malo
1984 4058 2167 4123 Deus
2209 4079 2344 4122 me·

395 4143 546 4209 deri
571 4143 798 4222 voluit,
842 4141 1016 4207 idem
1061 4143 1371 4226 puritatis
1404 4142 1696 4207 studium
1720 4141 2036 4209 Israelitis
2073 4144 2138 4208 in
2175 4142 2347 4209 bello

394 4227 871 4296 commendans
884 4228 1053 4311 quod
1077 4230 1146 4293 in
1170 4249 1348 4312 pace.
1383 4229 1512 4293 Est
1533 4230 1706 4293 enim
1732 4230 1893 4295 haec
1908 4228 2014 4294 lex
2029 4229 2347 4312 specialis,

395 4336 573 4399 qnae
596 4316 662 4379 in
687 4315 923 4379 militia
944 4314 1289 4380 dissolutos
1312 4323 1379 4380 et
1402 4315 1722 4380 effraenes
1744 4336 1888 4381 esse
1910 4325 2115 4380 vetat:
2151 4315 2347 4380 sicuti

396 4410 558 4466 ante
599 4402 671 4465 in
708 4404 948 4485 genere
991 4421 1252 4465 omnem
1295 4401 1779 4466 immunditiem
1827 4401 2187 4466 damnavit.
2249 4404 2348 4468 Ac

397 4489 457 4553 si
496 4485 745 4552 diceret
788 4485 972 4552 nullo
1017 4495 1361 4569 praetextu
1405 4488 1545 4551 fore
1590 4487 1996 4553 excusabiles
2039 4487 2099 4551 si
2139 4487 2346 4552 inter-

398 4574 677 4638 mittant
727 4570 1037 4638 colendae
1104 4572 1408 4655 puritatis
1466 4573 1792 4639 exercitia.
1881 4572 2113 4656 Neque
2166 4573 2346 4637 enim

398 4659 475 4723 in
524 4660 815 4725 exercitu
858 4666 926 4722 et
966 4659 1198 4724 castris
1240 4667 1468 4723 cautos
1511 4678 1654 4723 esse
1696 4658 1896 4738 iubet,
1950 4679 2026 4724 ac
2069 4659 2124 4725 si
2170 4656 2346 4723 domi

395 4745 676 4828 impune
718 4743 1198 4827 delinquerent,
1257 4744 1371 4808 sed
1415 4742 1754 4823 admonet,
1811 4742 2030 4810 Deum
2075 4744 2347 4810 minime

399 4833 670 4896 veniam
716 4830 1057 4908 daturum,
1115 4829 1418 4913 quamvis
1463 4830 1915 4894 necessitatem
1960 4830 2116 4896 belli
2159 4851 2346 4912 prae-

398 4925 667 4981 texant:
710 4915 920 4981 multo
964 4918 1174 4999 magis
1217 4924 1656 5000 exaggeratur
1691 4905 1959 4995 crimen,
2004 4916 2064 4981 si
2105 4915 2176 4981 in
2213 4918 2348 4981 otio

398 5012 469 5065 et
516 5003 873 5086 composita
930 5013 1152 5068 mente
1209 5023 1279 5067 se
1337 5002 1777 5086 coinquinent.
1865 5001 2058 5069 Unde
2101 5001 2348 5086 colligi-

581 5224 639 5292 1)
672 5230 844 5279 Autre
877 5224 1226 5294 dependence
1271 5224 1340 5277 de
1385 5239 1444 5277 se
1490 5226 1636 5279 tenir
1671 5230 1975 5279 nettement
2017 5240 2085 5278 en
2122 5228 2353 5280 cachant

397 5311 493 5348 ⁸⁰⁸
531 5292 1099 5432 ¹033‘ffl.<.⁸303·-15.

620 5447 841 5504 Caluini
868 5463 1055 5518 opera.
1132 5446 1250 5532 Vol.
1285 5445 1450 5503 XXI
1457 5449 1519 5504 V.

833 5669 868 5706 Ν

1843 433 2223 501 PRIMUM
2267 432 2917 500 PRAEOEPTUM.

4255 437 4387 507 338

2429 642 2596 703 mus,
2639 621 2885 687 frustra
2927 620 3179 703 captari
3224 620 3457 686 inanes
3500 628 3900 705 praetextus,
3947 622 4101 689 dum
4150 625 4285 691 ulla
4319 627 4391 692 in

2426 717 2616 792 parte
2639 707 2972 773 violantur
3007 706 3135 771 Dei
3160 704 3500 771 mandata:
3549 707 3701 789 quia
3746 710 4171 792 quantumvis
4217 711 4390 778 diffi-

2430 793 2554 859 cile
2613 794 2700 858 sit
2755 794 3042 859 officium
3101 802 3457 876 praestare,
3519 791 3704 859 Deus
3750 806 3970 861 tamen
4030 796 4134 862 ius
4189 817 4388 863 suum

2432 901 2767 963 nunquam
2838 879 3147 963 resignat.
3239 879 3448 944 Porro
3515 879 3573 944 si
3638 878 3881 949 delicta
3945 879 4189 948 bellum
4256 904 4387 949 non

2433 974 2725 1044 excusat,
2771 963 2942 1049 quod
2988 962 3250 1029 videtur
3295 963 3472 1049 leges
3525 964 3809 1046 solvere,
3866 966 4076 1032 multo
4121 969 4388 1052 gravior

2432 1050 2535 1137 (ut
2600 1052 2843 1117 dictum
2911 1048 3040 1136 est)
3107 1049 3483 1115 censebitur
3561 1072 3788 1116 eorum
3869 1053 4062 1136 culpa
4124 1055 4239 1137 qui
4315 1056 4386 1120 in

2434 1136 2790 1219 tranquillo
2878 1137 3058 1201 vitae
3145 1142 3326 1201 statu
3402 1136 3742 1203 licentiose
3814 1138 3897 1204 ad
3985 1139 4385 1222 peccandum

2433 1224 2757 1288 feruntur.

2610 1308 2710 1374 10.
2763 1306 2837 1372 Si
2876 1306 3075 1389 fuerit
3116 1305 3184 1370 in
3229 1311 3285 1371 te
3322 1307 3661 1388 quispiam.
3728 1306 3917 1375 Deus
3951 1308 4389 1393 pollutionum

2435 1395 2686 1479 species
2729 1398 3107 1472 enumerat,
3166 1413 3246 1456 ex
3307 1391 3543 1475 quibus
3602 1404 3998 1477 cognoscant
4048 1395 4390 1463 Israelitae

2438 1480 2592 1563 quid
2639 1479 2761 1545 sibi
2810 1478 2971 1544 velit
3014 1499 3248 1544 cavere
3285 1499 3325 1543 a
3367 1498 3438 1543 re
3475 1478 3667 1544 mala.
3713 1478 3939 1545 Primo
3979 1503 4090 1547 eos
4125 1483 4236 1566 qui
4273 1504 4391 1566 per

2440 1567 2841 1631 insomnium
2890 1563 3303 1649 profuderint
3356 1585 3581 1630 semen
3626 1564 3998 1632 immundos
4039 1588 4184 1634 esse
4240 1590 4389 1650 pro-

2440 1653 2732 1729 nunciat,
2778 1659 2847 1715 et
2888 1650 3067 1717 eiicit
3110 1671 3147 1715 e
3189 1650 3442 1730 castris,
3491 1649 3695 1716 donec
3740 1672 4009 1734 vespere
4052 1675 4123 1719 se
4165 1655 4388 1721 ablue·

2441 1739 2593 1803 rint.
2660 1736 2919 1802 Deinde
2962 1746 3143 1801 vetat
3186 1735 3321 1801 alvi
3356 1736 3794 1802 excrementis
3828 1746 4044 1805 castra
4086 1740 4386 1807 inficere:

2440 1844 2652 1907 neque
2693 1822 2761 1888 id
2805 1822 3044 1900 solum,
3108 1820 3220 1887 sed
3268 1823 3466 1887 etiam
3511 1843 3713 1906 quum
3759 1825 4006 1907 egressi
4050 1825 4296 1890 fuerint
4351 1846 4389 1891 e

2441 1909 2690 1987 castris,
2757 1907 2940 1974 iubet
2984 1908 3104 1972 sub
3149 1917 3395 1973 terram
3439 1929 3560 1973 sua
3603 1916 4021 1974 excrementa
4069 1909 4390 1993 defodere,

2442 2017 2525 2061 ne
2569 2017 2698 2079 qua
2741 1993 3014 2059 foeditas
3059 2001 3388 2076 appareat.
3478 1992 3824 2059 Probabile
3860 2004 4078 2060 autem
4119 2006 4239 2081 est,
4277 2017 4393 2080 per

2440 2080 2898 2166 synecdochen
2937 2078 3269 2162 designari
3304 2079 3457 2163 quid
3507 2079 3618 2145 uid
3653 2079 4030 2147 immundos
4071 2089 4139 2147 et
4181 2083 4390 2166 pollu-

2439 2176 2540 2232 tos
2594 2165 2906 2231 reddebat
2962 2164 3280 2230 homines.
3371 2163 3461 2231 Se
3549 2165 3798 2244 Moses,
3865 2166 4240 2233 militariter
4293 2169 4391 2234 lo·

2439 2251 2731 2336 quendo‚
2793 2252 2954 2318 satis
3013 2250 3247 2316 habuit
3301 2251 3586 2316 breviter
3630 2250 3892 2329 docere,
3951 2255 4250 2335 quamvis
4308 2251 4393 2319 ad

2442 2339 2685 2405 bellum
2746 2336 3108 2423 gerendum
3167 2337 3408 2401 intenti
3464 2336 3711 2415 forent,
3777 2336 4134 2404 curandam
4195 2339 4391 2405 simul

2439 2446 2585 2492 esse
2627 2424 3039 2490 munditiem.
3128 2423 3261 2488 Per
3304 2421 3603 2488 accidens
3649 2423 3854 2487 noctis
3899 2424 4190 2490 omnium
4238 2446 4393 2490 con·

2441 2533 2637 2578 sensu
2681 2510 3077 2594 intelligitur
3120 2508 3386 2573 seminis
3423 2509 3726 2590 profusio.
3815 2507 4009 2575 Unde
4063 2511 4395 2594 colligitur

2443 2609 2844 2682 quantopere
2890 2594 3224 2661 hominem
3277 2594 3497 2660 foedet
3539 2592 3987 2676 impudicitia,
4046 2617 4248 2679 quum
4307 2619 4393 2663 ex

2443 2684 2746 2765 turpibus
2791 2682 3063 2749 somniis
3122 2680 3302 2746 labes
3359 2681 3806 2746 contrahatur.
3897 2679 4092 2761 Quod
4148 2683 4228 2747 ad
4287 2703 4389 2748 se·

2444 2770 2727 2835 cundam
2792 2780 3045 2852 partem
3103 2774 3385 2850 spectat,
3451 2766 3716 2849 quidam
3777 2767 3953 2832 acuti
4006 2776 4073 2831 et
4139 2766 4393 2834 dicaces

2442 2854 2657 2921 videri
2723 2864 3045 2939 appetunt
3108 2853 3181 2917 in
3248 2851 3640 2936 exagitando
3706 2851 3912 2929 Mose,
3978 2852 4150 2935 quod
4215 2855 4393 2919 inter

2443 2941 2811 3008 sanctitatis
2853 2944 3202 3023 praecepta
3248 2937 3369 3003 hoc
3412 2938 3718 3020 posuerit,
3761 2936 3828 3002 N
3828 2958 3864 3002 6
3907 2939 4053 3021 quis
4089 2949 4395 3006 ventrem

2443 3028 2516 3095 in
2580 3026 2815 3094 castris
2880 3032 3214 3091 exoneret.
3315 3021 3613 3102 Scilicet,
3686 3022 4029 3107 inquiunt,
4089 3027 4392 3093 stercoris

2446 3114 2694 3199 egestio
2739 3112 2868 3178 Dei
2914 3132 3108 3176 nares
3151 3109 3394 3175 olfactu
3439 3107 3697 3174 laedere
3740 3111 3969 3192 potuit.
4023 3110 4159 3177 Sed
4201 3113 4393 3178 facile

2445 3200 2824 3285 coarguitur
2867 3197 3075 3262 futilis
3120 3216 3345 3261 eorum
3387 3194 3769 3278 petulantia,
3815 3194 3986 3279 quod
4022 3197 4207 3264 Deus
4244 3198 4394 3265 tali-

2447 3286 2567 3351 bus
2626 3283 3019 3350 rudimentis
3077 3291 3366 3348 veterem
3414 3280 3731 3364 populum
3786 3282 3857 3345 in
3913 3281 4129 3350 officio
4184 3287 4396 3350 conti-

2447 3374 2683 3450 nuerit,
2729 3392 2813 3437 ne
2855 3370 3126 3435 libertas
3161 3366 3361 3433 etiam
3396 3367 3466 3431 in
3501 3365 3695 3432 rebus
3731 3366 4023 3434 minimis
4059 3368 4397 3438 audaciam

2445 3465 2722 3542 pareret.
2833 3456 2912 3522 Si
2990 3454 3381 3538 permissum
3459 3453 3692 3518 fuisset
3769 3451 4069 3520 sordibus
4146 3456 4394 3538 passim

2446 3552 2662 3609 castra
2696 3544 3063 3625 inquinare,
3101 3562 3253 3605 mox
3290 3537 3708 3604 obduruisset
3740 3538 4024 3623 populus
4046 3539 4128 3605 ad
4162 3562 4391 3624 quam·

2445 3630 2608 3696 libet
2649 3627 3049 3712 spurcitiem.
3140 3625 3392 3690 Iniecto
3436 3625 3656 3708 itaque
3698 3625 3921 3690 fraeno
3971 3630 4212 3691 retenti
4256 3630 4395 3694 fue·

2448 3725 2629 3794 runt,
2673 3724 2749 3780 ut
2792 3715 3001 3798 magis
3045 3711 3321 3778 sollicite
3366 3712 3618 3775 animos
3662 3710 3745 3775 ad
3780 3711 4188 3793 spiritualem
4223 3715 4396 3782 inte·

2448 3802 2758 3885 gritatem
2816 3799 3188 3865 adiicerent.
3294 3796 3650 3862 Falluntur
3715 3797 3912 3861 etiam
3978 3799 4091 3881 qui
4157 3808 4397 3884 putant

2447 3907 2647 3952 sanae
2692 3884 3090 3951 valetudinis
3136 3882 3362 3949 haberi
3406 3883 3726 3947 rationem
3746 3933 3762 3961 ,
3821 3903 3907 3947 ne
3949 3883 4208 3952 morbos
4249 3888 4395 3971 gig·

2450 3983 2637 4037 neret
2681 3974 2887 4037 foetor
2932 3969 3431 4054 ac'corporibus
3475 3976 3649 4033 esset
3693 3969 3948 4036 noxius.
3996 3969 4190 4037 Clare
4217 3973 4396 4037 enim

2448 4059 2762 4143 exprimit
2802 4059 3023 4124 Moses
3066 4078 3136 4122 se
3179 4075 3306 4120 non
3357 4061 3611 4119 tantum
3659 4055 3980 4136 respicere
4015 4055 4174 4139 quid
4221 4058 4395 4123 salu·

2448 4145 2564 4211 bre
2611 4145 2730 4226 sit,
2785 4144 2891 4209 vel
2950 4144 3147 4208 etiam
3194 4140 3349 4224 quid
3393 4139 3745 4220 honestum
3790 4160 4008 4205 coram
4054 4142 4396 4210 hominum

2449 4231 2682 4298 oculis:
2731 4228 2843 4296 sed
2882 4230 3095 4313 potius
3139 4227 3544 4293 assuefacere
3585 4226 3919 4308 populum,
3988 4235 4060 4291 ut
4102 4249 4142 4293 a
4185 4230 4396 4295 sordi-

2449 4319 2572 4383 bus
2616 4315 2993 4394 abhorreat,
3061 4334 3258 4397 seque
3301 4314 3629 4378 sincerum
3674 4321 3740 4376 et
3780 4312 4196 4395 impollutum
4241 4336 4395 4382 con-

2450 4413 2682 4470 servet.
2769 4400 3052 4468 Subiicit
3093 4399 3302 4479 enim,
3347 4397 3568 4462 Deum
3613 4395 3983 4481 praesidere
4025 4401 4275 4479 castris,
4323 4410 4397 4468 ut

2450 4510 2561 4555 eos
2629 4510 2669 4554 a
2731 4488 2800 4554 vi
2861 4498 2931 4553 et
2993 4487 3246 4570 impetu
3297 4483 3582 4550 hostium
3627 4492 3959 4567 protegat:
4025 4485 4396 4553 timendum

2451 4597 2608 4660 vero
2652 4596 2812 4654 esse,
2858 4574 2914 4640 si
2958 4581 3174 4639 castra
3216 4570 3684 4645 contaminent,
3731 4589 3814 4634 ne
3858 4569 4149 4637 offensus
4190 4573 4396 4638 sordi-

2450 4662 2572 4728 bus
2632 4668 2700 4726 et
2754 4660 3029 4726 maculis
3087 4677 3196 4723 eos
3254 4655 3531 4721 deserat.
3635 4652 3911 4720 Summa
3981 4665 4114 4735 est,
4189 4679 4393 4741 quum

2450 4769 2614 4832 opus
2657 4746 2944 4812 habeant
2986 4744 3114 4810 Dei
3150 4741 3417 4818 auxilio,
3465 4741 3575 4806 ubi
3619 4761 3769 4806 cum
3816 4739 4118 4810 hostibus
4155 4744 4397 4810 bellan-

2451 4833 2606 4897 dum
2672 4842 2800 4909 est,
2861 4830 3151 4897 studium
3212 4827 3579 4894 sanctitatis
3608 4847 3789 4891 non,
3828 4826 4065 4894 debere
4124 4829 4195 4894 in
4250 4830 4396 4913 ipsa

2450 4919 2687 4984 militia
2728 4917 2941 4983 omitti
2986 4914 3093 4982 vel
3136 4913 3401 4999 negligi.
