4867 6150
550 391 681 457 611

547 600 750 664 posse
805 588 981 647 stare
1038 578 1383 646 hominum
1441 579 1816 646 societatem
1837 629 1853 657 ,
1951 601 2103 646 uam
2160 582 2216 646 si
2258 590 2515 648 constet

557 666 874 750 legitimis
934 666 1281 749 praefectis
1336 686 1455 730 sua
1515 668 1830 731 autoritas
1875 685 1914 730 a
2002 668 2371 733 exercenda
2412 669 2511 734 iu·

556 753 742 817 dicia.
836 750 995 819 Sive
1039 773 1196 836 ergo
1237 751 1571 835 suffragiis
1617 752 1842 835 populi
1885 753 2087 818 creati
2133 753 2266 819 sint
2310 754 2515 838 magi-

555 846 826 915 stratus,
855 839 1011 904 ‘sive
1055 836 1320 903 aliunde
1362 837 1689 920 impositi,
1735 836 2062 904 diseamus
2107 841 2513 906 necessarios

555 944 700 990 esse
745 922 875 988 Dei
919 923 1254 990 ministros
1297 925 1410 1006 qui
1450 923 1575 990 sub
1620 923 1841 1009 legum
1885 924 2042 1008 iugo
2086 944 2313 991 omnes
2358 946 2509 992 con-

553 1010 836 1075 tineant.
951 1009 1239 1077 Ultimus
1317 1010 1496 1076 loeus
1574 1028 1768 1092 quem
1847 1030 1930 1076 ex
1996 1010 2511 1077 Deuteronomio

555 1094 852 1176 attexui,
921 1093 1149 1162 eodem
1217 1104 1504 1180 spectat:
1586 1115 1820 1180 nempe
1885 1096 1955 1160 in
2023 1094 2191 1163 bello
2257 1119 2513 1182 quoque

2028 348 2413 465 snxruM
2457 395 3105 463 PRAECEPTUM.

4421 393 4526 458 612

2626 584 3072 650 necessarium
3115 604 3258 650 esse
3302 583 3620 664 ordinem,
3665 605 3748 650 ne
3789 580 4213 648 tumultuarie
4253 580 4535 647 miscean-

2627 679 2740 734 tur
2804 672 3043 736 omnia.
3153 669 3299 735 Iam
3363 670 3421 735 si
3487 669 3631 736 Deo
3698 668 3911 753 placet
3974 667 4188 752 capita
4251 685 4537 749 praeesse,

2629 755 2826 820 etiam
2873 757 3168 840 sequitur
3212 755 3344 820 illis
3388 777 3532 822 esse
3574 753 3971 839 parendum:
4027 752 4180 837 quia
4218 750 4539 818 ridiculum

2627 850 2799 907 esset
2842 844 3195 925 praeficere
3240 842 3353 924 qui
3398 841 3788 926 gubernent,
3833 840 3889 905 si
3933 859 4042 905 eos
4085 838 4350 922 impune
4388 858 4543 921 sper·

2626 949 2784 992 nere
2839 928 3048 995 liceat.
3149 925 3337 992 Deus
3388 948 3548 1012 ergo
3605 925 3877 995 locando
3935 926 4005 990 in
4071 923 4283 1009 capite
4344 927 4545 1007 populi

2623 1011 2891 1081 bellicos
2949 1014 3172 1093 duces,
3226 1014 3644 1080 subiectionis
3702 1011 4085 1079 modestiam
4139 1009 4545 1078 commendat.

1819 2042 2346 2138 SEXTUM
2405 1980 3315 2143 PRAEOEPTUM.

1184 2379 1320 2447 EX
1360 2378 1666 2449 EXODI
1710 2379 1871 2448 XX.

727 2532 829 2598 13.
878 2531 1028 2598 Non
1070 2533 1323 2599 occides.

638 2932 1126 3010 EIUSDEM
1162 2933 1775 3012 PRAEOEPTI
1819 2934 2421 3012 REPETITIO.

1241 3100 1374 3166 Ex
1416 3098 1690 3166 DEU'P.
1737 3100 1823 3166 V.

737 3270 815 3334 17
821 3321 836 3335 .
884 3269 1037 3335 Non
1081 3271 1336 3338 occides.

730 3422 1007 3491 Summa
1052 3423 1250 3490 huius
1307 3424 1639 3509 praecepti
1697 3435 1831 3503 est,
1891 3448 1977 3493 ne
2037 3426 2142 3493 eui
2200 3427 2512 3493 iniustam

554 3511 691 3575 vim
730 3510 1103 3576 afferamus.
1169 3509 1421 3575 Verum
1458 3531 1585 3593 quo
1619 3510 1856 3577 melius
1891 3513 1972 3578 ab
2008 3513 2191 3579 omni
2226 3512 2512 3579 laesione

561 3618 681 3661 nos
724 3597 908 3662 Deus
964 3596 1341 3678 prohibeat,
1405 3598 1688 3681 speeiem
1735 3619 1936 3663 unam
1983 3621 2023 3664 a
2068 3621 2197 3681 qua
2241 3613 2508 3665 natura·

549 3683 706 3747 liter
730 3682 1039 3748 abhorret
1064 3683 1401 3747 hominum
1441 3704 1673 3748 sensus
1707 3685 2048 3767 proponit:
2089 3684 2508 3750 homicidium

555 3769 732 3832 enim
779 3768 1183 3833 detestamur
1227 3789 1476 3850 omnm,
1517 3781 1593 3832 ut
1636 3789 1749 3836 eos
1792 3770 2199 3854 refugiamus
2233 3793 2509 3851 quorum

554 3874 792 3919 manus
836 3865 991 3918 sunt
1035 3855 1359 3937 sanguine
1404 3854 1726 3936 pollutae,
1779 3877 1855 3921 ae
1898 3857 1954 3921 si
1998 3857 2241 3939 aliquid
2285 3871 2508 3923 conta·

554 3940 769 4024 gionis
812 3959 1032 4005 seeum
1077 3939 1342 4005 ferrent.
1410 3938 1645 4005 Voluit
1686 3941 1935 4007 seilicet
1973 3943 2156 4007 Deus
2200 3943 2510 4027 imaginis

552 4047 711 4092 suae
778 4025 1084 4108 reliquias
1140 4046 1306 4107 quae
1363 4025 1580 4092 adhuc
1638 4026 1710 4090 in
1774 4027 2150 4093 hominibus
2203 4031 2509 4109 emicant,

553 4112 776 4194 aliquo
834 4113 903 4176 in
965 4111 1174 4193 pretio
1233 4133 1533 4189 manere,
1596 4123 1670 4177 ut
1724 4113 2046 4179 sentirent
2089 4134 2315 4181 omnes
2358 4137 2507 4181 cum

553 4197 751 4263 caede
812 4197 1097 4262 hominis
1156 4199 1578 4263 coniunctum
1637 4219 1782 4264 esse
1836 4200 2269 4282 saerilegium.
2358 4201 2511 4266 Non

556 4283 952 4364 exprimitur
977 4282 1239 4366 quidem
1264 4282 1371 4348 hie
1396 4284 1563 4348 ratio
1594 4305 1723 4367 qua
1746 4283 1931 4351 Deus
1955 4285 2109 4351 alibi
2134 4284 2331 4372 (Gen.
2357 4288 2415 4363 9,
2444 4286 2511 4375 6)

558 4368 862 4435 homines
896 4391 936 4433 a
970 4370 1277 4436 caedibus
1324 4369 1629 4450 deterret,
1676 4370 1830 4436 dum
1877 4373 2114 4437 asserit
2154 4373 2508 4457 imaginem

558 4475 745 4519 suam
791 4454 913 4520 hoc
956 4454 1146 4521 modo
1191 4455 1456 4521 violari:
1519 4456 1635 4521 sed
1695 4458 1999 4541 quamvis
2052 4461 2374 4541 praecise,
2439 4469 2513 4525 ut

433 4563 436 4568 ·
557 4539 929 4624 legislator,
976 4563 1092 4624 pro
1136 4541 1413 4625 imperio
1458 4542 1790 4625 loquatur,
1847 4543 2245 4609 considerari
2292 4559 2513 4611 tamen

564 4627 772 4691 voluit
816 4626 987 4708 quod
1033 4626 1203 4692 ultro
1248 4629 1318 4692 in
1364 4642 1649 4693 mentem
1694 4628 1998 4694 omnibus
2059 4630 2287 4696 venire
2330 4645 2510 4714 pote-

558 4724 695 4776 rat:
766 4711 957 4794 quale
1015 4723 1115 4776 est
1172 4713 1330 4778 illud
1393 4735 1648 4796 quoque
1707 4715 1923 4781 Isaiae
1982 4716 2314 4782 hominem
2369 4739 2513 4784 esse

557 4818 824 4863 carnem
888 4813 1201 4863 nostram.
1306 4798 1455 4880 Quo
1515 4801 1737 4883 itaque
1803 4803 2120 4867 attentius
2185 4804 2266 4868 ab
2333 4806 2513 4869 omni

557 4884 805 4949 iniuria
848 4884 971 4950 sibi
1018 4897 1294 4949 caveant
1335 4885 1592 4964 fideles,
1640 4890 1887 4953 crimen
1934 4889 2104 4970 quod
2151 4899 2383 4972 sponte
2428 4891 2516 4956 fa-

561 4980 787 5036 tentur
860 4991 1088 5036 omnes
1154 4992 1285 5036 non
1351 4993 1493 5037 esse
1561 4974 1902 5038 ferendum
1984 4973 2273 5041 damnat.
2385 4977 2516 5043 Per

560 5055 1014 5135 synecdochen
1098 5078 1255 5123 vero
1334 5058 1455 5123 sub
1539 5081 1693 5124 voce
1759 5059 1978 5125 caedis
2045 5064 2516 5145 comprehendi

560 5143 920 5224 quamlibet
959 5142 1355 5220 violentiam,
1403 5143 1834 5225 pulsationem
1874 5156 1939 5210 et
1975 5146 2312 5226 insultum,
2358 5171 2515 5214 mox

561 5228 803 5294 clarius
858 5230 1124 5311 patebit.
1214 5229 1355 5294 Iam
1417 5250 1574 5293 vero
1635 5230 1910 5295 alterum
1969 5253 2225 5314 quoque
2269 5237 2514 5317 prinei·

555 5314 739 5396 pium
788 5314 1142 5380 tenendum
1182 5325 1299 5390 est,
1345 5316 1714 5399 praeceptis
1749 5317 2080 5400 negativis
2116 5317 2216 5405 (ut
2255 5320 2515 5407 vocant)

2621 2383 2891 2453 subesse
2951 2387 3354 2453 contrarium
3413 2387 3949 2455 affirmationem:
4011 2389 4253 2475 alioqui
4299 2390 4560 2456 minime

2622 2482 3133 2539 consentaneum
3170 2482 3362 2554 esset,
3399 2475 3454 2540 si
3490 2475 3635 2558 quis
3673 2475 3755 2542 ab
3791 2475 4034 2542 iniuria
4068 2476 4190 2544 sibi
4230 2484 4559 2561 temperet,

2620 2556 2752 2642 legi
2799 2558 2924 2623 Dei
2968 2559 3361 2626 satisfacere.
3431 2559 3538 2626 Sit
3587 2558 3903 2647 (exempli
3952 2561 4192 2650 gratia)
4243 2562 4557 2647 quispiam

2620 2643 2861 2726 pusillo
2898 2645 3133 2723 anime,
3171 2658 3236 2711 et
3273 2646 3384 2728 qui
3418 2647 3528 2713 vel
3564 2667 3840 2731 puerum
3865 2646 4135 2733 aggredi
4157 2669 4295 2715 non
4319 2648 4557 2729 audeat,

2621 2730 2676 2795 is
2722 2750 2805 2794 ne
2848 2728 3128 2813 digitum
3173 2729 3432 2814 quidem
3478 2731 3770 2798 movebit
3813 2731 3893 2797 ad
3940 2735 4277 2815 proximos
4313 2733 4559 2801 laeden—

2621 2815 2773 2882 dos:
2819 2836 2901 2880 an
2950 2825 3292 2899 propterea
3334 2817 3772 2885 humanitatis
3815 2819 4029 2885 officio
4065 2819 4413 2886 defunctus
4448 2820 4558 2887 erit

2621 2902 2830 2984 quoad
2875 2915 3136 2967 sextum
3182 2903 3651 2987 praeceptum?
3696 2905 3843 2970 Imo
3879 2907 4246 2973 communis
4293 2917 4556 2973 naturae

2620 3008 2852 3053 sensus
2897 2987 3045 3073 plus
3087 2989 3296 3075 exigit
3331 3010 3528 3074 quam
3564 3000 3640 3055 ut
3673 2990 4118 3057 abstineamus
4152 3014 4194 3058 a
4229 2992 4557 3059 maleficio.

2619 3075 2719 3141 Ae
2765 3096 2847 3139 ne
2891 3074 3188 3159 pluribus
3232 3098 3455 3160 agam,
3514 3100 3596 3143 ex
3642 3098 3897 3144 summa
3940 3078 4267 3145 secundae
4314 3079 4560 3146 tabulae

2617 3160 2868 3243 patebit
2902 3161 3118 3226 Deum
3158 3183 3288 3227 non
3334 3161 3526 3229 modo
3559 3172 3786 3230 vetare
3822 3184 3907 3229 ne
3942 3163 4313 3231 homicidae
4348 3166 4558 3244 simus,

2620 3245 2733 3312 sed
2778 3249 2975 3312 etiam
3022 3249 3394 3331 praecipere
3440 3259 3514 3314 ut
3554 3249 3835 3316 fideliter
3890 3251 4162 3335 quisque
4206 3252 4386 3317 tueri
4429 3260 4558 3317 stu·

2620 3332 2772 3396 deat
2828 3333 3032 3398 vitam
3100 3335 3385 3416 proximi
3440 3336 3572 3415 sui,
3635 3356 3710 3401 ac
3769 3358 3839 3401 re
3897 3336 4044 3420 ipsa
4097 3336 4392 3404 declaret
4446 3335 4558 3403 sibi

2617 3438 2836 3482 caram
2891 3439 3052 3485 esse.
3133 3419 3363 3504 Neque
3420 3422 3595 3488 enim
3642 3421 3779 3488 illic
3823 3425 4132 3507 negativa
4168 3430 4432 3489 tantum
4467 3430 4557 3489 est

2616 3503 2943 3587 loquutio,
3005 3504 3118 3571 sed
3167 3507 3367 3573 verba
3411 3507 3657 3574 diserte
3700 3522 3968 3587 sonant,
4016 3508 4387 3594 diligendos
4428 3530 4560 3575 esse

2617 3591 2971 3672 proximos.
3063 3590 3251 3673 Quos
3303 3614 3461 3679 ergo
3518 3593 3655 3662 illic
3713 3593 3893 3660 iubet
3937 3595 4122 3661 Deus
4174 3593 4399 3680 diligi,
4444 3596 4554 3660 mi-

2616 3676 2794 3742 nime
2839 3676 3109 3743 dubium
3155 3688 3254 3743 est
3299 3682 3455 3763 quin
3501 3701 3727 3746 eorum
3776 3682 3976 3746 vitam
4022 3703 4195 3748 nunc
4241 3703 4557 3749 commen-

2616 3762 2744 3828 det.
2834 3761 3026 3829 Duae
3069 3785 3227 3848 ergo
3270 3776 3425 3831 sunt
3467 3766 3760 3832 mandati
3801 3777 4042 3849 partes,
4082 3789 4171 3833 ne
4213 3789 4413 3851 quem
4456 3788 4555 3834 ve-

2614 3869 2845 3914 xemus
2903 3848 3006 3914 vel
3066 3851 3549 3934 opprimamus,
3616 3873 3692 3918 ac
3747 3874 3831 3917 ne
3888 3853 3995 3920 eui
4052 3854 4264 3921 simus
4324 3852 4552 3931 infesti,

2616 3934 2724 3999 vel
2769 3933 3051 4000 molesti:
3114 3935 3348 4002 deinde
3391 3946 3465 4003 ut
3510 3959 3643 4004 non
3689 3938 3880 4004 modo
3925 3938 4175 4022 placide
4218 3959 4553 4008 versemur

2616 4041 2765 4086 cum
2812 4020 3219 4102 hominibus,
3281 4035 3348 4088 et
3391 4046 3615 4108 pacem
3661 4025 3983 4104 colamus,
4050 4024 4221 4090 nihil
4269 4025 4551 4092 rixarum

2618 4104 2970 4172 movendo:
3019 4108 3132 4174 sed
3178 4109 3377 4174 etiam
3423 4112 3751 4189 iuvemus,
3812 4111 4026 4193 quoad
4066 4110 4134 4176 in
4182 4112 4376 4178 nobis
4419 4111 4549 4188 erit,

2617 4193 2889 4259 miseros
2934 4195 3045 4277 qui
3088 4194 3310 4277 inique
3346 4205 3753 4278 premuntur,
3800 4210 3867 4262 et
3899 4196 4215 4280 improbis
4249 4198 4553 4264 obsistere

2614 4298 2945 4360 conemur,
2989 4302 3074 4345 ne
3119 4301 3238 4364 pro
3281 4281 3552 4348 libidine
3595 4290 3895 4348 noceant.
3984 4283 4219 4367 Itaque
4256 4283 4550 4350 Christus

2618 4366 2982 4448 genuinum
3047 4366 3211 4450 legis
3278 4389 3547 4435 sensum
3615 4368 3949 4452 explicans
4015 4368 4236 4456 (Matt.
4306 4369 4368 4451 5,
4432 4367 4551 4453 22),

2620 4467 2750 4516 non
2808 4448 3000 4517 modo
3056 4461 3576 4540 transgressores
3620 4476 3762 4521 esse
3807 4456 4198 4538 pronunciat
4242 4458 4354 4539 qui
4399 4456 4549 4521 oeci·

2620 4536 2853 4618 derint,
2898 4537 3012 4603 sed
3054 4540 3249 4605 etiam
3297 4562 3480 4606 reum
3516 4542 3655 4606 fore
3691 4562 3908 4607 coram
3944 4540 4185 4608 iudicio
4220 4542 4336 4625 qui
4374 4538 4548 4606 fratri

2618 4644 2738 4688 suo
2772 4631 3021 4690 temere
3055 4625 3392 4692 irascitur:
3432 4626 3547 4710 qui
3582 4649 3737 4693 vero
3775 4626 4046 4693 dixerit:
4092 4628 4346 4710 Raeha,
4378 4646 4548 4692 reum

2620 4709 2755 4775 fore
2813 4732 3030 4776 coram
3092 4712 3362 4779 concilio
3380 4763 3397 4794 ,
3448 4721 3515 4778 et
3572 4713 3686 4797 qui
3743 4712 4012 4780 dixerit:
4074 4713 4320 4794 Fatue,
4380 4731 4546 4778 reum

2619 4794 2757 4862 fore
2803 4796 3146 4880 gehennae
3191 4798 3382 4884 ignis.
3472 4799 3608 4865 Nec
3670 4821 3823 4866 vero
3878 4797 3981 4886 (ut
4036 4799 4242 4865 stulte
4298 4797 4545 4883 quidam

2619 4881 2963 4970 putarunt)
3008 4906 3246 4949 novam
3291 4884 3503 4968 legem
3550 4885 3686 4952 illie
3731 4885 4036 4967 fabricat,
4089 4907 4163 4952 ac
4206 4886 4264 4952 si
4310 4894 4545 4970 patrem

2619 4990 2811 5034 suum
2859 4970 3401 5052 reprehenderet:
3446 4971 3558 5037 sed
3598 4993 3938 5055 perversos
3973 4981 4040 5039 et
4074 4971 4361 5038 insulsos
4396 4968 4547 5054 legis

2620 5055 3014 5138 interpretes
3073 5079 3215 5122 esse
3269 5057 3554 5124 ostendit
3607 5058 3721 5142 qui
3775 5059 3843 5122 in
3900 5069 4173 5123 externa
4238 5057 4544 5123 duntaxat

2619 5162 2892 5225 operum
2960 5143 3205 5225 specie,
3274 5143 3379 5209 vel
3451 5146 3687 5211 cortice
3756 5142 3856 5231 (ut
3921 5145 4120 5229 vulgo
4179 5137 4543 5226 loquuntur)

2620 5228 2967 5293 insistunt:
3013 5250 3215 5311 quum
3260 5229 3478 5313 potius
3522 5252 3604 5296 ex
3641 5231 3770 5295 Dei
3808 5241 4044 5296 natura
4088 5232 4230 5297 eius
4264 5227 4540 5323 doctrina

2621 5313 2952 5381 aestimari
3012 5313 3262 5383 debeat.
3363 5316 3561 5400 Apud
3627 5325 3925 5383 terrenos
3982 5315 4258 5397 iudices,
4314 5315 4369 5382 si
4412 5331 4539 5396 qms
