4867 6150
564 426 661 495 95

575 615 900 702 cognosci,
943 613 1059 680 sed
1104 613 1405 699 plurimis
1450 612 1656 679 oeulis
1702 612 1989 695 conspici
2034 612 2174 677 eius
2213 625 2532 678 autorem.

579 703 663 769 In
710 701 825 767 illa
870 710 1089 766 autem
1129 701 1325 766 turba
1363 700 1689 765 neminem
1734 698 1943 764 fuisse
1979 697 2091 780 qui
2139 699 2311 782 regis
2356 720 2538 764 vesa-

575 789 761 854 niam
804 787 1134 870 corrigere
1179 786 1506 862 studeret,
1567 783 2041 867 reprobationis
2097 784 2365 868 signum
2410 784 2537 849 fuit

576 877 647 939 in
695 881 833 939 tota
876 882 1092 957 gente.
1163 871 1355 938 Unde
1391 871 1589 935 etiam
1621 880 2007 953 apparetut
2030 869 2215 935 Deus
2250 871 2532 935 infatuet

574 959 807 1027 mundi
844 959 1251 1042 sapientiam,
1287 957 1472 1022 nulla
1507 957 1684 1022 enim
1724 958 1905 1021 natio
1942 955 2068 1020 fuit
2104 976 2272 1038 quae
2310 977 2531 1020 rerum

575 1046 872 1112 omnium
912 1045 1191 1110 scientia
1233 1042 1446 1123 magis
1489 1042 1911 1127 gloriaretur:
1978 1061 2169 1124 quam
2226 1041 2357 1107 illis
2400 1044 2531 1108 iac·

574 1131 853 1199 tantiam
915 1129 1265 1214 exprobrat
1311 1128 1520 1196 Isaiae
1578 1127 1679 1207 19,
1738 1128 1838 1193 11.
1928 1125 2250 1192 Videmus
2308 1140 2530 1192 autem

575 1215 954 1303 pudendum
998 1217 1070 1281 in
1114 1213 1381 1280 modum
1438 1214 1593 1280 hinc
1649 1213 2076 1297 praefractos,
2136 1214 2316 1279 illinc
2361 1225 2530 1278 atto-

578 1306 749 1370 nitos
795 1302 1071 1367 minima
1113 1321 1312 1367 sanae
1357 1300 1839 1384 intelligentiae
1890 1299 2175 1365 scintilla
2219 1299 2527 1365 caruisse.

749 1388 851 1455 22.
923 1387 1031 1455 Sic
1092 1388 1383 1471 fecerunt.
1488 1384 1846 1467 Quaeritur
1911 1384 2232 1467 quomodo
2297 1385 2531 1459 Mosen

578 1475 893 1543 aemulari
938 1474 1276 1557 potuerint
1319 1473 1526 1558 magi,
1580 1493 1786 1555 quum
1826 1471 2009 1535 nulla
2054 1472 2333 1535 materia
2377 1493 2531 1554 sup·

576 1571 851 1647 peteret.
918 1560 1091 1626 Nam
1128 1561 1182 1625 si
1221 1557 1441 1623 nullae
1476 1559 1547 1623 in
1573 1560 1879 1643 Aegypto
1917 1556 2214 1622 residuae
2250 1557 2534 1638 amplius

578 1669 790 1732 aquae
833 1655 1038 1725 erant,
1087 1644 1274 1711 nulla
1316 1645 1460 1710 fieri
1504 1644 1714 1727 potuit
1755 1642 2049 1708 mutatio.
2120 1643 2264 1727 Ego
2312 1653 2532 1708 autem

578 1755 716 1800 non
762 1732 1020 1810 dubito,
1079 1740 1154 1797 ut
1211 1751 1438 1796 eorum
1497 1729 1787 1795 illusioni
1845 1730 2026 1794 locus
2083 1729 2300 1805 fieret,
2349 1729 2532 1794 brevi

578 1830 914 1885 momento
959 1818 1339 1901 apparuisse
1383 1837 1584 1900 puras
1629 1824 1695 1881 et
1740 1813 1981 1881 nitidas
2026 1835 2262 1896 aquas,
2308 1824 2376 1879 et
2420 1815 2530 1879 de·

579 1906 736 1972 inde
805 1912 1088 1969 mutatas
1154 1902 1356 1967 fuisse
1426 1902 1497 1966 in
1576 1900 1987 1984 sanguinem.
2100 1898 2277 1981 Quia
2355 1902 2531 1964 enim

581 1991 875 2058 nondum
942 2001 1348 2081 opportunus
1415 1996 1560 2052 erat
1616 1987 2049 2053 certaminum
2106 1986 2294 2064 finis,
2354 1984 2533 2051 haud

580 2078 779 2144 dubie
825 2077 1003 2145 viam
1063 2075 1186 2140 sibi
1293 2075 1554 2140 atefecit
1600 2074 1814 2152 Deus,
1874 2073 2080 2138 donec
2143 2071 2226 2136 ad
2286 2086 2532 2136 metam

582 2174 857 2231 ventum
937 2162 1118 2227 foret.
1232 2097 1447 2242 &uod-
1507 2159 1761 2225 divinat
1824 2157 2238 2242 Augustinus
2305 2179 2534 2243 magos

583 2270 821 2334 aquam
864 2249 1220 2330 sumpsisse
1265 2268 1431 2329 quae
1475 2266 1640 2329 pura
1685 2255 1753 2310 et
1787 2244 2048 2329 integra
2091 2244 2385 2309 restabat
2421 2243 2530 2310 ubi

583 2335 977 2401 habitabant
1020 2332 1383 2410 Israelitae,
1428 2342 1726 2398 coactum
1770 2342 1887 2396 est.
1976 2330 2328 2395 Libentius
2372 2331 2533 2396 reci-

581 2442 805 2507 perem
853 2419 1028 2503 quod
1072 2418 1259 2495 dicit,
1305 2415 1529 2483 eodem
1576 2419 1741 2482 forte
1797 2426 2132 2481 momento
2187 2437 2531 2498 percussas

583 2509 785 2573 fuisse
829 2507 911 2571 ab
969 2504 1097 2571 illis
1152 2525 1386 2588 aquas,
1447 2516 1519 2568 ut
1577 2524 1710 2568 una
1767 2502 1839 2568 in
1899 2513 2082 2586 parte
2144 2505 2357 2569 virtus
2400 2500 2532 2567 Dei

585 2592 933 2672 enituerit,
976 2590 1044 2656 in
1093 2590 1301 2656 altera
1343 2589 1626 2655 valuerit
1667 2610 1888 2653 eorum
1935 2587 2210 2653 fallacia.
2302 2585 2531 2668 Quan-

584 2700 781 2764 quam
806 2676 1042 2744 solutio
1072 2699 1109 2742 a
1134 2698 1238 2741 me
1261 2676 1472 2760 posita
1494 2677 1739 2758 optime
1776 2676 2100 2741 convenit.
2171 2675 2423 2739 Verane
2447 2694 2531 2738 an

578 2766 669 2832 im
763 2764 972 2829 ‘naria
1016 2763 1217 2827 fuerit
1260 2761 1562 2840 mutatio,
1608 2782 1736 2826 non
1783 2759 1991 2825 audeo
2035 2774 2360 2826 asserere':
2402 2760 2533 2826 nisi

580 2873 709 2936 quo
798 2851 1011 2934 magis
1055 2858 1567 2914 consentaneum
1616 2856 1716 2912 est
1759 2845 2050 2912 Satanae
2093 2846 2369 2911 artificio
2416 2846 2528 2911 de·

577 2937 756 3003 lusos
800 2935 1004 3001 fuisse
1050 2935 1398 3018 impiorum
1446 2934 1683 3000 oculos.
1752 2932 1981 3016 Neque
2025 2953 2188 3016 opus
2231 2942 2330 2999 est
2375 2953 2529 2998 cum

581 3023 953 3109 Augustino
997 3020 1303 3088 subtilius
1345 3019 1826 3105 philosophari,
1870 3019 2157 3087 infusam
2203 3039 2345 3084 esse
2388 3039 2527 3084 om·

580 3108 778 3176 nibus
834 3110 1030 3175 rebus
1086 3108 1322 3175 creatis
1379 3108 1799 3173 seminariam
1858 3107 2213 3186 rationem,
2269 3113 2340 3170 ut
2396 3126 2532 3171 una

580 3197 832 3279 species
891 3196 1084 3260 aliam
1147 3201 1436 3279 generet.
1539 3192 1720 3275 Quin
1787 3193 2005 3276 potius
2062 3190 2370 3257 standum
2428 3199 2532 3258 est

583 3282 775 3348 Pauli
822 3280 1153 3346 doctrinae
1182 3281 1399 3345 Deum
1446 3280 1704 3345 mittere
1748 3279 2105 3345 efficaciam
2154 3277 2414 3357 erroris,
2455 3289 2530 3343 ut

582 3366 954 3435 incredulos
978 3364 1313 3431 mendacio
1348 3366 1631 3442 irretiat,·
1654 3366 1808 3448 quia
1844 3366 2185 3430 veritatem
2223 3364 2533 3448 amplecti

582 3463 891 3520 recusant
933 3451 1020 3539 (2.
1067 3453 1296 3518 Thess.
1343 3454 1403 3532 2,
1449 3449 1577 3538 11).
1666 3452 1758 3516 Et
1814 3460 1964 3516 ante
2023 3473 2104 3516 ex
2150 3450 2277 3516 alio
2320 3452 2531 3516 Mosis

585 3542 723 3606 loco
769 3539 977 3617 docui,
1025 3537 1627 3622 pseudoprophetas
1669 3538 1843 3603 iusto
1887 3535 2016 3602 Dei
2060 3536 2297 3603 iudicio
2342 3539 2533 3621 signa

583 3638 649 3692 et
705 3625 1007 3709 prodigia
1066 3624 1276 3691 edere.
1369 3623 1651 3690 Videtur
1709 3633 1928 3688 tamen
1987 3622 2266 3689 innuere
2309 3624 2530 3690 Moses

583 3721 914 3796 spectrum
959 3711 1161 3777 fuisse
1203 3710 1546 3790 duntaxat,
1593 3709 1705 3776 ubi
1748 3709 2050 3795 adiungit
2085 3730 2311 3797 magos
2353 3708 2528 3774 idem

582 3799 812 3865 fecisse
856 3797 993 3864 suis
1035 3798 1612 3863 incantationibus:
1660 3818 1735 3863 ac
1770 3797 1824 3863 si
1870 3797 2152 3880 fulgetra
2196 3795 2529 3863 volitando

582 3893 739 3950 ante
799 3883 1017 3949 oculos
1076 3883 1281 3948 aciem
1349 3883 1787 3949 hebetassent.
1887 3882 2083 3948 Hane
2144 3884 2321 3947 enim
2386 3903 2532 3948 esse

586 3972 722 4037 vim
759 3970 1045 4034 nominis
1081 3968 1288 4035 docui.
1347 3969 1694 4034 Caeterum
1732 3990 1864 4034 non
1901 3968 2128 4034 dubito
2164 3969 2322 4051 quin
2347 3968 2533 4033 Deus

582 4057 950 4121 immunem
1007 4054 1414 4138 praestiterit
1473 4057 1552 4120 ab
1607 4054 1731 4121 hac
1786 4055 2159 4120 calamitate
2217 4055 2533 4137 populum

585 4164 815 4220 suum,
886 4149 958 4206 ut
1022 4141 1312 4225 hospites
1377 4151 1443 4206 et
1508 4139 1812 4224 inquilini
1875 4139 2091 4205 aliena
2155 4141 2533 4205 fruerentur

588 4249 774 4311 aqua,
812 4229 996 4293 cuius
1034 4229 1213 4292 nulla
1246 4235 1435 4311 gutta
1468 4228 1628 4310 ipsis
1670 4226 1996 4312 indigenis
2033 4226 2264 4292 relicta
2296 4226 2530 4294 fuerat.

586 4314 764 4380 Hinc
807 4314 1104 4379 convicta
1147 4313 1272 4378 fuit
1310 4313 1483 4397 regis
1519 4315 1891 4379 obstinatio:
1939 4312 2109 4395 quod
2148 4334 2276 4377 non
2315 4322 2531 4377 atten-

585 4400 718 4465 tior
759 4400 880 4464 fuit
925 4399 1004 4463 ad
1049 4398 1597 4465 considerandum
1644 4401 1764 4464 hoc
1807 4399 2173 4465 discrimen.
2240 4396 2385 4464 Imo
2430 4398 2532 4464 bis

585 4494 915 4552 amentem
952 4497 1017 4549 et
1058 4486 1374 4550 furiosum
1410 4495 1666 4568 oportet
1708 4486 1927 4564 fuisse,
1972 4487 2081 4568 qui
2127 4506 2272 4550 cum
2311 4507 2431 4551 sua
2467 4495 2533 4549 et

586 4573 788 4637 totius
847 4571 1034 4655 regni
1095 4571 1277 4636 clade
1337 4591 1679 4656 magorum
1737 4571 2076 4636 illusiones
2122 4571 2247 4636 Dei
2302 4571 2533 4636 virtuti

586 4658 981 4741 opposuerit.
1075 4654 1208 4722 Sed
1251 4656 1372 4722 hoc
1418 4656 1708 4741 reprobis
1752 4678 1944 4740 saepe
1988 4658 2328 4740 contingit,
2374 4656 2532 4722 dum

586 4745 837 4827 impetu
881 4742 1194 4808 diabolico
1237 4753 1466 4808 contra
1492 4743 1704 4809 Deum
1744 4745 2061 4822 feruntur,
2110 4754 2182 4808 ut
2226 4744 2297 4806 in
2342 4764 2529 4809 suam

590 4830 939 4913 perniciem
981 4830 1167 4911 quasi
1204 4831 1434 4911 cupide
1468 4843 1679 4895 ruant.
1750 4830 1908 4894 Fuit
1945 4842 2162 4895 tamen
2201 4829 2361 4896 haec
2398 4851 2530 4894 non

590 4917 755 4982 levis
801 4916 1076 4980 tentatio
1121 4918 1327 4980 servis
1374 4914 1531 4995 Dei,
1586 4915 1810 4982 videre
1855 4916 2145 4982 Satanae
2196 4916 2534 4983 ministros

588 5002 713 5069 sibi
740 5021 941 5086 prope
962 5003 1244 5084 aequari.
1302 5001 1467 5067 Nam
1506 5002 1563 5066 si
1600 5002 1860 5069 volebat
1881 5002 2064 5068 Deus
2098 5000 2533 5087 redemptioni

591 5087 748 5154 dare
785 5088 1231 5153 testimonium
1269 5088 1335 5152 in
1374 5087 1706 5173 prodigiis,
1745 5110 1949 5171 quum
1978 5089 2275 5154 viderent
2305 5089 2532 5155 eadem

593 5176 840 5240 virtute
884 5174 1129 5257 pollere
1174 5174 1395 5239 hostes
1437 5195 1621 5251 suos,
1687 5176 2009 5256 quomodo
2055 5177 2245 5240 firma
2288 5176 2419 5241 illis
2464 5193 2533 5242 et

592 5271 737 5326 rata
804 5261 1013 5343 potuit
1078 5280 1221 5325 esse
1287 5282 1407 5325 sua
1470 5259 1762 5326 vocatio?
1831 5263 2047 5343 Atque
2106 5262 2210 5328 his
2266 5263 2529 5345 quidem

592 5346 913 5411 machinis
969 5367 1347 5412 concussam
1403 5347 1604 5413 fuisse
1665 5366 1888 5411 eorum
1949 5345 2140 5412 fidem
2197 5348 2531 5431 probabile

1655 408 1665 419 '
1723 424 2469 493 ooMMEN‘rARms
2513 425 2617 492 IN
2660 424 2961 492 Exom
3007 424 3204 493 oar.
3253 424 3445 491 vm.
4494 427 4568 493 95

2641 621 2773 681 est:
2820 615 3079 680 stetisse
3123 624 3376 694 tamen,
3439 635 3557 680 nec
3616 611 3827 698 gradu
3886 635 4006 680 suo
4065 614 4267 680 fuisse
4323 624 4570 698 motam,

2640 721 2759 782 pro
2803 711 2980 765 certo
3026 710 3276 765 statuo:
3333 701 3487 783 quia
3529 700 3585 765 si
3628 721 3759 783 qua
3805 698 4211 765 dubitatione
4254 701 4569 785 perculsus

2638 786 2867 853 fuisset
2911 786 3163 862 Moses,
3233 806 3376 851 eam
3438 806 3556 869 pro
3615 806 3796 851 more
3854 808 3972 852 suo
4016 799 4192 853 esset
4233 786 4566 855 confessus.

2639 873 2890 937 Verum
2940 873 3124 937 Deus
3167 871 3299 936 illis
3344 872 3603 954 aperuit
3645 872 3902 949 oculos,
3951 879 4024 936 nt
4066 894 4149 938 ex
4195 872 4326 937 alto
4370 871 4568 956 despi-

2635 971 2859 1024 cerent
2901 958 3164 1023 fallaces
3206 977 3543 1042 magorum
3605 959 3908 1022 technas:
3979 956 4215 1023 deinde
4258 959 4407 1041 quia
4447 959 4569 1025 iam

2634 1043 3057 1128 praeluxerat
3099 1041 3395 1108 coelestis
3441 1043 3607 1109 visio
3652 1064 3786 1108 una
3845 1064 3995 1109 cum
4054 1065 4387 1123 sermone,
4450 1066 4569 1110 non

2635 1134 2874 1195 mirum
2912 1140 3014 1195 est
3050 1131 3104 1194 si
3145 1128 3383 1194 talibus
3419 1127 3684 1194 fulturis
3706 1130 3922 1194 innixi
3945 1138 4323 1196 constanter
4358 1151 4567 1197 omnes

2635 1216 2925 1283 insultus
2969 1215 3347 1298 repulerint,
3401 1215 3505 1280 vel
3551 1216 4003 1281 sustinuerint.

2804 1303 2909 1368 23.
2959 1300 3046 1366 Et
3096 1304 3404 1369 revertens
3450 1299 3727 1369 Pharao.
3818 1300 3945 1367 His
4006 1303 4222 1368 verbis
4277 1301 4564 1367 duritiem

2637 1389 3022 1465 Pharaonis,
3069 1387 3175 1453 cui
3219 1387 3403 1451 Deus
3446 1387 3663 1469 ipsum
3712 1386 4088 1466 addixerat,
4142 1388 4569 1455 voluntariam

2638 1474 2839 1540 fnisse
2884 1473 3077 1539 docet
3120 1484 3195 1538 ut
3239 1473 3487 1539 crimen
3532 1474 3600 1536 in
3641 1474 3782 1555 ipso
3827 1476 4175 1554 consistat,
4237 1493 4357 1538 nec
4399 1471 4571 1557 quid·

2638 1581 2829 1644 quam
2877 1562 3060 1624 iuvet
3104 1558 3359 1625 occulta
3394 1558 3520 1623 Dei
3567 1558 3890 1624 ordinatio
3933 1559 4018 1625 ad
4061 1558 4409 1625 levandam
4446 1560 4573 1625 eius

2637 1647 2920 1727 culpam.
2993 1644 3365 1710 Damnatur
3401 1645 3573 1709 enim
3617 1644 3739 1710 hac
3774 1645 4073 1712 socordia
4095 1645 4268 1728 quod
4292 1646 4571 1710 animum

2641 1732 2719 1797 ad
2766 1731 2889 1798 hoc
2933 1751 3188 1814 quoque
3223 1751 3352 1795 non
3399 1729 3729 1796 adiecerit.
3797 1730 3989 1797 Unde
4033 1732 4330 1814 sequitur
4374 1731 4570 1814 ipsum

2638 1818 2763 1883 sibi
2808 1815 3271 1882 obstinationis
3317 1816 3518 1881 fuisse
3563 1828 3886 1895 autorem,
3954 1818 4105 1901 quia
4162 1816 4467 1901 superbia
4514 1826 4574 1882 et

2637 1913 3014 1986 contemptu
3081 1924 3311 1969 caecus
3367 1901 3495 1966 Dei
3554 1902 3828 1986 gloriam
3888 1922 4006 1986 pro
4051 1902 4261 1968 nihilo
4308 1901 4570 1970 duxerit.

2639 1989 2753 2057 Sic
2810 1990 3027 2073 impii,
3085 1988 3384 2073 quamvis
3440 1985 3541 2073 (ut
3597 1986 3770 2053 sunt'
3819 2011 3975 2054 vasa
4039 1988 4202 2076 irae)
4269 1989 4572 2056 divinitus

2636 2075 3074 2142 coniiciantur
3118 2075 3186 2138 in
3233 2074 3583 2156 reprobum
3648 2095 3946 2153 sensum,
4015 2096 4083 2140 se
4126 2076 4307 2158 ipsos
4368 2088 4569 2139 tamen

2637 2162 2992 2228 obdurant:
3056 2160 3212 2242 quia
3265 2161 3544 2226 scientes
3597 2168 3665 2225 et
3710 2160 4001 2225 volentes
4047 2162 4426 2245 impingunt
4467 2158 4571 2225 ad·

2637 2269 2871 2315 versus
2918 2247 3162 2325 Deum,
3221 2260 3418 2328 atque
3461 2247 3551 2310 ita
3598 2248 3951 2326 securitas,
4012 2248 4282 2311 audacia
4327 2257 4395 2310 et
4438 2268 4572 2329 pra-

2638 2336 2825 2412 vitas,
2865 2332 3160 2400 inscitiae
3197 2340 3261 2397 et
3295 2331 3536 2396 erroris
3571 2334 4055 2398 exeusationem
4096 2332 4229 2398 illis
4266 2331 4569 2399 adimunt.

2637 2418 2861 2501 Quare
2906 2439 3248 2483 monemur
3292 2416 3415 2483 hoc
3472 2419 3774 2500 exemplo
3830 2440 3960 2484 non
4007 2440 4148 2484 esse
4193 2417 4572 2501 torpendum

2638 2506 2747 2572 ubi
2794 2528 2912 2571 nos
2937 2505 3120 2570 Deus
3154 2505 3425 2570 excitat:
3473 2503 3589 2568 sed
3631 2514 3882 2569 attente
3926 2503 4400 2571 consideranda
4441 2524 4572 2569 esse

2636 2593 2776 2658 eius
2809 2612 3025 2675 opera,
3064 2612 3228 2673 quae
3265 2611 3383 2654 nos
3418 2589 3499 2654 ad
3525 2591 3664 2654 eius
3686 2591 4124 2656 reverentiam
4151 2592 4572 2673 timoremque

2635 2677 2956 2742 erudiant.
3005 2674 3196 2757 Quod
3222 2675 3536 2741 dicuntur
3561 2678 3864 2760 Aegyptii
3889 2686 4121 2760 puteos
4158 2677 4285 2742 sibi
4322 2675 4571 2754 fodisse,

2635 2763 2715 2829 ad
2744 2762 3041 2829 miraculi
3079 2760 3530 2827 certitudinem
3569 2763 3741 2827 facit.
3805 2762 4055 2828 Eodem
4091 2764 4380 2846 pertinet
4413 2759 4571 2845 quod

2636 2850 2716 2915 de
2782 2859 3033 2933 septem
3113 2847 3340 2913 diebus
3419 2847 3715 2923 additur,
3785 2870 3937 2914 nam
4003 2847 4061 2914 si
4125 2857 4572 2914 momentanea

2636 2945 2892 3002 tantum
2958 2936 3188 3001 fuisset
3258 2954 3571 3016 aquarum
3643 2933 3856 3015 tabes,
3934 2935 4248 3018 obrepere
4329 2941 4573 3019 poterat

2634 3022 2957 3089 illusionis
3021 3021 3337 3104 suspiciO,
3407 3042 3572 3115 quae
3636 3043 3717 3086 ex
3782 3021 4093 3087 diuturno
4159 3029 4294 3087 tam
4356 3038 4572 3104 sapore

2635 3131 2832 3194 quam
2876 3117 3227 3191 conspectu
3272 3107 3527 3173 sublata
3568 3108 3710 3173 fuit.
3776 3106 4060 3192 Ideoque
4106 3109 4289 3192 prius
4336 3107 4569 3173 dictum

2636 3196 2760 3260 fuit
2806 3194 3169 3280 Aegyptios
3214 3216 3296 3259 ex
3343 3214 3547 3277 aquae
3604 3195 3878 3276 penuria
3936 3196 4302 3260 molestiam
4361 3205 4425 3259 et
4467 3192 4568 3257 do-

2634 3283 2838 3348 lorem
2886 3291 3210 3365 capturos.
3301 3279 3415 3346 Sic
3471 3279 3648 3345 enim
3704 3282 4132 3366 interpretor,
4191 3280 4462 3347 moestis
4512 3284 4573 3343 et

2635 3368 2899 3437 afflictis
2944 3367 3183 3435 animis
3226 3367 3384 3447 fore,
3430 3366 3585 3450 quia
3618 3376 3777 3452 potu
3821 3375 4139 3435 carerent.

3300 3625 3604 3691 eAPU'r
3647 3625 3841 3692 v111.
3879 3624 3925 3712 ¹)

2812 3766 2869 3830 1.
2934 3764 3125 3831 Dixit
3200 3768 3406 3829 autem
3467 3762 3697 3829 Iehova
3774 3764 3861 3830 ad
3926 3763 4181 3831 Mosen.-
4264 3766 4438 3831 Vade
4497 3763 4577 3830 ad

2642 3851 3057 3927 Pharaonem,
3103 3854 3159 3915 et
3193 3850 3294 3915 die
3335 3851 3422 3915 ad
3464 3869 3635 3915 eum.-
3684 3850 3790 3916 Sic
3821 3851 3976 3916 dicit
4013 3851 4275 3916 Iehova:
4321 3852 4575 3918 Dimitte

2626 3939 2936 4022 populum
2968 3956 3172 4001 meum
3205 3941 3274 4000 ut
3305 3937 3582 4002 serviam
3612 3936 3788 4002 mihi.
3860 3937 3919 4001 2.
3966 3937 4142 4018 Quod
4173 3940 4236 4002 si
4267 3943 4339 4003 tu
4371 3937 4574 4004 remis

2635 4026 2962 4103 dimittere,
2999 4042 3141 4099 eece,
3187 4042 3297 4107 eqo
3330 4023 3613 4103 percutio
3646 4042 3855 4088 omne-s·
3887 4025 4180 4089 terminos
4211 4029 4351 4091 tuos
4383 4024 4571 4089 rania

2638 4111 2699 4177 3.
2739 4110 2827 4175 Et
2846 4109 3095 4176 scatebit
3122 4108 3357 4188 flumen
3377 4109 3575 4185 ranis,
3613 4130 3774 4191 quae
3796 4110 4141 4186 ascendent,
4175 4116 4232 4176 et
4265 4109 4576 4175 intrabunt

2636 4199 2890 4264 domum
2933 4200 3133 4272 tuam,
3179 4199 3234 4257 et
3274 4195 3551 4260 conclave
3593 4194 3816 4259 cubilis
3857 4195 3984 4272 tui,
4040 4201 4096 4260 et
4136 4217 4328 4278 super
4369 4196 4573 4262 lectum

2635 4289 2839 4355 tuum,
2886 4286 2942 4345 et
2984 4281 3053 4345 in
3097 4280 3344 4345 domum
3387 4301 3710 4345 servorum
3750 4286 3999 4346 tuorum
4014 4332 4028 4361 ‚
4074 4287 4131 4345 et
4172 4284 4243 4346 in
4277 4282 4573 4365 populum

2633 4376 2828 4445 tuum,
2865 4372 2921 4432 et
2954 4368 3025 4431 in
3056 4366 3282 4448 furnos
3314 4372 3467 4440 tuos,
3505 4371 3562 4430 et
3593 4369 3662 4431 in
3677 4368 3962 4448 panaria
3987 4373 4114 4433 tua.
4139 4366 4195 4454 ²)
4251 4369 4312 4433 4.
4362 4369 4572 4450 Reque

2636 4457 2797 4532 inte,
2834 4458 2890 4518 et
2921 4454 2991 4516 in
3014 4452 3322 4534 populum
3355 4458 3552 4532 tuum,
3590 4459 3646 4518 et
3678 4454 3748 4517 in
3782 4472 3990 4517 omnes
4023 4474 4234 4519 servos
4258 4453 4572 4519 ascendent

2634 4561 2847 4606 ranae.
2914 4539 2973 4604 5.
3007 4537 3058 4624 ³)
3098 4537 3185 4602 Et
3225 4540 3318 4604 ait
3341 4537 3567 4604 Iehova
3600 4541 3687 4604 ad
3724 4538 3971 4604 Mosen:
4004 4539 4133 4605 Die
4165 4541 4253 4606 ad
4285 4540 4572 4604 Aharon:

2637 4625 2919 4692 Extende
2969 4645 3229 4690 manum
3285 4630 3458 4689 tuam
3513 4644 3654 4690 eum
3704 4627 3889 4709 virya
3941 4631 4052 4691 tua
4104 4647 4294 4707 super
4337 4625 4568 4706 fluvio-3,

2635 4733 2828 4793 super
2868 4712 3038 4775 rivos
3052 4760 3067 4789 ,
3113 4716 3168 4774 et
3209 4731 3399 4793 super
3677 4762 3692 4791 ‚
3735 4716 3804 4775 ut
3845 4711 4122 4778 adducas
4163 4732 4363 4777 ranas
4395 4727 4572 4791 super

2633 4804 2868 4865 terram
2890 4798 3176 4879 Aeyypti.
3243 4798 3302 4861 6.
3351 4796 3442 4860 Et
3481 4799 3751 4862 extendit
3791 4797 4059 4862 Aharon
4098 4818 4358 4863 manum
4397 4812 4570 4862 suam

2634 4906 2825 4966 super
2844 4903 3050 4965 aquas
3067 4883 3350 4965 Aeyypti‚
3364 4889 3419 4949 et
3437 4884 3843 4948 ascenderunt
3861 4904 4075 4963 ranae,
4098 4885 4572 4965 operueruntque

2636 4978 2871 5036 terram
2893 4970 3187 5051 Aeyypti.
3259 4970 3316 5033 7.
3346 4969 3434 5034 Et
3465 4971 3557 5034 sic
3575 4971 3851 5052 fecerwnt
3870 4971 4044 5054 mayi
4064 4969 4572 5035 incantationibus

2634 5058 2807 5123 suis.-
2871 5074 3086 5135 nempe
3126 5054 3482 5120 addueendo
3536 5075 3739 5120 ranas
3778 5076 3971 5137 super
4023 5061 4255 5122 terram
4297 5053 4571 5138 Aeyypti.

2774 5227 2833 5295 1)
2871 5227 3035 5281 Hebr.
3076 5223 3190 5278 vn.
3225 5224 3296 5279 26
3330 5242 3400 5278 ss.

2772 5297 2833 5362 2)
2871 5295 2943 5348 In
2978 5297 3249 5358 maraine:
3287 5294 3457 5348 Hebr.
3497 5294 3722 5349 Farinas
3757 5302 3897 5350 tuas.

2774 5364 2835 5435 3)
2869 5364 3035 5419 Ηών.
3077 5364 3217 5417 VIII.
3256 5363 3303 5417 1.
