4867 6150
348 455 468 521 269

347 644 518 710 lendi
580 644 931 710 efficaciam
1000 642 1292 709 obtineat
1356 644 1468 710 ille
1546 645 1872 712 mendacii
1946 658 2133 731 pater
2202 669 2282 712 ex

345 733 510 797 iusta
532 728 662 795 Dei
705 730 1015 807 vindicta,
1063 730 1144 795 ad
1187 731 1630 797 excaecandos
1673 732 2064 799 incredulos.
2110 733 2282 799 Nam

344 817 507 900 quod
553 838 594 880 a
636 817 894 882 nasutis
935 815 1097 881 haec
1134 828 1444 900 tanquam
1492 817 1785 883 fabulosa
1831 820 2148 896 ridentur,
2214 820 2282 884 id

343 906 415 969 fit
476 903 713 985 supino
781 911 1192 985 contemptu:
1259 906 1414 987 quia
1479 923 1613 968 non
1695 917 2007 988 reputant
2084 927 2279 989 quam

343 988 633 1056 horribili
677 988 919 1054 iudicio
974 988 1155 1073 digni
1212 989 1381 1066 sint,
1450 989 1561 1071 qui
1617 990 1828 1056 lucem
1889 1003 2124 1074 sponte
2167 1013 2284 1056 ex-

341 1074 751 1160 stinguend0,
797 1074 1101 1140 tenebras
1144 1074 1270 1139 sibi
1313 1088 1675 1141 accersunt.
1716 1077 2071 1143 Pretiosior
2107 1079 2282 1141 enim

341 1164 479 1229 Deo
533 1172 637 1226 est
693 1182 813 1226 sua
871 1161 1148 1238 veritas,
1207 1181 1404 1243 quam
1463 1172 1538 1226 ut
1604 1184 1747 1227 eam
1794 1165 1974 1229 reiiei
2017 1165 2285 1245 impune

340 1252 527 1314 sinat.
635 1246 832 1312 Certe
896 1247 1214 1329 sacrilega
1271 1258 1444 1313 esset
1495 1248 1797 1324 audacia,
1870 1269 2115 1333 negare
2162 1271 2283 1313 un-

338 1354 529 1418 quam
577 1334 646 1397 in
694 1354 814 1398 usu
860 1332 1063 1398 fuisse
1106 1346 1281 1398 artes
1326 1334 1641 1417 magicas:
1712 1336 1866 1417 quia
1913 1337 2033 1401 hoe
2092 1334 2285 1399 modo

338 1419 519 1485 Deus
563 1419 1025 1503 incogitantiae
1067 1431 1486 1501 argueretur,
1545 1441 1621 1485 ae
1665 1423 1720 1485 si
1768 1421 1978 1506 legem
2024 1422 2286 1486 tulisset

336 1506 415 1572 de
459 1504 656 1571 rebus
692 1525 858 1587 quae
903 1505 1125 1570 nullae
1167 1515 1376 1571 erant.
1469 1504 1659 1586 Quod
1704 1506 2009 1571 obiicitur
2054 1507 2284 1572 absur-

337 1593 524 1671 ditas,
585 1592 678 1657 sic
720 1592 997 1655 nimium
1042 1591 1271 1656 extolli
1318 1590 1607 1658 Satanae
1651 1595 2048 1675 potentiam,
2109 1613 2185 1658 ae
2226 1593 2284 1656 si

334 1680 399 1744 in
436 1679 580 1742 eius
615 1697 816 1742 manu
840 1686 1061 1742 essent
1083 1676 1578 1760 praedictiones,
1616 1700 1779 1761 quas
1798 1677 1982 1743 Deus
2019 1680 2134 1744 uni
2160 1679 2282 1743 sibi

332 1764 671 1831 vendicat:
734 1762 972 1828 deinde
1026 1771 1248 1847 posset
1303 1766 1578 1830 miscere
1615 1766 1916 1829 vivorum
1964 1764 2286 1847 colloquia

331 1872 480 1918 eum
539 1850 847 1928 mortuis,
908 1858 977 1914 et
1039 1860 1421 1915 convertere
1479 1871 1701 1915 rerum
1766 1851 2043 1915 formas:
2103 1851 2282 1916 solu-

329 1938 417 2002 tio
464 1937 674 2002 facilis
710 1951 830 2001 est.
876 1935 1072 2014 Quod
1113 1935 1195 1999 ad
1241 1936 1554 2002 vaticinia
1597 1946 1869 2020 spectat,
1915 1937 2082 2001 nihil
2118 1957 2283 2021 opus

329 2032 428 2088 est
490 2022 819 2087 subtiliter
886 2021 1221 2104 disputare
1266 2020 1443 2087 unde
1487 2042 1590 2086 res
1634 2023 1920 2089 occultas
1966 2024 2282 2106 praescis-

328 2119 432 2176 cat
472 2107 684 2175 Satan
745 2105 842 2193 (in
903 2129 1033 2190 qua
1075 2121 1264 2191 parte
1307 2107 1508 2172 nimis
1553 2110 1781 2189 anxie,
1836 2131 1980 2174 meo
2023 2107 2282 2186 iudicio,

326 2218 394 2261 se
441 2196 638 2260 torsit
678 2191 1127 2280 Augustinus)
1170 2195 1326 2275 quia
1369 2214 1819 2276 supervacuus
1884 2205 1987 2259 est
2028 2195 2141 2259 ille
2187 2195 2280 2259 la-

326 2282 462 2355 bor,
516 2283 570 2344 si
618 2292 919 2345 tenemus
964 2280 1140 2343 iusto
1184 2279 1312 2344 Dei
1353 2279 1593 2345 iudicio
1655 2281 1943 2362 permitti
2006 2279 2282 2345 diabolis

326 2368 616 2450 aliquam
666 2366 1062 2431 vaticinandi
1107 2366 1423 2447 speciem,
1484 2386 1612 2448 qua
1654 2366 2027 2432 incredulos
2071 2368 2282 2450 magis

325 2473 398 2520 ac
457 2452 675 2534 magis
734 2450 1093 2534 decipiant:
1151 2452 1325 2517 sicut
1382 2452 1536 2516 alibi
1594 2453 1807 2517 fusius
1866 2451 2279 2519 tractandum

324 2540 470 2605 erit.
537 2539 803 2602 Interea
836 2539 1097 2614 seimus,
1143 2538 1451 2603 omnibus
1486 2539 1797 2603 falsorum
1834 2538 2103 2604 deorum
2141 2559 2281 2604 ora-

323 2626 496 2691 culis
543 2646 662 2707 per
716 2623 1102 2706 flexiloquas
1159 2625 1467 2708 ambages
1512 2624 1761 2689 derisos
1807 2626 2009 2689 fuisse
2065 2627 2279 2690 incre·

322 2712 539 2794 dulos,
585 2720 660 2774 ut
701 2731 846 2775 sero
889 2710 1155 2774 tandem
1214 2721 1457 2776 eventu
1501 2711 1825 2775 sentirent
1864 2732 1936 2775 se
1972 2710 2279 2793 illaquea-

321 2808 420 2863 tos
481 2798 688 2862 fuisse
747 2794 1098 2860 lethalibus
1162 2795 1494 2879 decipulis.
1603 2796 1837 2879 Itaque
1902 2798 2047 2861 iure
2102 2796 2277 2879 apud

318 2883 569 2949 Isaiam
614 2882 720 2959 41,
765 2881 850 2947 23
909 2879 1094 2946 Deus
1151 2882 1453 2947 omnibus
1507 2882 1701 2947 idolis
1750 2885 2024 2966 abrogat
2070 2882 2277 2948 futuri

318 2969 645 3052 temporis
688 2969 1047 3034 scientiam.
1092 2966 1174 3032 Id
1220 2978 1441 3033 tamen
1488 2988 1620 3032 non
1664 2968 1884 3033 obstat
1927 2971 2279 3051 quominus

321 3053 620 3123 Satanae
665 3055 917 3138 aperiat
960 3053 1275 3135 quaedam
1322 3053 1720 3132 abscondita,
1768 3078 2040 3138 quorum
2087 3077 2274 3138 prae·

320 3142 630 3219 dictione,
678 3142 865 3223 quasi
913 3140 1126 3206 fallaci
1173 3152 1391 3224 gustu,
1438 3139 1712 3205 deliniat
1755 3141 2085 3225 reprobos.
2151 3143 2277 3206 Fa·

323 3239 463 3294 teor
488 3239 668 3293 certe
689 3227 1024 3292 Romanos
1068 3248 1366 3311 augures,
1411 3229 1727 3310 temporis
1762 3248 2133 3312 progressu,
2171 3227 2280 3292 ab·

320 3314 491 3381 iecta
535 3311 910 3398 augurandi
950 3334 1139 3390 cura,
1206 3314 1446 3379 crassis
1489 3324 1747 3379 tantum
1793 3315 2125 3397 figmentis
2170 3314 2278 3379 ab·

317 3421 473 3466 usos
521 3400 726 3464 fuisse
769 3398 854 3464 ad
896 3397 1256 3464 fallendum
1295 3399 1557 3482 vulgus.
1646 3399 1902 3465 Verum
1948 3401 2077 3465 nisi
2121 3399 2275 3465 olim

319 3488 424 3552 vel
471 3487 766 3552 maxime
804 3484 1213 3569 perspicaces
1259 3484 1462 3552 Satan
1503 3485 1624 3552 hoc
1667 3487 1943 3553 artifieio
1987 3488 2055 3550 in
2101 3507 2277 3551 erro-

317 3594 458 3637 rem
509 3572 857 3651 traxisset,
915 3592 1047 3636 non
1094 3570 1289 3637 toties
1332 3572 1402 3636 in
1448 3573 1816 3656 praecipuis
1862 3572 2024 3657 Gyri
2067 3571 2281 3638 laudi-

318 3658 445 3725 bus
501 3667 775 3742 poneret
835 3655 1208 3725 Socraticus
1250 3656 1657 3742 Xenophon,
1720 3658 2014 3742 auguriis
2080 3659 2280 3723 fuisse

318 3745 677 3821 intentum,
724 3754 789 3809 et
831 3745 925 3808 ita
966 3744 1269 3810 edoctum
1315 3766 1355 3809 a
1398 3753 1603 3827 patre.
1680 3744 1983 3828 Denique
2028 3754 2279 3826 tempo·

317 3852 471 3897 rum
535 3830 1302 3914 omnium.experientia
1356 3830 1719 3906 convincit,
1776 3831 2077 3896 hominos
2131 3851 2279 3914 per-

319 3937 518 3983 verse
563 3919 851 3983 curiosos
893 3936 1089 3999 saepe
1145 3937 1186 3982 a
1240 3916 1492 3981 Satana
1535 3937 1653 3999 per
1695 3930 1920 4001 magos
1978 3915 2280 3982 didicisse

319 4002 501 4085 quod
548 4003 933 4069 humanitus
975 4003 1284 4086 cognosci
1329 4023 1461 4067 non
1507 4013 1784 4085 poterat.
1860 4004 1964 4069 De
2006 4023 2276 4086 operum

320 4088 588 4164 effectu,
634 4091 776 4154 sive
819 4097 1112 4154 mortuos
1155 4090 1416 4166 excitet,
1462 4088 1604 4154 sive
1649 4088 1925 4155 fascinet
1980 4088 2281 4155 homines

318 4185 387 4239 et
433 4174 639 4240 bruta
682 4175 1010 4251 animalia,
1057 4174 1198 4239 sive
1232 4173 1790 4240 incantationibus
1830 4196 2038 4241 novas
2083 4175 2281 4240 facies

317 4261 527 4326 rebus
571 4259 819 4340 induat,
861 4260 956 4326 sic
991 4259 1362 4325 habendum
1402 4272 1519 4339 est,
1562 4281 1987 4344 quaeeunque
2016 4260 2284 4326 videtur

316 4346 526 4412 edere
568 4345 901 4426 miracula,
957 4367 1174 4412 meras
1215 4367 1357 4412 esso
1404 4348 1808 4431 praestigias.
1899 4351 2148 4431 Atque,
2209 4356 2283 4410 ut

317 4445 424 4499 est
472 4442 665 4516 pater
708 4433 1159 4510 tenebrarum,
1205 4443 1457 4498 eertum
1517 4445 1622 4498 est
1672 4433 1840 4498 nihil
1900 4453 2090 4517 posse
2156 4433 2280 4498 nisi

315 4519 502 4604 apud
549 4517 939 4598 incredulos,
984 4539 1259 4602 quorum
1306 4518 1773 4585 obtenebratae
1814 4529 1976 4585 sunt
2008 4528 2280 4596 mentes,

315 4617 398 4670 ut
443 4604 673 4671 album
718 4626 758 4669 a
801 4605 992 4688 nigro
1036 4626 1165 4669 non
1217 4602 1616 4672 discernant.
1706 4605 2014 4672 Vidimus
2059 4615 2280 4671 tamen

315 4702 484 4757 ante
547 4703 622 4755 ut
662 4692 840 4775 magi
884 4690 1253 4756 Pharaonis
1296 4690 1607 4757 aemulati
1650 4694 1786 4758 sint
1827 4694 1897 4757 in
1945 4692 2281 4758 miraculis

315 4778 589 4843 Mosen.
678 4776 903 4859 Quare
957 4776 1125 4841 nihil
1184 4777 1427 4842 mirum
1486 4778 1544 4842 si
1591 4778 1715 4843 Dei
1773 4779 2099 4861 permissu
2170 4776 2278 4842 vel

313 4863 656 4928 elementa
697 4862 950 4941 turbet,
1015 4863 1120 4929 vel
1180 4861 1425 4929 morbis
1480 4869 1547 4929 et
1591 4862 1737 4930 aliis
1781 4865 1971 4930 noxis
2013 4862 2281 4929 infestet

313 4948 658 5033 reprobos,
707 4949 812 5015 vel
855 4949 1060 5015 oculis
1105 4949 1568 5033 phantasmata
1603 4948 1883 5016 obiiciat.
1949 4948 2102 5031 Quo
2136 4970 2274 5014 ma-

309 5036 422 5120 gis
469 5034 808 5119 rogandus
848 5045 951 5101 est
994 5035 1181 5101 nobis
1222 5036 1405 5102 Deus
1450 5044 1529 5100 ut
1572 5034 1826 5101 hostem
1886 5045 2275 5119 compescat,

307 5130 414 5187 tot
460 5121 797 5205 pestiferis
839 5121 1092 5188 artibus
1136 5130 1367 5187 contra
1411 5142 1534 5188 nos
1573 5122 1993 5188 instructum.

500 5206 605 5272 12.
651 5206 1057 5274 Abominatio
1095 5208 1262 5272 enim
1300 5213 1393 5273 est
1435 5207 1714 5275 Iehovae.
1799 5209 2098 5275 Primum
2148 5206 2274 5271 Dei

305 5293 748 5360 autoritatem
772 5293 914 5360 vult
936 5315 1079 5360 esse
1112 5294 1323 5359 instar
1355 5294 1566 5360 fraeni
1603 5292 1687 5361 ad
1720 5295 1898 5380 ipsos
1933 5293 2269 5379 regendos,

308 5378 568 5446 deinde
620 5380 980 5446 vindictam
1045 5379 1178 5445 illis
1220 5381 1557 5463 proponit,
1616 5400 1812 5464 quam
1871 5382 2064 5465 paulo
2119 5387 2271 5465 post

1808 459 2188 526 PRIMUM
2233 459 2883 527 PRAEOEPTUM.

4211 457 4347 523 270

2387 646 2600 713 visuri
2645 657 2834 712 erant
2879 647 3201 713 adversus
3241 659 3501 731 gentes:
3563 649 3695 711 imo
3740 647 3926 713 euius
3970 645 4095 729 ipsi
4151 669 4340 712 exse·

2388 743 2697 816 quutores
2742 745 2808 798 et
2852 734 3133 798 ministri
3172 743 3365 798 erant
3407 733 3632 799 futuri.
3723 731 3947 813 Quum
3993 733 4170 798 enim
4216 733 4340 799 mi·

2388 820 2565 884 nime
2622 820 2968 885 obscurum
3029 820 3161 884 illis
3217 841 3358 885 esse
3420 832 3657 902 posset,
3716 818 4060 901 indigenas
4127 830 4343 885 terrae

2387 904 2702 972 Chanaan
2767 926 2899 970 non
2964 905 3262 971 evulsum
3326 905 3412 970 iri
3472 926 3557 969 ex
3623 904 3996 987 tranquillis
4076 905 4341 972 sedibus

2387 992 2519 1056 nisi
2564 991 2693 1056 Dei
2738 1012 2958 1068 manu,
3004 986 3264 1057 ca'usam
3312 991 3552 1057 excidii
3595 991 3767 1056 hane
3812 993 4123 1076 assignat,
4168 991 4343 1074 quod

2387 1097 2459 1141 se
2502 1086 2571 1141 et
2615 1088 2860 1142 terram
2897 1077 3232 1162 sacrilegis
3267 1078 3398 1142 illis
3433 1092 3500 1141 et
3524 1076 3827 1147 nefandis
3859 1077 4342 1161 superstitioni·

2391 1163 2511 1228 bus
2574 1164 2964 1245 polluerant.
3067 1165 3227 1228 'Pam
3300 1163 3549 1247 insigni
3607 1164 3810 1245 igitur
3866 1164 4166 1246 exemplo
4231 1184 4341 1231 eos

2389 1248 2692 1327 deterret,
2737 1269 2823 1313 ne
2866 1248 3116 1314 seelera
3157 1252 3499 1314 imitentur
3542 1269 3708 1331 quae
3756 1249 3970 1313 Deum
4018 1266 4149 1314 tam
4190 1270 4340 1334 gra-

2391 1336 2561 1399 viter
2603 1334 2828 1400 ulcisci
2873 1347 3153 1400 eventus
3188 1336 3329 1418 ipse
3378 1334 3801 1400 monstrabat.

2388 1420 2496 1485 lus
2561 1419 2788 1485 fideles
2854 1420 3163 1485 admonet
3245 1422 3596 1505 diligenter
3668 1420 4032 1486 cavendum
4101 1442 4244 1487 esse
4302 1442 4342 1487 a

2386 1508 2669 1678 ffictfftis
2714 1527 2879 1589 quae
2924 1509 3088 1571 iram
3111 1505 3237 1572 Dei
3275 1507 3605 1572 concitant
3641 1515 3868 1571 contra
3897 1506 4341 1573 inobedientes

2477 1614 2520 1675 p
2572 1613 2660 1657 es.
2708 1594 2768 1669 5,
2813 1597 2850 1656 6
2885 1643 2898 1657 .

2561 1678 2663 1744 13.
2711 1591 2958 1763 Integer
2998 1680 3142 1744 eris.
3204 1678 3498 1761 Respicit
3541 1677 3623 1743 ad
3668 1677 3862 1742 fidem
3901 1686 4197 1743 mutuam
4236 1699 4338 1743 sa-

2385 1766 2482 1832 ori
2524 1764 2831 1844 foederis,
2891 1785 3021 1848 quo
3065 1776 3137 1830 ut
3178 1786 3249 1829 se
3283 1765 3730 1829 obstrinxerat
3774 1763 4054 1842 Iudaeis,
4102 1765 4195 1829 ita
4239 1766 4335 1830 vi-

2385 1851 2605 1918 cissim
2642 1871 2752 1917 eos
2787 1851 2910 1916 sibi
2951 1849 3356 1926 devinxerat,
3396 1872 3477 1915 ne
3513 1871 3586 1915 se
3622 1849 3813 1914 idolis
3848 1851 4337 1933 prostituerent,

2384 1937 2490 2003 vel
2526 1949 2912 2020 appeterent
2946 1937 3194 2002 alienas
3230 1937 3594 2020 religiones,
3635 1958 3800 2019 quae
3839 1937 3968 2003 huc
4002 1936 4162 2001 illuc
4196 1937 4339 2003 abs·

2385 2022 2662 2087 trahunt
2726 2032 2983 2087 mentes
3040 2022 3404 2089 hominum.
3489 2022 3674 2088 Haec
3726 2022 3932 2107 igitur
3990 2023 4338 2106 integritas

2382 2109 2736 2191 opponitur
2778 2109 3082 2175 omnibus
3125 2109 3437 2174 mixturis
3491 2109 3595 2173 vel
3641 2108 4027 2191 corruptelis
4085 2130 4254 2190 quae
4295 2131 4338 2174 a

2383 2197 2639 2260 sincero
2682 2195 2812 2259 Dei
2871 2196 3069 2260 unius
3134 2196 3312 2260 cultu
3376 2215 3496 2260 nos
3541 2194 3910 2259 abducunt:
3969 2194 4122 2276 quia
4177 2195 4335 2259 sim-

2384 2281 2642 2363 plicitas
2685 2301 2852 2364 quae
2897 2301 3017 2345 nos
3051 2280 3344 2346 eontinet
3380 2280 3447 2344 in
3485 2279 3781 2345 eoelestis
3818 2279 4152 2345 doetrinae
4187 2280 4337 2345 obe·

2383 2366 2651 2444 dicatis,
2689 2366 3048 2448 spiritualis
3092 2378 3193 2431 eet
3235 2366 3518 2444 castitas,
3566 2386 3759 2449 quam
3801 2366 4010 2449 exigit
4037 2367 4217 2431 Deus
4252 2367 4335 2432 ab

2383 2452 2656 2519 ecelesia
2698 2474 2836 2518 sua.
2929 2453 3019 2517 Et
3062 2452 3557 2517 circumstantia
3601 2452 3726 2516 loci
3781 2450 3905 2516 hoc
3949 2453 4108 2517 satis
4157 2453 4334 2518 clare

2382 2539 2635 2622 probat,
2682 2539 2896 2604 Deum
2946 2538 3029 2603 ab
3071 2539 3248 2603 omni
3293 2537 3559 2603 licentia
3592 2537 3896 2603 cohibere
3916 2536 4215 2616 Iudaeos,
4260 2549 4336 2603 ut

2379 2646 2501 2691 suo
2549 2625 2821 2708 imperio
2876 2624 3120 2690 addicti
3164 2644 3298 2689 non
3341 2624 3875 2708 circumspiciant
3921 2626 3988 2688 in
4033 2623 4334 2690 diversas

2382 2721 2624 2793 partes,
2690 2732 2809 2777 nec
2869 2711 3169 2775 ferantur
3226 2731 3397 2776 vana
3454 2710 3743 2788 levitate,
3799 2710 3911 2775 sed
3950 2720 4333 2776 constanter

2383 2806 2693 2861 maneant
2751 2797 2824 2861 in
2881 2817 3047 2879 puro
3103 2794 3287 2861 cultu
3347 2816 3544 2879 quem
3602 2796 3734 2860 illis
3800 2797 4329 2879 praescripserat.

2381 2882 2530 2947 Hae
2577 2883 2826 2947 ratione
2869 2881 3122 2947 Paulus
3180 2902 3250 2947 se
3293 2902 3413 2964 pro
3458 2881 3726 2947 Christo
3770 2882 4144 2966 zelotypum
4190 2902 4333 2948 esse

2383 2969 2620 3034 asserit
2659 2966 2745 3055 (2.
2795 2967 2947 3034 Cor.
2999 2968 3098 3046 11,
3143 2966 3244 3054 2):
3306 2982 3374 3031 et
3430 2967 3580 3050 quia
3627 2966 4007 3038 Corinthios
4064 2968 4331 3033 Christo

2381 3055 2685 3120 adiunxit
2726 3078 2796 3121 se
2833 3066 3141 3135 metuere,
3187 3076 3289 3131 ne,
3333 3055 3500 3119 sicut
3526 3054 3734 3118 Evam
3774 3051 4025 3136 decepit
4060 3075 4332 3137 serpens

2381 3162 2502 3206 sua
2545 3142 2807 3220 astutia,
2852 3143 2948 3206 ita
2989 3142 3414 3223 impostorum
3461 3138 3780 3206 illecebris
3825 3140 4108 3220 inducti,
4154 3140 4327 3207 exci-

2383 3226 2543 3291 dant
2584 3247 2623 3290 a
2666 3226 3085 3309 simplicitate
3129 3246 3294 3308 quae
3340 3236 3439 3291 est
3483 3226 3551 3289 in
3599 3226 3883 3292 Christo.

2559 3312 2660 3378 14.
2710 3312 2885 3378 Nam
2921 3317 3131 3396 pentes
3172 3313 3350 3380 istae.
3453 3311 3667 3377 Sicuti
3712 3333 3907 3395 quam
3951 3313 4134 3378 Deus
4175 3331 4331 3397 poe-

2382 3418 2537 3464 nam
2582 3408 2964 3481 sumpturus
3008 3411 3151 3463 erat
3204 3396 3286 3462 de
3343 3397 3683 3482 gentibus,
3747 3420 3958 3482 nuper
4000 3400 4335 3482 proposuit

2383 3484 2467 3550 ad
2512 3496 2861 3564 terrorem,
2919 3486 3010 3548 ita
3070 3505 3248 3549 nune
3306 3484 3616 3548 admonet
3667 3484 3791 3549 hac
3856 3485 4002 3568 lege
4056 3505 4333 3552 vacuam

2383 3568 2853 3636 haereditatem
2898 3571 3069 3636 tradi
3114 3569 3397 3648 Iudaeis,
3440 3580 3514 3635 ut
3558 3573 3719 3635 tanti
3755 3570 4053 3637 beneficii
4090 3592 4331 3636 memo-

2382 3679 2488 3722 res
2531 3656 2613 3721 ab
2648 3657 2950 3722 omnibus
2990 3656 3507 3740 inquinamentis
3543 3656 3664 3721 sibi
3713 3668 4017 3722 caveant:
4064 3666 4131 3720 et
4185 3656 4330 3722 ideo

2379 3743 2679 3826 pristinis
2725 3753 2937 3808 terrae
2980 3741 3209 3808 incolis
3251 3742 3616 3819 succedere,
3663 3756 3737 3806 ut
3772 3743 3906 3807 sint
3940 3743 4023 3808 ab
4059 3742 4188 3808 illis
4228 3764 4329 3808 se-

2381 3830 2613 3912 parati.
2710 3827 3041 3910 Quorsum
3088 3829 3267 3894 enim
3312 3829 3425 3892 illa
3473 3829 3749 3893 mutatio
3792 3828 3919 3894 nisi
3966 3840 4041 3894 ut
4084 3849 4330 3894 novum

2381 3916 2699 3999 populum
2742 3915 2870 3980 sibi
2915 3914 3282 3998 acquireret
3325 3915 3526 3993 Deus,
3573 3923 3947 3997 terramque
3990 3918 4168 3980 omni
4212 3916 4331 3978 im-

2381 4001 2713 4066 munditia
2777 4000 3137 4084 purgaret?
3242 4001 3447 4065 Porro
3512 4001 3777 4065 tametsi
3842 4000 4004 4065 duas
4071 4013 4327 4065 tantum

2382 4088 2632 4170 speeies
2676 4088 3212 4171 superstitionum
3256 4086 3515 4169 repetit,
3570 4108 3689 4170 per
3732 4086 4183 4171 synecdochen
4231 4097 4330 4151 ta-

2384 4193 2538 4237 men
2582 4195 2807 4238 omnes
2853 4174 3014 4238 alias
3060 4172 3379 4256 designat.
3428 4172 3705 4238 Summa
3740 4183 3857 4249 est,
3906 4194 3986 4236 ne
4021 4171 4330 4255 gentibus

2383 4259 2522 4324 sint
2564 4259 2807 4325 similes
2851 4259 2921 4323 in
2966 4257 3146 4324 vitiis
3203 4268 3271 4324 et
3311 4257 3731 4342 corruptelis,
3777 4279 3946 4341 quae
4004 4259 4137 4322 illis
4193 4258 4328 4322 fue-

2384 4355 2540 4410 rant
2583 4346 2767 4410 exitii
2812 4366 3026 4422 causa,
3068 4344 3327 4428 quando
3373 4364 3507 4409 non
3554 4355 3810 4409 tantum
3852 4344 4148 4409 homines
4182 4366 4330 4427 pro-

2381 4432 2728 4516 fligaverat
2769 4430 2974 4509 Deus,
3018 4430 3133 4495 sed
3178 4451 3522 4514 perversos
3565 4452 3818 4513 quoque
3862 4451 4088 4495 eorum
4142 4431 4329 4496 ritus.

2384 4517 2759 4583 Secundam
2797 4530 3048 4600 partem
3086 4536 3319 4582 versus
3355 4515 3619 4599 quidam
3658 4517 3727 4580 in
3766 4516 3931 4581 duas
3967 4517 4331 4582 sententias

2384 4603 2722 4669 dividunt:
2792 4604 2892 4667 'Pu
2952 4614 3168 4667 autem
3230 4622 3361 4666 non
3431 4603 3525 4667 sie
3590 4603 3814 4668 facies:
3884 4602 4150 4679 deinde,
4222 4602 4329 4667 Ie-

2384 4689 2559 4756 hova
2603 4688 2717 4753 dat
2775 4689 2923 4766 tibi,
2982 4699 3049 4751 et
3096 4687 3501 4753 subaudiunt
3544 4695 3811 4753 terram.
3902 4688 4048 4772 Ego
4106 4695 4329 4753 autem

2383 4797 2518 4840 non
2563 4775 2789 4841 dubito
2834 4773 2992 4856 quin
3085 4795 3401 4839 ronomen
3444 4788 3588 4843 nm<
3632 4776 3726 4840 sic
3783 4774 4026 4840 resolvi
4078 4773 4327 4850 debeat,

2381 4870 2700 4944 quantum
2769 4880 2927 4926 vero
2994 4881 3033 4925 a
3140 4868 3225 4925 te.
3334 4859 3624 4925 Proinde
3682 4880 3814 4925 uno
3879 4871 4194 4925 contextu
4241 4859 4331 4923 le-

2378 4946 2669 5031 gendum
2715 4965 2980 5012 censeo:
3027 4945 3174 5010 Non
3221 4947 3312 5011 sie
3359 4945 3478 5011 tibi
3525 4947 3821 5029 permisit
3867 4947 4066 5011 Deus.
4154 4943 4328 5009 Nam

2377 5032 2773 5117 significatio
2818 5030 3000 5097 verbi
3042 5044 3143 5127 Jm
3197 5032 3329 5097 late
3374 5042 3570 5115 patet.
3664 5030 3943 5099 Summa
3996 5033 4124 5096 hue
4185 5039 4328 5093 ten-

2378 5118 2493 5198 dit,
2555 5128 2675 5269 ut1¹¹
2671 5117 2879 5201 pluris
2919 5119 3005 5184 sit
3049 5117 3180 5183 illis
3224 5116 3350 5183 Dei
3394 5117 3751 5202 prohibitio
3795 5139 3989 5202 quam
4028 5116 4328 5202 gentium

2374 5224 2614 5288 exemp
2681 5254 2695 5269 .

3904 1333 4121 1401 Sicuti
4166 1336 4340 1401 Pau·
4410 1382 4417 1387 -
