4867 6150
537 407 663 474 567

546 594 1044 661 aestimationem
1085 600 1260 660 tuam
1300 593 1587 659 manebit.
1679 592 1781 658 18.
1829 591 1907 657 Si
1961 611 2106 657 vero
2142 594 2290 674 post
2332 587 2509 655 Iubi-

553 681 763 747 lacum
804 679 1247 746 consecraverit
1286 698 1512 762 aprum
1553 699 1760 756 suum,
1804 684 1938 743 tum
1978 676 2340 760 supputabit
2368 694 2511 740 cum

552 786 621 831 eo
662 767 951 831 sacerdos
997 765 1337 848 pecuniam
1391 764 1729 830 secundum
1781 783 1982 829 annos
2028 764 2144 846 qui
2190 765 2513 827 remanent

552 872 749 933 usque
788 853 874 918 ad
920 872 1159 917 annum
1198 849 1506 928 Iubilaei,
1564 856 1622 916 et
1680 849 2035 916 detrahetur
2088 849 2165 914 de
2221 847 2512 913 aestima-

550 938 715 1002 tione
767 942 895 1002 tua.
987 937 1089 1002 19.
1152 934 1230 1001 Si
1285 941 1494 1002 autem
1546 935 1903 1004 redimendo
1964 934 2235 1000 redimat
2283 951 2514 1017 aprum

554 1024 668 1105 qui
709 1023 1085 1088 consecravit
1117 1023 1348 1105 ipsum,
1391 1022 1578 1088 addet
1618 1024 1908 1104 quintam
1929 1024 2178 1103 partem
2204 1021 2514 1101 pecuniae

551 1109 1002 1175 aestimationis
1053 1112 1198 1174 tuae
1247 1127 1441 1190 super
1482 1127 1648 1186 eam,
1707 1113 1764 1174 et
1804 1105 2075 1172 manebit
2117 1106 2192 1172 ei.
2281 1104 2385 1171 20.
2437 1103 2513 1169 Si

549 1215 693 1259 vero
725 1214 850 1259 non
883 1193 1215 1259 redemerit
1479 1244 1495 1274 ,
1539 1199 1595 1258 et
1635 1194 1695 1260 si
1737 1193 2087 1259 vendiderit
2118 1211 2346 1275 cyrum
2376 1191 2516 1255 viro

551 1279 765 1355 alteri,
818 1300 944 1344 non
998 1279 1259 1345 redimet
1310 1279 1514 1345 ultra.-
1579 1279 1683 1345 21.
1746 1277 1872 1344 Sed
1930 1279 2048 1342 erit
2103 1298 2254 1361 aqer
2319 1296 2514 1359 quum

553 1385 585 1429 e
660 1365 899 1430 edietur
931 1364 1277 1444 Iubilaeus,
1320 1366 1622 1431 sanctitas
1657 1365 1938 1443 lehovae,
1975 1365 2134 1430 sicut
2169 1385 2320 1447 aqer
2353 1382 2515 1428 ana-

714 1452 875 1517 atis:
931 1451 1239 1517 sacerdoti
1295 1452 1416 1516 erit
1461 1452 1779 1531 possessio
1832 1450 1989 1515 eius.
2077 1449 2182 1515 22.
2244 1449 2319 1514 Si
2373 1467 2517 1514 vero

553 1556 780 1621 aprum
819 1542 1090 1618 emptum
1125 1557 1168 1601 a
1209 1556 1278 1602 se
1310 1537 1422 1619 qui
1462 1557 1586 1601 non
1618 1541 1755 1601 erat
1795 1535 1872 1600 de
1914 1555 2068 1618 a9=ro
2090 1535 2514 1618 possessionis

555 1643 739 1701 suae,
782 1623 1233 1689 consecraverit
1273 1621 1570 1688 Iehovae:
1623 1622 1729 1686 23.
1778 1620 1956 1686 Tunc
2008 1620 2375 1703 supputabit
2412 1619 2517 1684 illi

477 1717 484 1729 '
557 1707 845 1773 sacerdos
883 1727 1213 1773 numerum
1250 1708 1706 1773 aestimationis
1741 1713 1888 1772 tuae
1930 1727 2126 1789 usque
2158 1706 2243 1771 ad
2277 1723 2517 1770 annum

560 1793 851 1866 Iubilaei‚
895 1795 1185 1876 dabitque
1221 1794 1714 1861 aestimationem
1741 1798 1915 1858 tuam
1943 1794 2015 1856 in
2047 1793 2152 1858 die
2193 1791 2302 1858 illo
2334 1811 2514 1856 sanc·

558 1881 794 1945 titatem
838 1878 1117 1947 Iehovae.
1178 1881 1282 1945 24.
1330 1879 1415 1944 In
1457 1899 1623 1945 anno
1667 1877 1946 1944 Iubilaei
1988 1882 2326 1943 revertetur
2368 1897 2518 1961 aqer

560 1965 2518 2048 adeumaquoemeratipsmn,adcumcuiuseratpos-

559 2053 753 2117 sessio
809 2055 1029 2117 terrae.
1117 2052 1219 2118 25.
1285 2052 1507 2117 Omnis
1560 2055 1766 2117 autem
1823 2051 2173 2117 aestimatio
2231 2055 2343 2115 tua
2399 2048 2521 2114 erit

560 2138 900 2203 secundum
922 2138 1150 2204 siclum
1173 2138 1561 2204 sanctuarii.-
1595 2137 1821 2221 viqimti
1847 2137 2160 2203 obolorum
2189 2141 2280 2201 est
2301 2134 2516 2201 siclus.

1079 2476 1214 2543 EX
1256 2478 1592 2545 EODEM
1637 2477 1997 2544 OAPITE.

562 2728 573 2740 ⁸
738 2649 841 2715 27.
905 2648 982 2714 Si
1021 2669 1168 2716 vero
1205 2650 1402 2732 fuerit
1444 2670 1522 2715 ecc
1577 2647 1960 2715 animalibus
2001 2649 2382 2732 immundis,
2424 2671 2520 2715 re-

564 2736 756 2801 dimet
809 2736 990 2799 iuxta
1056 2737 1552 2802 aestimationem
1598 2741 1802 2815 tuam,
1868 2740 1924 2800 et
1987 2737 2175 2802 addet
2235 2737 2519 2818 quintam

552 2826 804 2904 partem
847 2823 986 2887 eius
1024 2821 1193 2887 ultra
1235 2842 1392 2900 eam,
1438 2828 1495 2887 et
1534 2822 1598 2887 si
1636 2841 1763 2887 non
1801 2822 2168 2901 redimatur,
2212 2823 2520 2888 vendatur

564 2911 749 2973 iuxta
816 2908 1313 2973 aestimationem
1377 2913 1570 2974 tuam.
1669 2907 1775 2972 28.
1838 2906 2278 2974 Verumtamen
2337 2928 2518 2974 omne

563 2993 893 3059 anathema
937 2993 1101 3076 quod
1134 2993 1507 3060 consecrabit
1549 2992 1788 3076 aliquis
1822 2992 2090 3058 Iebovae
2122 3014 2200 3059 ex
2233 2995 2519 3059 omnibus

564 3100 722 3162 quae
763 3080 969 3159 babet,
1027 3079 1104 3145 de
1145 3079 1499 3147 hominibus
1539 3086 1598 3145 et
1639 3079 2055 3157 animalibus,
2112 3085 2166 3145 et
2222 3081 2299 3147 de
2341 3082 2519 3164 ayris

552 3167 977 3248 possessionis
1052 3186 1210 3230 suae
1223 3214 1239 3242 ‚
1315 3186 1443 3231 non
1517 3166 1811 3232 vendetur
1884 3185 2079 3247 neque
2159 3166 2516 3232 redimetur.

574 3250 767 3317 Omne
809 3251 975 3315 enim
1017 3250 1350 3316 anathema
1392 3253 1699 3318 sanctitas
1739 3253 2138 3317 sanctitatum
2181 3253 2300 3328 erit
2342 3252 2519 3319 Iebo-

565 3359 694 3402 vae.
754 3337 857 3402 29.
909 3335 1100 3402 Omne
1143 3337 1477 3402 anathema
1519 3339 1684 3419 quod
1716 3338 2173 3404 consecrabitur
2205 3340 2282 3404 de
2323 3338 2519 3404 bomi-

564 3423 752 3489 nibus
792 3442 920 3488 non
964 3424 1302 3488 redimetur
1316 3449 1334 3486 :
1377 3423 1698 3490 moriendo
1739 3426 2055 3490 morietur.
2453 3469 2459 3488 ‚

743 3595 801 3663 1.
861 3594 1191 3677 Loquutus
1244 3600 1349 3660 est.
1439 3595 1588 3662 Hoc
1645 3595 1858 3678 capite
1915 3594 2106 3662 docet
2148 3596 2404 3675 Moses,
2462 3597 2520 3662 si

570 3681 735 3746 forte
796 3688 945 3746 vota
1000 3679 1337 3746 commode
1394 3681 1560 3748 solvi
1619 3691 1979 3764 nequeant,
2038 3682 2362 3764 quomodo
2407 3682 2520 3747 vel

569 3787 696 3849 quo
731 3767 942 3849 pretio
978 3765 1435 3832 redimendum
1470 3769 1560 3832 sit
1599 3767 1771 3850 quod
1807 3767 2013 3833 semel
2056 3768 2346 3833 oblatum
2391 3770 2522 3833 fuit

570 3850 734 3917 Deo.
824 3852 1031 3917 Porro
1084 3853 1447 3917 notandum
1501 3864 1603 3918 est
1646 3852 1809 3918 duas
1854 3853 2053 3919 fuisse
2096 3854 2521 3920 consecrandi

573 3938 822 4019 species
865 3939 935 4002 in
982 3939 1188 4003 veteri
1234 3940 1491 4021 popule,
1538 3959 1790 4022 nempe,
1837 3939 1908 4002 in
1950 3939 2304 4006 anathema
2347 3938 2522 4022 quod

573 4022 865 4089 Hebraei
919 4034 1156 4088 vocant
1211 4035 1385 4103 ῦἿΠ,
1444 4024 1548 4089 vel
1605 4025 1671 4088 in
1724 4045 1914 4089 usum
1962 4025 2224 4108 templi,
2280 4036 2347 4091 et
2391 4027 2523 4091 alia

573 4110 834 4191 pietatis
878 4109 1208 4176 exercitia.
1275 4109 1654 4175 Anathema
1696 4110 1839 4175 fieri
1884 4112 2099 4194 potuit
2139 4133 2220 4176 ex
2268 4112 2521 4177 anima-

570 4194 744 4260 libus
794 4195 1182 4276 immundis,
1239 4206 1305 4260 et
1360 4196 1508 4261 aliis
1564 4196 1858 4279 profanis
1911 4198 2138 4274 rebus,
2200 4198 2393 4265 sicuti
2452 4199 2522 4263 in

574 4283 738 4347 urbe
759 4282 1039 4360 Iericho,
1081 4289 1150 4346 et
1183 4282 1331 4346 aliis
1367 4281 1687 4347 similibus
1723 4282 2042 4365 exemplis
2078 4281 2301 4349 videre
2335 4284 2522 4350 licet:

577 4367 691 4432 sed
755 4370 1018 4451 proprie
1073 4375 1228 4436 vota
1284 4387 1667 4451 nuncupare
1722 4368 1823 4434 fas
1874 4391 2004 4434 non
2051 4369 2209 4448 fuit,
2269 4371 2395 4435 nisi
2444 4370 2524 4435 de

583 4453 848 4518 homine
905 4455 1008 4518 vel
1064 4453 1334 4519 animali
1391 4453 1670 4533 mund0,
1736 4455 1849 4520 'vel
1903 4455 2031 4520 alia
2086 4478 2159 4521 re
2212 4477 2380 4540 quae
2441 4456 2524 4520 ad

578 4539 706 4604 Dei
743 4538 993 4605 cultum
1024 4541 1236 4624 aptari
1271 4549 1515 4623 posset.
1574 4539 1686 4608 Sic
1721 4562 1803 4606 ex
1847 4540 2157 4626 gregibus
2201 4542 2529 4608 vovebant

580 4625 795 4689 hircos
855 4625 958 4689 vel
1014 4647 1197 4692 oves:
1257 4647 1341 4692 ex
1386 4629 1702 4694 armentis
1741 4628 1943 4694 boves
1988 4640 2100 4692 aut
2142 4628 2407 4706 vitulos,
2453 4635 2529 4692 ut

579 4711 707 4777 Dei
752 4711 1026 4792 gratiam
1071 4713 1142 4776 in
1183 4713 1618 4779 foecunditate
1662 4714 2003 4779 sentirent.
2065 4711 2140 4780 Si
2181 4735 2375 4796 quem
2420 4736 2527 4778 or-

581 4799 804 4862 bitatis
863 4795 1193 4878 taedebat,
1258 4799 1539 4864 sobolem
1598 4821 1638 4864 a
1692 4800 1835 4865 Deo
1890 4799 2258 4883 postulans,
2312 4799 2526 4865 filium

581 4884 683 4948 vel
723 4883 925 4948 filiam
971 4893 1120 4947 voto
1163 4883 1508 4948 offerebat:
1553 4907 1684 4969 qua
1726 4886 1983 4951 ratione
2006 4885 2294 4963 Samuel,
2341 4895 2526 4951 ante-

579 4990 773 5054 quam
832 4970 903 5033 in
959 4977 1148 5033 utero
1192 4971 1671 5052 conciperetur,
1732 4972 1876 5037 Deo
1920 4973 2044 5038 fuit
2087 4973 2359 5038 dicatus.
2451 4970 2529 5038 Si

578 5058 678 5122 cui
739 5065 935 5121 natus
978 5067 1122 5120 erat
1163 5054 1548 5122 imbecillior
1589 5055 1835 5137 foetus,
1881 5058 1986 5124 vel
2031 5059 2089 5123 si
2128 5059 2275 5142 quis
2320 5079 2402 5124 ex
2445 5057 2528 5122 li-

576 5141 751 5207 beris
786 5141 857 5204 in
899 5161 1170 5226 gravem
1217 5142 1516 5206 morbum
1561 5143 1899 5225 inciderat,
1944 5145 2046 5210 vel
2089 5145 2229 5228 ipse
2273 5153 2416 5210 erat
2455 5143 2530 5208 in

580 5229 798 5310 aliquo
834 5226 1231 5306 discrimine,
1276 5228 1479 5292 moris
1524 5240 1667 5294 erat
1708 5229 1792 5294 ad
1836 5239 1995 5297 vota
2038 5231 2409 5316 confugere,
2454 5237 2531 5294 ut

577 5316 764 5379 Deus
799 5314 974 5395 quod
1009 5314 1136 5379 sibi
1174 5312 1465 5379 dicatum
1501 5324 1663 5394 erat,
1704 5325 2020 5383 tueretur.
2079 5317 2217 5383 Neo
2253 5316 2529 5382 dubium

2000 399 2425 470 TERTIUM
2468 396 3121 466 PRAEOEPTUM.

4426 397 4538 466 568

2614 597 2716 654 est
2775 588 2936 672 quin
2981 607 3322 670 perperam
3370 586 3561 654 multi
3606 587 3687 653 ad
3733 587 4021 671 ineptias
4062 585 4352 673 prolapsi
4392 587 4544 655 sint:

2612 695 2780 757 quae
2823 674 2987 739 vitia
3029 672 3124 738 sio
3167 672 3477 739 toleravit
3521 673 3739 754 Deus,
3783 684 3857 739 ut
3899 693 4007 739 res
4049 675 4193 756 ipsa
4235 693 4381 738 cum
4419 673 4547 759 lege

2612 781 2746 826 non
2802 768 3144 844 pugnaret.
3231 759 3441 824 Porro
3498 761 3653 843 quia
3710 779 3906 845 saepe
3959 759 4284 844 contingit
4339 767 4412 824 ut
4449 761 4548 843 qui

2615 855 2918 914 votorum
2966 843 3260 910 damnati
3305 856 3498 922 sunt,
3542 853 3796 911 mutato
3840 845 4132 924 oonsilio,
4179 844 4261 910 ad
4307 844 4548 911 solven-

2613 929 2772 998 dum
2831 932 3051 996 minus
3108 932 3245 997 sint
3301 932 3549 997 alacres
3593 954 3671 998 ao
3711 932 4036 1015 prompti,
4089 931 4223 997 imo
4265 951 4455 1016 aegre
4493 940 4552 996 et

2613 1018 2809 1082 inviti
2847 1037 2991 1084 sese
3026 1016 3341 1083 liberent:
3378 1024 3453 1082 ut
3488 1016 3899 1085 voluntariae
3934 1030 4155 1084 essent
4189 1016 4552 1096 oblationes,

2615 1104 2800 1170 Deus
2833 1104 3045 1187 pretio
3080 1103 3233 1169 dato
3268 1102 3592 1169 redimere
3627 1104 3925 1186 permisit
3966 1102 4140 1187 quod
4175 1103 4553 1189 promissum

2616 1198 2777 1256 erat.
2841 1189 3158 1274 Imposito
3201 1198 3420 1255 autem
3475 1190 3713 1272 pretio,
3767 1188 3959 1274 quasi
4008 1190 4255 1256 mulcta
4301 1188 4554 1270 indicta,

2618 1277 2955 1342 temeritas
2997 1283 3292 1359 correcta
3332 1276 3491 1349 fuit,
3533 1284 3602 1340 et
3644 1275 3711 1340 in
3755 1288 4093 1360 posterum
4138 1277 4434 1340 fraenata
4471 1274 4557 1341 le-

2619 1361 2823 1427 vitas:
2885 1370 2960 1427 ut
3016 1370 3172 1427 ante
3224 1371 3612 1443 conceptum
3655 1370 3879 1427 votum
3927 1361 4128 1444 probe
4169 1360 4557 1427 meditaren-

2617 1456 2730 1513 tur
2784 1448 2942 1531 quid
3000 1447 3242 1513 facturi
3296 1457 3545 1525 essent,
3594 1468 3678 1512 ne
3721 1447 4072 1513 molestum
4118 1446 4356 1512 deinde
4399 1456 4560 1514 esset

2618 1535 2961 1616 promissis
3027 1544 3222 1599 stare.
3325 1532 3707 1599 Notandum
3764 1553 3959 1616 porro
4011 1541 4111 1599 est
4169 1542 4314 1599 rata
4366 1530 4560 1599 fuisse

2617 1628 2795 1697 vota,
2839 1641 2971 1684 non
3006 1619 3161 1702 quia
3192 1621 3454 1703 penitus
3477 1618 3621 1685 Deo
3656 1619 4008 1702 placerent,
4045 1619 4159 1684 sed
4194 1640 4282 1684 ne
4316 1639 4561 1685 assues-

2617 1714 2797 1772 ceret
2833 1705 3113 1790 populus
3149 1705 3232 1770 ad
3275 1706 3550 1788 impium
3596 1705 3737 1771 eius
3779 1714 4245 1788 contemptum,
4292 1706 4350 1769 si
4392 1704 4561 1771 frau-

2619 1790 2809 1856 dator
2843 1793 3113 1874 impune
3157 1791 3303 1856 Deo
3344 1798 3617 1875 negaret
3659 1790 3828 1874 quod
3874 1794 4283 1874 promiserat.
4348 1790 4562 1855 Primo

2619 1876 2761 1961 agit
2787 1877 3010 1943 Moses
3054 1877 3135 1942 de
3178 1877 3474 1959 personis
3518 1887 3584 1942 et
3628 1877 3990 1942 masculum
4037 1878 4347 1943 aestimat
4384 1877 4562 1960 quin-

2620 1963 2934 2047 quaginta
2983 1962 3160 2029 siclis
3202 1962 3563 2028 sanctuarii
3607 1962 3689 2027 ab
3735 1963 3927 2028 annis
3970 1962 4208 2048 viginti
4253 1964 4340 2029 ab
4385 1984 4562 2029 sexa·

2620 2049 2839 2131 ginta:
2862 2048 3193 2131 ‚quoniam
3228 2047 3394 2113 illud
3428 2061 3530 2114 est
3564 2049 3982 2132 praecipuum
4020 2050 4256 2116 aetatis
4294 2058 4562 2133 tempus,

2619 2154 2749 2217 quo
2806 2135 2987 2199 utilis
3042 2155 3184 2200 esse
3243 2142 3458 2216 potest
3513 2133 3858 2199 hominum
3916 2156 4131 2219 opera.
4218 2135 4565 2202 Feminam

2621 2220 2927 2287 aestimat
2947 2220 3224 2303 triginta
3247 2219 3456 2285 siclis:
3480 2221 3637 2302 quia
3672 2231 3748 2285 ut
3772 2221 4130 2303 plurimum
4152 2224 4381 2288 minus
4403 2223 4564 2289 fruo-

2620 2316 2726 2371 tus
2763 2305 3126 2390 percipitur
3161 2327 3242 2371 ex
3279 2305 3526 2371 femina
3560 2326 3761 2388 quam
3798 2307 4108 2374 mascu10.
4172 2307 4566 2391 Quanquam

2623 2406 2841 2458 autem
2902 2392 3046 2458 fieri
3090 2399 3309 2474 potest
3353 2400 3427 2458 ut
3468 2391 3754 2457 feminae
3798 2392 4120 2475 quaedam
4168 2394 4338 2460 viris
4383 2395 4567 2478 longe

2623 2487 2985 2562 praestent,
3049 2475 3231 2564 (quia
3292 2476 3628 2542 interdum
3703 2480 4127 2561 reperiuntur
4189 2478 4565 2559 industriae,

2622 2564 3017 2648 prudentes,
3060 2562 3364 2629 coi-datae
3407 2564 3724 2643 feminae,
3770 2579 3837 2630 et
3881 2563 3965 2630 ad
4007 2565 4357 2631 ferendum
4400 2566 4567 2632 labo-

2621 2672 2760 2717 rem
2805 2653 3141 2718 robustae:
3195 2650 3329 2716 viri
3373 2656 3594 2716 autem
3650 2650 3909 2735 ignavi,
3955 2649 4173 2728 bardi,
4218 2653 4468 2718 inertes
4506 2659 4567 2717 et

2622 2734 2879 2822 molles)
2904 2737 3010 2801 lex
3033 2744 3258 2801 tamen
3298 2737 3663 2803 communis
3697 2736 3973 2802 ferenda
4004 2738 4146 2818 fuit,
4181 2738 4346 2820 quia
4380 2738 4567 2803 nimis

2623 2822 2886 2888 difficile
2909 2822 3143 2888 fuisset
3171 2842 3468 2900 examen,
3515 2823 3573 2887 si
3606 2824 3852 2906 singuli
3887 2844 4005 2907 pro
4042 2825 4180 2889 suis
4214 2824 4567 2890 virtutibus

2622 2907 3017 2974 aestimandi
3074 2915 3324 2974 essent:
3373 2909 3554 2973 Deus
3606 2930 3764 2993 ergo
3822 2919 4050 2975 exacte
4109 2929 4242 2974 non
4292 2911 4569 2976 attendit

2624 2994 2703 3059 ad
2743 2994 3054 3077 cuiusque
3089 2994 3422 3073 meritum,
3466 2992 3581 3059 sed
3628 2995 3888 3080 vulgari
3931 2996 4183 3062 ratione
4225 3005 4570 3063 contentus

2620 3081 2766 3147 fuit.
2856 3080 3116 3146 Deinde
3183 3080 3502 3165 praecipit
3568 3080 3650 3145 de
3717 3081 3955 3146 minori
4020 3090 4238 3148 aetate
4300 3105 4343 3150 a
4392 3084 4568 3168 quin-

2622 3167 2906 3250 quennio
2949 3188 3171 3249 ⁴usque
3226 3166 3308 3231 ad
3373 3187 3623 3231 annum
3679 3168 4092 3246 vicesimum,
4160 3177 4228 3234 et
4288 3168 4569 3236 masculo

2622 3252 2887 3335 quidem
2921 3252 3159 3319 indicit
3201 3252 3442 3337 viginti
3489 3252 3718 3331 siclos,
3776 3253 4064 3319 feminae
4124 3275 4286 3319 vero
4334 3255 4566 3322 decem.

2622 3338 2862 3404 Postea
2920 3337 3005 3403 ad
3048 3337 3334 3404 infantes
3381 3337 3750 3417 descendit,
3809 3349 3877 3404 et
3918 3340 3990 3404 in
4035 3339 4340 3407 masculo
4385 3342 4569 3407 unius

2622 3426 2869 3490 mensis
2939 3423 3024 3489 ad
3088 3425 3574 3507 quinquennem
3646 3425 3934 3507 pretium
3994 3425 4228 3491 statuit
4285 3427 4570 3510 quinque

2622 3511 2832 3589 siclos,
2876 3518 3014 3577 tres
3056 3518 3280 3576 autem
3323 3511 3394 3574 in
3436 3511 3700 3576 femina.
3790 3510 4045 3592 Quarto
4086 3511 4228 3578 loco
4275 3516 4573 3580 aestimat

2623 3618 2733 3662 eos
2790 3597 2904 3680 qui
2962 3597 3414 3679 sexagenariis
3471 3603 3628 3663 sunt
3680 3597 3994 3676 maiores,
4056 3619 4299 3682 nempe
4360 3602 4569 3665 virum

2624 3683 2993 3766 quindecim
3035 3683 3245 3762 siclis,
3302 3682 3621 3747 feminam
3666 3682 3923 3748 decem:
3975 3685 4129 3766 quia
4171 3686 4435 3749 senium
4481 3685 4573 3750 vi-

2624 3790 2846 3853 gorem
2908 3779 3043 3832 tam
3103 3769 3393 3852 corporis
3436 3788 3633 3851 quam
3680 3770 3883 3833 animi
3927 3768 4260 3847 debilitat,
4310 3780 4379 3835 et
4421 3791 4572 3856 pau-

2622 3855 2830 3918 latum
2886 3855 3228 3920 consumit.
3318 3854 3571 3936 Quinto
3616 3853 3758 3920 loco
3803 3853 4068 3920 additur
4110 3858 4443 3940 exceptio,
4496 3876 4575 3920 ne

2623 3948 2887 4025 praeter
2941 3960 3097 4005 suae
3153 3941 3494 4006 tenuitatis
3537 3940 3877 4005 modulum
3921 3950 4293 4025 graventur
4336 3962 4574 4027 paupe-

2624 4046 2748 4105 res,
2793 4039 2870 4091 ut
2911 4025 3211 4091 sacerdos
3254 4037 3573 4108 quantum
3620 4026 3954 4092 videbitur
3997 4047 4082 4092 ex
4127 4030 4348 4112 pretio
4393 4028 4573 4093 dimi·

2624 4119 2806 4178 nuat.
2895 4111 3287 4195 Quanquam
3343 4111 3502 4177 haec
3558 4113 3758 4177 etiam
3801 4112 4159 4179 moderatio
4199 4114 4422 4181 locum
4466 4114 4571 4179 ha·

2626 4199 2774 4265 buit
2806 4199 2875 4262 in
2913 4196 3245 4278 divitibus,
3288 4197 3348 4263 si
3383 4218 3731 4264 commune
3766 4200 4049 4281 pretium
4086 4221 4221 4267 non
4267 4210 4571 4285 aequaret

2628 4285 2743 4368 qui
2776 4282 3228 4350 -redimendns
3286 4291 3459 4348 erat:
3504 4285 3902 4367 pauperibus
3948 4294 4168 4351 tamen
4214 4286 4438 4353 Deum
4473 4285 4570 4350 hic

2626 4369 3045 4454 peculiariter
3077 4369 3417 4436 consulere
3454 4390 3537 4434 ex
3583 4370 3806 4436 verbis
3848 4381 4152 4456 apparet:
4198 4371 4569 4439 Secundum

2630 4455 2801 4539 quod
2873 4454 3317 4539 apprehendet
3375 4477 3611 4522 manus
3664 4459 4000 4525 voventis:
4070 4477 4200 4541 qua
4257 4456 4569 4541 particula

2630 4542 2797 4609 solet
2838 4542 3059 4608 Moses
3111 4541 3432 4609 defectum
3472 4541 3580 4608 vel
3622 4543 3917 4626 inopiam
3962 4550 4220 4623 notare,
4276 4545 4434 4627 quia
4471 4564 4566 4608 co·

2631 4628 2738 4712 pia
2795 4629 3024 4712 egenis
3074 4628 3186 4693 vel
3242 4627 3552 4694 tenuibus
3611 4650 3729 4711 pro
3775 4629 4046 4695 arbitrio
4089 4651 4221 4695 non
4266 4628 4563 4714 suppetit.

2711 4789 2718 4795 ,
2806 4716 2905 4780 11.
2957 4714 3034 4780 Si
3076 4719 3284 4780 autem
3319 4714 3521 4797 fuerit
3560 4715 3868 4796 quodlibet
3900 4715 4159 4781 animal.
4245 4715 4443 4781 Nunc
4481 4734 4567 4780 se·

2632 4800 2845 4866 cundo
2902 4800 3043 4867 loco
3102 4799 3183 4865 de
3240 4801 3454 4867 brutis
3494 4801 3888 4867 animalibus
3930 4801 4072 4884 agit
4114 4801 4370 4867 Moses:
4414 4819 4564 4884 quae

2631 4888 2689 4951 si
2734 4898 2888 4969 apta
2928 4886 3063 4951 sint
3106 4887 3439 4952 sacrificiis
3483 4888 3758 4952 mactari
3802 4886 3924 4952 sibi
3949 4887 4134 4951 Deus
4177 4887 4399 4953 iubet.-
4438 4885 4565 4951 Nec

2632 4981 2856 5039 votum
2901 4973 3144 5037 mutari
3188 4974 3456 5056 patitur.
3547 4971 3743 5054 Quod
3787 4974 3843 5037 si
3886 4972 4120 5037 mutila
4162 4975 4423 5050 fuerint,
4466 4969 4563 5036 vel

2630 5057 2986 5138 immunda,
3031 5058 3245 5141 legem
3279 5057 3640 5124 redimendi
3685 5060 3883 5141 ponit.
3957 5056 4089 5124 Sed
4133 5058 4241 5125 hic
4281 5058 4564 5125 exoritur

2632 5145 2952 5227 quaestio,
3004 5142 3324 5227 quomodo
3384 5165 3620 5211 vovere
3674 5143 3936 5210 licuerit
3991 5165 4160 5227 quae
4218 5144 4399 5211 Deus
4451 5141 4560 5208 sibi

2634 5231 2857 5296 offerri
2931 5237 3267 5308 vetuerat,
3336 5229 3624 5313 adeoque
3697 5230 4129 5314 prohibuerat
4182 5230 4266 5295 ab
4315 5246 4555 5296 accessu

2634 5316 2860 5400 templi
2905 5324 3225 5399 tanquam
3267 5316 3621 5382 immunda.
3690 5317 3889 5383 Oerte
3932 5318 3989 5382 si
4032 5317 4141 5383 cui
4178 5318 4247 5382 in
4290 5322 4553 5381 mentem
