4867 6150
428 471 557 539 285

427 662 524 729 vel
574 663 833 729 coctione
883 666 1115 729 coctum
1170 663 1244 726 in
1285 663 1493 746 aquis,
1545 663 1658 729 sed
1713 682 1932 729 assum
1974 664 2142 747 iyni:
2191 665 2382 743 caput

429 749 571 815 eius
602 767 746 814 cum
774 746 1069 815 cruribus
1100 748 1258 815 eius.
1294 752 1351 813 et
1380 768 1523 815 cum
1556 748 1873 814 intestinis
1911 750 2067 815 eius.
2116 749 2217 814 10.
2249 746 2381 812 Nec

425 834 753 901 residuum
792 834 1043 917 facietis
1081 832 1427 916 quidquam
1471 853 1551 900 ex
1601 854 1670 900 eo
1710 854 1909 917 usque
1948 855 2165 900 mane.-
2218 833 2381 915 quod

429 926 636 987 autem
677 918 993 1001 reliquum
1030 919 1230 1002 fuerit
1269 939 1348 985 ex
1390 940 1458 987 eo
1499 940 1698 1003 usque
1736 940 1935 1001 mane,
1995 919 2376 988 comburetis.

433 1007 534 1072 11.
600 1005 708 1072 Sic
769 1006 1094 1071 comedetis
1154 1004 1355 1083 illuni,
1422 1004 1650 1072 lumbis
1708 1009 1939 1074 cestris
1994 1007 2268 1086 accincti,
2325 1008 2382 1069 et

426 1092 830 1160 calciamenta
869 1096 1074 1157 vestra
1115 1090 1189 1155 in
1218 1091 1492 1175 pedibus
1523 1093 1765 1171 vestris,
1809 1098 1866 1159 et
1894 1093 2152 1159 baculus
2184 1095 2381 1156 vester

427 1180 501 1243 in
539 1198 741 1243 manu
779 1182 1006 1256 vestra,
1065 1181 1124 1242 ct
1170 1177 1492 1244 comedetis
1530 1178 1746 1261 ipsum
1784 1198 1924 1245 cum
1960 1178 2375 1260 festinatione.

428 1263 552 1330 Est
605 1263 815 1329 Pesah
872 1261 1151 1329 lebovae.
1257 1263 1359 1329 12.
1423 1263 1599 1329 Nam
1652 1265 1935 1330 transibo
1976 1284 2103 1346 per
2142 1269 2379 1329 temam

428 1351 700 1435 Aeqypti
740 1354 908 1416 nocte
948 1347 1081 1427 hac,
1126 1352 1182 1414 et
1211 1351 1566 1432 percutiam
1606 1369 1847 1415 omnem
1888 1350 2377 1434 primoqenitum

426 1437 497 1502 in
548 1442 723 1501 terra
777 1436 1053 1519 Aeyypti
1105 1434 1185 1500 ab
1231 1434 1477 1501 homine
1529 1455 1728 1516 usque
1778 1437 1866 1502 ad
1908 1437 2281 1502 iumentum:
2322 1438 2379 1499 et

426 1523 497 1588 in
560 1525 795 1587 cunctis
853 1520 985 1588 diis
1028 1520 1304 1604 Aegypti
1366 1521 1548 1587 edam
1608 1522 1885 1588 iudicia:
1953 1542 2059 1606 eyo
2126 1521 2372 1587 Iehova.

431 1608 531 1674 13.
589 1607 682 1672 Et
734 1607 858 1672 erit
909 1608 1175 1691 sanyuis
1226 1606 1399 1674 vobis
1454 1609 1524 1672 in
1576 1607 1997 1692 siynumper
2049 1607 2375 1673 domosin

424 1693 651 1777 quibus
689 1712 798 1758 vos
837 1692 1124 1775 saevitis:
1165 1698 1224 1758 et
1262 1693 1482 1759 videns
1522 1694 1895 1778 sanquinem
1928 1695 2139 1775 ipsum
2172 1698 2377 1759 trans-

425 1780 644 1847 siliam
708 1799 846 1844 vos.-
900 1797 1009 1844 nec
1065 1780 1187 1844 erit
1242 1780 1313 1844 in
1369 1778 1539 1844 vobis
1572 1779 1770 1862 playa
1809 1779 2121 1859 interitus,
2177 1799 2376 1862 quum

413 1866 771 1951 pernitiam
831 1869 1069 1930 terram
1131 1865 1419 1948 Aeyypti.
1526 1864 1628 1930 14.
1696 1864 1788 1930 Et
1837 1866 1958 1931 erit
2009 1865 2185 1931 vobis
2235 1865 2375 1931 dies

423 1953 544 2019 iste
581 1953 653 2017 in
692 1952 1088 2016 memoriam.-
1132 1955 1192 2016 et
1229 1950 1613 2016 celebrabitis
1654 1970 1797 2015 eum
1836 1950 2067 2033 festum
2112 1950 2376 2016 Iehovae

423 2039 497 2104 in
523 2038 951 2122 generationes
982 2041 1238 2114 vestras,
1274 2041 1500 2102 stando
1535 2041 1778 2101 aeterno
1813 2036 2191 2103 celebrabitis
2215 2058 2372 2102 eum.

428 2123 528 2190 15.
581 2123 828 2205 Septem
879 2122 1096 2188 diebus
1132 2122 1571 2205 infmnerttata
1614 2123 1962 2189 comedetis.-
2002 2124 2230 2205 prima
2271 2122 2376 2189 die

423 2230 665 2278 cessare
703 2210 951 2293 facietis
988 2208 1361 2291 sementum
1402 2230 1435 2273 e
1473 2208 1765 2273 domibus
1803 2209 2047 2274 vestris.
2138 2209 2240 2274 16.
2286 2208 2378 2274 Et

421 2297 494 2362 in
550 2297 654 2363 die
702 2297 940 2379 primo,
995 2295 1333 2360 convocatio
1389 2298 1626 2371 sancta,
1681 2295 1787 2359 die
1835 2314 2075 2376 quoque
2114 2296 2375 2376 septimo

422 2383 764 2449 convocatio
800 2385 1019 2447 sancta
1059 2382 1177 2445 erit
1217 2380 1417 2446 vobis:
1459 2400 1637 2445 omne
1677 2400 1834 2461 qous
1866 2401 1989 2445 non
2018 2380 2126 2462 fiet
2158 2384 2230 2446 in
2263 2382 2370 2459 eis,

420 2473 845 2534 verumtamen
887 2467 1048 2549 quod
1110 2468 1454 2533 comedetur
1518 2466 1597 2532 ab
1660 2467 1830 2532 omni
1893 2467 2115 2533 anima
2132 2515 2146 2543 ,
2214 2466 2376 2532 illud

419 2553 840 2621 tantummodo
888 2552 993 2634 fiet
1044 2574 1087 2618 a
1139 2553 1331 2618 vobis.
1438 2551 1539 2618 17.
1604 2551 2140 2635 observabitisque
2180 2554 2373 2635 infer-

421 2645 727 2706 mentata:
783 2639 938 2721 quia
991 2638 1107 2703 hac
1147 2639 1294 2721 ipsa
1338 2638 1441 2703 die
1482 2639 1679 2704 eduxi
1719 2639 2025 2703 exercitus
2063 2644 2298 2705 vestros
2338 2659 2371 2704 e

420 2732 590 2792 terra
642 2726 948 2810 Aeqypti:
1011 2722 1417 2790 observabitis
1480 2724 1751 2807 inquam
1816 2725 1984 2790 diem
2046 2726 2242 2790 istum
2301 2726 2369 2789 in

413 2810 918 2898 generationibus
957 2810 1185 2876 vestris
1224 2814 1452 2876 statuto
1480 2815 1798 2893 perpetuo.
1890 2809 1990 2876 18.
2040 2808 2125 2876 In
2159 2812 2372 2894 primo

418 2917 655 2974 mense,
697 2898 1150 2978 decimoquarto
1190 2896 1295 2961 die
1336 2897 1599 2977 mensis,
1640 2896 1710 2961 in
1756 2916 2018 2978 vespera
2050 2897 2373 2963 comedetis

419 2985 856 3068 infermentata
890 3002 1086 3064 usque
1119 2982 1205 3047 ad
1236 2982 1404 3048 diem
1433 2983 1797 3048 vicesimum
1820 2983 2112 3062 primum
2138 2984 2372 3048 mensis

418 3071 492 3137 in
545 3091 821 3152 vespera.
935 3068 1037 3136 19.
1103 3068 1346 3151 Septem
1398 3066 1611 3134 diebus
1665 3067 2036 3151 fermentum
2092 3091 2216 3136 non
2270 3070 2369 3134 in-

419 3160 698 3224 venietur
750 3158 822 3222 in
873 3155 1157 3221 domibus
1211 3156 1455 3220 vestris.
1566 3153 1670 3219 20.
1746 3153 1939 3221 Omne
1999 3159 2373 3236 termentum

418 3264 544 3310 non
577 3242 923 3309 comedetis:
961 3245 1029 3308 in
1066 3240 1355 3307 omnibus
1387 3240 1763 3307 habitaculis
1792 3243 2017 3307 vestris
2049 3243 2373 3309 comedetis

415 3331 876 3412 infermentata.

595 3504 652 3567 1.
721 3500 1047 3583 Loquutus
1101 3504 1189 3564 est
1234 3498 1483 3564 Iehooa.
1587 3499 1734 3564 Etsi
1780 3499 2124 3565 Paschatis
2180 3502 2367 3566 insti-

418 3589 591 3653 tutio
634 3587 852 3670 aliqua
909 3607 995 3652 ex
1036 3594 1224 3668 parte
1269 3584 1351 3651 ad
1395 3595 1702 3669 quartum
1753 3595 2176 3670 praeceptum
2219 3607 2369 3670 per-

417 3675 603 3752 tinet,
647 3674 760 3739 ubi
797 3672 878 3738 de
918 3670 1254 3739 Sabbatha
1298 3681 1365 3736 et
1407 3669 1638 3736 diebus
1674 3671 1858 3737 festis
1895 3681 2162 3757 agetur:
2206 3693 2367 3756 qua-

418 3768 615 3826 tenus
660 3771 883 3824 tamen
930 3758 1200 3825 solenne
1257 3758 1387 3822 fuit
1443 3758 1915 3842 redemptionis
1973 3758 2366 3844 symbolum,

419 3867 548 3932 quo
590 3846 873 3931 populus
916 3867 987 3911 se
1030 3844 1176 3910 Deo
1216 3843 1556 3910 liberatori
1602 3844 1984 3909 obstrictum
2033 3865 2174 3911 esse
2219 3867 2369 3929 pro-

416 3935 627 3999 fessus
670 3941 789 4008 est,
843 3940 910 3997 et
953 3928 1432 4015 quodammodo
1475 3930 1620 3995 eius
1662 3930 1938 4012 imperio
1981 3951 2053 3996 se
2096 3929 2369 4010 addixit,

416 4037 555 4084 non
614 4016 916 4083 dubitavi
964 4027 1281 4099 tanquam
1325 4015 1750 4099 appendicem
1797 4017 1996 4099 primi
2040 4020 2368 4102 praecepti
2469 4015 2496 4104 (

413 4104 549 4170 huc
585 4103 890 4169 inserere.
958 4101 1110 4168 Diei
1146 4102 1353 4183 ipsius
1387 4100 1762 4168 observatio
1796 4104 2036 4167 iterum
2072 4123 2191 4168 suo
2227 4104 2369 4169 loco

413 4197 746 4257 recurret:
804 4210 985 4256 nunc
1041 4198 1300 4254 tantum
1358 4196 1590 4253 notare
1640 4191 1965 4267 convenit,
2010 4209 2137 4272 quo
2183 4191 2368 4256 Deus

414 4276 731 4361 populum
765 4276 892 4342 sibi
926 4275 1044 4341 uni
1081 4276 1349 4359 penitus
1391 4274 1775 4339 devinctum
1821 4274 2113 4352 haberet,
2150 4296 2367 4341 caere-

411 4364 706 4428 moniam
742 4362 916 4428 hanc
947 4361 1314 4438 mandasse,
1360 4382 1441 4426 ex
1479 4381 1608 4443 qua
1643 4360 1971 4427 discerent
2003 4361 2365 4442 Israelitas,

411 4469 751 4532 nunquam
796 4446 880 4514 ab
921 4469 1000 4513 eo
1044 4446 1389 4513 deflectere
1433 4447 1619 4512 cuius
1675 4444 1991 4513 beneficio
2049 4458 2113 4512 et
2161 4469 2363 4514 manu

411 4535 739 4618 redempti
781 4544 991 4600 erant.
1094 4534 1241 4599 Hoc
1295 4533 1470 4598 enim
1522 4531 1716 4597 modo
1759 4533 1882 4598 sibi
1925 4534 2101 4617 ipsos
2145 4537 2364 4617 acqui-

401 4624 604 4689 sierat
644 4623 714 4687 in
758 4621 1073 4705 populum
1119 4619 1531 4703 peculiarem.
1603 4617 1889 4703 Ideoque
1934 4621 2188 4703 quoties
2231 4621 2362 4687 illis

402 4707 832 4774 defectionem
888 4729 929 4772 a
984 4726 1153 4790 puro
1198 4706 1380 4772 cultu
1419 4704 1793 4788 exprobrat,
1841 4718 2064 4771 tantae
2109 4709 2360 4790 gratiae

402 4794 639 4861 oblitos
684 4815 826 4861 8888
868 4793 1310 4876 conqueritur,
1355 4792 1544 4857 cuius
1582 4792 1900 4857 memoria
1935 4792 2017 4857 ad
2056 4812 2166 4857 eos
2203 4795 2359 4859 reti-

401 4880 655 4947 nendos
713 4880 876 4945 satis
940 4879 1165 4946 valere
1230 4876 1566 4943 debuerat.
1680 4877 1765 4941 In
1830 4894 2089 4944 summa
2153 4879 2361 4963 igitur

400 4966 752 5035 celebratio
794 4966 1125 5050 paschatis
1168 4964 1506 5030 Israelitas
1574 4964 1792 5030 docuit
1858 4985 1991 5029 non
2059 4986 2203 5030 esse
2259 4966 2357 5031 fas

399 5053 726 5136 respicere
767 5051 840 5117 in
886 5053 1088 5118 alium
1135 5051 1352 5116 Deum
1392 5071 1590 5133 quam
1635 5052 1705 5115 in
1753 5072 1944 5116 suum
1991 5050 2359 5136 redempto

399 5156 579 5206 rem:
639 5138 875 5204 deinde
934 5158 1215 5222 aequum
1267 5145 1333 5202 et
1375 5145 1632 5201 rectum
1677 5156 1820 5202 esse
1864 5145 1942 5201 ut
1984 5158 2055 5202 se
2097 5137 2166 5202 in
2213 5138 2357 5204 eius

399 5225 785 5308 obsequium
819 5231 1297 5300 consecrarent,
1342 5223 1454 5305 qui
1487 5223 1666 5306 ipsos
1702 5243 1741 5287 a
1775 5231 1986 5289 morte
2028 5224 2101 5286 in
2148 5223 2356 5289 vitam

398 5311 800 5379 restituerat.
909 5310 1142 5393 Itaque
1205 5308 1396 5373 velut
1456 5308 1530 5372 in
1596 5310 1860 5392 speculo
1875 5359 1893 5390 ,
1959 5309 2063 5374 vel
2131 5308 2356 5375 tabula

397 5400 613 5487 picta,
657 5396 1177 5479 repraesentavit
1232 5414 1461 5460 eorum
1518 5395 1725 5461 oculis
1784 5415 1971 5461 suam
2030 5395 2353 5479 gratiam:

1898 473 2276 541 PRIMUM
2322 468 2975 538 PRAEOEPTUM.

4296 460 4437 550 '286

2483 668 2553 722 et
2616 656 2787 740 quod
2853 659 3055 723 semel
3122 661 3379 743 experti
3446 663 3737 745 fuerant,
3803 672 4032 749 postea
4084 671 4433 753 quotannis

2481 762 2943 827 recognoscere
3001 745 3243 826 voluit,
3301 770 3387 814 ne
3444 770 3735 834 unquam
3795 754 4111 820 memoria
4166 755 4431 822 interci-

2480 827 2681 894 deret.
2752 829 3050 896 Primum
3088 832 3478 902 definiamus
3502 836 3657 920 quid
3694 838 3780 904 sit
3813 839 4087 921 pascha:
4124 852 4279 907 utor
4299 841 4431 908 iam

2480 917 2653 1016 trito
2695 923 2766 1015 .
2828 915 3089 1001 vulgari
3148 920 3433 986 nomine.
3544 922 3623 987 In
3685 926 4082 1010 etymologia
4137 948 4272 992 non
4330 935 4433 994 est

2480 1000 2905 1083 ambiguitas,
2990 1003 3117 1068 nisi
3198 1006 3371 1088 quod
3452 1011 3770 1075 transitus
3846 1011 3973 1076 Dei
4039 1014 4431 1079 tantundem

2481 1086 2662 1152 valet
2725 1107 2802 1152 ac
2868 1088 3291 1170 transsilitiO,
3370 1114 3500 1176 qua
3581 1096 3822 1161 factum
3892 1105 3995 1161 est
4057 1107 4134 1163 ut
4197 1098 4431 1164 domus

2480 1171 2930 1238 Israelitarum
3012 1185 3361 1241 manerent
3436 1178 3743 1247 intactae.
3858 1182 4029 1248 Nam
4098 1185 4283 1250 Deus
4347 1183 4430 1251 de

2481 1257 2930 1341 redemptione
2995 1260 3283 1327 secunda
3345 1262 3620 1348 loquens
3686 1288 3804 1350 per
3867 1267 4143 1349 Isaiam,
4205 1269 4308 1349 31,
4366 1270 4428 1351 5,

2479 1342 2560 1408 ad
2588 1345 2763 1411 hunc
2781 1344 2993 1410 locum
3021 1346 3196 1412 haud
3221 1348 3413 1415 dubie
3436 1350 3689 1428 alludit,
3726 1374 3928 1436 quum
3962 1353 4137 1434 dicit,
4184 1357 4430 1423 Trans-

2478 1430 2692 1496 siliam
2737 1451 2936 1513 super
2969 1432 3351 1500 Ierusalem.
3419 1437 3616 1503 Ratio
3657 1438 3864 1524 igitur
3905 1451 4022 1519 est,
4068 1441 4237 1524 quod
4283 1442 4430 1507 vin

2479 1516 2653 1583 dicta
2700 1517 2819 1582 Dei
2858 1517 3198 1584 Israelitas
3241 1524 3671 1603 praeterierit,
3717 1546 3802 1590 ne
3844 1526 3998 1609 quid
4043 1547 4254 1593 noxae
4295 1528 4429 1594 illis

2479 1614 2593 1668 aut
2647 1602 2954 1668 laesionis
2997 1606 3290 1672 inferret.
3381 1606 3575 1689 Quod
3621 1619 3841 1676 autem
3888 1611 4163 1695 duplicis
4207 1623 4422 1680 trans-

2477 1691 2609 1755 itus
2651 1690 2899 1754 mentio
2943 1690 3019 1755 fit
3061 1691 3238 1773 apud
3284 1693 3547 1772 Mosen,
3607 1717 3740 1760 non
3786 1697 3958 1763 idem
4006 1708 4107 1764 est
4150 1699 4427 1765 verbum

2477 1784 2756 1860 utroque
2798 1776 2967 1841 loco:
3027 1778 3141 1843 sed
3184 1778 3403 1845 Pesah
3447 1782 3727 1847 refertur
3768 1780 3849 1848 ad
3895 1783 4180 1849 electum
4224 1806 4427 1869 popu-

2473 1862 2632 1939 lum,
2678 1862 2862 1929 Abar
2904 1871 3123 1929 autem
3159 1864 3241 1929 ad
3276 1866 3670 1951 Aegyptios:
3716 1868 3903 1952 quasi
3948 1870 4251 1936 dixisset:
4295 1871 4431 1938 Per

2478 1948 2725 2014 medios
2782 1948 3001 2014 hostes
3057 1949 3354 2016 vindicta
3408 1974 3557 2018 mea
3600 1966 3998 2039 perrumpet,
4056 1957 4430 2041 passimque

2479 2035 2914 2121 grassabitur:
2969 2056 3090 2101 vos
3130 2045 3350 2101 autem
3381 2037 3662 2105 intactos
3689 2041 4111 2107 transsiliam.
4200 2041 4428 2124 Quum

2479 2141 2635 2205 ergo
2668 2141 2939 2204 parcere
2981 2122 3180 2206 vellet
3203 2120 3391 2189 Deus
3411 2124 3644 2191 Israeli
3689 2148 3828 2207 suo,
3869 2126 3951 2192 ad
3996 2148 4182 2212 spem
4227 2129 4430 2194 huius

2479 2207 2729 2284 salutis,
2768 2205 3064 2290 symbolo
3109 2209 3515 2292 interposito,
3561 2213 3773 2277 erexit
3806 2212 4098 2278 fidelium
4140 2215 4424 2280 animos:

2477 2292 2712 2359 deinde
2777 2301 3164 2376 perpetuum
3231 2296 3484 2379 gratiae
3548 2319 3707 2363 suae
3762 2310 4267 2365 monumentum
4322 2300 4424 2364 in-

2477 2380 2715 2458 stituit,
2775 2390 2851 2444 ut
2906 2377 3311 2446 liberationis
3361 2384 3742 2449 memoriam
3787 2387 4140 2468 quotannis
4184 2386 4430 2470 pascha

2476 2473 2845 2531 renovaret.
2950 2464 3251 2530 Primum
3309 2469 3483 2532 enim
3541 2470 3787 2554 pascha
3844 2470 4246 2537 celebratum
4302 2471 4428 2536 fuit

2474 2555 2544 2617 in
2590 2573 2663 2617 re
2707 2552 3053 2633 praesenti,
3095 2560 3175 2616 ut
3218 2552 3458 2638 pignus
3502 2566 3678 2621 esset
3720 2555 3801 2620 ad
3846 2557 4137 2640 trepidas
4173 2566 4427 2622 mentes

2475 2637 2973 2704 confirmandas.
3074 2640 3322 2704 Annua
3379 2648 3596 2706 autem
3665 2643 3967 2727 repetitio
4034 2644 4426 2709 sacrificium

2475 2725 2601 2789 fuit
2644 2724 3007 2807 gratiarum
3054 2724 3347 2806 actionis,
3390 2748 3519 2810 quo
3561 2729 3810 2811 posteri
3853 2730 4429 2795 commonefierent

2475 2832 2546 2876 se
2611 2809 3077 2891 redemptionis
3141 2810 3283 2875 iure
3346 2814 3647 2897 proprios
3712 2836 3857 2880 esse
3923 2812 4049 2880 Dei
4128 2815 4424 2881 clientes.
4544 2880 4551 2889 ,

2476 2896 2827 2963 Caeterum
2849 2905 2985 2959 tam
3011 2894 3226 2978 prima
3257 2897 3605 2979 institutiO,
3637 2919 3831 2983 quam
3857 2910 4172 2985 perpetua
4194 2901 4304 2965 lex
4333 2901 4427 2965 al-

2476 2984 2612 3048 tius
2668 2983 3008 3066 spectavit.
3121 2981 3261 3047 Nec
3316 3004 3476 3048 vero
3523 2984 3705 3051 Deus
3763 2986 4080 3070 populum
4131 2996 4423 3051 veterem

2476 3068 2675 3136 semel
2720 3067 3016 3144 redemit,
3077 3077 3152 3133 ut
3206 3068 3433 3134 salvus
3492 3081 3558 3136 et
3614 3071 3960 3138 incolumis
4011 3082 4310 3138 maneret
4351 3074 4425 3137 in

2474 3163 2684 3235 terra,
2749 3153 2863 3220 sed
2929 3153 3011 3219 ad
3071 3154 3547 3221 haereditatem
3614 3179 3821 3244 usque
3885 3160 4063 3224 vitae
4126 3158 4426 3224 coelestis

2477 3243 2686 3307 voluit
2737 3242 2950 3324 ipsum
3012 3240 3387 3323 perducere.
3486 3243 3669 3326 Ergo
3724 3243 3970 3327 pascha
4022 3265 4154 3310 non
4201 3246 4425 3311 minus

2474 3328 2838 3412 spiritualis
2883 3328 3135 3411 gratiae
3176 3327 3545 3411 symbolum
3581 3328 3709 3393 fuit
3747 3349 3941 3413 quam
3983 3331 4423 3416 circumcisio:

2473 3415 2748 3497 ideoque
2825 3413 3194 3496 analogiam
3272 3423 3341 3477 et
3423 3414 3918 3480 similitudinem
3992 3416 4193 3483 habet
4271 3437 4421 3482 cum

2473 3521 2661 3566 sacra
2704 3519 2924 3580 coena,
2966 3500 3120 3582 quia
3163 3510 3233 3563 et
3274 3501 3535 3565 easdem
3573 3502 3902 3567 continuit
3935 3503 4423 3586 promissiones,

2471 3607 2636 3670 quas
2694 3584 2891 3651 hodie
2950 3583 3138 3650 nobis
3182 3584 3491 3651 Christus
3536 3587 3858 3672 obsignat,
3910 3597 3979 3654 et
4020 3587 4244 3654 docuit
4285 3610 4422 3654 non

2471 3672 2666 3738 aliter
2724 3672 2942 3737 Deum
3009 3671 3149 3736 suis
3213 3691 3356 3737 esse
3410 3674 3766 3756 propitium
3824 3695 4023 3758 quam
4079 3674 4424 3758 sanguinis

2470 3758 2862 3842 expiatione.
2929 3757 3014 3822 In
3049 3778 3310 3823 summa
3344 3765 3477 3823 tam
3515 3758 3773 3824 futurae
3796 3780 3989 3843 quam
4031 3761 4425 3843 praeteritae

2470 3844 2941 3927 redemptionis
2998 3844 3120 3908 fuit
3173 3844 3565 3929 symbolum.
3669 3844 3821 3927 Qua
3878 3846 4134 3911 ratione
4198 3847 4426 3912 scribit

2471 3930 2723 3996 Paulus
2769 3929 3110 3995 Christum
3154 3929 3399 4012 pascha
3454 3942 3751 3996 nostrum
3808 3953 3953 3997 esse
4008 3932 4423 3997 immolatum

2502 4018 2535 4081 1
2571 4016 2734 4082 Cor.
2779 4015 2839 4092 5,
2888 4013 2986 4102 7):
3049 4014 3220 4098 quod
3276 4037 3407 4081 non
3449 4025 3653 4082 staret
3697 4019 3751 4082 si
3797 4027 4054 4083 veteres
4095 4017 4228 4084 illic
4271 4027 4421 4083 tan-

2468 4113 2611 4169 tum
2657 4103 2738 4168 de
2781 4101 3127 4185 temporali
3170 4102 3484 4169 beneficio
3530 4103 3846 4168 admoniti
3890 4104 4185 4169 fuissent.
4274 4103 4425 4170 Hoc

2469 4198 2692 4255 tamen
2736 4188 2947 4271 primo
2991 4196 3379 4266 statuamus,
3425 4188 3948 4254 observationem
3985 4188 4207 4254 Pesah
4251 4189 4419 4256 divi-

2467 4276 2647 4342 nitus
2690 4274 3068 4339 mandatam
3113 4273 3314 4338 fuisse
3358 4272 3480 4338 sub
3525 4275 3686 4358 lege,
3748 4283 3821 4341 ut
3869 4275 4054 4341 Deus
4098 4295 4138 4338 a
4181 4276 4427 4360 populo

2467 4382 2584 4428 suo
2648 4359 3119 4446 gratitudinem
3188 4359 3518 4442 exigeret,
3589 4359 3840 4444 sibique
3904 4360 4237 4427 addiceret
4301 4384 4424 4428 sua

2464 4450 2713 4513 virtute
2757 4455 2826 4512 et
2883 4446 3096 4529 gratia
3159 4444 3549 4529 redemptos.
3638 4446 3834 4511 Nunc
3877 4446 3959 4511 ad
4004 4446 4272 4533 singula
4314 4448 4427 4514 de-

2465 4531 2720 4601 scendo.
2788 4532 2982 4598 Iubet
3019 4532 3201 4597 Deus
3244 4531 3580 4596 Israelitas
3626 4531 3966 4598 exordium
4012 4533 4172 4599 anni
4208 4535 4421 4601 facere

2463 4641 2503 4685 a
2547 4640 2770 4685 mense
2813 4640 2940 4703 quo
2984 4618 3232 4702 egressi
3277 4618 3540 4683 fuerant
3574 4640 3654 4683 ex
3694 4622 4017 4704 Aegypto,
4063 4642 4195 4685 non
4231 4641 4427 4688 secus

2463 4727 2539 4772 ac
2594 4706 2652 4772 si
2707 4705 2845 4771 dies
2903 4716 3078 4770 esset
3121 4703 3394 4769 natalis:
3444 4704 3635 4769 sicuti
3680 4706 3900 4771 exitus
3942 4706 4053 4771 ille
4098 4706 4419 4789 quaedam

2461 4793 2590 4857 fuit
2647 4791 3099 4857 renascentiae
3153 4792 3419 4874 species.
3522 4790 3704 4874 Ergo
3763 4812 3965 4874 quum
4021 4791 4301 4857 fuissent
4346 4793 4419 4857 in

2465 4881 2766 4965 Aegypto
2824 4877 3099 4960 sepulti,
3161 4896 3372 4941 novae
3429 4876 3607 4940 vitae
3668 4878 3852 4961 origo
3909 4878 4055 4960 fuit,
4099 4886 4164 4943 et
4209 4898 4423 4942 novae

2459 4965 2626 5030 lucis
2670 4972 2956 5042 exortus,
3005 4962 3161 5027 data
3205 4984 3244 5028 a
3289 4962 3433 5027 Deo
3480 4960 3765 5028 libertas.
3833 4964 3983 5029 Etsi
4021 4965 4193 5029 enim
4234 4984 4419 5047 prae-

2458 5059 2745 5117 cesserat
2791 5050 3074 5133 adopti0,
3121 5048 3273 5132 quia
3319 5056 3545 5114 tamen
3589 5071 3674 5114 ex
3709 5048 4071 5115 multorum
4116 5050 4428 5116 cordibus

2459 5139 2594 5202 fere
2658 5144 3021 5203 evanuerat
3083 5134 3301 5200 medio
3367 5144 3689 5219 tempore,
3757 5157 4024 5202 neeesse
4078 5137 4204 5200 fuit
4260 5157 4427 5219 quo

2460 5222 2808 5288 dammodo
2853 5220 3131 5306 regigni,
3189 5229 3269 5286 ut
3321 5223 3566 5287 certius
3610 5235 4003 5306 cognoscere
4056 5222 4422 5304 inciperent

2459 5310 2680 5374 Deum
2716 5307 2842 5374 sibi
2878 5328 3024 5373 8888
3058 5307 3129 5372 18
3166 5317 3439 5390 patrem.
3500 5306 3655 5389 Qua
3689 5309 3942 5373 ratione
3978 5307 4148 5390 apud
4174 5305 4419 5373 Oseam

2463 5397 2565 5474 13,
2589 5395 2634 5460 4
2669 5394 2858 5459 dicit:
2906 5395 3050 5479 Ego
3086 5392 3337 5460 Iehova
3373 5395 3557 5460 Deus
3593 5403 3749 5459 tuus
3785 5415 3869 5458 ex
3905 5401 4084 5458 terra
4108 5395 4429 5479 Aegypti,
