4867 6150
254 449 422 512 ‘61

336 638 553 705 fessus
595 646 694 702 est
736 638 804 701 in
842 639 1221 722 Aegyptum
1266 658 1336 703 se
1381 634 1610 717 redire,
1656 644 1730 701 ut
1772 635 1907 701 illic
1941 633 2286 700 habitaret.

340 724 594 790 Asinus
647 732 864 788 autem
921 724 1027 788 cui
1087 721 1234 789 illos
1288 722 1598 807 imponit,
1654 721 1830 789 clare
1885 722 2288 787 demonstrat

338 830 535 893 quam
586 809 804 874 tenuis
849 808 1046 874 fuerit
1090 809 1233 874 eius
1277 809 1560 875 conditio
1597 818 1660 873 et
1704 828 1897 892 quam
1942 817 2131 873 curta
2174 829 2283 873 su-

334 895 575 979 pellex.
644 894 874 977 Neque
920 894 1092 960 onim
1127 894 1433 961 credibile
1478 904 1579 960 est
1621 894 1729 959 vel
1775 893 2139 978 pecuniam,
2176 892 2286 963 vel

335 989 652 1066 argentea
696 1001 886 1061 vasa,
932 981 1034 1045 vel
1079 981 1395 1063 pretiosas
1456 990 1669 1047 vestes
1727 979 2066 1063 reliquisse
2112 978 2286 1063 apud

335 1080 668 1144 socerum,
735 1067 814 1131 ut
880 1088 951 1131 se
1017 1066 1485 1150 pauperculum
1553 1075 1619 1129 et
1684 1065 1931 1131 nudum
1989 1065 2285 1150 cognatis

335 1152 731 1219 ostenderet.
822 1150 953 1218 Sed
999 1174 1204 1235 quum
1260 1173 1381 1218 sua
1436 1151 1660 1235 inopia
1717 1161 1783 1218 et
1837 1171 2064 1236 aspero
2108 1152 2286 1216 victu

332 1249 681 1304 contentus
726 1239 959 1304 fuisset
1012 1240 1080 1302 in
1142 1250 1319 1304 terra
1372 1238 1675 1316 Madian,
1734 1236 2008 1303 eandem
2067 1236 2284 1303 adhuc

334 1324 825 1410 simplicitatem
873 1325 1201 1407 sequitur:
1249 1346 1368 1390 nec
1409 1324 1682 1408 indigne
1719 1324 1842 1388 fert
1877 1324 1994 1388 vili
2031 1334 2098 1386 et
2133 1342 2281 1406 pro-

331 1409 527 1477 broso
572 1409 796 1476 habitu
845 1411 1175 1475 theatrum
1224 1408 1676 1488 conscendere,
1722 1410 1791 1474 in
1828 1431 1953 1493 quo
1997 1409 2282 1474 emineat

336 1497 477 1562 eins
534 1505 920 1580 paupertas,
997 1516 1161 1580 quae
1215 1497 1537 1563 occultata
1593 1496 1810 1560 fuerat
1873 1496 1939 1560 in
2001 1495 2276 1559 deserto.

336 1580 580 1648 Notum
628 1593 729 1648 est
770 1581 930 1647 illud
1000 1592 1194 1665 atque
1247 1604 1368 1648 usu
1412 1589 1851 1665 compertum,
1912 1582 2119 1664 magis
2164 1601 2276 1663 op-

328 1668 577 1750 probrii
622 1631 1019 1734 verecundia
1039 1688 1359 1751 pauperes
1383 1668 1462 1733 ad
1488 1668 1739 1752 flagitia
1774 1667 2043 1750 impelli,
2080 1687 2278 1750 quam

330 1753 544 1833 fame,
606 1754 849 1838 frigore
911 1761 979 1820 et
1044 1754 1188 1819 aliis
1253 1753 1701 1820 incommodis.
1803 1754 1981 1837 Ergo
2047 1763 2277 1817 contra

330 1841 789 1924 gravissimam
848 1840 1274 1905 tentationem
1334 1840 1643 1906 obduruit
1686 1840 1942 1917 Moses,
2000 1839 2113 1904 ubi
2157 1859 2275 1920 pro

330 1924 539 1991 nihilo
584 1924 776 1991 duxit
821 1925 1020 1991 rideri
1081 1946 1157 1991 ac
1212 1925 1486 2010 despici,
1546 1947 1745 2009 quum
1806 1925 1971 1990 nihil
2033 1925 2275 1990 terreni

327 2010 701 2094 splendoris
744 2032 964 2077 secum
1020 2013 1242 2077 ferret.
1331 2011 1685 2077 Caeterum
1746 2012 1914 2077 inter
1970 2010 2273 2077 baculum

330 2097 462 2162 Dei
531 2108 601 2162 et
664 2098 890 2162 rustici
951 2096 1364 2181 despectique
1424 2097 1708 2163 hominis
1767 2097 2050 2181 speciem
2093 2096 2274 2161 omni

322 2192 647 2267 apparatu
669 2204 944 2249 vacuam
969 2185 1167 2250 tacita
1189 2183 1410 2250 subest
1431 2183 1808 2249 antithesis:
1835 2205 1911 2249 ac
1927 2183 1983 2248 si
2007 2183 2269 2261 diceret,

328 2270 455 2336 sibi
499 2292 633 2335 non
680 2271 879 2357 fuisse
921 2270 1268 2335 molestum
1313 2269 1579 2353 reliquis
1636 2269 1940 2335 omnibus
1986 2269 2270 2348 destitui,

326 2356 641 2439 quamdin
681 2365 1058 2440 suppeteret
1115 2355 1415 2437 baculus,
1476 2356 1585 2439 qui
1645 2355 1902 2421 abunde
1957 2356 2272 2438 pensabat

328 2441 622 2507 defectus
668 2463 912 2507 omnes.
1003 2440 1398 2525 Quanquam
1459 2461 1616 2527 ergo
1674 2464 1744 2507 se
1804 2462 2147 2523 procerum
2206 2454 2273 2504 et

329 2528 510 2612 vulgi
555 2526 1048 2593 subsannationi
1093 2526 1354 2593 videbat
1395 2528 1532 2593 fore
1576 2527 1964 2604 obnoxium,
2012 2529 2268 2592 asinum

324 2635 476 2680 cum
522 2633 599 2678 ea
622 2633 818 2696 quam
860 2613 1143 2679 vidimus
1172 2615 1428 2680 sarcina
1465 2612 1815 2678 trahendo:
1853 2614 2012 2678 satis
2047 2623 2270 2677 tamen

324 2721 648 2783 superque
685 2699 934 2780 baculo,
973 2700 1236 2766 divinae
1271 2701 1535 2765 virtutis
1569 2701 2029 2778 instrumente,
2075 2720 2269 2764 erna-

321 2793 464 2850 tum
524 2807 595 2852 se
638 2787 929 2869 putavit,
987 2807 1105 2868 per
1160 2807 1349 2868 quem
1409 2786 1757 2871 magnifice
1815 2785 2271 2868 triumpharet,

320 2872 579 2955 pompis
625 2870 951 2956 regalibus
988 2871 1208 2937 valere
1250 2872 1463 2938 iussis.
1542 2872 1633 2935 Et
1676 2878 1852 2936 certe
1903 2870 2025 2936 hec
2066 2871 2267 2936 hono·

318 2957 417 3023 ris
478 2966 816 3023 merentur
862 2957 1150 3042 insignia
1248 2956 1441 3024 uibus
1499 2957 1828 3023 aestimari
1884 2957 2030 3022 vult
2086 2958 2271 3022 Deus

323 3063 548 3110 servos
593 3065 776 3124 suos,
834 3052 909 3109 ut
953 3042 1122 3109 nihil
1166 3063 1203 3108 a
1286 3064 1514 3110 eorum
1559 3042 1942 3127 dignitatem
1990 3042 2271 3129 amplius

323 3129 785 3196 desideremus.
848 3129 1223 3195 Notandum
1261 3138 1478 3196 autem
1526 3141 1625 3194 est
1661 3129 1879 3196 baculi
1913 3130 2270 3214 epitheton,

321 3217 479 3299 quia
535 3238 666 3283 nou
725 3217 930 3282 Mosis
986 3216 1117 3280 iam
1163 3214 1278 3282 sed
1326 3217 1448 3281 Dei
1507 3216 1908 3300 appellatur,
1967 3238 2042 3281 ee
2097 3215 2270 3298 quod

323 3322 459 3366 non
505 3309 813 3387 gestetur,
861 3311 934 3367 ut
975 3310 1189 3378 autea,
1250 3302 1331 3367 ad
1377 3323 1641 3386 gregem
1690 3301 2110 3380 ductandum,
2157 3299 2270 3368 sed

322 3387 401 3452 ad
452 3387 850 3454 exercendas
894 3386 1024 3452 Dei
1081 3388 1269 3454 vices.
1359 3388 1527 3453 Nam
1583 3409 1782 3473 quum
1844 3410 1960 3471 pro
2015 3410 2273 3455 summa

323 3473 451 3538 Dei
496 3481 817 3557 potestate
860 3474 1181 3539 miracula
1222 3472 1516 3555 ediderit,
1560 3473 1872 3557 quidquid
1919 3473 2000 3539 ad
2045 3495 2270 3541 eorum

322 3559 602 3643 gloriam
668 3566 944 3642 spectat,
1026 3559 1169 3624 Deo
1196 3577 1209 3586 ·
1245 3580 1399 3625 vere
1475 3567 1538 3623 et
1602 3561 1863 3642 proprie
1942 3559 2269 3627 tribuitur.

320 3645 506 3710 Alibi
557 3645 818 3730 quidem
862 3646 1069 3712 Mesis
1124 3646 1323 3710 etiam
1383 3645 1652 3711 baculus
1710 3646 1979 3714 dicitur:
2036 3668 2272 3730 nempe

319 3739 642 3814 quatenus
677 3753 798 3797 sua
831 3730 1041 3816 elogia
1074 3732 1261 3798 Deus
1294 3753 1444 3797 cum
1480 3731 1799 3797 ministris
1834 3734 2274 3799 communicat

320 3840 358 3882 a
402 3839 474 3883 se
517 3817 782 3883 delectis
834 3825 900 3880 et
956 3817 1224 3883 creatis:
1286 3818 1479 3884 sicuti
1523 3816 1794 3900 spiritus
1837 3819 1941 3883 sui
1985 3819 2273 3886 efficacia

317 3923 429 3969 cos
470 3904 808 3968 instruxit.

494 3990 597 4055 21.
655 3989 864 4072 Quum
894 3988 1213 4071 profectus
1250 3989 1476 4072 fueris.
1536 3988 1684 4053 Non
1722 3990 2050 4055 recensuit
2085 4000 2268 4055 ante-

319 4075 446 4142 hac
515 4076 734 4141 Moses
806 4095 1156 4140 numerum
1237 4076 1605 4159 signorum:
1682 4094 1916 4139 verum
1997 4095 2080 4139 ex
2147 4075 2270 4142 hoc

320 4182 516 4228 versu
561 4160 960 4246 colligimus,
1025 4180 1446 4244 quaecunque
1502 4168 1732 4243 postea
1786 4160 2080 4245 legemus
2126 4171 2271 4227 acta

319 4268 496 4324 esse,
543 4247 730 4331 prius
775 4247 976 4313 fuisse
1022 4267 1062 4312 a
1107 4248 1246 4312 Deo
1291 4245 1618 4311 mandata.
1710 4245 1853 4311 Non
1901 4248 2104 4330 igitur
2147 4246 2268 4312 du-

319 4334 499 4399 bium
546 4341 649 4399 est
692 4333 848 4417 quin
894 4332 1078 4399 Deus
1132 4332 1262 4397 iam
1309 4332 1494 4396 initio
1537 4353 1686 4397 eum
1732 4331 2144 4397 admonuerit
2188 4332 2268 4398 de

318 4431 456 4485 toto
498 4440 883 4504 progressu:
937 4441 1019 4484 ne
1063 4417 1511 4501 superbissimi
1556 4418 1825 4502 tyranni
1868 4419 2267 4502 pertinaciae

318 4506 599 4590 cederet,
638 4527 714 4571 ac
757 4505 1010 4571 duobus
1055 4505 1156 4570 vel
1206 4504 1417 4569 tribus
1460 4503 1795 4569 miraculis
1836 4504 2085 4570 frustra
2129 4504 2262 4570 edi·

319 4594 406 4658 tis
466 4589 766 4657 baculum
826 4590 1024 4656 simul
1079 4611 1229 4656 cum
1277 4610 1546 4654 munere
1589 4589 1885 4656 iniuncto
1939 4591 2262 4657 abiiceret.

320 4679 514 4744 Nunc
559 4698 714 4763 ergo
754 4678 938 4743 Deus
983 4675 1065 4741 ad
1121 4675 1553 4742 constantiam
1613 4696 1759 4740 eum
1807 4675 2137 4742 hortatur:
2198 4689 2265 4741 et

317 4765 624 4849 quamvis
668 4773 814 4847 post
851 4764 977 4828 tria
1010 4761 1115 4827 vel
1151 4774 1429 4844 quatuor
1450 4761 1764 4827 miracula
1799 4762 2258 4827 indomabilem

317 4852 496 4934 regis
542 4849 1014 4915 contumaciam
1062 4847 1325 4927 sentiat,
1371 4856 1444 4912 ut
1501 4858 1720 4912 tamen
1781 4869 1911 4912 non
1972 4850 2264 4914 reflectat

318 4959 606 5013 cursum,
654 4957 862 5019 neque
908 4936 1126 4999 animo
1170 4933 1560 5012 debilitetur,
1619 4933 1732 4998 sed
1780 4932 1862 4999 ad
1908 4935 2104 4999 finem
2152 4956 2260 4999 us-

320 5048 445 5110 que
490 5031 882 5107 perseveret.
971 5018 1193 5101 Quare
1253 5020 1381 5085 huc
1423 5040 1681 5084 summa
1739 5017 1937 5100 redit,
1997 5041 2079 5086 ne
2126 5020 2258 5104 pri-

319 5133 463 5177 mos
491 5118 763 5175 conatus
791 5107 1013 5172 irritos
1047 5125 1190 5172 esse
1218 5125 1511 5186 cernens,
1548 5103 1938 5171 lassitudine
1968 5105 2259 5172 deficiat:

319 5218 441 5264 nec
508 5194 762 5261 desinat
827 5193 1083 5259 fortiter
1147 5212 1475 5276 pugnare,
1544 5190 1749 5256 donec
1819 5211 2046 5257 omnes
2106 5214 2261 5258 suae

320 5281 683 5350 vocationis
728 5299 1037 5345 numeros
1081 5278 1520 5361 compleverit.
1592 5277 1800 5341 Porro
1836 5297 1920 5341 ne
1964 5279 2089 5344 hoc
2133 5278 2259 5343 sor-

321 5371 488 5436 tuito
556 5365 848 5433 accidere
927 5373 1118 5449 putet
1183 5364 1355 5448 quod
1426 5384 1556 5428 non
1621 5362 1920 5447 protinus
1990 5363 2262 5431 victoria

1500 444 2255 529 COMMENTARIUS
2304 444 2403 509 IN
2453 443 2754 511 EXODI
2797 445 2995 511 CAP.
3041 445 3164 511 IV.

4253 448 4336 514 62

2388 636 2703 721 potiatur,
2791 635 2896 702 vel
2977 634 3332 701 absurdum
3415 657 3557 702 esse
3637 634 3833 700 ducat
3910 637 4178 719 impune
4256 636 4337 702 ab

2391 722 2659 787 homine
2681 722 2940 787 mortali
2964 720 3138 787 eludi
3163 721 3494 801 miracula,
3534 721 3717 804 quasi
3756 742 3875 786 sua
3909 722 4150 788 ferocia
4186 721 4333 789 con-

2390 818 2493 871 tra
2552 807 2771 872 Deum
2828 808 3111 874 invictus
3165 816 3402 873 staret:
3464 806 3779 891 praedicit
3834 809 3972 890 ipse
4030 807 4216 874 Deus
4265 832 4336 875 se

2390 895 2588 958 totius
2665 892 2861 959 huius
2939 893 3316 958 certaminis
3393 893 3533 959 fore
3619 891 4124 973 moderatorem,
4203 896 4335 961 ime

2386 978 2698 1062 quidquid
2743 978 2960 1062 populi
3005 978 3437 1062 redemptioni
3481 977 3815 1045 adversari
3860 980 4201 1059 videbitur,
4249 1003 4336 1046 ex

2386 1085 2628 1131 arcano
2673 1086 2788 1130 suo
2832 1064 3105 1131 consilio
3149 1066 3489 1131 oriturum.
3578 1064 3680 1130 Ita
3736 1086 3998 1133 causam
4045 1066 4336 1134 ostendit

2388 1172 2506 1217 cur
2551 1151 2722 1216 Mosi
2769 1172 2899 1216 non
2946 1151 3035 1216 sit
3069 1149 3471 1232 cessandum,
3515 1149 3717 1217 donec
3762 1152 4079 1217 miracula
4112 1152 4335 1220 emnia

2388 1237 2747 1320 peregerit:
2809 1237 2958 1320 quia
3014 1244 3271 1320 opertet
3326 1246 3685 1319 tyrannum
3746 1239 4091 1322 magnifice
4138 1240 4334 1319 vinci,

2386 1328 2582 1405 atque
2640 1320 2785 1388 ideo
2835 1321 3062 1387 multis
3123 1343 3199 1388 ac
3253 1321 3627 1388 difficilibus
3681 1324 3944 1406 praeliis
3998 1324 4212 1410 frangi
4267 1335 4334 1393 et

2384 1408 2666 1487 conteri,
2714 1428 2844 1492 que
2889 1407 3293 1491 splendidior
3345 1409 3429 1473 sit
3464 1408 3755 1474 victoria.
3858 1409 4124 1476 Interea
4181 1433 4330 1495 pro—

2383 1494 2656 1560 nunciat
2700 1515 2829 1560 non
2867 1516 2939 1560 se
2974 1494 3185 1559 invito
3227 1502 3356 1558 tam
3397 1495 3832 1579 praefractum
3875 1495 4011 1562 fore
4045 1496 4332 1582 Aegypti

2388 1601 2640 1664 regom,
2697 1601 2773 1645 ac
2832 1580 2889 1646 si
2947 1601 3078 1645 non
3134 1587 3354 1663 posset
3411 1587 3741 1646 momento
3803 1602 3930 1646 uno
3983 1583 4198 1666 ipsum
4256 1584 4330 1649 in

2381 1666 2681 1731 ordinem
2733 1686 2990 1751 cogere:
3074 1664 3188 1731 sed
3253 1667 3473 1749 potius
3537 1687 3647 1733 cor
3712 1666 3854 1732 eius
3919 1690 3988 1733 se
4050 1668 4329 1735 obdura-

2384 1762 2625 1830 turum‚
2650 1762 2721 1817 ut
2744 1752 3069 1818 insaniam
3095 1751 3415 1817 violenter
3447 1761 3834 1837 prosternat.
3883 1753 4178 1820 Verbum
4203 1777 4329 1840 quo

2380 1839 2593 1903 utitur
2636 1838 2875 1917 Moses,
2923 1859 3097 1905 nunc
3141 1837 3651 1922 apprehendere,
3698 1860 3870 1904 nunc
3918 1839 3983 1905 vi
4029 1842 4328 1920 retinere,

2380 1946 2557 1990 nunc
2632 1926 2941 1992 roborare
3022 1923 3379 2008 significat:
3462 1944 3725 1990 sensum
3810 1946 3969 1990 vero
4048 1947 4329 1993 comme-

2380 2009 2648 2076 dissime
2724 2009 2995 2076 reddere
3084 2010 3243 2074 mihi
3335 2011 3516 2077 visus
3602 2031 3745 2075 sum
3837 2012 4327 2097 constringendi

2381 2097 2609 2162 verbo:
2677 2098 2826 2179 quia
2886 2095 3117 2163 docere
3172 2095 3347 2161 haud
3400 2096 3596 2162 dubie
3643 2095 3849 2162 voluit
3890 2098 4075 2163 Deus
4119 2120 4188 2163 se
4231 2098 4328 2165 ita

2379 2184 2675 2247 emnium
2741 2183 3175 2247 certaminum
3240 2203 3407 2265 quae
3481 2182 3654 2248 Mosi
3725 2181 4061 2249 subeunda
4118 2193 4325 2262 erant,

2378 2268 2844 2353 agonothetam
2898 2269 3066 2347 fore,
3136 2277 3210 2332 ut
3274 2269 3470 2333 etiam
3535 2288 3646 2333 cor
3713 2268 3922 2335 hostis
3984 2270 4323 2353 gubernet,

2376 2365 2573 2437 atque
2633 2353 2715 2419 ad
2773 2354 3198 2437 pertinaciam
3259 2353 3552 2419 obduret.
3642 2352 3974 2436 Quoniam
4031 2355 4324 2423 delicatis

2377 2441 2641 2507 auribus
2688 2459 2917 2523 aspera
2960 2438 3224 2505 videtur
3264 2439 3581 2524 loquutio,
3641 2462 3788 2505 eam
3846 2440 4113 2524 plurimi
4160 2444 4322 2508 mol-

2374 2526 2564 2606 liunt,
2609 2533 2827 2593 actum
2870 2526 2939 2591 in
2985 2525 3474 2610 permissionem
3523 2526 3870 2596 vertendo..
3914 2525 4122 2607 Quasi
4165 2550 4324 2594 vero

2374 2613 2553 2677 inter
2596 2632 2788 2696 agere
2831 2621 2897 2676 et
2941 2611 3078 2696 pati
3125 2610 3292 2676 nihil
3337 2613 3426 2679 sit
3474 2611 3906 2679 discriminis:
3966 2623 4082 2679 aut
4137 2614 4323 2697 quasi

2377 2697 2760 2782 patientiam
2826 2719 3014 2762 suam
3081 2718 3156 2763 ac
3228 2719 3357 2763 non
3426 2698 3636 2782 magis
3706 2700 4072 2782 potentiam
4140 2702 4325 2767 Deus

2374 2783 2801 2850 commendet.
2862 2784 2974 2849 Me
3018 2795 3193 2849 certe
3236 2804 3382 2848 cum
3428 2784 3664 2868 spiritu
3709 2794 3933 2850 sancte
3979 2785 4156 2868 loqui
4190 2808 4322 2852 non

2377 2871 2586 2954 piget:
2647 2890 2861 2953 neque
2904 2869 3212 2953 amplecti
3264 2868 3487 2935 dubito
3546 2869 3719 2953 quod
3776 2870 3967 2936 toties
4007 2872 4075 2936 in
4122 2872 4322 2956 scrip—

2375 2966 2526 3021 tura
2589 2957 2897 3034 occurrit,
2965 2955 3182 3021 Deum
3241 2956 3477 3038 impios
3532 2956 3853 3022 coniicere
3918 2957 3984 3022 in
4055 2978 4324 3025 sensum

2374 3040 2744 3127 reprobum,
2782 3038 3042 3108 tradere
3083 3039 3547 3125 cupiditatibus
3592 3040 3938 3127 probrosis,
3976 3063 4327 3111 excaecare

2375 3150 2601 3195 eorum
2645 3137 2918 3206 mentes,
2967 3139 3032 3192 et
3075 3127 3270 3193 corda
3315 3127 3655 3193 obdurare.
3719 3129 3923 3211 Atqui
3968 3128 4090 3196 hoc
4131 3131 4321 3196 modo

2378 3214 2591 3280 Deum
2668 3215 2807 3279 fieri
2882 3224 3174 3280 autorem
3253 3213 3500 3297 peccati
3559 3213 3904 3294 obiiciunt,
3978 3236 4140 3299 quae
4211 3216 4324 3283 de-

2374 3300 2693 3367 testabilis
2737 3308 2910 3365 esset
2951 3299 3275 3384 impietas.
3362 3299 3770 3382 RespondeO,
3815 3301 4033 3367 Deum
4077 3302 4330 3388 longis-

2376 3386 2541 3453 sime
2598 3385 2926 3451 removeri
2979 3407 3018 3450 a
3069 3385 3293 3469 culpa,
3360 3385 3471 3451 ubi
3538 3383 3777 3452 iudicia
3840 3409 3960 3454 sua
4017 3409 4326 3455 exercere

2376 3472 2632 3540 dicitur.
2720 3471 2902 3556 Ergo
2947 3471 3003 3537 si
3046 3472 3414 3537 excaecatio
3467 3469 3777 3548 iudicium
3823 3480 3922 3540 est
3964 3471 4126 3555 Dei,
4172 3497 4325 3559 poe-

2375 3578 2531 3623 nam
2575 3557 2934 3643 infligendo
2978 3559 3043 3622 in
3090 3560 3337 3623 crimen
3385 3557 3608 3623 vocari
3652 3580 3782 3623 nen
3829 3557 4037 3626 debet.
4128 3559 4324 3641 Quod

2375 3646 2431 3711 si
2483 3665 2677 3727 saepe
2722 3665 2916 3710 causa
2959 3665 3080 3709 nos
3119 3642 3319 3728 fugit,
3363 3643 3858 3710 meminerimus
3914 3666 4049 3710 non
4092 3646 4207 3713 abs
4250 3670 4324 3714 re

2374 3730 2504 3795 Dei
2559 3730 2798 3795 iudicia
2849 3730 3067 3794 vocari
3125 3729 3435 3813 abyssum
3485 3730 3908 3811 profundam,
3980 3741 4173 3815 atque
4229 3733 4325 3798 ita

2375 3818 2708 3894 miremur,
2753 3834 2884 3880 non
2929 3815 3401 3898 obstrepamus.
3448 3813 3582 3896 Qui
3628 3836 3785 3880 vero
3827 3818 4323 3900 permissionem

2375 3901 2783 3968 substituunt
2825 3901 2895 3965 in
2938 3900 3153 3967 locum
3201 3909 3413 3982 actus,
3468 3921 3602 3965 non
3662 3901 3855 3967 modo
3899 3901 4114 3967 Deum
4171 3927 4322 3989 spo-

2379 3989 2546 4052 liant
2613 3989 2752 4052 suis
2817 3987 3098 4064 iudiciis,
3173 3985 3285 4052 sed
3345 4008 3463 4071 pre
3522 4007 3640 4051 sua
3697 3988 4076 4054 morositate
4133 3990 4321 4074 gravi

2377 4073 2671 4140 afficiunt
2731 4073 3156 4152 contumelia,
3224 4094 3352 4137 non
3416 4072 3567 4157 plus
3625 4072 3685 4138 ei
3745 4073 4035 4139 iustitiae
4095 4094 4322 4143 conce-

2376 4159 2608 4233 dende,
2644 4180 2837 4242 quam
2875 4180 2990 4224 suo
3035 4180 3227 4225 sensu
3270 4160 3557 4242 capiunt.

2546 4246 2650 4311 22.
2713 4244 2931 4311 Filius
2976 4265 3148 4310 meu-s
3179 4245 3642 4328 primoqenitus
3682 4263 3871 4310 meua.
3960 4244 4108 4312 Hac
4148 4250 4319 4313 anti·

2374 4333 2699 4417 cipatione
2742 4330 2997 4413 repellit
3039 4330 3489 4415 exceptionem
3547 4351 3676 4413 qua
3729 4351 3799 4395 se
3844 4330 4107 4397 Pharao
4153 4335 4321 4400 tueri

2375 4429 2643 4502 poterat,
2692 4438 2770 4480 ne
2813 4415 3049 4500 popule
3095 4427 3530 4482 commeatum
3576 4417 3779 4482 daret.
3849 4415 4020 4481 Nam
4067 4419 4133 4482 in
4179 4422 4320 4488 eius

2373 4505 2687 4569 ditionem
2726 4511 2961 4586 sponte
2994 4512 3402 4567 concesserat
3446 4501 3638 4568 Iacob
3682 4524 3829 4569 cum
3869 4512 4005 4568 teta
4042 4504 4317 4572 familia:

2370 4600 2511 4656 erat
2556 4610 2710 4673 ergo
2763 4587 2969 4654 libera
3011 4587 3335 4652 retinendi
3380 4589 3520 4652 eius
3565 4589 3788 4670 populi
3832 4598 4148 4670 potestas,
4208 4595 4319 4676 qui

2369 4675 2700 4741 communi
2743 4677 3039 4759 gentium
3082 4673 3225 4738 iure
3280 4674 3611 4739 subiectus
3655 4686 3794 4739 erat
3841 4675 4150 4759 Aegyptii
4195 4678 4316 4744 im-

2368 4763 2569 4847 perio,
2628 4758 2825 4841 Quod
2861 4758 3121 4824 ordines
3167 4759 3485 4824 divinitus
3528 4760 3863 4826 institutos
3909 4761 4149 4827 violare
4193 4765 4314 4830 im·

2366 4849 2548 4932 pium
2594 4856 2728 4925 est,
2781 4865 3088 4930 perversa
3152 4844 3356 4911 videri
3401 4855 3659 4929 poterat
3702 4846 3905 4911 Mesis
3949 4848 4315 4930 postulatiO,

2370 4944 2445 4999 ut
2491 4933 2785 5017 legitima
2830 4930 3148 4997 subiectio
3193 4952 3265 4996 re
3313 4954 3348 4996 e
3394 4931 3601 4997 invite
3646 4932 4033 4997 aboleretur.
4099 4933 4313 5015 Quor-

2368 5041 2516 5086 sum
2563 5018 2740 5085 enim
2786 5015 3094 5082 tendebat
3145 4954 3311 5082 illu}
3367 5017 3449 5082 de
3498 5019 3681 5082 exitu
3740 5017 3997 5103 pepuli,
4056 5019 4181 5084 nisi
4241 5031 4316 5087 ut

2369 5125 2592 5190 regem
2662 5113 2921 5186 cogeret
2984 5123 3055 5168 se
3119 5103 3383 5190 proprio
3466 5102 3607 5168 iure
3669 5102 4017 5170 abdicare?
4128 5105 4313 5173 Deus

2366 5212 2553 5274 erge,
2599 5200 2678 5254 ut
2723 5188 3023 5255 ostendat
3078 5188 3245 5254 nihil
3303 5210 3372 5256 se
3411 5190 3653 5254 iniuste
3699 5210 3772 5256 ac
3817 5201 4074 5272 praeter
4119 5183 4313 5257 ratio-

2367 5299 2515 5342 nem
2565 5275 2909 5341 detrahere
2955 5276 3314 5356 Pharaoni,
3359 5274 3777 5361 privilegium
3823 5276 4125 5357 opponit,
4183 5300 4311 5360 quo

2365 5363 2563 5427 soluti
2630 5369 2820 5427 erant
2889 5360 3230 5426 Israelitae
3305 5383 3345 5428 a
3421 5361 3566 5445 lege
3644 5360 3992 5426 communi.
4107 5362 4312 5430 Filios
