4867 6150
357 463 434 528 77
1530 464 2273 533 COMMENTARIUS
2318 465 2416 530 IN
2462 465 2764 532 EXODI
2810 466 3006 534 CAP.
3052 467 3173 534 VI.
4259 475 4341 540 78

353 655 679 731 Abrahae,
728 656 920 722 Isaac
963 660 1019 720 et
1062 654 1285 722 Iacob.-
1327 655 1602 739 daboque
1644 676 1781 722 eam
1836 656 2005 722 vobis
2049 656 2119 720 in
2153 675 2300 737 pos-

352 743 708 808 3εεείοηεοη.
799 741 938 826 Eyo
984 742 1229 809 Ichova.

531 915 590 977 1.
634 912 724 978 Et
762 915 928 980 dixit
972 913 1203 979 Iehova
1244 915 1332 980 ad
1377 912 1618 979 Mosen.
1679 912 2004 997 Indignus
2041 912 2300 996 quidem

353 1008 500 1065 erat
522 1001 743 1066 Moses
787 1000 890 1065 cui
937 1011 1067 1063 tam
1115 999 1367 1082 placide
1408 1009 1473 1065 et
1518 1001 1789 1065 comiter
1810 999 1997 1065 Deus
2033 1019 2300 1082 respon·

354 1085 577 1150 deret:
618 1085 731 1152 sed
776 1085 1064 1167 optimus
1097 1094 1285 1168 pater
1331 1107 1447 1169 pro
1494 1088 1814 1152 immensa
1858 1107 1975 1150 sua
2017 1084 2300 1150 clemen-

351 1172 447 1236 tia
485 1182 617 1235 tam
666 1171 871 1237 Mosis
916 1193 1108 1254 quam
1156 1172 1376 1254 populi
1422 1172 1601 1237 vitiis
1666 1171 1956 1256 ignovit,
2013 1182 2089 1236 ut
2131 1169 2300 1253 quod

354 1266 713 1335 statuerat,
780 1259 861 1322 de
903 1257 1346 1339 redemptione
1402 1259 1761 1341 perficeret.
1851 1258 2035 1323 Nihil
2083 1267 2298 1323 autem

354 1364 598 1409 novum
648 1341 934 1420 adducit,
980 1343 1090 1408 sed
1143 1345 1379 1427 repetit
1413 1363 1488 1409 ac
1522 1346 1868 1410 confirmat
1903 1344 2302 1427 superiorem

355 1430 788 1495 sententiam:
847 1429 1051 1494 donec
1110 1430 1170 1493 vi
1232 1442 1494 1496 coactus
1560 1430 1760 1495 fuerit
1814 1430 2105 1514 Phara0,
2167 1450 2301 1493 non

359 1517 497 1581 fore
558 1513 984 1581 obedientem.
1076 1516 1158 1579 In
1223 1516 1424 1580 verbo
1483 1514 1755 1581 Videbis
1802 1516 2000 1581 tacita
2066 1536 2301 1597 expro-

357 1602 573 1667 bratio
630 1614 731 1666 est
788 1601 1171 1667 immodicae
1242 1603 1707 1667 festinationis:
1768 1603 1921 1684 quia
1986 1622 2116 1666 non
2185 1622 2299 1665 ex-

354 1697 606 1770 spectet
651 1688 871 1752 Moses
908 1687 1360 1769 promissionis
1401 1700 1731 1753 eventum.
1791 1686 2156 1769 Subiicitur
2196 1687 2302 1751 de-

350 1774 511 1838 inde
557 1776 722 1838 ratio
766 1794 884 1838 cur
931 1771 1116 1837 Deus
1158 1773 1321 1838 nolit
1386 1775 1697 1857 populum
1744 1795 1932 1838 suum
1980 1784 2212 1856 sponte
2262 1792 2300 1836 a

350 1870 638 1944 tyranno
696 1860 963 1923 dimitti:
1026 1859 1177 1940 quia
1233 1859 1479 1925 scilicet
1546 1859 1806 1924 volebat
1849 1880 2011 1941 opus
2065 1858 2297 1924 libera-

352 1945 559 2011 tionis
605 1964 749 2009 esse
792 1945 1238 2027 conspicuum.
1326 1944 1635 2011 Notanda
1694 1946 1889 2011 etiam
1938 1966 2296 2029 exaggera-

353 2033 450 2096 tio
497 2040 601 2097 est
642 2031 710 2095 in
760 2031 954 2095 verbo
1017 2030 1345 2096 eiiciendi:
1414 2032 1596 2113 quasi
1660 2029 1933 2109 diceret,
1993 2032 2101 2096 ubi
2161 2029 2297 2096 bel-

347 2115 550 2182 lando
595 2118 902 2182 subactus
949 2138 1024 2181 ac
1066 2116 1313 2181 fractus
1359 2118 1554 2181 fuerit
1598 2117 1878 2195 Pharao,
1942 2139 2069 2182 non
2105 2116 2298 2182 modo

348 2223 867 2279 consensurum,
926 2203 1038 2267 sed
1096 2203 1319 2286 magni
1378 2203 1672 2268 beneficii
1740 2204 1877 2268 loco
1944 2202 2293 2268 ducturum

346 2299 427 2356 nt
473 2288 751 2372 populus
787 2309 981 2370 quam
1029 2287 1341 2354 citissime
1384 2299 1594 2354 exeat.
1659 2287 1936 2355 Summa
1981 2299 2113 2354 est:
2158 2289 2295 2370 Qui

352 2375 553 2441 hodie
614 2376 863 2439 exitum
953 2374 1139 2440 vobis
1205 2384 1436 2459 negat,
1529 2396 1662 2439 non
1731 2387 1989 2440 tantum
2057 2375 2296 2441 liberos

352 2462 628 2533 emittet,
674 2459 788 2526 sed
833 2460 1030 2524 etiam
1076 2461 1384 2524 extrudet
1428 2482 1465 2524 a
1511 2480 1627 2525 sua
1674 2461 1937 2525 ditione.

525 2548 585 2613 2.
631 2545 719 2613 Et
761 2548 1052 2627 loquutus
1093 2551 1183 2611 est
1222 2546 1416 2612 Deus.
1486 2547 1916 2630 Prosequitur
1939 2545 2122 2611 Deus
2158 2566 2294 2611 ser-

348 2654 615 2699 monem
676 2653 898 2711 suum,
964 2642 1040 2696 ut
1097 2632 1317 2697 Moses
1371 2632 1686 2715 collapsos
1752 2633 1974 2715 populi
2043 2632 2295 2698 animos

348 2741 585 2786 rursus
631 2719 859 2802 erigat.
950 2718 1156 2783 Porro
1202 2716 1632 2782 diffidentiam
1671 2719 1971 2802 castigat,
2018 2718 2296 2784 foederis

349 2808 454 2874 sui
510 2806 893 2869 memoriam
954 2804 1359 2868 renovando:
1424 2803 1595 2887 quod
1650 2805 1704 2868 si
1759 2803 1958 2887 probe
2012 2805 2293 2869 ,infixum

347 2892 592 2959 fuisset
616 2892 875 2956 illorum
913 2889 1235 2967 cordibus,
1273 2889 1468 2974 longe
1503 2891 1977 2955 constantiores
2014 2889 2297 2956 fuissent

345 2979 419 3044 in
469 2976 794 3061 speranda
838 2976 1303 3060 redemptione.
1394 2974 1709 3041 Ostendit
1747 2997 1903 3061 ergo
1938 2974 2102 3041 nihil
2139 2975 2294 3041 novi
2340 3051 2346 3069 ⁴

344 3086 420 3132 se
470 3085 648 3130 nunc
691 3062 1076 3148 protulisse:
1121 3061 1273 3145 quia
1316 3061 1566 3145 pridem
1610 3084 1691 3129 ex
1737 3062 2031 3144 patribus
2072 3060 2293 3128 audie-

343 3161 510 3217 rant
553 3171 624 3215 se
682 3172 723 3214 a
764 3150 908 3214 Deo
953 3149 1194 3215 electos
1239 3169 1384 3214 esse
1427 3150 1496 3212 in
1540 3149 1853 3233 populum
1901 3148 2295 3234 peculiarem

339 3245 412 3303 et
452 3236 812 3303 doctrinam
858 3256 1014 3301 suae
1049 3232 1412 3316 adoptionis
1454 3234 1594 3300 fere
1630 3256 1779 3300 cum
1823 3234 1989 3300 lacte
2031 3234 2296 3300 imbibe-

342 3333 523 3390 rant.
613 3321 762 3402 Quo
827 3322 1079 3405 turpior
1135 3331 1236 3386 est
1293 3340 1517 3386 eorum
1563 3320 1890 3402 socordia,
1958 3328 2028 3387 et
2083 3322 2295 3406 magis

341 3408 797 3486 convincitur,
878 3406 1033 3473 dum
1099 3407 1191 3473 ita
1256 3407 1631 3473 turbulente
1695 3407 1991 3473 fremunt
2064 3416 2295 3474 contra

341 3496 607 3574 Mosen,
644 3514 720 3559 ac
755 3494 811 3560 si
847 3504 1254 3560 commentus
1289 3495 1431 3578 ipse
1465 3503 1638 3560 esset
1679 3492 1848 3577 quod
1873 3494 1998 3558 Dei
2033 3495 2296 3559 nomine

340 3581 760 3667 promiserat.
850 3580 1100 3665 Pungit
1157 3580 1354 3644 etiam
1409 3602 1518 3645 eos
1560 3579 1820 3663 obliqua
1864 3581 2294 3664 comparatio-

341 3686 470 3734 ne:
536 3664 707 3749 quod
753 3665 1110 3746 Abrabam,
1156 3664 1343 3730 Isaac
1385 3675 1453 3731 et
1494 3666 1686 3732 Iacob
1731 3665 1964 3749 cupide
2009 3666 2294 3750 amplexi

341 3753 598 3820 fuerint
638 3751 1137 3836 promissionem
1182 3751 1304 3816 sibi
1350 3751 1588 3832 datam,
1643 3762 1709 3817 et
1752 3754 1823 3816 in
1868 3771 1945 3817 ea
1987 3772 2292 3836 perseve-

340 3849 578 3905 ranter
635 3837 1035 3922 quieverint:
1100 3839 1208 3904 isti
1267 3844 1489 3902 autem
1547 3839 1657 3920 qui
1702 3838 2153 3922 gloriabantur
2209 3860 2288 3902 ex

342 3932 575 3992 sancto
618 3923 733 3989 illo
776 3925 1027 3990 semine
1071 3943 1142 3990 se
1184 3943 1327 3989 esse
1371 3924 1780 4007 progenitos,
1824 3923 2156 3989 fastidiose
2200 3944 2294 3988 re-

342 4021 613 4095 spuant,
656 4010 812 4093 quia
856 4031 989 4074 non
1034 4010 1256 4075 statim
1304 4021 1576 4092 apparet
1619 4009 1906 4076 effectus.
1955 4013 2173 4093 Atque
2218 4020 2292 4075 ut

344 4098 601 4163 crimen
647 4096 1031 4180 amplificet,
1086 4096 1514 4160 ratiocinatur
1558 4117 1597 4160 a
1641 4096 1875 4160 minori
1920 4094 2000 4160 ad
2048 4097 2290 4161 maius:

346 4184 510 4266 quia
553 4191 749 4266 prout
789 4180 1053 4266 uberior
1094 4181 1226 4247 illis
1269 4182 1544 4246 offertur
1584 4181 2020 4246 manifestatio
2065 4202 2138 4248 ac
2192 4182 2291 4246 lu-

344 4268 679 4335 culentior
699 4288 893 4351 quam
917 4268 1071 4332 olim
1095 4267 1313 4333 oblata
1347 4267 1533 4345 foret,
1568 4267 2025 4350 propensiores
2048 4266 2126 4332 ad
2153 4288 2293 4333 cre·

345 4354 643 4420 dendum
687 4374 829 4419 esse
871 4354 1238 4419 conveniat.
1300 4351 1496 4419 Unde
1529 4354 1826 4435 sequitur
1867 4354 2045 4418 omni
2091 4373 2292 4419 excu-

344 4441 604 4507 satione
647 4458 869 4506 carere
912 4460 1136 4505 eorum
1181 4437 1557 4515 socordiam,
1603 4439 1716 4521 qui
1762 4438 1977 4504 Deum
2014 4438 2294 4504 familia-

342 4528 514 4592 riter
555 4546 626 4590 se
669 4526 1112 4591 insinuantem
1172 4546 1307 4590 non
1370 4523 1745 4589 admittunt.
1839 4523 1945 4589 De
2003 4525 2295 4609 epitheto

345 4609 557 4679 Sadai
602 4625 735 4676 non
792 4610 1209 4677 consentiunt
1256 4611 1668 4694 interpretes.
1759 4608 2045 4691 Quidam
2092 4610 2294 4676 dedu-

344 4707 515 4765 cunt
558 4718 596 4763 a
641 4695 840 4763 verbo
864 4701 1049 4777 ’Ἶ-ῐῐυ,
1095 4706 1288 4780 atque
1332 4697 1426 4760 ita
1468 4711 1488 4746 ⁹
1525 4696 1781 4761 literam
1829 4696 2088 4762 finalem
2130 4699 2294 4780 posi-

344 4794 490 4850 tam
550 4804 692 4849 esse
751 4783 982 4849 volunt
1039 4803 1156 4865 pro
1222 4784 1571 4867 geminata.
1677 4781 1869 4863 Quod
1935 4779 1990 4846 si
2057 4783 2295 4865 recipi-

342 4890 520 4949 mus,
574 4868 965 4934 tantundem
1010 4866 1256 4935 valebit
1299 4881 1494 4951 atque
1538 4878 1851 4950 vastator,
1910 4867 2014 4934 vel
2059 4870 2293 4934 saltem

340 4954 689 5021 notabitur
745 4953 1174 5020 formidabilis
1225 4954 1351 5019 Dei
1408 4955 1734 5021 maiestas.
1844 4954 2015 5020 Aliis
2086 4956 2294 5038 magis

342 5041 567 5125 placet
608 5054 733 5108 Ἶτυ,
779 5039 948 5124 quod
993 5060 1346 5104 mammam
1391 5040 1747 5123 significat,
1798 5061 1941 5107 esse
1983 5039 2292 5106 radicem.

344 5126 526 5192 Aliis
583 5127 845 5192 videtur
907 5126 1268 5209 composita
1311 5145 1454 5190 esse
1510 5124 1704 5192 dictio
1779 5146 1864 5191 ex
1906 5126 2180 5192 relativo
2232 5139 2290 5195 w

345 5222 419 5278 et
465 5225 544 5280 *t
654 5210 782 5276 uod
847 5232 1089 5277 nomen
1148 5211 1471 5277 Hebraeis
1536 5220 1638 5278 est
1687 5213 2099 5278 sufficientia.
2186 5212 2296 5277 Ita

343 5297 553 5366 Sadai
611 5234 865 5364 dicetur
918 5298 1033 5382 qui
1079 5295 1396 5363 bonorum
1457 5298 1749 5363 omnium
1815 5299 1998 5381 copia
2064 5298 2293 5363 affluit.

344 5383 627 5451 Certum
692 5383 951 5467 quidem
1020 5392 1119 5450 est
1190 5383 1312 5448 hac
1384 5402 1541 5448 voce
1607 5384 1946 5450 Hebraeos
2022 5393 2157 5449 tam
2222 5384 2291 5448 in

2401 655 2636 720 bonam
2687 676 2880 739 quam
2927 658 2994 721 in
3047 656 3291 723 malam
3349 669 3600 741 partem
3646 661 3763 726 uti.
3851 661 4026 727 Nam
4065 662 4177 728 ubi
4222 664 4342 727 mi-

2399 750 2600 806 natur
2653 741 2859 808 Isaias
2925 743 3025 820 13,
3067 742 3127 824 9,
3192 745 3408 809 Deum
3468 746 3607 810 fore
3663 746 3984 814 scelerum
4036 749 4344 829 ultorem,

2401 836 2591 893 vocat
2635 848 2783 892 eum
2824 827 3044 894 Sadai.
3115 828 3229 896 Sic
3271 840 3337 895 et
3371 829 3490 896 Iob
3527 832 3628 912 33,
3734 830 3821 919 ?):
3870 832 4069 900 sadai
4109 835 4346 901 terruit

2400 934 2527 978 me.
2618 913 2699 978 In
2744 912 2848 978 bis
2891 914 3050 979 locis
3095 924 3161 980 et
3191 914 3524 982 'similibus
3571 919 3700 983 hau
3792 918 3985 984 dubie
4028 921 4342 1004 exprimi-

2403 1008 2512 1062 tur
2557 998 2870 1064 terribilis
2894 1000 3020 1064 Dei
3065 1003 3390 1084 potentia:
3435 1002 3546 1068 ubi
3584 1026 3741 1070 vero
3774 1006 4102 1088 promittit
4137 1007 4347 1071 Abra-

2402 1084 2527 1150 hae
2572 1105 2641 1150 se
2684 1086 2821 1150 fore
2866 1084 3085 1151 Deum
3130 1086 3359 1166 Sadai,
3422 1089 3882 1155 liberalitatem
3941 1112 4127 1156 suam
4173 1113 4346 1157 com·
4454 1101 4461 1107 '

2401 1171 2689 1235 mendat.
2736 1171 2929 1238 Nunc
2972 1174 3166 1237 etiam
3206 1175 3317 1238 ubi
3353 1172 3510 1240 dicit
3545 1197 3614 1241 se
3637 1177 4016 1260 apparuisse
4046 1179 4342 1261 patribus

2403 1257 2472 1320 in
2500 1255 2641 1321 Deo
2665 1254 2884 1333 Sadai,
2910 1279 3041 1322 non
3068 1267 3200 1323 tam
3231 1259 3311 1324 ad
3349 1261 3797 1326 fortitudinem
3834 1284 4020 1328 suam
4058 1266 4124 1328 in
4149 1285 4340 1329 exer-

2402 1342 2625 1407 cendis
2662 1343 2919 1408 iudiciis
2966 1346 3249 1428 respicit,
3299 1367 3491 1429 quam
3541 1346 3620 1411 ad
3655 1346 3920 1430 plenam
3956 1350 4341 1431 perfectam-

2402 1450 2530 1512 que
2574 1428 3105 1495 beneficentiam:
3150 1431 3338 1513 quasi
3383 1431 3626 1497 diceret
3671 1454 3739 1498 se
3762 1431 4070 1500 Abrahae
4094 1444 4163 1499 et
4197 1436 4342 1502 aliis

2404 1514 2695 1598 patribus
2738 1517 3193 1582 manifestasse
3246 1528 3491 1600 quanta
3558 1519 3800 1584 virtute
3863 1519 4196 1604 praeditus
4254 1522 4342 1587 sit

2402 1600 2483 1665 ad
2530 1621 2683 1666 suos
2730 1602 3000 1668 tuendos
3049 1611 3115 1666 et
3157 1604 3544 1683 servandos,
3615 1612 3678 1669 et
3720 1607 3898 1688 ipsos
3941 1608 4345 1690 experientia

2400 1688 2684 1752 sensisse
2720 1707 2909 1769 quam
2959 1695 3260 1771 potenter
3303 1699 3497 1772 atque
3541 1690 3888 1757 efficaciter
3922 1713 4074 1758 suos
4106 1694 4340 1773 foveat,

2401 1782 2726 1838 sustentet
2769 1793 2845 1839 ac
2888 1774 3092 1839 iuvet.
3183 1773 3507 1854 Quamvis
3553 1787 3768 1842 autem
3807 1777 4135 1860 praedicet
4178 1799 4343 1861 quae

2399 1859 2468 1923 in
2537 1858 2681 1923 illos
2747 1860 3026 1924 contulit
3092 1861 3438 1941 beneficia,
3525 1884 3609 1927 ne
3695 1873 3724 1928 t
3791 1871 4007 1929 tamen
4074 1884 4144 1929 se
4208 1865 4342 1930 illis

2399 1945 2599 2010 fuisse
2642 1945 2978 2029 cognitum
3023 1945 3094 2010 in
3138 1946 3405 2011 nomine
3449 1967 3566 2013 suo
3649 1948 3891 2013 ehova:
3954 1971 4081 2032 quo
4139 1951 4341 2035 signi-

2397 2032 2555 2096 ficat
2597 2052 2667 2095 sc
2719 2050 2898 2095 nunc
2954 2032 3231 2114 posteris
3288 2032 3609 2100 illustrius
3668 2036 4033 2118 patefacere
4078 2035 4344 2102 deitatis

2399 2137 2558 2182 suae
2601 2117 2899 2201 gloriam.
2940 2201 2943 2204 ἢ
2990 2118 3091 2182 De
3135 2119 3399 2184 nomine
3422 2118 3669 2186 Iehova
3712 2121 3981 2204 longum
4025 2133 4199 2187 esset
4243 2142 4343 2186 re·

2397 2201 2574 2268 ferre
2631 2203 2922 2267 omnium
2974 2204 3356 2269 sententias.
3447 2205 3644 2270 Certe
3705 2206 3875 2289 quod
3934 2206 4164 2273 Iudaei
4220 2229 4344 2275 nec

2396 2288 2689 2373 proferre
2732 2308 2855 2353 nec
2898 2289 3180 2355 scribere
3239 2289 3403 2355 illud
3449 2289 3713 2372 audent,
3770 2292 3885 2357 sed
3930 2292 4343 2359 substituunt

2397 2395 2635 2439 nomen
2682 2374 2959 2454 Adonai,
3004 2375 3230 2458 putida
3275 2386 3376 2441 est
3417 2377 3811 2460 superstitio,
3895 2378 4121 2444 Nihilo
4165 2381 4341 2445 enim

2398 2461 2610 2545 magis
2652 2461 2987 2544 probabile
3031 2471 3131 2525 est
3174 2461 3344 2545 quod
3388 2464 3583 2527 multi
3627 2463 3881 2544 docent,
3925 2486 4067 2531 esse
4109 2465 4339 2530 ineffa-

2397 2547 2527 2612 bile
2564 2548 2717 2629 quia
2751 2546 3109 2613 secundum
3146 2549 3465 2613 rationem
3501 2550 3965 2633 grammaticae
3999 2572 4131 2616 non
4178 2551 4341 2618 scri-

2399 2632 2597 2698 bitur.
2664 2633 2811 2698 Hoc
2854 2632 3116 2716 quidem
3163 2642 3353 2699 extra
3396 2637 3907 2702 controversiam
3942 2645 4058 2716 est,
4106 2636 4340 2704 deduci

2400 2740 2440 2782 a
2498 2717 2696 2783 verbo
2754 2732 2868 2786 ΝΠ
2934 2719 3039 2785 vel
3096 2732 3210 2787 ΠἹΠ
3267 2718 3542 2803 ideoque
3601 2729 3775 2788 recte
3834 2744 4072 2788 nomen
4118 2743 4340 2790 essen-

2401 2804 2555 2869 tiale
2600 2805 2723 2868 Dei
2769 2824 2810 2868 a
2851 2805 3078 2887 peritis
3121 2805 3592 2887 interpretibus
3636 2806 3892 2889 dicitur,
3953 2829 4156 2891 quum
4216 2808 4343 2874 alia

2399 2892 2537 2955 sint
2581 2890 2764 2973 quasi
2809 2891 3117 2974 epitheta.
3208 2892 3430 2973 Quum
3489 2914 3645 2976 ergo
3704 2893 3873 2958 nihil
3927 2893 4073 2959 Deo
4126 2895 4339 2980 magis

2399 2978 2488 3042 sit
2528 2976 2864 3060 proprium
2912 2997 3103 3060 quam
3150 2977 3522 3058 aeternitas,
3566 2988 3838 3044 vocatur
3872 2979 4119 3045 Iehova
4163 2980 4339 3063 qnod

2399 3082 2438 3125 a
2473 3083 2543 3128 se
2588 3062 2734 3145 ipso
2775 3062 3011 3128 habeat
3055 3084 3216 3142 esse,
3259 3073 3328 3128 et
3370 3083 3608 3130 arcana
3650 3064 4084 3149 inspiratione
4120 3066 4339 3132 omnia

2397 3150 2735 3214 sustineat.
2826 3147 2966 3214 Nec
3010 3148 3475 3215 Grammaticis
3518 3153 3838 3217 assentior
3881 3153 3992 3236 qui
4048 3173 4338 3235 pronun-

2398 3234 2557 3299 ciari
2602 3234 2836 3299 nolunt
2868 3234 3021 3318 quia
3064 3256 3193 3299 non
3237 3234 3327 3301 sit
3368 3237 3687 3320 regularis
3728 3236 4034 3303 inflexio:
4080 3238 4340 3322 quando

2445 3320 2607 3385 luris
2663 3320 2829 3385 mihi
2887 3329 2987 3387 est
3038 3322 3463 3406 etymologia,
3530 3323 3714 3388 cuius
3765 3344 3992 3389 omnes
4048 3325 4340 3390 fatentur

2465 3428 2615 3472 eum
2651 3427 2794 3472 csse
2839 3413 3151 3486 autorem,
3197 3428 3394 3491 quam
3436 3419 3699 3474 centum
3745 3410 4028 3495 regulae.
4111 3411 4339 3494 Neque

2397 3504 2621 3559 tamen
2669 3493 2851 3559 Deus
2912 3495 3035 3559 hoc
3079 3493 3218 3559 loco
3263 3514 3381 3577 per
3425 3514 3664 3560 nomen
3710 3495 3996 3581 syllabas
4043 3497 4145 3562 vel
4190 3496 4336 3562 lite-

2395 3601 2503 3644 ras
2546 3578 2877 3665 intelligit,
2923 3579 3036 3646 sed
3062 3578 3306 3663 gloriae
3341 3587 3404 3645 et
3438 3580 3798 3647 maiestatis
3831 3603 3989 3647 suae
4013 3582 4335 3663 notitiam,

2437 3686 2558 3731 uae
2603 3665 2808 3730 maior
2865 3677 2931 3731 et
2994 3664 3272 3749 amplior
3313 3665 3724 3749 resplenduit
3764 3667 3834 3732 in
3880 3667 4190 3734 ecclesiae
4232 3689 4337 3736 re-

2393 3687 2768 3833 demptione
2810 3770 3002 3834 quam
3062 3750 3132 3817 in
3190 3751 3330 3834 ipso
3374 3751 3651 3818 foederis
3693 3751 3979 3819 exordio.
4077 3755 4337 3821 Minore

2393 3838 2569 3902 enim
2617 3836 2780 3903 lucis
2821 3857 3134 3903 mensura.
3177 3845 3524 3903 contentus
3570 3839 3692 3902 fuit
3736 3839 4075 3905 Abraham
4121 3851 4189 3905 et
4234 3864 4337 3906 re-

2391 3923 2553 4006 liqui
2595 3931 2834 4006 pat-res.
2898 3922 3095 3988 Unde
3128 3923 3430 4006 sequitur
3464 3924 3682 3990 minus
3719 3925 4156 3991 excusabilem
4193 3948 4338 3993 esse

2392 4009 2650 4092 culpam
2697 4009 2768 4073 in
2813 4009 3109 4092 posteris,
3156 4010 3283 4075 nisi
3326 4010 3577 4093 gratiae
3612 4010 4030 4094 amplitudini
4067 4033 4334 4095 respon-

2393 4094 2546 4160 deat
2583 4096 2878 4179 ipsorum
2920 4094 3103 4161 fides.
3193 4095 3455 4161 Interea
3489 4096 3663 4162 Mosi
3707 4095 3969 4162 additur
4013 4098 4335 4177 alacritas,

2396 4181 2552 4248 dum
2620 4181 3038 4265 magnificum
3099 4187 3168 4246 et
3227 4183 3329 4245 sin
3379 4181 3628 4247 ularem
3690 4181 4117 4248 illustrandae
4176 4205 4335 4250 suae

2394 4267 2639 4352 gloriae
2682 4265 2943 4332 modum
2981 4268 3285 4350 proponit
3395 4287 3532 4333 eus.

2564 4352 2625 4418 4.
2672 4354 2877 4434 Atque
2917 4354 3106 4419 etiam
3138 4354 3312 4419 erexi
3339 4357 3618 4434 pactum.
3691 4352 3894 4435 Spem
3931 4354 4335 4423 liberationis

2395 4459 2592 4522 quam
2635 4438 2791 4503 olim
2855 4438 3183 4521 pollicitus
3247 4439 3491 4517 fuerat,
3560 4447 3628 4502 et
3668 4459 3864 4522 quam
3910 4451 4339 4523 speraverant

2393 4533 2649 4610 patres,
2706 4524 3051 4590 confirmat
3092 4545 3177 4589 ex
3223 4532 3427 4608 pacto,
3485 4524 3678 4589 sicuti
3722 4524 3918 4608 paulo
3962 4538 4118 4593 ante
4164 4527 4332 4594 dixi:

2395 4620 2462 4677 et
2516 4610 2835 4693 particula
2880 4621 2958 4678 m
3000 4630 3165 4692 quae
3219 4609 3320 4676 bis
3365 4610 3700 4693 repetitur,
3765 4612 3984 4693 priore
4043 4613 4181 4680 loco
4235 4622 4336 4681 est

2394 4696 2689 4774 causalis,
2737 4695 3023 4762 secundo
3067 4695 3349 4760 illativa:
3410 4697 3590 4780 quasi
3637 4696 3912 4763 diceret:
4004 4697 4334 4780 Quoniam

2394 4783 2612 4867 pepigi
2670 4803 2817 4848 cum
2873 4781 3171 4863 patribus
3221 4783 3494 4861 vestris,
3555 4781 3701 4847 ideo
3746 4802 3920 4848 nunc
3973 4784 4046 4849 in
4092 4795 4334 4852 terram

2393 4869 2713 4935 Chanaan
2772 4866 3092 4934 deducere
3147 4887 3266 4932 vos
3325 4868 3543 4934 statui.
3645 4867 3790 4933 Nisi
3850 4869 3948 4934 ita
4003 4872 4332 4938 resolvere

2392 4955 2625 5021 libeat:
2666 4954 2811 5037 Ego
2833 4953 3003 5018 idem
3028 4953 3138 5035 qui
3161 4952 3388 5020 foedus
3411 4973 3628 5018 meum
3652 4957 3943 5037 percussi
3966 4977 4115 5022 cum
4140 4958 4334 5041 patri-

2393 5041 2516 5107 bus
2561 5041 2830 5119 vestris,
2886 5060 3062 5104 nunc
3118 5060 3373 5123 quoque
3431 5038 3653 5105 audivi
3700 5040 4037 5124 gemitum.
4126 5043 4331 5109 Porro

2393 5129 2545 5211 quia
2587 5128 2657 5192 in
2700 5145 2883 5190 mera
2920 5125 3135 5209 gratia
3176 5123 3522 5191 fundatum
3568 5134 3672 5190 est
3705 5140 3987 5209 pactum,
4033 5128 4332 5213 redemp-

2395 5214 2638 5280 tionem
2664 5212 2846 5278 Deus
2893 5219 3024 5275 tam
3072 5232 3152 5275 ex
3199 5232 3317 5276 suo
3362 5210 3786 5294 beneplacito,
3825 5232 4021 5296 quam
4060 5235 4143 5278 ex
4176 5234 4330 5279 con-

2394 5298 2639 5364 stantia
2672 5297 2921 5381 sperari
2979 5296 3177 5362 iubet.
3266 5297 3517 5363 Iterum
3565 5317 3725 5363 vero
3773 5296 3970 5363 fidem
4006 5296 4330 5380 Abrahae,

2394 5384 2582 5451 Isaac
2624 5391 2691 5451 et
2733 5383 2925 5449 Iacob
2971 5383 3095 5448 hac
3140 5383 3387 5449 ratione
3430 5382 3844 5449 commendat
3878 5384 4049 5468 quod
4084 5387 4332 5469 patien-
