4867 6150
551 443 685 510 363

555 641 770 700 terum
816 629 1119 715 quamvis
1162 649 1203 693 a
1236 627 1457 711 paucis
1502 624 1841 692 autoribus
1883 626 2178 709 profecta
2220 626 2310 692 sit
2352 625 2514 690 mali

556 718 761 804 origo,
785 738 916 782 non
941 714 1090 781 vult
1113 723 1336 779 tamen
1360 714 1430 778 in
1452 712 1613 797 ipsis
1635 711 1793 778 solis
1816 733 2093 797 poenam
2120 711 2509 779 consistere:

556 827 636 872 ac
671 805 728 871 si
774 800 859 868 ad
903 800 1089 886 vulgi
1136 799 1626 866 exeusationem
1673 797 1925 865 valeret
1967 798 2224 864 alienus
2269 797 2514 882 impul·

563 912 697 959 sus.
800 887 995 954 Iubet
1059 895 1280 952 autem
1347 884 1703 969 diligenter
1767 884 2051 968 inquiri,
2120 882 2365 968 duplici
2431 883 2515 949 de

557 997 790 1044 eausa:
838 997 923 1041 ne
966 973 1215 1041 seilicet
1258 970 1365 1037 vel
1411 971 1817 1038 conniveant
1859 992 1936 1039 ac
1981 991 2216 1055 segnes
2260 970 2396 1035 sint
2441 990 2517 1036 ac

562 1061 883 1141 dissoluti,
927 1059 1035 1126 vel
1079 1056 1278 1124 nimis
1323 1055 1579 1123 fervide
1624 1056 1977 1141 prosiliant
2028 1056 2112 1122 ad
2167 1054 2516 1122 ferendum

562 1148 901 1216 iudicium:
961 1146 1114 1229 quia
1155 1143 1409 1211 scilicet
1453 1150 1533 1208 ut
1575 1163 1916 1227 nunquam
1972 1144 2368 1226 aequitatem
2413 1162 2516 1207 se-

561 1237 844 1320 quimur,
890 1253 1011 1298 nee
1056 1229 1467 1297 decernimus
1511 1227 1682 1311 quod
1728 1240 1983 1296 rectum
2041 1237 2143 1294 est
2196 1229 2267 1293 in
2326 1248 2514 1312 prae-

565 1321 742 1405 cipiti
782 1319 1044 1384 ardore:
1104 1317 1199 1381 ita
1257 1314 1596 1400 negligere
1640 1322 1900 1381 tantum
1958 1314 2245 1398 crimen,
2302 1313 2518 1396 turpis

562 1406 876 1492 segnities
918 1414 1019 1469 est
1060 1423 1137 1469 ae
1178 1400 1493 1485 perfidiae
1544 1400 1780 1467 affinis.
1867 1400 1974 1465 Ita
2019 1411 2153 1466 tam
2200 1399 2518 1466 sedulitas

563 1513 760 1578 quam
805 1489 1167 1556 moderatio
1223 1484 1754 1563 commendatur,
1808 1495 1886 1552 ut
1944 1508 2154 1570 neque
2213 1494 2521 1569 torpeant

565 1578 830 1656 iudices,
874 1595 994 1641 nee
1016 1584 1310 1641 statuant
1334 1572 1671 1656 quidpiam
1705 1572 1836 1638 nisi
1880 1594 1953 1638 re
1975 1573 2142 1639 bene
2164 1580 2516 1655 comperta.

739 1662 842 1729 15.
904 1660 1312 1727 Peractiendo
1351 1658 1683 1742 percuties,
1770 1657 1872 1723 Ne
1929 1679 2124 1742 quem
2181 1658 2522 1741 perturbet

565 1771 815 1835 poenae
858 1747 1202 1822 acerbitas,
1248 1745 1459 1827 primo
1494 1756 1798 1810 notemus
1835 1764 1965 1810 non
2000 1745 2199 1810 fuisse
2235 1743 2520 1810 dandam

566 1834 776 1902 errori
830 1834 1132 1910 veniam,
1192 1831 1347 1915 quia
1404 1829 1663 1896 educati
1719 1831 1790 1895 in
1837 1830 2001 1911 legis
2045 1830 2342 1897 doctrina
2387 1850 2524 1894 non

566 1929 872 2007 poterant
913 1919 1044 1985 uisi
1077 1917 1372 1985 volentes
1415 1915 1657 2000 decipi:
1712 1937 1790 1982 ae
1832 1918 1888 1982 si
1933 1916 2197 1999 pietatis
2239 1916 2521 1992 fastidi0,

569 2007 809 2075 diaboli
869 2007 1269 2089 imposturas
1326 2008 1731 2085 appeterent.
1820 2002 1971 2068 Hae
2025 2004 2280 2068 ratione
2339 2000 2525 2066 Deus

570 2094 745 2178 apud
787 2092 1136 2158 Ieremiam
1176 2088 1266 2175 (2,
1314 2087 1459 2175 10),
1496 2109 1626 2172 quo
1668 2089 1942 2173 gravius
1987 2088 2253 2154 Iudaeis
2296 2088 2525 2154 incon-

569 2180 881 2246 stantiam
925 2177 1297 2260 exprobret,
1341 2196 1454 2241 eos
1491 2172 1754 2257 ablegat
1787 2174 1871 2239 ad
1905 2174 2156 2241 insulas
2189 2184 2259 2238 et
2293 2182 2526 2258 gentes

570 2280 882 2332 remotas:
927 2263 1050 2341 Ite,
1097 2260 1342 2345 inquit,
1389 2270 1458 2325 et
1499 2259 1815 2343 inquirite
1859 2281 1946 2325 an
1990 2282 2155 2345 gens
2198 2258 2335 2325 ulla
2378 2281 2524 2324 mu-

569 2353 813 2419 taverit
853 2350 1009 2416 deos
1051 2370 1224 2427 suos,
1269 2346 1382 2431 qui
1426 2354 1647 2412 tamen
1687 2366 1819 2410 non
1856 2355 2015 2412 sunt
2049 2344 2158 2412 dii.
2226 2344 2527 2429 Populus

572 2447 791 2505 autem
861 2456 1047 2503 meus
1113 2432 1399 2498 mutavit
1463 2431 1738 2517 gloriam
1806 2453 1995 2497 suam
2059 2433 2130 2496 in
2197 2452 2348 2498 eum
2411 2431 2525 2514 qui

572 2523 884 2608 prodesse
928 2519 1171 2604 nequit.
1261 2517 1725 2601 obstupescite
1769 2517 1927 2583 coeli
1971 2539 2170 2602 super
2214 2518 2356 2598 hoe,
2401 2529 2519 2583 etc.

572 2609 817 2676 Merito
860 2606 1038 2675 enim
1084 2603 1458 2689 prodigiosa
1500 2603 1756 2669 censeri
1793 2601 2022 2669 debuit
2055 2604 2313 2683 levitas,
2351 2602 2523 2686 quod

574 2703 806 2780 sponte
884 2692 1261 2759 desererent
1340 2690 1590 2755 fontem
1668 2689 1841 2756 vitae
1861 2740 1878 2768 ,
1948 2711 2026 2756 ae
2101 2698 2524 2774 praepostero

576 2779 893 2848 novitatis
932 2776 1153 2844 studio
1195 2774 1280 2840 ad
1320 2775 1678 2841 vanitatem
1726 2786 2131 2859 raperentur.
2223 2774 2294 2843 Si
2345 2776 2524 2859 quis-

576 2869 753 2954 piam
796 2864 1099 2948 excipiat,
1142 2861 1451 2946 parvulos
1495 2861 1729 2927 saltem
1773 2861 1977 2927 fuisse
2029 2864 2355 2928 insontes:
2423 2881 2526 2926 re-

578 2950 901 3038 spondeo,
968 2950 1119 3033 quia
1165 2948 1293 3014 Dei
1356 2946 1597 3013 iudicio
1662 2947 1926 3013 obnoxii
1991 2957 2149 3013 sunt
2212 2967 2443 3013 omues
2487 2968 2527 3012 a
2644 2976 2651 2983 ·

576 3040 850 3106 minimo
907 3056 1112 3120 usque
1165 3034 1249 3101 ad
1306 3033 1672 3100 maximum
1690 3085 1706 3112 ,
1761 3033 2013 3101 frustra
2068 3053 2189 3101 nos
2243 3055 2392 3101 eum
2451 3053 2527 3098 eo

579 3127 873 3212 litigare,
938 3127 1138 3189 etiam
1205 3122 1261 3187 si
1326 3122 1539 3185 foetus
1605 3120 1780 3203 ipsos
1838 3120 2053 3186 adhue
2118 3120 2404 3186 inclusos
2454 3118 2528 3183 in

580 3211 939 3280 visceribus
975 3217 1263 3274 matrum
1301 3204 1551 3291 perdat.
1610 3205 1835 3288 Quum
1861 3205 2147 3274 Sodoma
2167 3216 2236 3273 et
2268 3207 2531 3273 vicinae

580 3299 778 3365 urbes
842 3295 1187 3382 absorptae
1252 3300 1444 3372 suut,
1508 3314 1643 3358 non
1710 3291 1981 3358 dubium
2053 3304 2153 3358 est
2218 3293 2287 3358 in
2344 3301 2533 3356 tanta

580 3382 1002 3450 multitudine
1037 3378 1241 3447 simul
1275 3378 1546 3462 periisse
1580 3377 1825 3444 multos
1861 3379 2171 3462 parvulos
2200 3387 2268 3444 et
2302 3376 2533 3443 mulie-

581 3491 690 3537 res
732 3467 1067 3555 gravidas:
1114 3466 1269 3549 quia
1311 3464 1420 3531 hic
1463 3484 1702 3530 sensus
1747 3474 1974 3530 noster
2017 3464 2346 3546 reclamat,
2388 3484 2535 3529 coe·

582 3557 749 3622 leste
794 3552 1086 3619 tribunal
1131 3557 1515 3616 reverenter
1572 3550 1789 3633 potius
1846 3551 2177 3634 suscipere
2227 3550 2538 3617 convenit

584 3662 783 3727 quam
825 3640 1072 3705 nostris
1125 3636 1378 3721 legibus
1432 3635 1768 3702 subiicere.
1860 3635 2049 3702 Idem
2093 3653 2160 3701 et
2202 3636 2272 3701 in
2318 3636 2538 3721 Baby-

586 3728 758 3794 lonis
792 3725 1048 3792 excidio
1083 3722 1306 3789 valere
1342 3719 1551 3787 debet.
1619 3721 1794 3787 Nam
1815 3723 2137 3806 propheta
2158 3720 2539 3788 exclamans

584 3815 810 3881 beatos
867 3813 1005 3877 fore
1064 3808 1179 3892 qui
1231 3806 1505 3873 allident
1559 3808 1871 3891 parvulos
1927 3809 2068 3875 eius
2126 3808 2210 3874 ad
2254 3807 2540 3890 lapidem

586 3898 791 3987 (Psal.
838 3897 984 3975 137,
1027 3894 1117 3982 9),
1157 3892 1574 3960 commendat
1615 3901 1790 3959 certe
1833 3894 2076 3960 iustam
2120 3894 2248 3959 Dei
2281 3892 2539 3960 vindic-

589 3998 746 4052 tam.
814 3984 1051 4067 Itaque
1094 3980 1218 4046 hoe
1259 3999 1516 4063 quoque
1557 3978 1718 4057 loeo,
1765 3980 1836 4044 si·
1864 3980 2056 4046 nobis
2099 4001 2230 4045 non
2275 3977 2542 4045 videtur

590 4071 830 4138 rationi
887 4073 1399 4136 consentaneum
1465 4072 1670 4130 totam
1737 4065 2088 4149 impiorum
2155 4065 2445 4132 sobolem
2506 4086 2542 4130 e

587 4157 835 4224 mundo
869 4151 1317 4227 exterminari,
1356 4150 1639 4217 sciamus
1659 4150 1878 4216 Deum
1913 4150 2060 4216 iure
2093 4171 2214 4218 suo
2248 4150 2543 4218 fraudari

591 4242 904 4328 quamdiu
948 4238 1212 4323 proprio
1281 4257 1479 4302 sensu
1532 4237 1847 4302 metimur
1889 4237 2284 4303 immensam
2353 4236 2542 4303 illam

592 4327 1044 4407 altitudinem,
1121 4342 1320 4408 quam
1399 4321 1622 4406 angeli
1697 4322 1825 4405 ipsi
1882 4342 2030 4390 cum
2110 4322 2543 4390 admiratione

593 4414 887 4480 adorant.
954 4410 1347 4493 Quanquam
1392 4406 1752 4473 tenendum
1795 4416 1898 4475 est
1937 4410 2156 4475 Deum
2199 4429 2544 4493 nunquam

592 4499 797 4566 fuisse
838 4516 1186 4582 passurum
1230 4495 1400 4561 ullos
1443 4493 1735 4560 infantes
1777 4494 2000 4575 occidi,
2044 4496 2176 4561 nisi
2210 4516 2372 4581 quos
2408 4496 2542 4561 iam

594 4585 1007 4669 reprobasset
1048 4602 1125 4648 ae
1169 4580 1564 4647 destinasset
1606 4590 1914 4647 aeternae
1957 4581 2173 4647 morti.
2253 4580 2451 4663 Quod
2486 4580 2544 4646 si

596 4673 740 4738 Deo
803 4669 1247 4755 permittimus
1309 4688 1425 4750 spe
1490 4666 1724 4733 salutis
1786 4668 2051 4751 privare
2105 4688 2269 4752 quos
2325 4667 2542 4733 visum

594 4765 716 4838 est,
750 4777 868 4823 eur
902 4777 975 4820 re
1021 4752 1419 4820 rehendetur
1452 4752 1832 4838 temporalis
1866 4774 2096 4838 poena,
2130 4775 2298 4838 quae
2331 4753 2545 4818 multo

599 4843 810 4911 levior
866 4851 967 4908 est
1079 4838 1258 4921 Quin
1317 4838 1538 4922 potius
1596 4859 1679 4905 ex
1724 4839 2080 4907 severitate
2133 4838 2333 4905 huius
2376 4839 2545 4924 legis

599 4930 926 4997 discamus
989 4945 1187 5010 quam
1246 4923 1626 4992 detestabile
1688 4925 1776 4992 sit
1838 4928 2121 5006 crimen,
2198 4924 2401 4992 falsos
2481 4938 2548 4990 et

597 5014 1005 5083 adulterinos
1039 5012 1258 5079 cultus
1291 5012 1570 5095 erigere:
1608 5011 1782 5095 quod
1817 5033 1954 5078 non
1986 5011 2300 5096 parvulos
2330 5010 2546 5092 modo,

597 5102 712 5187 qui
756 5099 1051 5166 nondum
1093 5118 1212 5181 per
1256 5108 1537 5162 aetatem
1580 5097 1823 5164 conscii
1869 5107 2044 5177 sunt,
2091 5095 2207 5164 sed
2250 5099 2549 5164 iumenta

599 5197 666 5254 et
717 5182 1029 5272 pecudes,
1093 5189 1267 5250 tecta
1330 5203 1585 5266 quoque
1647 5191 1714 5249 et
1776 5185 2060 5267 parietes
2120 5184 2545 5251 contaminat.

603 5272 919 5358 Sequitur
961 5270 1133 5336 enim
1179 5269 1491 5334 continno
1534 5276 1722 5353 post:

775 5359 875 5425 16.
914 5359 1120 5439 Atque
1150 5355 1362 5421 omnia
1380 5354 1583 5437 spolia
1605 5355 1742 5422 eius
1761 5353 2175 5441 conqreyabis.
2221 5354 2546 5422 Iubentur

2026 436 2403 505 PRIMUM
2447 436 3098 504 PRAEGEPTUM.

4427 439 4539 507 364

2612 623 3082 707 supellectilem
3128 644 3410 704 omnem,
3457 633 3524 691 et
3556 622 3872 708 quidquid
3911 625 3981 690 in
4024 623 4187 691 urbe
4231 635 4541 710 repertum

2611 710 2829 790 fuerit,
2860 710 3276 777 comburere:
3315 721 3383 777 et
3405 710 3575 776 ratio
3593 709 3880 786 additur,
3903 712 4055 795 quia
4078 712 4166 778 sit
4193 713 4539 782 anathema.

2617 794 2692 863 Si
2734 817 2865 880 qua
2905 795 3067 862 urbs
3111 797 3177 863 vi
3222 806 3416 880 capta
3456 796 3715 872 fuisset,
3759 797 3829 861 in
3875 796 4183 880 praedam
4229 821 4542 868 cessurum

2614 889 2758 948 erat
2801 880 3114 967 quidquid
3141 883 3322 948 Deus
3364 883 3472 950 hie
3515 882 3662 948 vult
3702 881 4004 948 incendio
4047 891 4369 951 consumi:
4411 889 4544 970 quia

2569 1012 2577 1035 ι
2613 968 2753 1034 solo
2789 976 2965 1034 tactu
3004 967 3230 1034 Iudaei
3267 990 3337 1035 se
3371 969 3757 1053 polluerent.
3825 969 4010 1034 Fieri
4045 969 4308 1053 quidem
4353 983 4547 1054 potest

2616 1061 2694 1120 ut
2738 1053 2869 1119 Dei
2908 1054 3255 1121 consilium
3299 1055 3497 1121 fuerit
3554 1055 3722 1121 lucri
3782 1055 4127 1139 cupiditati
4191 1077 4542 1125 occurrere:

2618 1162 2702 1207 ne
2761 1139 2989 1206 Iudaei
3046 1162 3196 1206 cum
3256 1141 3394 1207 zelo
3457 1141 3723 1225 rapinas
3787 1163 3941 1207 suas
4004 1142 4382 1214 miscerent:
4442 1142 4547 1211 sed

2617 1227 2969 1310 praecipua
3032 1226 3156 1292 fuit
3213 1228 3382 1292 ratio
3446 1249 3616 1311 quae
3672 1227 4066 1311 exprimitur
4120 1248 4159 1293 a
4220 1229 4432 1307 Mose,
4487 1240 4550 1297 ut

2618 1312 2899 1395 populus
2944 1313 3156 1397 magis
3199 1314 3583 1379 assuefieret
3619 1312 3701 1378 ad
3737 1314 4235 1380 detestationem
4275 1315 4551 1383 criminis

2618 1397 2790 1482 quod
2837 1397 3096 1463 videbat
3141 1397 3362 1465 Deum
3406 1410 3542 1465 tam
3585 1400 3891 1465 atrociter
3926 1399 4172 1466 ulcisci.
4218 1412 4361 1468 ΒἾΠ
4395 1401 4553 1485 quod

2621 1483 2976 1550 anathema
3019 1484 3261 1551 Graeci
3307 1494 3668 1563 verterunt,
3717 1485 3980 1569 proprie
4023 1486 4416 1554 occisionem
4461 1488 4552 1553 vel

2619 1570 3040 1636 abolitionem
3097 1571 3451 1654 significat:
3498 1571 3612 1637 sed
3658 1583 3800 1640 ΠἻΠ
3859 1570 4101 1638 dieitur
4152 1593 4295 1638 esse
4351 1595 4556 1641 coram

2622 1656 2765 1721 Deo
2794 1656 2977 1741 ‘quod
3037 1656 3180 1722 vult
3236 1659 3304 1722 in
3364 1656 3646 1724 nihilum
3699 1655 3947 1741 redigi,
4004 1659 4160 1742 quia
4215 1660 4358 1725 eius
4414 1681 4559 1727 eon·

2622 1752 2921 1827 spectum
2964 1743 3137 1808 ferre
3194 1745 3438 1828 nequit.
3527 1743 3688 1809 Ideo
3744 1743 3856 1810 hic
3914 1741 4189 1823 dieitur,
4234 1743 4560 1812 combures

2620 1828 2908 1894 Iehovae
2953 1829 3096 1895 Deo
3141 1837 3271 1895 tuo.
3361 1830 3535 1896 Nam
3577 1828 3750 1913 quod
3793 1829 3908 1894 alii
3951 1829 4239 1896 reddunt
4288 1831 4561 1915 Propter

2624 1913 2994 1996 dominum,
3040 1913 3234 1998 paulo
3278 1918 3598 1983 remotius
3642 1923 3761 1981 est.
3851 1914 4129 1982 Summa
4170 1916 4301 1984 hue
4343 1917 4559 1995 tendit,

2626 2000 2685 2067 si
2739 2020 2780 2065 a
2835 2001 2964 2065 Dei
3024 2000 3317 2068 vindicta
3373 2002 3497 2068 sibi
3564 2011 3858 2067 metuant
3878 2053 3894 2080 ,
3961 2022 4243 2085 eumque
4307 2005 4563 2086 cupiant

2626 2085 2869 2152 habere
2912 2087 3285 2170 propitium,
3320 2088 3391 2154 in
3435 2089 3883 2155 exsecratione
3927 2087 4216 2154 habeant
4251 2087 4475 2155 domos
4506 2098 4567 2155 et

2625 2191 2791 2238 vasa
2846 2193 3072 2239 eorum
3129 2174 3242 2256 qui
3300 2173 3698 2241 desciverint
3738 2194 3780 2238 a
3820 2172 3983 2258 lege.
4073 2174 4280 2240 Porro
4328 2176 4565 2241 miseri·

2626 2257 2884 2325 cordiae
2929 2268 2996 2324 et
3036 2259 3389 2326 miserendi
3435 2262 3704 2328 vocibus
3749 2260 3984 2337 innuit,
4029 2260 4087 2324 si
4132 2282 4393 2326 summo
4436 2261 4566 2326 iure

2626 2353 2853 2429 ageret
2893 2343 3109 2423 Deus,
3164 2346 3374 2414 scelus
3433 2349 3631 2413 unius
3692 2346 3873 2412 urbis
3930 2345 4233 2412 sufficere
4291 2345 4378 2412 ad
4436 2369 4567 2431 per-

2628 2428 2908 2495 dendam
2955 2438 3160 2496 totam
3195 2432 3549 2517 regionem.
3609 2429 3805 2501 Unde
3847 2432 4174 2516 colligitur
4217 2433 4401 2518 exigi
4433 2453 4567 2517 spe-

2625 2515 2795 2582 ciem
2839 2515 3239 2600 expiationis
3282 2517 3367 2584 ad
3390 2520 3610 2585 Deum
3654 2518 4067 2604 placandum,
4111 2518 4227 2584 ubi
4268 2519 4572 2585 iubentur

2628 2599 2861 2667 urbem
2939 2602 3234 2669 funditus
3314 2604 3647 2684 excidere,
3712 2612 3780 2672 et
3842 2605 3913 2670 in
3970 2606 4193 2691 ignem
4259 2606 4570 2673 coniicere

2629 2707 2860 2754 omnes
2903 2688 3229 2772 reliquias.

3224 3033 3358 3101 EX
3400 3033 3703 3102 EXODI
3746 3032 3982 3102 XXII.

2809 3206 2890 3272 18
2917 3205 2985 3293 ¹).
3034 3204 3391 3289 Maleficum
3431 3227 3561 3273 non
3582 3208 3862 3289 patieris
3902 3208 4118 3274 vivere.

3271 3548 3402 3615 EX
3444 3548 3752 3616 LEVI'P.
3796 3549 3956 3616 XX.

2814 3723 2874 3788 6.
2925 3722 3165 3788 Anima
3206 3742 3367 3805 quae
3406 3722 3754 3804 respexerit
3794 3723 3882 3789 ad
3913 3721 4221 3822 Pythonos
4259 3721 4579 3800 etariolos,

2639 3807 2728 3875 ad
2764 3807 3209 3890 fornicandum
3238 3813 3386 3890 post
3426 3828 3546 3886 eos,
3580 3828 3823 3890 ponam
3860 3809 4092 3892 factem
4133 3830 4343 3874 meam
4382 3814 4582 3876 centra

2642 3894 2931 3960 animam
2970 3892 3170 3975 mam,
3213 3900 3273 3960 et
3313 3893 3731 3961 extenninabo
3773 3915 3808 3961 e
3847 3894 4052 3961 medio
4079 3895 4320 3978 populi
4359 3897 4484 3963 eui.

3162 4232 3293 4299 EX
3336 4231 3672 4299 EODEM
3713 4231 4072 4299 OAPI'I'E.

2817 4404 2922 4505 27.
2983 4404 3101 4471 Vir
3139 4404 3274 4506 aive
3314 4404 3547 4471 mulier
3586 4404 3661 4503 {n
3706 4403 3936 4486 quibus
3975 4403 4459 4558 fueritPgbou,
4501 4403 4585 4471 vd

3074 4496 3379 4573 spurcus,
3444 4491 3766 4556 ”tenende
3835 4496 4164 4557 monetur.-
4312 4489 4584 4575 podando

2644 4577 2711 4644 la
2769 4578 2783 4592 '
3058 4597 3190 4644 eos.-
3230 4577 3501 4663 sanquis
3537 4596 3750 4643 eorum
3791 4596 3984 4660 saper
4024 4597 4142 4645 eos.

3259 4920 3393 4988 EX
3434 4920 3787 4990 NUMER.
3833 4920 3991 4988 XV.

2818 5091 4581 5176 30.Anmquaefmttinmmemzm,m

2643 5178 2805 5247 oanis
2846 5198 3040 5263 quam
3070 5179 3466 5264 parmas,
3507 5184 3578 5245 ut
3598 5178 3895 5246 zamam
3935 5179 4305 5247 commata
4330 5177 4576 5263 afficiat,

2823 5367 2883 5435 1)
2916 5366 3081 5422 Hebr.
3118 5365 3201 5421 ιτ.
