4867 6150
576 422 701 485 111

568 611 641 675 in
682 614 809 677 tota
848 614 1035 675 terra.
1129 609 1228 676 15.
1276 609 1466 676 Nunc
1498 609 1664 675 enim
1706 607 1952 673 extendi
1992 624 2253 671 manum
2293 626 2514 682 meam,

569 700 640 761 ut
669 696 1024 777 percutiam
1067 700 1124 761 tc
1166 701 1223 762 ct
1251 696 1565 779 populum
1605 699 1784 759 tuum
1819 697 2009 774 peste,
2054 696 2111 755 et
2143 692 2452 757 excideris
2486 711 2518 756 e

565 786 752 847 terra.
858 781 957 846 16.
1020 780 1105 845 Et
1160 787 1314 848 certe
1366 781 1502 847 ideo
1565 780 1850 847 constitui
1916 783 1973 843 tc
2037 782 2107 842 ut
2147 778 2519 843 ostenderem

567 866 682 932 tibi
714 868 1055 950 potentiam
1097 888 1331 947 meam,
1389 873 1444 932 et
1485 871 1556 932 ut
1597 869 1885 931 enarrent
1926 884 2143 928 nomen
2188 884 2391 929 mcum
2448 864 2517 927 in

567 954 867 1018 universa
908 957 1095 1018 terra.
1189 953 1289 1017 17.
1341 953 1442 1017 Tu
1481 952 1684 1017 adhuc
1725 956 1782 1016 tc
1824 949 2063 1016 extollis
2106 951 2175 1014 in
2207 948 2518 1032 populum

568 1059 776 1104 meam
791 1091 807 1118 ,
872 1045 943 1104 ut
997 1059 1121 1105 non
1176 1038 1460 1104 dimittas
1514 1058 1614 1104 eos
1631 1038 1667 1102 i?
1771 1036 1871 1103 18.
1919 1034 2095 1114 Ecce,
2151 1055 2256 1119 eqo
2287 1035 2519 1116 pluam

568 1124 679 1190 hoc
738 1128 1004 1207 tempore
1056 1144 1201 1189 cras
1256 1124 1631 1208 qrandinem
1689 1123 2173 1207 yravissimam,
2237 1122 2342 1186 cui
2394 1140 2519 1185 non

567 1209 697 1292 fnit
750 1210 984 1276 similis
1038 1211 1108 1274 in
1163 1209 1438 1293 Aeyypto
1491 1210 1569 1275 ab
1622 1229 1687 1274 eo
1743 1208 1845 1274 die
1900 1227 2021 1290 qno
2068 1208 2341 1288 fundata
2391 1206 2520 1290 fait

569 1296 897 1379 hucusque.
989 1295 1089 1360 19.
1142 1295 1328 1361 Nunc
1368 1295 1569 1380 ὁρίων
1609 1295 1794 1375 mitte,
1838 1293 2048 1376 colliye
2077 1313 2276 1375 pecus
2317 1298 2517 1377 tuam,

570 1387 629 1448 et
669 1381 976 1464 quidquid
1016 1381 1130 1447 tibi
1172 1386 1264 1446 cst
1306 1382 1376 1446 in
1435 1402 1602 1465 ayro.
1701 1380 1924 1445 Omnes
1979 1378 2255 1444 homines
2309 1383 2362 1442 et
2420 1380 2519 1443 iu-

570 1472 841 1533 mentum
893 1468 1004 1549 qui
1057 1468 1291 1532 inventi
1340 1467 1582 1550 fuerint
1637 1467 1706 1532 in
1766 1486 1942 1549 ayro,
2010 1469 2065 1529 et
2127 1483 2248 1528 non
2290 1462 2518 1530 collecti

565 1555 801 1637 fuerint
842 1554 1022 1619 intra
1063 1553 1330 1632 domum
1374 1553 1689 1619 descendet
1730 1572 1919 1633 super
1975 1571 2076 1616 eos
2127 1550 2403 1633 =orando,
2463 1554 2518 1615 et

568 1640 925 1705 morientur.
1015 1640 1118 1704 20.
1173 1639 1297 1721 Qui
1344 1639 1553 1704 timuit
1605 1639 1691 1703 ad
1732 1657 2068 1704 sermonem
2128 1634 2388 1702 Iehovae
2443 1655 2518 1699 ex

566 1726 766 1794 servis
817 1723 1176 1790 Pharaonis
1189 1775 1205 1804 ,
1272 1724 1597 1808 confuyere
1653 1724 1842 1789 iussit
1883 1742 2091 1789 servos
2131 1742 2278 1787 suos
2321 1727 2376 1787 et
2405 1741 2520 1804 pe-

567 1832 713 1879 cora
756 1832 875 1876 sua
916 1811 1183 1876 domum
1256 1810 1359 1876 21.
1414 1811 1535 1892 Qui
1576 1830 1720 1875 vero
1762 1829 1886 1874 non
1929 1809 2154 1874 adiecit
2197 1828 2298 1873 cor
2330 1827 2520 1873 suum

570 1897 657 1963 ad
697 1896 948 1962 verbum
995 1897 1274 1975 Iehovae,
1316 1896 1570 1978 reliquit
1610 1917 1818 1962 servos
1859 1914 2007 1960 suos
2048 1899 2104 1958 et
2134 1914 2363 1975 pecora
2396 1914 2519 1959 sua

570 1985 643 2048 in
685 2003 855 2067 ayro,
945 1983 1046 2047 22.
1101 1982 1278 2047 Tunc
1319 1983 1487 2048 dixit
1512 1981 1745 2047 Iehova
1787 1982 1872 2047 ad
1910 1980 2167 2045 Mosen:
2234 1977 2519 2045 Extende

570 2088 827 2134 manum
881 2073 1055 2134 tuam
1108 2087 1330 2134 versus
1370 2067 1599 2133 coelum
1617 2118 1632 2146 ,
1689 2073 1745 2133 et
1796 2068 1916 2132 erit
1962 2066 2207 2150 orando
2263 2066 2334 2129 in
2392 2070 2520 2133 tota

572 2160 743 2221 terra
800 2155 1106 2238 Aeyypti,
1164 2174 1354 2234 super
1398 2153 1691 2253 homines·
1732 2158 1809 2252 et·
1847 2173 2037 2235 super
2094 2154 2395 2228 iumenta,
2463 2157 2519 2251 et

570 2238 1461 2409 {Zifffflmiff'ss‘mohffissts‘
1499 2260 1746 2409 mi-{Zm
1778 2237 2516 2399 {Zam‘etaemtityett

571 2418 627 2479 et
678 2412 849 2479 dedit
900 2411 1130 2477 Iehova
1194 2412 1465 2476 tonitrua
1525 2414 1581 2475 et
1639 2410 2041 2493 yrandinem:
2098 2410 2521 2490 discut-vitque

570 2498 743 2583 ionis
783 2519 905 2580 per
966 2503 1227 2573 terram,
1296 2501 1351 2561 et
1396 2497 1570 2578 pluit
1624 2496 1853 2562 Iehova
1901 2495 2272 2579 yrandinem
2327 2515 2520 2576 super

566 2589 807 2650 terram
825 2584 1112 2667 Aeyypti.
1171 2583 1272 2647 24.
1299 2581 1383 2647 Et
1405 2581 1533 2664 fuit
1548 2583 1792 2665 yrando
1810 2587 1991 2664 atque
2013 2582 2186 2661 ionis
2205 2581 2518 2665 yrandine

572 2669 917 2753 implicitus
954 2668 1175 2752 yravis
1215 2668 1396 2734 valde
1409 2693 1428 2732 .·
1471 2669 1574 2733 cui
1617 2669 1855 2734 similis
1895 2667 2071 2732 nulla
2111 2667 2240 2744 fuit
2280 2668 2351 2732 in
2392 2670 2520 2731 tota

573 2762 744 2822 terra
777 2755 1066 2838 Aegypti,
1104 2775 1182 2820 ex
1216 2774 1336 2837 quo
1365 2754 1495 2837 fnit
1536 2756 1608 2819 in
1622 2759 1874 2837 yentem.
1941 2752 2043 2820 25.
2090 2752 2182 2818 Et
2208 2752 2522 2836 percussit

565 2841 811 2926 yrando
868 2842 938 2906 in
994 2845 1120 2906 tota
1174 2845 1345 2906 terra
1397 2840 1666 2924 Aeqypti
1720 2840 2029 2922 quidquid
2067 2840 2194 2921 fuit
2235 2840 2305 2903 in
2349 2859 2519 2923 aym,

572 2927 654 2994 ab
695 2927 937 2992 homine
977 2946 1176 3009 usque
1218 2927 1304 2993 ad
1358 2927 1716 2991 iumentum.
1806 2925 1895 2989 Et
1926 2925 2240 3006 percussit
2276 2924 2522 3009 orando

572 3019 852 3081 cunctam
894 3011 1147 3079 herbam
1190 3012 1363 3098 ayri,
1430 3016 1613 3095 atque
1654 3031 1860 3078 omnes
1899 3012 2148 3078 arbores
2189 3011 2333 3096 ayri
2387 3031 2523 3077 con·

569 3100 776 3186 freqit.
876 3100 980 3165 26.
1046 3099 1319 3164 Tantum
1361 3099 1433 3165 in
1487 3104 1658 3164 terra
1707 3099 1914 3165 Gosen
1925 3148 1942 3179 ‚
2001 3097 2112 3164 ubi
2166 3101 2343 3164 crant
2394 3096 2524 3179 filii

575 3186 804 3265 Israel,
849 3207 974 3251 non
1011 3184 1141 3267 fnit
1176 3185 1436 3269 gyrando.

750 3357 849 3422 13.
896 3356 985 3421 Et
1026 3357 1119 3421 ait
1163 3354 1390 3421 Iehova
1432 3356 1517 3421 ad
1557 3355 1805 3422 Mosen.-
1851 3353 2069 3439 Snrye.
2138 3355 2522 3421 Revertitur

574 3443 791 3510 adhuc
837 3440 1021 3507 Deus
1066 3442 1149 3507 ad
1195 3443 1439 3521 minas,
1502 3451 1575 3506 ut
1621 3442 1802 3526 impii
1850 3442 2024 3526 regis
2071 3442 2362 3506 animum
2409 3464 2522 3507 ex-

573 3530 816 3615 ploret:
863 3549 995 3593 non
1042 3527 1212 3611 quod
1257 3549 1407 3611 spes
1457 3528 1544 3593 sit
1586 3527 1808 3609 aliqua
1850 3528 2181 3611 sanitatis,
2240 3526 2353 3593 sed
2397 3547 2528 3611 quo

575 3617 782 3700 magis
820 3636 895 3680 ac
932 3615 1142 3698 magis
1178 3621 1510 3698 retegatur
1532 3612 1790 3697 perdita
1826 3613 1965 3680 eius
2000 3610 2369 3680 obstinatio.
2415 3611 2524 3679 Ad

575 3701 950 3783 exemplum
1012 3700 1188 3764 enim
1255 3700 1602 3783 pertinuit,
1677 3698 1897 3783 palam
1961 3700 2262 3783 cognosci
2327 3720 2524 3783 quam

573 3787 818 3853 furiose
862 3796 1058 3852 ruant
1101 3788 1172 3850 in
1208 3807 1400 3851 suum
1439 3786 1711 3852 exitium
1751 3786 1862 3869 qui
1896 3786 1966 3852 in
2003 3807 2270 3851 sensum
2302 3807 2524 3869 repro·

577 3872 733 3938 bum
777 3872 1050 3938 coniecti
1095 3879 1284 3950 sunt,
1345 3881 1410 3936 et
1469 3873 1808 3956 agitantur
1865 3871 2101 3955 spiritu
2158 3872 2524 3957 vertiginis.

574 3956 968 4026 Incredibile
1033 3967 1210 4022 certe
1276 3964 1480 4035 esset,
1562 3956 1768 4022 ullum
1829 3979 2120 4040 unquam
2190 3958 2525 4023 hominem

574 4055 714 4110 tam
760 4043 1097 4129 praecipiti
1150 4043 1436 4109 amentia
1502 4050 1814 4127 tantaque
1858 4044 2291 4109 obstinatione
2336 4048 2523 4109 resti-

575 4133 735 4197 tisse
778 4130 954 4209 Dee,
1019 4129 1151 4196 nisi
1195 4129 1357 4194 haec
1401 4129 1589 4195 nobis
1633 4131 1962 4212 proposita
2005 4130 2232 4195 fuisset
2284 4130 2522 4214 imago.

577 4216 851 4298 Quoties
907 4216 1126 4282 iussus
1179 4216 1307 4280 fuit
1364 4215 1627 4284 Pharao
1686 4215 1996 4298 populum
2053 4215 2399 4293 dimittere,
2459 4224 2526 4282 et

577 4301 858 4386 singulis
905 4302 1154 4367 vicibus
1191 4301 1414 4367 addita
1454 4302 1578 4367 fuit
1621 4302 1874 4367 sanctio
1918 4301 2209 4384 imperii:
2274 4314 2350 4367 ut
2393 4325 2524 4368 non

579 4389 799 4452 minus
836 4396 1097 4452 tonaret
1132 4409 1167 4451 e
1204 4388 1379 4453 coelo
1404 4389 1586 4453 Deus
1622 4407 1819 4470 quam
1858 4407 1895 4451 0
1932 4397 2107 4452 terra
2140 4387 2526 4471 loquebatur

579 4495 696 4557 per
739 4494 811 4538 os
853 4472 1029 4538 servi
1074 4474 1178 4538 sui
1222 4483 1287 4538 et
1331 4472 1713 4556 praeconis?
1760 4495 1970 4556 neque
2014 4483 2236 4539 tamen
2282 4474 2364 4539 ad
2409 4495 2523 4559 pa-

579 4558 859 4624 rendum
903 4557 1211 4624 subactus
1251 4558 1377 4624 fuit
1433 4559 1696 4643 tyranni
1740 4561 2033 4625 animus:
2094 4580 2332 4642 nempe
2375 4563 2527 4644 quia

579 4653 801 4710 mente
866 4643 1110 4710 alienat
1170 4643 1378 4711 Satan
1444 4667 1608 4729 quos
1666 4646 1791 4710 Dei
1849 4646 2172 4731 permissu
2231 4644 2526 4713 addictos

578 4731 703 4797 sibi
749 4738 815 4795 et
857 4729 1259 4814 mancipatos
1304 4739 1502 4796 tenet.
1591 4732 1855 4797 Interea
1900 4734 2106 4816 magis
2142 4730 2526 4798 horribilem

576 4816 704 4883 sibi
763 4815 1121 4881 vindictam
1177 4816 1590 4884 accumulant
1644 4820 1845 4901 impio
1895 4818 2326 4884 monitionum
2372 4841 2523 4885 con-

580 4911 854 4985 temptu.

757 4987 858 5052 14.
912 4986 1222 5068 Quoniam
1264 4987 1381 5054 hac
1420 4989 1566 5053 vice.
1656 4987 1902 5056 Subest
1961 4989 2156 5054 tacita
2218 4989 2526 5070 conditi0,

582 5073 713 5141 nisi
732 5074 880 5140 Deo
924 5093 1172 5137 morem
1194 5075 1489 5158 gesserit.
1554 5072 1896 5158 Significat
1939 5084 2178 5156 autem,
2220 5075 2525 5159 quamvis

581 5160 903 5227 hactenus
969 5160 1389 5243 castigaverit
1464 5160 1606 5227 eius
1686 5162 2088 5245 superbiam,
2168 5161 2524 5228 clementer

580 5255 803 5312 tamen
870 5255 938 5311 et
1001 5244 1296 5322 adhibita
1370 5246 1815 5312 moderatione
1890 5247 1958 5311 id
2036 5269 2177 5314 0880
2245 5248 2520 5317 factum:

584 5355 760 5398 nunc
804 5352 960 5399 vero
1005 5331 1264 5398 duriore
1306 5332 1566 5418 flagello
1611 5353 1881 5398 usurum
1927 5354 2087 5413 0880,
2153 5335 2304 5417 quia
2346 5336 2520 5401 feru-

1758 415 2503 494 COMMENTARIUS
2546 415 2647 482 IN
2690 415 2996 487 EXODI
3035 417 3235 486 OAP.
3278 410 3404 484 IX.

4441 416 4550 482 112

2618 604 2720 671 lae
2766 605 2931 671 nihil
2977 607 3360 691 profuerint.
3452 604 3565 672 Sic
3608 606 3983 691 coarguitur
4025 606 4166 672 eius
4210 604 4550 690 iugratitu-

2618 691 2718 769 do,
2765 690 2933 774 quod
2993 713 3125 757 non
3173 691 3518 776 agnoverit
3579 691 3727 757 ideo
3773 693 3897 757 sibi
3942 694 4120 774 parci
4182 699 4253 756 ut
4309 692 4546 759 levibus

2618 784 2876 843 tantum
2937 777 3195 843 damnis
3253 778 3634 861 perfunctus
3692 776 3773 842 ad
3832 798 4059 844 sanam
4122 788 4402 843 mentem
4456 800 4552 843 re-

2621 863 2807 928 diret.
2889 865 3069 948 Ergo
3115 864 3271 947 quia
3313 862 3558 930 sensim
3604 883 3987 947 progressus
4022 865 4236 930 fuerat
4262 861 4443 929 Deus
4476 863 4553 929 ad

2619 970 2882 1031 poenas,
2929 972 3106 1016 nunc
3152 950 3444 1016 minatur
3488 971 3557 1015 se
3604 971 3732 1015 uno
3787 950 4038 1034 impetu
4085 948 4323 1015 multas
4367 950 4552 1015 simul

2618 1035 3052 1101 inflicturum:
3101 1036 3292 1101 sicuti
3335 1056 3529 1120 agere
3573 1034 3737 1101 solet
3780 1055 3928 1102 cum
3966 1036 4370 1119 praefractis.
4416 1035 4557 1117 Qua

2618 1122 2816 1185 etiam
2859 1122 3114 1186 ratione
3170 1143 3287 1188 nos
3341 1122 3642 1187 hortatur
3688 1121 3905 1187 David
3950 1121 4153 1209 (Psal.
4202 1122 4305 1199 32,
4350 1119 4436 1207 9).
4481 1143 4554 1189 ne

2618 1207 2825 1272 simus
2878 1208 3063 1290 equis
3116 1214 3182 1272 et
3241 1209 3438 1272 mulis
3495 1208 3740 1274 similes
3800 1209 3905 1290 qui
3953 1208 4034 1274 ob
4088 1209 4553 1274 contumaciam

2617 1314 2802 1358 camo
2867 1304 2932 1357 et
2999 1294 3220 1358 fraeno
3276 1293 3681 1360 cohibentur.
3770 1293 3966 1360 Unde
4023 1294 4270 1378 colligit
4328 1293 4556 1361 multos

2619 1377 2872 1444 dolores
2918 1380 3166 1444 instare
3209 1379 3427 1462 impiis
3491 1387 3558 1444 et
3602 1379 3973 1446 rebellibus.
4061 1380 4304 1464 Plagae
4349 1390 4556 1444 autem
4643 1435 4647 1439 .

2617 1463 2758 1529 fore
2803 1463 3190 1543 denunciat,
3260 1485 3389 1529 non
3438 1484 3603 1548 quae
3646 1474 3841 1548 caput
3885 1476 4146 1531 tantum
4192 1475 4257 1531 et
4299 1465 4557 1531 brachia

2619 1549 2946 1634 affligant:
3014 1550 3127 1615 sed
3171 1571 3339 1633 quae
3384 1560 3727 1635 penetrent
3771 1573 3977 1634 usq-ue
4033 1550 4115 1616 ad
4159 1572 4267 1617 cor
4327 1552 4556 1634 ipsum,

2618 1636 2723 1701 vel
2783 1635 2974 1701 letale
3037 1636 3277 1702 vulnus
3338 1637 3700 1704 visceribus
3766 1637 4089 1721 infligant.
4222 1635 4558 1722 Stupidior

2619 1722 2793 1786 enim
2854 1732 2996 1788 erat
3054 1722 3313 1788 Pharao
3370 1743 3567 1805 quam
3626 1734 3701 1788 ut
3766 1724 4097 1790 sufficeret
4162 1723 4372 1787 latera
4427 1722 4557 1789 eius

2620 1808 2917 1873 tundere.
3008 1808 3088 1873 In
3144 1829 3435 1883 summa,
3493 1809 3619 1874 nisi
3680 1808 3842 1876 velit
3885 1831 4033 1876 eum
4070 1810 4376 1876 omnibus
4433 1809 4557 1874 suis

2620 1894 2850 1976 perire,
2875 1893 3175 1960 horribili
3199 1895 3369 1976 quod
3405 1893 3741 1978 impendet
3777 1894 4015 1961 iudicio
4053 1907 4310 1960 mature
4339 1915 4556 1960 occur—

2622 2001 2764 2045 rere
2803 1980 3084 2045 iubetur.
3176 1978 3317 2046 Sub
3363 1983 3623 2046 nomine
3668 1982 3956 2047 omnium
4004 1980 4346 2065 plagarum
4393 2001 4559 2046 eom·

2620 2065 2929 2148 plectitur
2966 2065 3278 2149 quidquid
3316 2075 3539 2150 postea
3573 2066 4019 2150 castigationis
4042 2066 4341 2132 additum
4368 2065 4559 2133 fuisse

2618 2150 3013 2217 videbimus:
3075 2159 3140 2217 et
3197 2150 3343 2217 ideo
3401 2172 3641 2217 nomen
3686 2167 3816 2221 ἿΖΠ
3878 2173 4104 2218 omnes
4144 2152 4385 2218 excidii
4420 2173 4560 2236 spe·

2617 2239 2750 2302 cies
2795 2236 3121 2321 designat:
3181 2238 3367 2322 quasi
3403 2237 3649 2307 diceret
3677 2260 3749 2303 se
3786 2259 4026 2321 poenas
4064 2239 4227 2305 alias
4263 2240 4410 2305 aliis
4453 2237 4559 2303 ad·

2620 2322 2945 2401 diturum,
3015 2323 3221 2388 donec
3280 2335 3635 2410 tyrannum
3704 2324 4154 2409 profligaverit
4216 2346 4368 2391 cum
4435 2332 4560 2390 tota

2619 2416 2834 2494 gente.
2897 2407 3091 2490 Quod
3130 2419 3349 2493 postea
3385 2409 3585 2489 addit,
3625 2418 3700 2474 ut
3734 2414 3900 2478 scias
3940 2432 4065 2476 non
4104 2431 4247 2477 0880
4282 2410 4558 2475 similem

2623 2496 2771 2571 mei,
2836 2495 3204 2562 subindicat
3256 2496 3673 2562 Pharaonem
3728 2496 4042 2563 hactenus
4097 2496 4299 2563 fuisse
4361 2496 4564 2563 reluc-

2622 2588 2866 2657 tatum,
2925 2580 3097 2664 quod
3166 2581 3302 2647 vim
3368 2582 3665 2648 coelestis
3734 2583 4062 2665 potentiae
4128 2584 4298 2648 serio
4368 2583 4562 2649 animi

2624 2687 2819 2731 sensu
2900 2687 3034 2731 non
3114 2666 3665 2750 apprehenderet:
3733 2671 3888 2751 quia
3952 2669 4095 2734 fieri
4162 2689 4293 2733 non
4363 2675 4565 2752 potest

2625 2753 2784 2835 quin
2844 2753 2956 2819 ubi
3009 2755 3293 2818 sentitur
3350 2774 3612 2819 omnem
3670 2755 3979 2820 ferociam
4039 2776 4258 2821 coram
4303 2776 4379 2821 80
4425 2775 4564 2837 pro·

2626 2847 2897 2904 sternat.
2969 2839 3107 2905 Nec
3148 2839 3422 2905 dubium
3467 2849 3585 2918 est,
3632 2839 3959 2923 reprobos,
4003 2842 4305 2924 quamvis
4353 2840 4566 2924 aliqua

2627 2946 2709 2991 ex
2769 2933 2957 3008 parte
3024 2934 3384 3009 agnoscant
3449 2925 3575 2991 Dei
3644 2928 3952 2992 virtutem
3974 2977 3989 3005 ,
4061 2936 4286 3010 postea
4352 2935 4565 2992 tamen

2625 3009 3006 3095 phrenetico
3071 3013 3320 3095 impetu
3381 3033 3602 3091 ruere,
3668 3021 3734 3077 et
3798 3033 4026 3079 eorum
4089 3012 4413 3079 malitiam
4470 3032 4566 3080 so·

2627 3097 2848 3172 cordia
2882 3119 3025 3163 0880
3068 3097 3472 3181 implicitam,
3519 3114 3594 3164 ut
3637 3099 3919 3165 videndo
3954 3120 4084 3165 non
4122 3099 4417 3165 videant.
4464 3100 4568 3164 In·

2627 3190 2807 3248 terea
2850 3205 3224 3261 monemur,
3284 3185 3590 3270 reprobos
3645 3197 3911 3268 stupore
3967 3206 4083 3250 suo
4138 3185 4262 3251 hoc
4306 3185 4565 3251 tandem

2625 3271 2948 3352 consequi,
3008 3279 3083 3335 ut
3142 3271 3324 3336 Deus
3380 3271 3533 3337 totis
3587 3272 3788 3356 copiis
3845 3270 4159 3338 adversus
4216 3271 4366 3337 11108
4419 3292 4567 3339 con·

2625 3376 2905 3455 grossae,
2949 3355 3032 3421 ad
3076 3356 3517 3440 cognitionem
3555 3378 3710 3424 suae
3735 3358 4000 3425 virtutis
4045 3378 4241 3441 quam
4284 3358 4360 3423 fu
4414 3359 4566 3437 'unt‚

2625 3442 2871 3508 invitos
2918 3451 3108 3527 cogat
3148 3456 3212 3508 et
3265 3442 3502 3508 trahat.
3592 3447 3692 3510 Ac
3749 3465 3832 3509 ne
3891 3444 4219 3528 longiores
4275 3445 4348 3509 in
4399 3445 4566 3510 ucias

2624 3537 2875 3611 speret,
2932 3529 3232 3611 proximo
3288 3550 3488 3595 versu
3545 3529 3831 3595 affirmat
3877 3530 4061 3596 Deus
4105 3531 4236 3595 iam
4302 3537 4565 3595 extenta

2626 3634 2824 3679 manu
2881 3636 2951 3681 se
2994 3615 3274 3698 prodire.
3380 3613 3605 3699 Neque
3670 3617 3846 3681 enim
3909 3614 4328 3682 tolerantiam
4386 3635 4565 3681 suam

2626 3699 3041 3766 commendat
3105 3699 3291 3766 Deus
3355 3701 3424 3765 in
3481 3703 3658 3768 lento
3728 3723 4076 3787 progressu
4096 3753 4111 3782 ,
4171 3711 4246 3768 ut
4301 3701 4567 3786 quibus-

2627 3785 2777 3851 dam
2847 3786 3088 3869 placet:
3154 3787 3315 3870 quin
3385 3789 3602 3871 potius
3667 3789 3971 3854 admonet
4035 3790 4572 3871 exsequutionem

2627 3871 2750 3937 sibi
2795 3874 2865 3935 in
2911 3882 3217 3955 promptu
3261 3894 3421 3951 esse,
3467 3874 3771 3956 quoniam
3818 3895 4001 3939 arma
4043 3874 4336 3940 induerit
4370 3886 4437 3940 et
4469 3894 4567 3939 co·

2629 3959 2771 4040 pias
2815 3959 3208 4023 instruxerit
3243 3967 3593 4041 antequam
3638 3962 3910 4026 verbum
3955 3960 4219 4026 faceret.

2802 4042 2902 4109 16.
2960 4044 3048 4108 Et
3099 4049 3252 4110 certe
3310 4045 3447 4111 idco
3487 4046 3773 4112 constitui
3813 4051 3887 4111 tc.
3977 4046 4180 4111 Varie
4223 4046 4568 4129 exponitur

2628 4129 2908 4196 verbum
2954 4144 3236 4207 ’ΠἾΰνι-ιτ
3262 4132 3522 4214 proprie
3567 4131 3828 4215 quidem
3874 4132 4206 4215 significat
4247 4142 4563 4198 statuere:

2627 4217 2846 4298 itaque
2890 4215 2971 4281 ad
3017 4217 3442 4282 eminentiam
3489 4217 3611 4284 hoc
3669 4218 3965 4283 referunt
4007 4218 4343 4297 nonnulli,
4402 4215 4567 4301 quod

2629 4300 2812 4367 Deus
2865 4302 2936 4366 in
2989 4304 3167 4386 regio
3226 4302 3388 4368 solio
3432 4303 3848 4369 Pharaonem
3894 4304 4341 4382 collocaverit,
4398 4301 4566 4370 uude

2627 4408 2812 4453 suam
2874 4386 3148 4471 gloriam
3209 4387 3442 4454 melius
3498 4390 3912 4472 patefaceret.
4016 4390 4311 4456 Graecus
4365 4390 4566 4454 inter—

2629 4494 2778 4556 pres
2821 4473 3017 4539 latius
3061 4475 3325 4557 accepit,
3372 4476 3573 4540 vertit
3616 4477 3790 4541 enim
3847 4470 4110 4557 ἐξήγειρά
4147 4498 4233 4555 σε,
4286 4474 4567 4542 excitavi

2630 4571 2727 4624 te:
2773 4558 2957 4643 quasi
3002 4559 3246 4625 diceret
3288 4581 3523 4627 arcano
3570 4562 3693 4627 Dei
3743 4561 4012 4629 consilio
4052 4570 4120 4627 et
4162 4560 4564 4644 providentia

2630 4644 2948 4711 delectum
2994 4645 3194 4712 fuisse
3239 4646 3655 4712 Pharaonem
3701 4650 3767 4712 in
3813 4669 3940 4731 quo
3985 4648 4342 4732 potentiam
4378 4666 4560 4713 suam

2628 4744 2991 4797 exsereret:
3081 4733 3276 4799 sicuti
3337 4735 3582 4816 passim
3648 4733 3887 4800 dicitur
3945 4734 4235 4800 excitare
4294 4754 4453 4816 quos
4495 4732 4560 4796 in

2629 4817 2918 4883 medium
2963 4818 3292 4900 producit,
3361 4829 3434 4884 ut
3489 4821 3559 4885 in
3614 4841 3723 4885 008
3781 4842 3938 4886 usus
3995 4820 4277 4904 applicet
4331 4817 4561 4902 quibus

2628 4905 2803 4987 ipsos
2848 4902 3226 4970 destinavit.
3330 4906 3464 4971 Alii
3523 4908 3917 4972 sententiam
3976 4905 4149 4972 hanc
4203 4914 4436 4988 putant
4481 4924 4562 4968 ex

2628 4989 3071 5072 superioribus
3108 4989 3409 5073 pendere,
3455 5013 3531 5057 ac
3570 4993 4115 5076 interpretantur:
4166 4987 4561 5058 Conservavi

2629 5083 2721 5155 te,
2784 5074 2887 5141 vel
2939 5076 3359 5158 superstitem
3418 5098 3708 5144 manere.
3753 5078 3947 5144 volui.
4038 5078 4330 5144 Verbum
4389 5075 4558 5141 enim

2624 5160 3025 5227 Hebraicum
3092 5161 3263 5245 quod
3331 5163 3752 5228 transitivum
3795 5174 3897 5230 est
3947 5164 4015 5229 in
4061 5163 4296 5246 Hiphil
4361 5161 4558 5228 dedu·

2623 5246 2794 5314 citur
2838 5247 2919 5313 ab
2961 5261 3096 5325 'my
3128 5246 3299 5332 quod
3323 5257 3424 5315 est
3463 5258 3658 5316 stare.
3731 5248 4058 5331 Quoniam
4079 5270 4237 5334 ergo
4259 5248 4380 5315 sibi
4424 5266 4560 5312 mo·

2627 5333 2892 5400 deratus
2933 5333 3146 5399 fuerat
3191 5335 3391 5414 Deus,
3458 5357 3634 5405 nunc
3676 5336 4059 5403 tolerantiae
4102 5355 4257 5402 suae
4299 5350 4559 5403 causam
