4867 6150
329 463 452 529 197

323 652 588 736 impleri
624 651 795 737 quod
839 653 1084 718 dictum
1131 655 1345 720 fuerat
1388 676 1427 719 a
1470 657 1675 721 Mose.
1769 656 1859 721 Et
1901 666 2076 721 certe
2120 678 2271 722 cum

323 761 530 825 regno
574 750 641 803 et
684 740 1040 805 sacerdotio
1082 741 1328 823 prodiit
1375 741 1699 822 Christus,
1744 753 1820 807 ut
1862 743 1963 807 ius
2015 755 2270 808 utrum·

323 846 452 909 que
496 825 804 890 membris
862 826 1001 891 suis
1058 827 1403 894 conferret.
1493 827 1687 894 Unde
1753 828 2078 910 sequitur,
2132 830 2270 911 qui-

323 933 581 995 cunque
647 913 728 977 ab
794 934 871 977 eo
928 912 1280 978 divortium
1348 913 1628 992 faciunt,
1697 924 1968 998 utroque
2028 914 2275 980 honore

326 997 631 1082 indignos
675 1018 817 1062 esse
862 1018 937 1063 ac
992 999 1225 1064 merito
1281 1000 1551 1081 privari.
1654 999 1840 1065 Gens
1884 1014 2112 1066 sancta
2165 1001 2274 1066 hic

327 1084 584 1161 dicitur,
629 1104 763 1149 non
809 1098 1105 1167 respectu
1154 1086 1413 1167 pietatis
1457 1087 1563 1151 vel
1611 1087 2111 1162 sanctimoniae,
2159 1086 2274 1152 sed

326 1190 522 1252 quam
562 1170 747 1235 Deus
808 1169 1129 1253 singulari
1184 1171 1527 1255 privilegio
1584 1173 1663 1237 ab
1725 1173 1869 1237 aliis
1922 1174 2272 1255 separavit.

327 1255 580 1320 Verum
627 1256 707 1321 ab
753 1254 876 1322 hac
920 1258 1435 1322 sanctificatione
1479 1258 1722 1340 pendet
1766 1259 1988 1336 altera,
2037 1279 2274 1341 nempe

327 1352 400 1405 ut
453 1342 868 1406 sanctitatem
930 1342 1147 1406 colant
1201 1342 1314 1424 qui
1370 1344 1496 1408 Dei
1552 1345 1767 1428 gratia
1830 1345 2053 1409 eximii
2098 1355 2272 1423 sunt,

329 1439 525 1511 atque
571 1429 663 1493 ita
706 1428 999 1493 vicissim
1039 1429 1254 1493 Deum
1302 1430 1732 1495 sanctificent.

500 1514 559 1579 8.
609 1513 1084 1595 Responderunt
1123 1515 1326 1581 omnis
1358 1516 1653 1597 populus.
1720 1515 1858 1582 Cur
1902 1517 2088 1581 Deus
2130 1517 2274 1582 Μο-

327 1620 444 1664 sen
512 1599 886 1665 adhibuerit
949 1600 1470 1680 internuncium,
1558 1603 1666 1685 qui
1749 1601 1922 1667 ultro
1986 1603 2273 1685 citroque

324 1686 637 1750 mandata
681 1694 750 1750 et
792 1706 1105 1768 responsa
1148 1687 1491 1770 perferret,
1559 1709 1680 1753 suo
1724 1688 1862 1754 loco
1908 1687 2271 1753 videbitur:

327 1793 503 1837 nunc
550 1782 803 1837 tantum
845 1782 1072 1836 narrat
1108 1773 1263 1855 quid
1301 1783 1477 1838 totus
1528 1775 1806 1857 populus
1849 1773 2276 1856 responderit,

325 1878 563 1939 nempe
627 1878 698 1923 se
762 1857 1170 1924 obedientem
1215 1860 1285 1923 in
1330 1859 1636 1926 omnibus
1681 1861 1835 1926 fore.
1925 1859 2074 1925 Non
2119 1880 2274 1943 pars

327 1944 547 2026 aliqua
592 1953 846 2008 tantum
892 1942 1006 2009 sed
1066 1952 1241 2009 totus
1285 1946 1564 2027 populus
1620 1944 1686 2010 id
1734 1946 2073 2029 promittit.
2165 1948 2274 2011 Li-

325 2028 567 2095 beralis
625 2040 843 2094 autem
904 2040 1005 2095 est
1063 2032 1427 2114 responsic,
1497 2052 1628 2115 qua
1692 2033 1835 2097 sine
1891 2033 2273 2114 exceptione

323 2115 639 2198 quidquid
685 2115 909 2198 exegit
954 2116 1136 2181 Deus
1194 2118 1478 2182 facturos
1537 2139 1609 2182 se
1655 2127 1975 2183 asserunt.
2067 2119 2272 2201 Atqui

323 2202 521 2286 paulo
565 2212 714 2284 post
755 2201 836 2265 ad
882 2202 1221 2285 ingenium
1268 2203 1507 2285 relapsi
1575 2225 1657 2268 ne
1702 2205 1976 2268 minima
2012 2204 2272 2287 quidem

324 2310 410 2354 ex
454 2300 642 2372 parte
685 2287 881 2353 fidem
925 2286 1144 2352 datam
1191 2298 1562 2354 servarunt.
1654 2289 1792 2355 Nec
1839 2301 2056 2354 tamen
2093 2290 2276 2372 quid-

322 2395 523 2458 quam
570 2395 680 2439 eos
722 2374 1071 2439 simulasse
1114 2374 1426 2439 credibile
1470 2384 1587 2441 est.
1683 2374 1812 2441 Sed
1859 2377 2158 2459 quamvis
2202 2378 2273 2440 in

323 2461 544 2527 animo
590 2480 724 2525 ncn
768 2469 943 2525 esset
987 2460 1200 2526 Deum
1246 2459 1509 2540 fallere,
1568 2483 1637 2527 se
1694 2463 1871 2544 ipsos
1935 2463 2274 2545 praecipiti

323 2546 606 2629 quodam
652 2546 791 2611 zelo
835 2545 1088 2627 abrepti
1134 2545 1463 2613 fallebant.
1543 2548 1680 2613 Nec
1727 2569 1881 2612 vero
1924 2547 2272 2613 consilium

321 2633 533 2698 Mosis
577 2633 721 2704 fuit,
768 2630 1210 2714 exprobrandi
1255 2653 1452 2699 causa
1501 2633 1718 2699 dicere
1760 2634 1906 2699 illos
1965 2636 2273 2699 mentitos

321 2718 528 2784 fuisse
550 2717 717 2796 Dec,
760 2727 874 2783 aut
917 2718 1237 2785 fallaciter
1280 2718 1458 2784 aliud
1504 2740 1615 2785 cre
1650 2721 1922 2785 iactasse
1966 2741 2161 2804 quam
2198 2720 2268 2784 in

320 2804 633 2870 cordibus
669 2805 806 2869 suis
850 2804 1203 2870 sentirent:
1250 2805 1363 2871 sed
1400 2818 1736 2888 promptos
1772 2804 1853 2870 ad
1891 2806 2271 2889 obsequium

321 2892 523 2955 fuisse
568 2890 806 2968 dicens,
873 2892 1052 2953 omni
1095 2900 1442 2974 praetextu
1489 2893 1899 2975 ignorantiae
1943 2891 2008 2955 iu
2058 2901 2272 2974 poste·

319 2997 472 3042 rum
519 2978 776 3060 spoliat.
867 2976 1003 3040 Nec
1059 2974 1328 3042 dubium
1389 2990 1488 3042 est
1547 2978 1703 3061 quin
1752 2979 1933 3042 Deus
1974 2977 2053 3041 ad
2104 2981 2274 3042 hanc

321 3063 722 3129 docilitatem
780 3063 1040 3128 flexerit
1098 3085 1322 3129 eorum
1385 3064 1667 3144 animos,
1715 3086 1840 3148 quo
1897 3063 2060 3147 legis
2118 3086 2276 3130 suae

319 3149 692 3215 doctrinam
739 3149 1080 3215 stabiliret.
1172 3151 1435 3215 Interea
1496 3150 1822 3216 discamus
1877 3171 2103 3215 eorum
2162 3174 2272 3215 ex·

320 3236 577 3317 emplc‚
641 3255 770 3299 non
817 3235 1069 3300 fervido
1128 3247 1385 3301 tantum
1431 3238 1679 3318 impetu
1728 3237 2088 3318 parendum
2136 3259 2277 3302 esse

328 3324 532 3386 verbo
580 3322 735 3385 Dei:
782 3341 856 3386 ac
903 3321 1144 3387 nullius
1186 3325 1499 3386 momenti
1548 3344 1690 3387 esse
1747 3323 2035 3388 subitum
2083 3325 2275 3389 affec-

328 3419 494 3484 tum,
567 3407 688 3471 nisi
742 3407 1006 3471 accedat
1060 3407 1523 3490 perseverandi
1582 3411 1968 3475 constantia.
2063 3415 2279 3492 Atque

325 3495 475 3558 ideo
520 3493 842 3558 discamus
888 3495 1086 3575 probe
1134 3516 1249 3558 nos
1293 3505 1630 3574 excutere,
1694 3516 1779 3559 ne
1822 3497 2066 3579 absque
2110 3497 2279 3560 serio

326 3580 634 3645 examine
678 3590 921 3644 temere
966 3582 1391 3661 profiteamur
1436 3581 1582 3664 plus
1618 3602 1813 3662 quam
1852 3583 2058 3646 simus
2095 3603 2279 3664 prae-

329 3666 585 3732 stando.
675 3665 1059 3730 Tenendum
1107 3675 1325 3729 tamen
1368 3666 1529 3730 illud
1588 3677 1685 3731 est
1730 3665 1898 3748 quod
1946 3669 2073 3731 iam
2121 3668 2279 3743 dixi,

329 3773 571 3817 arcano
617 3751 740 3814 Dei
786 3750 1102 3815 instinctu
1146 3772 1371 3816 omnes
1415 3751 1616 3816 fuisse
1661 3753 2091 3818 voluntarios:
2152 3774 2279 3835 quo

329 3838 454 3902 sibi
499 3848 565 3902 et
605 3836 752 3901 aliis
794 3847 995 3900 testes
1038 3852 1260 3902 essent
1304 3847 1400 3901 tot
1444 3838 1819 3921 signorum,
1876 3838 2108 3921 quibus
2167 3839 2279 3903 dc-

328 3923 484 3987 inde
552 3922 906 4005 approbata
983 3921 1111 3986 fuit
1195 3923 1490 3989 coelestis
1570 3922 1902 3990 doctrinae
1966 3925 2130 3990 fides
2204 3946 2278 3998 ac

329 4010 599 4075 veritas.

504 4179 564 4246 9.
617 4179 792 4244 Tunc
834 4180 926 4244 ait
969 4180 1202 4246 Iehova
1246 4181 1333 4246 ad
1376 4181 1629 4247 Mosen:
1695 4181 1879 4262 Ecce,
1936 4202 2044 4265 eyo
2103 4183 2280 4248 venio

325 4267 417 4332 ad
462 4271 518 4330 te
560 4265 629 4330 in
670 4266 862 4332 densa
905 4266 1080 4342 nube,
1127 4272 1195 4331 ut
1237 4269 1464 4333 audiat
1494 4268 1780 4349 populus
1822 4288 2016 4349 quum
2057 4267 2280 4350 loquar

322 4358 544 4428 tecum,
591 4357 773 4434 atque
815 4353 1006 4417 etiam
1049 4354 1161 4418 tibi
1204 4351 1458 4420 credaut
1498 4355 1568 4417 iu
1600 4358 1988 4434 perpetuum.
2093 4354 2276 4418 Indi-

323 4442 579 4504 caverat
635 4442 842 4503 autem
892 4435 1105 4505 Moses
1149 4438 1415 4505 Iehovae
1471 4438 1660 4505 verba
1691 4441 1938 4521 populi.
2044 4440 2143 4506 10.
2190 4439 2279 4504 Et

323 4524 496 4591 dixit
538 4523 765 4589 Iehova
813 4525 900 4590 ad
939 4524 1191 4590 Mosen.-
1261 4525 1434 4591 Vade
1467 4525 1552 4590 ad
1585 4526 1908 4608 populum,
1956 4532 2012 4592 et
2049 4526 2277 4592 saneti-

322 4612 453 4693 fica
515 4629 617 4675 eos
678 4608 855 4675 hodie
914 4615 970 4675 et
1034 4631 1208 4689 cras,
1296 4610 1617 4692 laventque
1700 4613 2060 4678 vestimenta
2133 4634 2273 4678 sua.

333 4697 436 4761 11.
485 4695 575 4759 Et
614 4696 743 4760 sint
773 4697 997 4777 parati
1040 4697 1108 4760 in
1152 4697 1316 4761 diem
1358 4699 1625 4775 tertium,
1671 4699 1968 4779 quoniam
2010 4699 2115 4764 die
2156 4705 2275 4764 ter‘

328 4784 420 4848 tio
463 4781 780 4847 descendet
824 4781 1056 4847 Iehova
1097 4804 1308 4849 eoram
1351 4784 1545 4848 oculis
1585 4785 1773 4849 totius
1803 4784 2030 4867 populi
2090 4804 2280 4866 super

328 4873 593 4932 montem
641 4866 846 4932 Sinai.
960 4869 1060 4934 12.
1121 4869 1213 4933 Et
1240 4870 1633 4950 praescribes
1675 4871 2012 4935 terminum
2045 4870 2279 4951 populo

317 4974 448 5034 per
487 4953 834 5030 circuitum,
880 4954 1165 5020 dicendo:
1221 4954 1440 5021 Cavete
1480 4957 1655 5021 vobis
1699 4977 1775 5019 ue
1818 4956 2170 5020 ascendatis
2211 4955 2280 5018 in

325 5044 611 5115 montem,
658 5060 852 5119 neque
892 5042 1262 5124 continyatis
1298 5042 1634 5106 terminum
1677 5041 1830 5106 eius.
1922 5041 2281 5122 Quicunque

326 5126 597 5209 tetigerit
635 5130 913 5203 montem,
959 5127 1271 5191 moriendo
1314 5127 1627 5192 morietur.
1734 5127 1834 5192 13.
1886 5127 2038 5192 Non
2077 5131 2282 5209 tanyet

329 5233 473 5277 eum
514 5231 741 5276 manus
757 5261 772 5290 ,
842 5213 954 5278 sed
1009 5212 1351 5294 lapidando
1418 5211 1811 5294 lapidabitur
1876 5219 1988 5279 aut
2050 5212 2281 5278 iaculis

325 5297 621 5380 ferietur,
687 5297 817 5363 sive
858 5299 1202 5363 iumentum
1241 5300 1465 5380 fuerit,
1509 5300 1641 5365 sive
1682 5298 1890 5379 home,
1935 5319 2060 5365 nou
2099 5300 2277 5378 vivet,

328 5404 526 5466 qtmm
556 5386 951 5465 protraxerit
989 5385 1266 5464 buccina,
1316 5386 1450 5466 ipsi
1490 5385 1817 5451 ascendent
1868 5386 1936 5450 in
1995 5391 2271 5452 montem.

1468 466 2213 537 COMMENTARIUS
2261 469 2356 534 IN
2403 466 2708 534 EXODI
2755 468 2950 534 OAP.
2998 467 3193 535 XIX.

4208 473 4331 538 198

2378 654 2480 720 14.
2524 654 2860 720 Descendit
2913 659 3120 721 autem
3164 654 3379 725 Moses
3420 677 3453 722 e
3493 662 3692 722 monte
3742 658 3829 725 ad
3870 659 4209 741 populum,
4277 666 4337 727 et

2373 740 2785 821 sanctificavit
2838 742 3178 824 populum,
3268 747 3325 807 et
3388 743 3677 809 laverunt
3751 747 4110 810 vestimenta
4187 766 4328 813 sua.

2378 825 2480 892 15.
2526 824 2838 907 Dixitque
2870 829 3106 910 populo
3123 880 3138 906 ‚
3195 829 3341 894 sitis
3376 830 3601 912 parati
3641 831 3714 895 in
3754 831 3920 896 diem
3962 833 4235 912 tertium,
4279 837 4336 898 et

2375 933 2454 977 ue
2497 913 2809 978 accedatis
2851 914 2938 979 ad
2978 934 3228 980 uxores,

2548 1084 2608 1150 9.
2663 1084 2841 1150 Tunc
2883 1085 2975 1150 ait
3016 1085 3245 1152 lehova
3288 1085 3372 1151 ad
3421 1086 3656 1152 Mosen.
3758 1087 3890 1154 Hic
3937 1087 4333 1171 pronunciat

2375 1171 2582 1249 Deus,
2630 1170 2867 1235 illustri
2914 1170 3160 1255 gloriae
3204 1192 3361 1236 suae
3405 1173 3697 1255 symbolo
3744 1174 3961 1255 palam
4007 1195 4077 1239 se
4122 1175 4330 1240 factu·

2377 1277 2525 1321 rum
2587 1256 2796 1340 legem
2856 1277 2991 1321 non
3038 1278 3076 1320 a
3122 1258 3308 1322 Mose
3353 1259 3633 1341 prodire,
3694 1258 3807 1324 sed
3853 1280 4002 1324 eum
4050 1259 4332 1326 fideliter

2377 1341 2639 1407 tradere
2685 1363 2803 1425 per
2838 1364 3075 1407 manus
3111 1342 3282 1426 quod
3330 1367 3366 1407 e
3411 1344 3589 1410 coelo
3634 1346 3900 1427 accepit.
3949 1346 4121 1410 Nam
4148 1345 4331 1413 Deus

2377 1430 2573 1505 nube,
2619 1428 2808 1511 quasi
2854 1428 3017 1508 velo,
3064 1431 3158 1494 sic
3202 1429 3499 1496 obtectus
3544 1441 3702 1509 erat,
3760 1440 3839 1495 ut
3879 1442 4060 1497 certo
4106 1443 4328 1497 tamen

2376 1515 2787 1596 praesentiae
2821 1535 2979 1580 suae
3015 1515 3204 1599 signo
3247 1528 3504 1581 mentes
3546 1537 3809 1581 sursum
3856 1516 4200 1583 attolleret.
4246 1518 4329 1582 In

2377 1599 2501 1666 hoc
2545 1610 2765 1666 autem
2812 1601 3089 1665 fundata
3131 1602 3258 1667 fuit
3303 1602 3505 1666 Mcsis
3553 1603 3898 1677 autoritas,
3961 1603 4132 1686 quod
4179 1602 4329 1670 doc-

2376 1687 2613 1764 trinae,
2660 1687 2848 1752 cuius
2884 1700 3030 1751 erat
3065 1690 3383 1765 minister,
3431 1689 3727 1755 sciebant
3749 1687 4089 1753 Israelitae
4114 1691 4331 1754 Deum

2377 1793 2520 1837 esse
2563 1782 2880 1838 autorem.
2971 1771 3162 1853 Quod
3223 1773 3515 1856 apprime
3576 1782 3805 1838 notatu
3866 1775 4138 1857 dignum
4195 1782 4327 1839 est:

2377 1859 2532 1940 quia
2576 1858 2731 1923 inde
2777 1858 3148 1942 colligimus
3194 1881 3322 1923 non
3381 1860 3578 1924 aliam
3626 1881 3767 1925 esse
3812 1863 4135 1924 rationem
4181 1881 4328 1943 pro-

2378 1944 2629 2009 bandae
2697 1943 3060 2023 doctrinae,
3144 1946 3272 2010 nisi
3339 1943 3495 2010 dum
3563 1958 3740 2012 certo
3821 1962 4118 2011 tenemus
4198 1968 4328 2012 non

2376 2028 2645 2095 aliunde
2691 2051 2886 2113 quam
2934 2050 2972 2093 a
3015 2030 3151 2095 solo
3198 2032 3340 2096 Deo
3380 2031 3761 2119 profectam.
3856 2035 4074 2115 Atque
4117 2034 4212 2097 ita
4260 2034 4328 2098 in

2378 2116 2676 2181 ordinem
2724 2125 3047 2200 coguntur
3091 2118 3305 2183 cuncti
3353 2118 3693 2197 mort-ales,
3738 2139 3822 2181 ne
3877 2118 4024 2201 quis
4082 2139 4331 2199 eorum,

2376 2202 2781 2284 quantalibet
2835 2203 3163 2284 sapientia
3220 2204 3491 2285 polleat,
3548 2202 3846 2286 proferre
3902 2205 3970 2268 in
4041 2204 4330 2271 medium

2378 2288 2623 2353 audeat
2667 2309 2789 2353 sua
2824 2298 3207 2355 commenta.
3290 2288 3367 2354 Si
3403 2290 3579 2353 enim
3618 2310 3750 2353 non
3788 2289 3914 2354 alic
3950 2290 4095 2354 iure
4132 2291 4331 2357 fidem

2376 2375 2447 2438 in
2508 2373 2779 2439 ecclesia
2837 2372 3118 2439 obtinuit
3175 2396 3474 2440 summus
3526 2376 3848 2459 propheta
3890 2376 4144 2455 Moses,
4203 2378 4331 2442 nisi

2377 2460 2530 2542 quia
2577 2460 2702 2526 Dei
2747 2459 3061 2524 mandata
3105 2461 3408 2543 pertulit,
3470 2475 3538 2525 et
3582 2472 3839 2526 tantum
3895 2461 4116 2528 docuit
4159 2463 4332 2546 quod

2378 2546 2705 2627 audierat,
2763 2547 2951 2611 cuius
2999 2547 3318 2612 stultitiae
3362 2556 3428 2613 et
3472 2546 3921 2630 impudentiae
3965 2549 4123 2627 erit,
4181 2549 4330 2615 doc-

2376 2639 2571 2710 tores,
2617 2633 2726 2715 qni
2768 2632 2943 2696 infra
2986 2634 3201 2716 ipsum
3255 2633 3450 2717 longe
3500 2633 3865 2713 subsidunt,
3914 2633 4083 2699 velle
4127 2635 4326 2701 altius

2377 2717 2858 2783 conscendere?
2948 2716 3031 2783 In
3091 2740 3369 2799 summa,
3416 2719 3602 2783 docet
3648 2720 3755 2785 hic
3798 2719 3977 2785 locus
4024 2720 4141 2785 uni
4186 2721 4331 2787 Deo

2378 2802 2777 2870 credendum
2822 2824 2997 2869 esse:
3063 2806 3419 2888 prophetas
3464 2815 3703 2885 tamen,
3750 2805 3863 2887 qui
3909 2826 3990 2870 ex
4036 2807 4178 2872 eius
4221 2828 4335 2872 ore

2378 2889 2772 2973 loquuntur,
2832 2891 3026 2955 simul
3074 2912 3215 2956 esse
3261 2890 3639 2956 audiendos.
3735 2890 3921 2957 Adde
3966 2891 4136 2974 quod
4198 2914 4333 2957 non

2380 2974 2462 3039 ad
2522 2978 2721 3042 breve
2788 2974 3054 3058 aliquod
3122 2986 3382 3060 tempus
3449 2977 3660 3041 voluit
3717 2975 3903 3042 Deus
3960 2977 4157 3043 fidem
4218 2978 4333 3043 ad-

2381 3071 2636 3128 struere
2702 3083 2894 3128 servo
2956 3085 3074 3127 suo
3142 3062 3341 3142 Mosi,
3406 3059 3519 3128 sed
3587 3075 3665 3127 ut
3728 3062 4004 3128 eandem
4069 3076 4332 3130 mortuo

2380 3170 2634 3232 quoque
2701 3149 3137 3213 reverentiam
3208 3150 3450 3232 posteri
3519 3147 3866 3214 deferrent..
3974 3149 4099 3214 Est
4157 3151 4333 3215 enim

2380 3235 2764 3318 temporalis
2810 3234 3220 3317 quorundam
3257 3234 3540 3300 vocatio:
3588 3243 3653 3299 et
3676 3235 3970 3300 accidere
4005 3245 4227 3318 potest
4262 3246 4336 3301 ut

2380 3321 2680 3401 spiritum
2728 3319 3107 3403 prophetiae
3154 3321 3340 3386 Deus
3382 3321 3618 3403 eripiat
3661 3320 3900 3404 quibus
3945 3319 4154 3387 dedit:
4219 3322 4334 3388 sed

2382 3408 2476 3471 ita
2522 3407 2690 3471 Mcsi
2735 3407 3043 3490 apparuit
3084 3422 3159 3471 ut
3203 3405 3398 3472 fidem
3443 3407 3780 3472 doctrinae
3839 3408 3981 3472 eius
4028 3409 4332 3474 sanciret.

2382 3493 2688 3557 omnibus
2731 3493 3029 3570 saeculis,
3073 3504 3141 3557 et
3185 3493 3373 3575 quasi
3416 3502 3840 3559 consecraret.
3887 3493 4078 3561 Unde
4123 3496 4338 3578 sequi-

2383 3589 2524 3653 tur,
2590 3578 2909 3661 fulgorem
2976 3579 3224 3662 gloriae
3291 3578 3437 3659 Dei,
3507 3579 3615 3663 qui
3683 3580 3888 3645 veteri
3954 3580 4197 3663 populo
4264 3583 4333 3645 in

2384 3662 2589 3729 densa
2632 3663 2807 3728 nube
2851 3673 3153 3730 ostensus
3197 3664 3353 3743 fuit,
3418 3686 3548 3729 non
3610 3686 3755 3731 esse
3805 3665 3999 3730 hodie
4046 3665 4332 3731 exstinc-

2382 3761 2554 3813 tum:
2605 3751 2756 3832 quia
2801 3750 3053 3832 piorum
3098 3752 3388 3815 omnium
3441 3761 3696 3815 mentes
3745 3750 4076 3816 illustrare
4123 3752 4334 3833 (lebet,

2383 3844 2458 3899 ut
2497 3835 2668 3901 Mcsi
2714 3847 3090 3901 reverenter
3133 3858 3204 3901 se
3245 3836 3615 3903 subiiciant.
3692 3834 3882 3916 Quod
3924 3838 4221 3920 sequitur
4263 3838 4335 3903 in

2384 3922 2518 3985 fine
2586 3942 2855 4000 versus,
2938 3922 3284 4004 repetitum
3351 3940 3453 3987 est
3518 3944 3600 3987 ex
3665 3924 3983 4004 proxime.
4094 3923 4333 3988 Nullus

2384 4006 2562 4071 enirn
2622 4008 3046 4090 interpositus
3112 4009 3237 4073 fuit
3302 4029 3517 4074 sermo
3583 4009 3804 4092 populi
3871 4030 4065 4091 quem
4111 4009 4331 4075 Moses

2382 4093 2630 4158 referre
2675 4106 2913 4177 posset.
3006 4094 3258 4159 Verum
3317 4117 3551 4160 sensus
3610 4104 3741 4170 est,
3803 4095 4100 4177 quamvis
4157 4096 4333 4161 ultro

2382 4178 2652 4262 polliciti
2678 4191 2898 4245 essent
2921 4181 3257 4245 Israelitae
3301 4203 3371 4246 se
3406 4182 3543 4244 fore
3579 4181 3647 4245 in
3673 4180 3904 4254 officio,
3939 4189 4011 4244 ut
4047 4180 4330 4248 alacrius

2382 4277 2749 4348 pergerent,
2795 4268 3353 4332 confirmationem
3403 4267 3572 4331 hanc
3616 4266 3815 4330 fuisse
3859 4265 3990 4330 illis
4035 4264 4324 4334 additam

2383 4361 2583 4434 atque
2631 4353 2722 4417 ita
2765 4352 3179 4417 currentibus
3223 4350 3518 4416 additum
3564 4353 3764 4417 fuisse
3809 4351 4038 4417 calcar.

2557 4438 2656 4504 10.
2703 4437 2793 4502 Et
2833 4439 2999 4502 dixit
3020 4438 3253 4503 Iehova
3294 4437 3381 4503 ad
3406 4438 3640 4503 Mosen.
3689 4439 4067 4520 Antequam
4113 4437 4327 4523 legem

2381 4544 2569 4588 suam
2613 4533 2938 4607 proponat
2981 4524 3183 4600 Deus,
3231 4545 3359 4589 non
3406 4523 3521 4587 abs
3564 4544 3635 4587 re
3679 4524 3990 4606 populum
4038 4525 4330 4592 sanetifi-

2382 4610 2517 4675 cari
2564 4609 2758 4688 iubet,
2806 4631 2888 4673 ne
2935 4611 3324 4694 margaritas
3368 4610 3666 4691 proiiciat
3709 4621 3864 4672 ante
3908 4629 4154 4691 porcos,
4225 4611 4331 4678 vel

2380 4705 2680 4760 sanctum
2728 4698 3079 4776 prostituat
3120 4694 3404 4761 canibus.
3494 4694 3642 4759 Etsi
3693 4695 3868 4759 enim
3930 4696 4072 4760 iure
4131 4696 4327 4780 adop·

2383 4782 2581 4846 tionis
2649 4781 2860 4847 sancti
2923 4792 3114 4847 erant
3177 4790 3496 4864 quantum
3563 4779 3645 4844 ad
3724 4781 3898 4862 ipsos
3976 4782 4328 4863 spectabat,

2383 4882 2657 4933 naturae
2717 4868 3167 4932 immundities
3227 4888 3338 4932 eos
3396 4865 3655 4931 arcebat
3721 4887 3762 4930 a
3805 4873 4030 4931 tantae
4074 4868 4326 4951 gratiae

2380 4954 2896 5036 participatione.
2987 4953 3194 5018 Porro
3252 4952 3521 5017 minime
3581 4973 3861 5035 aequum
3925 4953 4026 5016 vel
4074 4964 4323 5018 rectum

2382 5048 2539 5115 erat,
2586 5039 3124 5105 inaestimabilem
3172 5038 3552 5103 thesaurum
3610 5038 3866 5104 foetidis
3917 5050 3983 5103 et
4046 5036 4328 5104 sordidis

2383 5125 2561 5190 vasis
2627 5126 2976 5209 inquinari.
3088 5126 3268 5209 Ergo
3333 5125 3402 5188 in
3471 5134 3816 5208 praecepto
3880 5123 4326 5190 sanctificandi

2381 5224 2646 5276 ostensa
2714 5212 2840 5276 duo
2904 5212 3190 5288 fuerunt,
3258 5232 3508 5276 sacram
3573 5209 3705 5275 Dei
3775 5209 4136 5275 doctrinam
4193 5231 4325 5274 non

2381 5297 2788 5362 tractandam
2836 5319 2977 5362 esse
3020 5298 3220 5362 illotis
3264 5294 3586 5379 manibus,
3632 5306 3843 5360 totum
3893 5315 4046 5360 vero
4093 5295 4327 5361 huma-

2381 5404 2540 5447 num
2566 5404 2777 5467 genus
2810 5382 3142 5466 impurum
3169 5403 3311 5449 esse
3334 5392 3401 5448 et
3421 5381 3778 5465 pollutum:
3815 5377 4086 5461 ideoque
4106 5380 4327 5449 nullos

3811 5478 3911 5535 180
