4867 6150
570 426 702 493 115

567 613 873 681 renovari
918 612 1106 677 videt
1163 633 1319 679 suae
1378 612 1758 678 vocationis.
1846 611 2114 677 Interea
2168 613 2358 678 nobis
2403 612 2518 677 ob-

569 697 898 766 servanda
919 706 1021 763 est
1043 696 1197 763 fidei
1220 697 1361 763 eius
1381 698 1699 781 probatio,
1724 696 1895 780 quod
1931 697 2222 763 nondum
2259 716 2519 781 accepto

568 784 879 852 mandato
924 784 1005 848 de
1064 785 1252 868 virga
1293 786 1363 849 in
1422 785 1676 850 coelum
1720 782 2033 864 tollenda,
2081 805 2212 849 non
2262 784 2519 850 dubita-

566 871 743 940 verit
764 869 1095 935 Pharaoni
1136 869 1508 954 praedicere
1553 868 1931 935 horribilem
1973 881 2038 935 et
2082 869 2519 954 prodigiosam

564 958 705 1024 fore
741 955 1149 1041 grandinem.
1202 956 1596 1039 Quanquam
1632 957 1691 1021 si
1725 957 1871 1039 quis
1907 956 2069 1021 velit
2103 978 2244 1021 esse
2279 953 2521 1040 ὕστερον

566 1042 871 1128 πρότερον,
896 1049 963 1107 et
998 1064 1173 1109 nunc
1192 1041 1455 1107 demum
1491 1042 1717 1107 referri
1753 1041 1923 1124 quod
1959 1042 2186 1107 ordine
2210 1043 2521 1125 temporie

570 1131 756 1216 prius
824 1138 992 1206 erat,
1061 1149 1194 1193 non
1262 1126 1614 1195 contendo:
1693 1128 1805 1194 sed
1880 1127 2002 1194 hoc
2072 1130 2235 1193 mihi
2310 1133 2520 1211 magis

572 1215 904 1300 probatur,
951 1222 1017 1279 et
1061 1236 1144 1278 ex
1188 1223 1501 1281 contextu
1543 1215 1739 1279 etiam
1786 1225 1962 1280 recte
2005 1214 2169 1279 mihi
2211 1216 2520 1299 colligere

574 1301 835 1379 videor,
902 1300 1005 1366 die
1064 1300 1175 1365 illo
1234 1300 1455 1383 elapso
1515 1300 1895 1365 mandatam
1952 1300 2155 1366 fuisse
2199 1323 2519 1382 exsequu-

571 1389 842 1463 tionem,
887 1387 1076 1451 cuius
1121 1395 1272 1451 ante
1316 1386 1652 1471 incognita
1695 1387 1910 1450 fuerat
1945 1386 2117 1451 Mosi
2161 1386 2286 1469 ipsi
2333 1389 2518 1452 ratio.

569 1473 751 1540 Hinc
807 1472 1074 1555 quidem
1118 1480 1185 1536 et
1228 1471 1446 1537 Moses
1504 1473 1645 1555 ipse
1704 1471 1962 1552 didicit,
2030 1483 2095 1536 et
2150 1493 2269 1537 nos
2329 1472 2520 1537 hodie

569 1560 818 1624 discere
883 1566 1171 1640 oportet,
1239 1558 1563 1624 elementa
1628 1558 1878 1635 omnia,
1959 1559 2257 1641 quamvis
2323 1580 2518 1623 sensu

569 1654 871 1721 careant,
941 1654 1200 1726 praesto
1256 1653 1478 1707 tamen
1537 1665 1677 1709 esse
1722 1644 1802 1708 ad
1845 1643 2182 1727 quodlibet
2226 1643 2521 1726 obsequii

567 1752 781 1816 genus
827 1729 1041 1812 opifici
1088 1750 1204 1794 suo
1266 1729 1762 1811 praestandum:
1823 1731 2081 1812 quando
2140 1728 2222 1795 ad
2267 1744 2517 1794 motum

567 1816 784 1882 baculi
828 1816 1127 1880 turbatus
1172 1815 1296 1879 fuit
1339 1829 1452 1881 aer
1496 1815 1863 1882 incredibili
1909 1815 2134 1893 mod0,
2204 1828 2278 1881 ut
2321 1838 2517 1900 gran-

567 1903 741 1968 dinis
805 1902 1056 1983 copiam
1122 1901 1566 1984 opprimendis
1632 1902 1945 1967 iumentis
2011 1912 2076 1967 et
2145 1900 2520 1968 hominibus

565 1989 877 2057 vibraret.

743 2159 845 2223 27.
897 2157 1072 2221 Tune
1126 2156 1302 2222 misit
1349 2156 1607 2223 Pharao
1663 2158 1750 2224 ad
1795 2160 2144 2226 vocandum
2191 2160 2414 2227 Mosen
2464 2166 2520 2225 et

575 2244 872 2311 Aharon:
934 2249 990 2308 et
1031 2244 1199 2307 dixit
1257 2243 1341 2308 ad
1396 2263 1528 2309 eos.-
1590 2244 1851 2310 Peccavi
1901 2244 2019 2310 hae
2074 2247 2235 2320 vice,
2286 2246 2517 2311 Iehova

570 2334 777 2397 iustus
858 2334 976 2395 est.-
1052 2351 1156 2412 eqo
1226 2335 1430 2395 autem
1508 2334 1565 2394 et
1620 2332 1903 2413 populus
1976 2352 2152 2397 meus
2215 2332 2514 2398 scelerati.

569 2417 672 2483 28.
724 2416 1088 2483 Precamini
1134 2414 1452 2495 Iehovam,
1518 2420 1574 2479 et
1615 2437 1914 2499 maynum
1956 2417 2080 2483 erit
2123 2419 2187 2483 si
2223 2439 2343 2482 non
2387 2420 2516 2485 sint

567 2506 850 2570 tonitrua
884 2500 931 2587 ¹)
974 2500 1102 2567 Dei
1144 2507 1203 2566 et
1239 2502 1517 2584 gyrando.-
1575 2507 1632 2567 et
1672 2503 1989 2567 dimittam
2022 2525 2161 2581 vos,
2200 2524 2307 2570 nec
2344 2505 2517 2571 ultra

562 2588 910 2655 manebitis.
981 2587 1083 2652 29.
1136 2587 1313 2651 Tunc
1354 2588 1518 2651 discit
1550 2587 1795 2654 Moses:
1853 2588 1974 2655 Ubi
2015 2611 2296 2672 eyressus
2335 2592 2518 2673 fuero

566 2697 643 2742 ex
680 2674 845 2754 urhe,
889 2674 1212 2740 extendam
1248 2693 1481 2739 manus
1508 2694 1681 2741 meas
1718 2676 1805 2741 ad
1829 2675 2154 2741 Iehovam:
2196 2677 2517 2742 cessabunt

564 2763 874 2840 tonitrua,
919 2765 976 2824 et
1012 2759 1255 2843 yrando
1299 2779 1420 2824 non
1476 2761 1591 2825 erit
1649 2760 1959 2843 amplius‘,
2014 2767 2086 2827 ut
2130 2764 2299 2828 scias
2355 2764 2519 2844 quod

567 2846 835 2913 Iehovae
891 2846 979 2911 sit
1052 2850 1243 2910 terra.
1334 2845 1437 2909 30.
1518 2846 1719 2928 Atqui
1782 2846 1858 2912 de
1922 2851 1979 2911 te
2032 2853 2088 2912 et
2138 2849 2335 2912 servis
2389 2849 2520 2913 tuis

566 2953 854 3016 coynosco
876 2932 1039 3013 quod
1058 2930 1333 2996 nondum
1356 2933 1629 2997 timeatis
1661 2952 1870 2997 coram
1899 2933 2064 3016 facie
2084 2933 2348 3001 Iehovae
2368 2934 2514 2999 Dei.

567 3019 672 3086 31.
720 3018 961 3083 Linum
1005 3022 1064 3084 et
1102 3016 1398 3084 hordeum
1428 3037 1737 3101 percussa
1790 3026 1971 3085 sunt:
2023 3039 2174 3085 nam
2216 3019 2516 3087 hordeum

567 3105 1029 3182 maturescebat,
1079 3109 1136 3168 et
1176 3104 1376 3168 linum
1419 3110 1551 3169 erat
1594 3106 1662 3169 in
1704 3105 1959 3172 calamo.
2049 3106 2154 3171 32.
2210 3108 2517 3172 Triticum

567 3212 710 3257 vero
767 3197 823 3257 et
875 3212 988 3256 zea
1044 3209 1170 3254 non
1221 3196 1368 3254 sunt
1414 3211 1723 3271 percussa
1736 3241 1753 3270 ‚
1821 3212 1886 3255 eo
1939 3194 2102 3273 quod
2156 3192 2518 3259 abscondita

569 3283 783 3343 essent.
856 3277 959 3342 33.
1005 3275 1095 3340 Et
1136 3296 1420 3358 cyressus
1458 3276 1667 3342 Moses
1708 3298 1751 3342 a
1792 3297 2121 3362 conyressu
2158 3278 2518 3345 Pharaonis

571 3368 749 3429 extra
802 3363 1050 3441 urbem,
1109 3364 1410 3443 expandit
1464 3383 1691 3428 manus
1744 3383 1901 3428 suas
1953 3366 2039 3430 ad
2083 3363 2408 3430 Iehovam:
2464 3370 2519 3430 et

571 3453 893 3515 cessarunt
937 3449 1216 3512 tonitrua
1258 3452 1315 3510 et
1350 3450 1620 3531 prande,
1678 3455 1734 3514 et
1762 3449 1992 3530 pluvia
2035 3470 2154 3514 non
2198 3457 2285 3515 est
2318 3452 2518 3533 effusa

571 3555 764 3616 super
804 3540 1056 3600 terram.
1145 3533 1250 3598 34.
1316 3532 1548 3598 Videris
1608 3540 1817 3600 autem
1864 3535 2123 3601 Pharao
2178 3538 2343 3618 quod
2394 3557 2520 3603 ces-

570 3625 773 3687 sasset
802 3620 1053 3701 pluvia,
1099 3624 1154 3684 et
1191 3620 1451 3702 maudo,
1497 3625 1553 3684 et
1590 3621 1886 3700 tonitrua,
1930 3622 2154 3687 adiecit
2195 3623 2401 3689 adhuc
2433 3623 2521 3689 ad

573 3708 768 3790 impie
809 3706 1115 3789 ayendum
1132 3756 1148 3782 ‚
1192 3710 1247 3770 et
1290 3709 1657 3788 ayyravavit
1698 3726 1803 3772 cor
1843 3727 2030 3772 suum
2072 3709 2209 3790 ipse
2250 3714 2307 3773 et
2348 3709 2520 3774 servi

569 3813 726 3858 eius.
830 3791 933 3858 35.
992 3791 1082 3857 Et
1143 3791 1435 3856 obduruit
1486 3812 1589 3858 eor
1646 3792 2009 3858 Pharaonis
2025 3844 2040 3871 ‚
2107 3815 2213 3859 nec
2274 3795 2523 3860 dimisit
2576 3794 2582 3815 '

567 3878 742 4030 {ilios
783 3877 1009 3956 Israel,
1052 3878 1216 3943 sicut
1257 3875 1548 3958 loquutus
1586 3878 1799 3960 fuerat
1836 3880 2068 3945 Iehova
2100 3900 2222 3961 per
2263 3901 2523 3946 manum

646 3985 793 4031 osis.

743 4137 845 4201 27.
898 4137 1075 4201 Tunc
1116 4135 1292 4201 misit
1329 4133 1589 4200 Pharao
1630 4136 1717 4201 ad
1757 4136 2114 4203 vocandum.
2180 4136 2522 4204 Confessio

571 4223 737 4288 haec
780 4224 838 4287 si
881 4243 965 4287 ex
1009 4222 1225 4286 animo
1269 4230 1443 4287 esset
1485 4220 1792 4303 profecta,
1829 4222 2091 4306 signum
2128 4221 2324 4287 dabat
2359 4226 2522 4290 resi-

572 4309 964 4393 piscentiae:
1019 4308 1134 4374 sed
1192 4307 1413 4372 statim
1470 4308 1780 4390 cognovit
1821 4308 2041 4374 Moses
2100 4309 2405 4374 timorem
2449 4310 2521 4375 in

572 4392 768 4462 corde
833 4394 1017 4478 impii
1086 4415 1214 4459 non
1272 4413 1415 4459 esse
1482 4392 1784 4457 diuturni
1838 4393 2033 4459 officii
2098 4395 2520 4478 magistrum:

569 4480 769 4563 idque
811 4480 1046 4546 melius
1104 4480 1393 4545 innotuit
1450 4500 1533 4544 ex
1577 4500 1649 4543 re
1691 4478 1856 4562 ipsa.
1946 4478 2339 4563 Quanquam
2384 4503 2520 4547 me—

571 4567 784 4633 moria
828 4566 1028 4632 simul
1087 4564 1445 4630 tenendum
1505 4575 1605 4630 est
1658 4565 1831 4649 quod
1875 4577 2028 4631 ante
2071 4568 2297 4652 attigi,
2342 4568 2521 4633 Pha·

572 4674 838 4718 raonem
887 4672 1022 4716 non
1068 4652 1269 4717 fuisse
1313 4652 1606 4716 consulto
1651 4650 2032 4716 mentitum:
2079 4653 2230 4736 quia
2274 4663 2525 4720 terrore

573 4748 916 4822 correptus
975 4759 1202 4803 omnes
1268 4736 1568 4819 placandi
1595 4735 1648 4824 2)
1704 4735 1833 4803 Dei
1898 4738 2124 4803 modos
2187 4741 2523 4823 captabat:

574 4824 692 4892 sed
748 4824 942 4907 paulo
999 4834 1148 4907 post
1203 4822 1535 4906 relapsum
1594 4845 1737 4890 6666
1796 4822 1879 4889 ad
1924 4844 2142 4889 mores
2190 4826 2522 4909 pristinos.

573 4911 728 4978 Etsi
757 4911 932 4975 enim
968 4909 1241 4993 vulpino
1277 4919 1428 4975 astu
1468 4907 1967 4976 submissionem
2005 4931 2161 4993 prae
2196 4931 2267 4978 se
2300 4910 2528 4977 ferunt

574 4997 767 5081 impii
812 4994 970 5060 dum
1014 5017 1085 5061 66
1128 5005 1350 5079 captos
1390 4993 1652 5072 vident,
1710 5005 1787 5061 ut
1829 4996 2151 5081 effugium
2198 5017 2238 5061 a
2272 4997 2526 5081 laqueis

577 5083 801 5160 detur,
862 5101 998 5146 non
1059 5091 1282 5146 tamen
1325 5082 1393 5145 in
1450 5081 1586 5146 suis
1643 5080 1975 5148 blanditiis
2020 5084 2165 5149 Deo
2210 5104 2281 5149 se
2323 5083 2528 5151 verba

746 5286 806 5427 13
841 5284 917 5341 In
950 5288 1227 5356 marqinc:
1262 5287 1383 5350 Vel,
1418 5286 1653 5339 Multum
1688 5292 1775 5339 est
1810 5287 1956 5355 qnod
1991 5288 2105 5341 sint
2138 5291 2398 5343 tonitrua.

746 5355 782 5410 2
845 5355 1137 5426 Princeps.-
1170 5355 1441 5427 captandi.

1749 423 2494 492 COMMENTARIUS
2541 423 2639 488 ΙΝ
2685 423 2985 489 EXODI
3030 422 3228 487 OAP.
3273 420 3400 487 IX.

4438 425 4543 490 116

2627 613 2782 678 dare
2848 619 3101 697 putant.
3212 609 3389 692 Quin
3458 612 3671 693 potius
3736 610 3846 676 ubi
3927 620 4118 694 urget
4197 613 4544 693 necessitas,

2625 700 2838 784 parati
2882 708 3038 764 sunt
3079 697 3571 780 quibuscunque
3616 694 3822 763 modis
3867 698 4249 781 transigere,
4294 697 4547 781 ideoque

2619 785 2877 868 piacula
2942 796 3007 848 et
3073 783 3549 848 satisfactiones
3613 783 3931 848 offerunt:
4004 803 4233 848 verum
4300 782 4546 867 dempto

2627 883 2829 945 metu,
2854 871 3007 953 quia
3028 870 3098 933 vi
3121 880 3448 934 extortum
3489 870 3703 932 fuerat
3737 866 4046 952 quidquid
4084 881 4243 935 sunt
4280 870 4549 952 polliciti,

2622 958 2847 1023 statim
2885 956 2964 1020 de
3010 956 3267 1039 integro
3301 954 3669 1020 lasciviunt.
3738 953 3970 1020 Simile
4015 957 4151 1020 fere
4193 956 4551 1039 exemplum

2624 1042 2705 1108 de
2760 1042 2964 1108 Saule
3011 1052 3320 1107 narratur
3362 1038 3450 1126 (1.
3498 1040 3787 1107 Samuel.
3833 1041 3937 1118 24,
3986 1041 4086 1107 18.
4150 1056 4213 1107 et
4270 1042 4373 1119 26,
4431 1040 4550 1130 21).

2626 1129 2904 1193 Fatetur
2971 1149 3118 1194 cum
3184 1145 3303 1193 suo
3370 1125 3681 1192 dedecore
3762 1127 4203 1193 innocentiam
4273 1127 4553 1208 Davidis,

2626 1236 2836 1298 neque
2881 1224 3132 1292 tamen,
3189 1212 3388 1278 simul
3432 1233 3507 1276 ac
3551 1213 3785 1296 effugit
3828 1212 4210 1292 discrimen,
4270 1233 4346 1280 ac
4387 1223 4553 1279 metu

2625 1301 2879 1367 solutus
2924 1310 3039 1379 est,
3089 1297 3330 1363 desinit
3374 1319 3524 1363 eum
3568 1298 3923 1364 crudeliter
3966 1301 4285 1382 persequi.
4377 1298 4552 1381 Quod

2625 1388 2680 1451 si
2727 1387 2958 1452 demus
3002 1383 3229 1449 fraude
3273 1383 3339 1448 id
3401 1384 3773 1464 simulasse,
3820 1384 4153 1451 Pharaoni
4198 1386 4402 1451 maior
4443 1386 4556 1451 fuit

2627 1471 2898 1538 timendi
2965 1472 3160 1536 ratio:
3232 1470 3382 1553 qnia
3447 1472 3895 1553 experimento
3953 1473 4289 1538 convictus
4348 1471 4553 1536 Deum

2625 1558 2747 1623 sibi
2793 1578 2937 1623 esse
2993 1555 3374 1636 adversum,
3439 1556 3785 1622 formidine
3843 1579 3964 1623 sua
4023 1557 4107 1622 ad
4164 1557 4556 1624 conditiones

2627 1644 2949 1727 quaslibet
2992 1641 3385 1725 rapiebatur.
3454 1642 3681 1707 Primo
3727 1652 3942 1709 autem
3992 1644 4287 1728 agnoscit
4329 1666 4400 1708 se
4443 1642 4554 1708 hac

2629 1732 2766 1797 vice
2811 1750 3140 1812 peccasse:
3197 1749 3332 1792 non
3375 1728 3543 1810 quod
3589 1729 3840 1810 priores
3899 1740 4199 1805 excuset,
4260 1729 4377 1795 sed
4416 1730 4556 1813 quia

2625 1818 2696 1880 in
2763 1823 2899 1881 tam
2965 1835 3187 1881 crasso
3253 1823 3628 1896 contemptu
3697 1815 3905 1898 magis
3981 1814 4364 1881 detestabile
4429 1825 4558 1879 erat

2624 1902 3021 1984 pertinaciae
3058 1900 3324 1964 crimen.
3392 1897 3583 1980 Quod
3621 1901 3855 1965 melius
3893 1901 4096 1985 liquet
4130 1924 4214 1966 ex
4252 1900 4558 1984 proximis

2627 1988 2873 2065 verbis,
2918 1987 3029 2052 ubi
3072 1987 3215 2051 Deo
3258 1986 3575 2051 iustitiam
3624 1987 3946 2064 tribuens,
3993 1992 4185 2052 suum
4233 1996 4301 2052 et
4346 1986 4558 2069 populi

2622 2073 2835 2140 scelus
2879 2072 3142 2138 fatetur.
3231 2070 3515 2138 Perinde
3567 2073 3741 2136 enim
3800 2082 3902 2138 est
3947 2094 4021 2138 ac
4065 2074 4123 2138 si
4182 2072 4458 2138 dixisset
4497 2093 4560 2138 se

2621 2160 2854 2225 merito
2921 2180 3164 2241 poenas
3230 2158 3413 2222 dare:
3484 2157 3636 2241 quia
3698 2158 3910 2224 Deum
3977 2161 4220 2224 iustum
4289 2159 4560 2224 iudicem

2620 2246 2821 2310 nimis
2866 2245 2980 2309 diu
3038 2244 3503 2327 provocaverit.
3593 2243 3738 2308 Iam
3801 2246 3955 2327 quia
4013 2266 4240 2310 veram
4299 2245 4559 2328 resipis·

2621 2332 2905 2397 centiam
2950 2329 3170 2396 verbis
3217 2351 3373 2413 prae
3415 2351 3485 2394 se
3542 2331 3668 2394 fert
3711 2329 4005 2409 Pharao,
4065 2332 4372 2417 colligere
4416 2331 4560 2399 hinc

2621 2418 2770 2484 licet
2814 2438 2943 2483 non
2990 2416 3190 2481 tribui
3240 2417 3379 2481 Deo
3433 2417 3766 2498 integrum
3826 2418 4113 2482 iustitiae
4167 2416 4481 2483 honorem
4523 2437 4560 2481 a

2619 2501 3083 2587 peccatoribus,
3129 2502 3256 2566 nisi
3299 2523 3370 2567 se
3415 2503 3591 2585 ipsos
3638 2500 3969 2568 damnent.
4060 2501 4251 2584 Quod
4298 2525 4378 2567 eo
4424 2502 4559 2566 dili-

2622 2592 2882 2673 gentius
2943 2587 3301 2652 notandum
3369 2598 3469 2653 est
3529 2587 3684 2670 quia
3748 2590 3938 2672 pauci
4006 2604 4345 2673 reputant,
4414 2588 4560 2652 dum

2624 2686 2877 2740 reatum
2924 2675 3210 2758 effugere
3254 2684 3608 2751 conantur,
3675 2696 3745 2739 se
3802 2675 4117 2740 adversus
4161 2676 4381 2740 Deum
4427 2693 4563 2740 6666

2621 2762 3142 2827 contumeliosos.
3248 2761 3450 2843 Atqui
3512 2760 3635 2824 nisi
3693 2760 3968 2844 quisque
4021 2761 4145 2825 sibi
4204 2761 4292 2826 sit
4355 2761 4560 2837 iudex,

2621 2867 2696 2914 ac
2723 2851 3007 2931 ingenue
3033 2846 3270 2910 delicta
3291 2867 3410 2911 sua
3445 2846 3747 2925 fateatur,
3780 2844 3907 2911 Dei
3940 2847 4174 2913 iudicio
4197 2848 4563 2928 obstrepere

2624 2944 2880 3000 certum
2938 2944 3056 2997 est.
3148 2932 3442 2997 Tandem
3500 2930 3580 2996 ad
3650 2931 4176 3016 deprecationem
4240 2933 4561 3017 confugit:

2626 3020 2692 3086 in
2742 3040 2872 3103 qua
2907 3019 3138 3084 Mosen
3183 3029 3251 3083 et
3286 3016 3620 3084 Israelitas
3663 3018 3784 3084 sibi
3832 3027 4139 3103 patronos
4182 3041 4326 3086 6666
4370 3027 4562 3103 optat.

2623 3108 2683 3171 N
2687 3129 2770 3171 on
2821 3106 3062 3188 absque
3098 3105 3265 3184 dolo,
3301 3104 3538 3170 fateor:
3585 3103 3764 3191 (quia
3799 3126 4059 3189 semper
4095 3106 4340 3189 duplici
4377 3103 4564 3171 corde

2620 3202 2780 3259 sunt
2823 3189 3231 3278 hypocritae)
3278 3201 3531 3256 certum
3577 3202 3801 3256 tamen
3846 3201 3962 3272 est,
4008 3193 4162 3275 quia
4196 3193 4394 3257 malis
4432 3202 4565 3256 erat

2621 3278 2960 3356 attonitus,
3007 3297 3232 3361 pacem
3277 3277 3629 3360 quaesiisse
3667 3297 3815 3343 cum
3841 3279 4014 3344 Deo:
4061 3300 4146 3344 ne
4191 3276 4561 3343 rebellando

2619 3385 2828 3432 novas
2892 3363 3227 3448 graviores
3306 3383 3549 3447 poenas
3639 3362 3762 3429 sibi
3853 3373 4233 3431 accerseret.
4349 3360 4562 3430 Simul

2621 3461 2840 3517 autem
2886 3470 2962 3516 ac
3007 3451 3140 3515 voti
3185 3470 3450 3532 compos
3502 3449 3735 3514 timere
3794 3448 4015 3530 desiit,
4072 3472 4156 3516 ex
4213 3451 4562 3516 securitate

2621 3537 2891 3602 emersit
2950 3537 3227 3600 interior
3289 3534 3568 3615 malitia,
3645 3557 3811 3618 quae
3878 3537 4197 3602 malorum
4263 3535 4562 3621 congerie

2623 3623 2942 3688 suffocata
3000 3620 3473 3703 quodammodo
3529 3621 3791 3687 latebat.
3881 3621 4074 3701 Quod
4121 3624 4428 3706 proxime
4468 3641 4563 3687 se-

2623 3710 2845 3793 quitur
2891 3708 3071 3772 varie
3127 3717 3468 3790 exponunt
3524 3707 3934 3790 interpretes.
4024 3709 4311 3789 Quidam
4373 3727 4564 3791 expo-

2623 3803 2795 3859 nunt
2839 3793 3161 3877 negative,
3207 3793 3379 3876 quod
3427 3813 3558 3858 non
3594 3794 3749 3872 sint,
3795 3794 3922 3875 vel,
3969 3795 4024 3861 si
4063 3815 4193 3859 non
4228 3795 4372 3860 sint
4406 3794 4567 3859 toni·

2625 3892 2802 3946 trua:
2856 3888 2921 3943 et
2982 3879 3049 3942 hi
3104 3900 3356 3962 quoque
3412 3879 3587 3944 inter
3644 3900 3715 3945 66
3773 3880 4188 3946 dissentiunt.
4279 3879 4565 3961 Quidam

2623 3965 2802 4031 enim
2838 3964 3257 4030 Pharaonem
3301 3964 3622 4048 gratulari
3665 3965 3790 4031 sibi
3835 3976 4093 4049 putant,
4136 3966 4311 4049 quod
4358 3984 4564 4031 cessa·-

2625 4053 2758 4118 rint
2800 4051 3126 4116 tonitrua:
3188 4050 3301 4116 sed
3358 4072 3468 4116 eos
3527 4052 3727 4116 nimis
3783 4073 4002 4118 crasse
4046 4052 4446 4118 hallucinari
4487 4070 4567 4115 ex

2623 4146 2935 4204 contextu
3013 4136 3235 4219 liquet.
3360 4134 3436 4203 Si
3513 4157 3671 4220 ergo
3756 4137 4201 4222 interponitur
4285 4137 4567 4222 negatiO,

2624 4244 2886 4289 necesse
2930 4231 3030 4288 est
3072 4223 3307 4288 referri
3349 4242 3717 4288 sermonem
3777 4223 3858 4289 ad
3918 4231 4183 4307 tempus
4241 4224 4566 4289 futurum:

2624 4332 2700 4376 ac
2745 4311 2801 4375 si
2860 4307 3133 4387 diceret,
3194 4307 3529 4391 praeclare
3585 4328 3806 4375 secum
3867 4319 4085 4377 actum
4146 4310 4230 4375 iri
4287 4310 4346 4376 si
4390 4310 4568 4375 Deus

2623 4394 2854 4462 sedare
2931 4394 3106 4461 volet
3182 4395 3495 4460 tonitrua.
3606 4398 3835 4478 Aeque
3913 4404 4137 4461 tamen
4213 4393 4567 4478 probabilis

2624 4483 2823 4547 etiam
2870 4490 2970 4546 est
3008 4479 3269 4546 diversa
3309 4479 3530 4547 lectio:
3577 4481 3868 4547 Multum
3912 4489 4044 4560 est,
4106 4481 4210 4547 vel
4255 4499 4569 4567 magnum

2624 4566 2794 4651 quod
2841 4567 2975 4633 sint
3017 4566 3129 4632 vel
3171 4566 3417 4632 fuerint
3460 4567 3770 4634 tonitrua.
3849 4567 3950 4634 Ac
3995 4568 4054 4633 si
4101 4565 4368 4644 diceret,
4413 4566 4568 4634 satis

2626 4673 2950 4736 superque
3013 4672 3377 4735 poenarum
3438 4674 3510 4719 se
3576 4674 3693 4737 pro
3759 4652 4044 4719 stultitia
4107 4652 4392 4720 dedisse:
4467 4650 4566 4718 vel

2625 4737 2825 4826 (quod
2861 4738 3026 4803 mihi
3067 4740 3281 4824 magis
3324 4738 3564 4827 placet)
3615 4760 3687 4805 se
3740 4738 4011 4805 horrore
4054 4739 4187 4804 iam
4233 4760 4378 4806 esse
4420 4737 4568 4804 sub-

2627 4834 2880 4901 actum,
2941 4823 3097 4889 dum
3156 4824 3470 4892 continuo
3529 4826 3788 4910 fragore
3856 4826 4134 4891 tonitrui
4200 4835 4268 4890 et
4323 4826 4567 4908 impetu

2627 4910 2972 4997 grandinis
3015 4911 3412 4994 percellitur.
3500 4911 3786 4977 Videtur
3843 4911 4020 4976 enim
4069 4931 4258 4978 suam
4301 4930 4567 4977 conver·

2626 4999 2877 5065 sionem
2935 4997 3211 5080 probare
3266 4997 3466 5062 velle:
3523 4997 3680 5080 quia
3738 4996 4041 5064 horribili
4095 4998 4223 5063 Dei
4279 4994 4568 5080 potentia

2625 5084 2840 5151 victus
2879 5081 2987 5148 sit.

2802 5168 2907 5234 29.
2959 5168 3133 5232 Tunc
3166 5167 3331 5232 dixit
3367 5165 3595 5234 Moses.
3661 5167 3746 5233 In
3790 5169 3915 5236 hoc
3957 5190 4273 5253 responso
4314 5168 4568 5251 oblique

2629 5254 3001 5322 subindicat
3041 5253 3280 5331 Moses,
3324 5260 3402 5318 ut
3444 5274 3607 5337 pure
3650 5261 3717 5319 et
3760 5256 3887 5320 rite
3927 5255 4147 5321 Deum
4191 5255 4469 5334 invocet,
4503 5272 4570 5316 se

2633 5343 2858 5425 fugere
2901 5347 3323 5422 conspectum
3369 5339 3765 5407 Pharaonis:
3833 5341 3988 5425 quia
4044 5340 4357 5409 sacrificia
4416 5359 4567 5424 quo-
