4867 6150
561 414 692 481 463
1962 414 2479 490 SECUNDUM
2520 413 3167 482 PRAECEP'PUM.
4424 413 4536 483 464

566 604 800 669 cubitis
837 624 948 669 eos
969 603 1485 689 circumscripsit
1509 603 1747 685 Moses,
1793 626 1970 670 nunc
1992 603 2257 671 modum
2297 616 2515 671 osten-

568 688 721 754 dere
781 688 1243 771 dimensionis,
1303 712 1428 773 quo
1486 691 1637 756 lites
1697 712 1925 756 omnes
1983 690 2286 769 dirimat,
2346 713 2513 775 quae

567 776 821 841 moveri
865 786 1168 860 poterant
1210 798 1249 842 a
1293 775 1609 841 finitimis.
1701 776 1896 843 Certe
1941 798 2144 860 quum
2189 777 2363 843 idem
2409 778 2511 844 bis

565 869 851 944 repetat,
894 862 1212 947 posterior
1255 883 1488 928 versus
1533 873 1796 928 tantum
1855 863 2094 946 prioris
2161 863 2511 948 explicatio

565 956 684 1013 est.
754 946 1129 1013 Absurdum
1163 949 1385 1031 itaque
1422 956 1613 1029 esset,
1658 957 1999 1032 postquam
2037 948 2214 1014 mille
2259 949 2512 1016 cubitos

563 1032 814 1116 posuit,
875 1034 1100 1100 statim
1158 1032 1491 1117 duplicare
1549 1056 1917 1101 numerum.
2021 1034 2293 1120 Optime
2353 1056 2510 1101 vero

564 1119 942 1196 conveniet,
1002 1119 1473 1186 dimensionem
1535 1120 1706 1187 hanc
1751 1121 1924 1187 sumi
1969 1143 2084 1204 per
2143 1122 2508 1187 circuitum.

563 1204 738 1270 Nam
782 1205 837 1271 si
881 1205 1079 1271 ducas
1122 1205 1474 1284 circulum,
1521 1217 1588 1271 et
1629 1227 1670 1272 a
1711 1214 1939 1272 centro
1997 1207 2242 1273 lineam
2287 1207 2511 1273 trahas

565 1289 646 1354 ad
671 1290 1280 1369 circumferentiam,
1320 1292 1515 1359 totius
1551 1292 2114 1359 circumferentiae
2151 1294 2232 1359 ad
2268 1293 2510 1359 lineam

563 1375 746 1441 illam
793 1376 1066 1459 decupla
1110 1378 1237 1443 erit
1281 1378 1492 1461 portio
1539 1378 1644 1443 vel
1688 1380 1976 1445 circiter:
2020 1400 2199 1446 nunc
2236 1382 2291 1444 si
2336 1400 2511 1444 com-

562 1482 751 1546 pares
796 1472 1098 1546 quartam
1159 1474 1412 1546 partem
1463 1463 1675 1529 lineae
1731 1463 2067 1531 circularis
2130 1487 2282 1530 cum
2333 1473 2515 1531 recta

561 1548 677 1613 illa
721 1548 896 1614 linea
932 1570 1099 1632 quae
1134 1548 1215 1613 ad
1252 1556 1550 1617 centrum
1591 1549 1818 1629 tendit,
1856 1551 2286 1634 sesquialtera
2327 1559 2512 1635 parte

565 1634 692 1700 erit
736 1636 959 1700 maior.
1048 1635 1243 1717 Quod
1288 1637 1344 1702 si
1407 1635 1554 1702 urbi
1613 1636 1945 1720 relinquas
2002 1637 2179 1702 mille
2237 1637 2511 1716 cubitoS,

566 1719 665 1786 bis
701 1719 880 1786 mille
917 1719 1118 1787 cubiti
1154 1721 1221 1786 in
1246 1723 1586 1804 quaternis
1610 1723 1907 1805 partibus
1927 1722 2510 1801 circumferentiae,

559 1805 1051 1889 respondebunt
1085 1807 1261 1872 mille
1297 1807 1533 1874 cubitis
1579 1810 1659 1873 ab
1706 1809 1864 1874 urbe
1910 1808 1991 1874 ad
2039 1808 2331 1893 singulos
2378 1819 2512 1874 ter-

562 1893 777 1959 minos
820 1914 1071 1959 versus.
1161 1892 1450 1972 Deinde,
1498 1915 1614 1977 pro
1659 1894 2007 1977 aequitatis
2051 1895 2278 1978 regula
2325 1915 2509 1978 prae-

563 1977 906 2052 scribitur,
954 1986 1029 2044 ut
1072 1980 1286 2045 minor
1329 1979 1434 2045 vel
1480 1982 1690 2046 maior
1734 2002 2049 2046 numerus
2097 1981 2355 2057 urbium
2400 2002 2511 2045 su-

561 2074 781 2130 matur
846 2063 1205 2131 secundum
1275 2065 1778 2148 amplitudinem
1859 2066 2125 2133 ditionis
2190 2067 2510 2149 cuiusque

561 2151 788 2217 tribus.
877 2150 1048 2217 Nam
1094 2151 1291 2217 sicuti
1347 2152 1417 2216 in
1478 2172 1678 2217 censu
1745 2173 1821 2219 ac
1878 2152 2123 2219 tributo
2175 2163 2510 2236 spectatur

560 2235 873 2320 cuiusque
918 2238 1212 2313 facultas,
1257 2239 1352 2302 ita
1395 2244 1651 2303 rectum
1688 2238 1810 2303 fuit
1844 2238 2052 2304 tribus
2088 2238 2385 2323 singulas
2422 2261 2508 2304 ex

561 2342 679 2388 sua
725 2322 911 2406 copia
954 2321 1277 2405 aequabili
1321 2322 1516 2389 modo
1560 2323 1879 2390 conferre.
1950 2322 2140 2406 Quod
2187 2323 2269 2389 ad
2316 2325 2508 2390 urbes

560 2407 833 2492 refugii,
896 2408 1190 2491 pluribus
1251 2427 1428 2473 nune
1472 2429 1798 2492 exponere
1851 2409 2244 2494 supersedeo
2297 2411 2509 2492 qualis

562 2513 786 2558 earum
832 2493 1117 2560 conditio
1160 2494 1383 2572 fuerit,
1429 2496 1583 2578 quia
1627 2496 1919 2578 pertinet
1963 2517 2039 2562 ea
2082 2517 2188 2561 res
2233 2496 2317 2561 ad
2361 2519 2508 2563 sex-

560 2590 706 2644 tum
728 2590 1185 2662 praeceptum:
1222 2580 1437 2647 solum
1461 2582 1902 2660 observemus,
1940 2583 2215 2647 miseros
2249 2582 2510 2649 exsules

561 2663 712 2729 fidei
759 2665 1156 2731 Levitarum
1202 2667 1584 2732 commissos
1629 2689 1791 2745 esse,
1839 2690 1961 2752 quo
2006 2669 2294 2734 sanctior
2337 2676 2512 2734 esset

561 2749 875 2817 custodia.
943 2751 1201 2818 Deinde
1237 2751 1571 2836 probabile
1607 2753 1749 2831 fuit,
1795 2754 1909 2836 qui
1952 2774 2285 2819 sacrorum
2321 2762 2515 2819 erant

561 2837 913 2916 antistites,
971 2858 1081 2903 eos
1139 2837 1276 2903 fore
1327 2839 1561 2921 probos
1620 2839 1867 2906 iudices
1926 2860 2001 2905 ac
2058 2840 2378 2906 sinceros:
2441 2851 2515 2906 ut

560 2944 693 2988 non
740 2923 1080 2990 ambitiose
1123 2944 1244 2990 nec
1287 2923 1521 2989 leviter
1565 2926 1833 3007 quosvis
1878 2925 2336 3005 admitterent,
2397 2927 2513 2992 sed

558 3028 759 3077 causa
801 3008 968 3076 bene
1011 3018 1369 3095 perspecta,
1417 3018 1677 3076 tantum
1721 3013 2017 3079 insontes
2062 3020 2426 3078 tuerentur.

1120 3352 1251 3418 EX
1295 3352 1355 3418 N
1358 3353 1646 3420 UMER.
1693 3355 1959 3422 XVIII.

739 3524 796 3589 1.
843 3522 934 3589 Et
965 3524 1134 3589 dixit
1167 3524 1398 3590 IeItova
1433 3527 1519 3591 ad
1552 3525 1852 3592 Aharou:
1903 3528 2004 3593 Tu
2046 3533 2103 3593 et
2140 3529 2269 3609 filii
2308 3530 2422 3606 tui,
2460 3535 2519 3595 et

563 3611 785 3677 domus
824 3610 1036 3695 pato-is
1077 3611 1173 3675 tui
1225 3615 1454 3687 tecum,
1502 3613 1845 3692 portabitis
1899 3614 2297 3696 iniquitatem
2337 3636 2518 3682 sanc-

565 3697 797 3762 tuarii:
863 3702 934 3761 tu
976 3715 1214 3778 quoque
1251 3701 1308 3761 et
1346 3697 1476 3778 filii
1517 3698 1617 3763 tui
1656 3704 1852 3764 tecum
1898 3700 2235 3780 portabitis
2278 3703 2517 3784 iniqui-

564 3787 748 3847 tatem
790 3782 1119 3849 sacerdotii
1161 3784 1369 3847 vestri.
1458 3784 1520 3849 2.
1565 3781 1656 3849 Et
1695 3786 1884 3850 etiam
1921 3785 2157 3867 fratres
2202 3793 2360 3867 tuos,
2402 3790 2516 3854 tri-

563 3867 934 3943 bumLevi‚
994 3868 1657 3956 mbumpatristui,
1711 3872 1996 3937 accedere
2046 3870 2516 3953 facadte,et

562 3953 943 4020 adhaereant
982 3952 1099 4018 tibi
1113 4004 1128 4029 ‚
1169 3954 1642 4036 ministr-eatque
1695 3955 1842 4022 tibi.-
1899 3963 1968 4022 tu
2022 3963 2227 4024 autem
2283 3965 2340 4025 et
2386 3959 2516 4042 filii

562 4042 658 4105 tui
700 4046 895 4107 tecum
937 4039 1185 4106 stabitis
1226 4059 1437 4108 coram
1478 4041 1867 4108 tabernaculo
1907 4045 2261 4112 testimonii.
2325 4046 2387 4112 3.
2426 4045 2516 4111 Et

562 4126 906 4192 custodient
945 4126 1291 4192 custodiam
1331 4132 1507 4192 tuam
1522 4177 1538 4204 ‚
1596 4133 1653 4192 et
1692 4129 2042 4195 custodiam
2083 4131 2273 4197 totius
2316 4133 2514 4198 taber-

566 4212 819 4278 naculi.-
860 4216 1283 4279 verumtamen
1317 4213 1404 4278 ad
1444 4233 1604 4279 vasa
1646 4216 1999 4280 sanctitatis
2015 4266 2030 4294 ,
2074 4223 2134 4282 et
2187 4218 2273 4282 ad
2315 4218 2518 4284 altare

564 4318 688 4362 nou
727 4299 1024 4377 accedent,
1067 4319 1142 4364 ne
1181 4300 1540 4364 moriantur
1579 4304 1712 4364 tam
1745 4301 1878 4383 ipsi
1910 4321 2101 4384 quam
2135 4323 2258 4368 vos.
2328 4305 2389 4369 4.
2427 4298 2518 4369 Et

562 4382 982 4449 adhaerebunt
1037 4383 1151 4448 tibi
1169 4435 1183 4461 ‚
1243 4389 1301 4449 et
1357 4386 1703 4451 custodient
1742 4387 2095 4453 custodiam
2134 4388 2517 4457 tabernaculi

562 4469 977 4534 conventionis
1032 4469 1121 4535 ad
1174 4490 1411 4536 omnem
1467 4471 1704 4537 cultum
1750 4471 2157 4540 tabernaculi:
2223 4482 2517 4541 externus

565 4558 773 4619 autem
814 4574 935 4620 non
994 4556 1228 4622 accedet
1283 4557 1369 4621 ad
1409 4576 1534 4623 vos,
1624 4557 1683 4623 5.
1747 4557 2119 4625 Custodietis
2172 4561 2372 4644 iyitur
2413 4582 2517 4627 cu-

562 4640 835 4706 stodiam
886 4643 1267 4720 sanctuarii,
1328 4662 1405 4707 ne
1459 4644 1546 4709 sit
1588 4643 1849 4726 posthac
1899 4627 2250 4729 indiynbtio
2304 4653 2516 4714 contra

559 4724 732 4808 filios
755 4725 982 4791 Israel.
1050 4727 1110 4791 6.
1157 4727 1296 4810 Eyo
1328 4731 1499 4795 enim
1532 4750 1675 4808 ecce,
1721 4731 1965 4812 sumpsi
2003 4732 2237 4814 fratres
2279 4739 2517 4801 vestros

563 4812 822 4877 Levitas
861 4832 894 4877 e
949 4814 1150 4879 medio
1203 4813 1484 4894 filiorum
1528 4814 1738 4882 Israel
1789 4817 1965 4882 vobis
2028 4818 2262 4885 donum
2316 4821 2515 4901 datos,

560 4896 827 4964 Iebovae
857 4900 927 4963 ut
959 4900 1312 4964 ministrent
1344 4900 1414 4964 in
1456 4902 1626 4967 cultu
1657 4902 2049 4969 tabernaculi
2081 4907 2514 4972 conventionis.

564 4985 623 5051 7.
677 4984 779 5049 Tu
822 4988 1029 5049 autem
1072 4990 1131 5050 ct
1167 4984 1292 5064 filii
1335 4986 1431 5050 tui
1474 4993 1669 5052 tecum
1710 4989 2067 5056 custodietis
2099 4992 2516 5059 sacerdotium

559 5075 831 5137 vestrum
875 5071 945 5137 in
985 5071 1154 5137 omni
1196 5071 1439 5136 ratione
1481 5073 1737 5150 altaris,
1794 5079 1851 5141 et
1890 5076 2066 5142 intra
2107 5079 2313 5143 velum
2349 5099 2518 5143 exse-

561 5157 844 5239 quemini
907 5157 1361 5224 ministerium:
1421 5178 1658 5225 munus
1720 5160 1865 5227 dedi
1929 5164 2262 5229 sacerdotii
2325 5164 2516 5243 vobis,

561 5245 772 5325 itaque
814 5249 1152 5311 extraneus
1195 5242 1307 5325 qui
1350 5244 1585 5310 accedet
1626 5247 1941 5312 morietur.

3132 603 3266 669 EX
3312 603 3642 670 EODEM
3688 604 4047 670 CAPITE.

2787 776 2890 841 22.
2942 775 3156 858 Neque
3197 777 3481 843 accedent
3509 776 3776 856 posthac
3813 775 3942 857 filii
3987 775 4198 842 Israel
4240 778 4323 842 ad
4361 778 4535 844 taber-

2614 861 2906 929 nacubum
2958 863 3366 928 consecutionis
3384 915 3399 938 ,
3458 868 3529 927 ut
3569 867 3817 944 portent
3868 863 4259 944 iniquitatem
4309 863 4390 929 ad
4425 884 4535 929 nw-

2613 948 2918 1014 ricndum.
3008 948 3111 1014 23.
3166 947 3288 1015 Sed
3333 948 3462 1031 ipsi
3508 947 3763 1014 Levitae
3812 948 4046 1030 facient
4085 969 4243 1032 opus
4282 949 4533 1015 taberna-

2613 1035 2742 1102 culi
2784 1035 3198 1102 conventionis
3214 1085 3230 1111 ,
3277 1038 3332 1098 et
3373 1034 3507 1115 ipsi
3537 1034 3876 1115 portabunt
3925 1035 4320 1117 iniquitatem
4370 1055 4535 1102 suam

2614 1125 2838 1188 statuto
2868 1125 3170 1202 perpetuo
3201 1140 3322 1202 per
3358 1122 3785 1203 yeneratioues
3823 1126 4080 1188 vestras.

2791 1292 2846 1357 1.
2895 1292 2986 1357 Et
3024 1292 3191 1358 dixit
3234 1291 3465 1358 Iehova
3504 1293 3589 1358 ad
3631 1291 3913 1373 Aharon,
3964 1291 4063 1357 Tu
4105 1297 4161 1359 et
4198 1293 4343 1375 filii.
4406 1291 4534 1360 Hae

2614 1380 3049 1445 obtestatione
3108 1378 3289 1443 Deus
3344 1377 3715 1444 sacerdotes
3779 1378 4108 1459 stimulat,
4176 1387 4251 1444 ut
4306 1398 4543 1444 summa

2615 1465 2743 1531 fide
2801 1475 2866 1531 et
2923 1464 3139 1530 studio
3196 1463 3265 1529 in
3320 1464 3607 1530 officium
3665 1465 4067 1530 incumbant.
4157 1465 4541 1532 Pronunciat

2615 1554 2825 1631 enim,
2879 1551 2936 1615 si
2991 1548 3151 1634 quid
3207 1571 3395 1616 secus
3446 1547 3807 1616 admissum
3852 1550 4051 1616 fuerit
4094 1572 4288 1635 quam
4332 1550 4543 1635 religio

2615 1638 2915 1720 postulet,
2954 1636 3132 1721 ipsos
3165 1636 3302 1701 fore
3340 1657 3504 1702 reos.
3573 1636 3908 1703 Dicuntur
3942 1637 4121 1702 enim
4143 1636 4541 1720 iniquitatem

2613 1723 2974 1790 sanctuarii
3015 1729 3280 1807 portare
3326 1723 3439 1805 qui
3484 1721 3747 1807 culpam
3793 1735 3858 1788 et
3914 1744 4192 1807 poenam
4260 1722 4542 1805 pollutio-

2614 1830 2777 1874 num
2852 1809 3146 1874 omnium
3227 1808 3573 1873 sustinent.
3686 1807 4157 1874 sanctuarium
4234 1810 4315 1875 ab
4379 1808 4540 1874 omni

2613 1895 2872 1960 macula
2917 1904 2982 1960 et
3024 1895 3182 1960 vitio
3226 1914 3462 1976 purum
3509 1896 3759 1959 servari
3793 1895 4055 1961 volebat
4099 1896 4303 1973 Deus,
4346 1914 4538 1961 sacer-

2615 1980 2776 2046 dotii
2822 2002 3076 2065 quoque
3121 1980 3409 2064 dignitas
3454 1992 3630 2046 caste
3674 1994 3740 2045 et
3782 2002 3947 2064 pure
4002 1980 4351 2046 retinenda
4395 1986 4537 2045 erat.

2613 2065 2804 2133 Onus
2840 2088 2997 2152 ergo
3032 2087 3233 2151 grave
3272 2066 3655 2148 impositum
3691 2067 3812 2131 fuit
3845 2066 4314 2144 sacerdotibus,
4359 2087 4543 2150 quum

2614 2175 2692 2219 ea
2733 2153 2878 2239 lege
2922 2151 3238 2235 praefecti
3272 2161 3431 2217 sunt
3463 2172 3796 2218 sacrorum
3834 2152 4154 2230 custodes,
4202 2162 4281 2218 ut
4315 2153 4372 2221 si
4406 2149 4544 2235 quid

2613 2259 2956 2322 perperam
3003 2248 3224 2304 actum
3269 2247 3474 2316 esset,
3522 2259 3767 2322 poenae
3812 2247 4032 2304 essent
4074 2238 4376 2318 obnoxii,
4410 2237 4545 2321 quia

2614 2325 2942 2391 residebat
2996 2325 3070 2390 in
3127 2324 3287 2408 ipsis
3343 2324 3564 2408 culpa:
3635 2324 3905 2408 perinde
3963 2346 4039 2392 ac
4096 2326 4153 2391 si
4216 2325 4398 2390 Deus
4452 2323 4544 2388 vel

2614 2413 2819 2478 solam
2844 2410 3314 2495 negligentiam
3351 2410 3679 2494 sacrilegii
3714 2411 3927 2476 instar
3961 2412 4098 2476 fore
4135 2411 4399 2477 diceret.
4452 2408 4546 2474 Ita

2616 2498 2887 2563 minime
2952 2495 3318 2563 invidiosus
3384 2518 3527 2562 esse
3595 2495 3818 2561 debuit
3888 2496 4103 2562 honor
4167 2517 4322 2562 cum
4379 2504 4547 2561 tanta

2618 2583 2999 2649 difficultate
3058 2589 3126 2647 et
3177 2582 3469 2666 periculo
3526 2582 3933 2649 coniunctus.
4024 2582 4383 2649 Caeterum
4436 2581 4545 2647 hoc

2618 2669 2810 2734 modo
2855 2668 3199 2735 admonuit
3242 2667 3461 2749 Deus,
3518 2669 3687 2734 ritus
3744 2669 3987 2753 legales
4032 2690 4162 2736 non
4208 2669 4382 2735 levis
4424 2687 4546 2733 mo-

2617 2755 2823 2820 menti
2869 2776 3044 2833 esse,
3103 2774 3303 2838 quum
3362 2764 3495 2819 tam
3541 2775 3811 2821 severus
3856 2765 4028 2821 esset
4072 2755 4372 2821 omnium
4416 2774 4547 2837 pro·

2618 2840 3028 2908 fanationum
3072 2841 3267 2907 ultor.
3356 2840 3534 2908 Hinc
3601 2842 3776 2906 enim
3834 2840 4054 2925 colligi
4093 2840 4290 2908 facile
4334 2839 4546 2925 potuit,

2621 2926 2864 3010 aliquid
2901 2927 3093 3011 longe
3128 2925 3578 3004 excellentius,
3617 2936 3685 2993 et
3718 2928 3985 2992 omnino
4021 2927 4302 2994 coeleste
4339 2927 4406 2992 in
4434 2924 4549 2991 illis

2622 3014 2903 3080 terrenis
2946 3013 3286 3079 elementis
3322 3011 3765 3097 quaerendum
3803 3034 3965 3080 esse.
4030 3013 4178 3081 Hoc
4215 3013 4417 3081 etiam
4450 3032 4550 3096 per

2621 3121 2965 3185 anagogen
3008 3107 3176 3166 tecte
3222 3098 3617 3165 transfertur
3661 3100 3744 3166 ad
3788 3121 4014 3166 omnes
4046 3108 4378 3185 pastores:
4422 3097 4549 3182 qui·

2620 3185 2744 3252 bus
2766 3184 3012 3251 crimen
3038 3186 3273 3252 merito
3298 3186 3680 3268 imputatur,
3719 3186 3778 3251 si
3814 3186 4047 3252 vitiata
4079 3187 4284 3252 fuerit
4317 3184 4551 3270 religio,

2621 3279 2689 3338 et
2732 3272 2950 3339 cultus
3001 3271 3129 3337 Dei
3172 3273 3518 3351 sanctitas,
3573 3274 3630 3338 si
3676 3272 3929 3357 puritas
3987 3269 4328 3339 doctrinae
4372 3270 4553 3337 fuerit

2622 3372 2959 3439 corrupta,
3018 3357 3076 3423 si
3117 3379 3350 3424 eversa
3391 3358 3619 3441 populi
3675 3360 3884 3425 salus:
3940 3380 4221 3442 quorum
4276 3357 4553 3424 omnium

2621 3464 2780 3510 cura
2820 3443 2952 3509 illis
2993 3443 3294 3511 iniuncta
3336 3452 3453 3509 est.

2791 3530 2851 3595 2.
2918 3528 3009 3596 Ec
3052 3530 3258 3606 ¹etiam
3307 3530 3547 3612 fratres
3609 3535 3763 3597 tuos.
3889 3530 4020 3598 Hic
4085 3550 4241 3597 suas
4310 3526 4552 3595 Levitis

2619 3622 2838 3699 partes
2873 3616 3190 3694 attribuit,
3228 3627 3302 3681 ut
3336 3616 3713 3682 ministrent
3754 3617 3881 3699 ipsi
3915 3637 4190 3701 quoque,
4229 3614 4350 3682 sed
4383 3610 4554 3698 quasi

2619 3701 2742 3769 sub
2785 3723 2986 3768 manu
3032 3702 3482 3769 sacerdotum:
3528 3723 3766 3787 nempe
3813 3712 3883 3768 ut
3927 3723 4154 3768 eorum
4202 3698 4553 3787 praeceptis

2618 3795 2954 3872 regantur.
3042 3787 3146 3853 Ita
3190 3789 3509 3854 autoritas
3552 3809 3753 3872 penes
3798 3788 4166 3857 sacerdotes
4213 3798 4391 3868 erat,
4437 3786 4552 3852 Le·

2616 3876 2795 3940 vitae
2854 3885 3076 3939 autem
3134 3873 3266 3940 illis
3323 3894 3586 3958 operam
3642 3897 3830 3941 suam
3886 3875 4332 3959 praestabant.
4420 3871 4551 3937 Hac

2617 3961 2873 4025 ratione
2917 3959 3348 4042 prohibentur
3393 3959 3473 4025 ab
3510 3982 3777 4027 accessu
3814 3962 4058 4039 altaris,
4104 3969 4171 4026 et
4208 3955 4553 4027 sanctuarii

2619 4047 2883 4112 maioris
2926 4046 3259 4129 ingressu:
3306 4045 3589 4130 denique
3632 4046 3907 4113 inferior
3949 4047 4080 4113 illis
4116 4046 4366 4132 gradus
4409 4041 4552 4109 assi-

2617 4139 2878 4216 gnatur,
2924 4141 2991 4197 et
3031 4130 3284 4199 medius
3327 4133 3502 4198 inter
3544 4133 3914 4201 sacerdotes
3957 4143 4023 4199 et
4057 4133 4396 4217 populum.
4461 4128 4559 4195 Ex

2618 4240 2748 4301 quo
2794 4217 3131 4284 discebant
3173 4240 3402 4285 omnes
3439 4240 3634 4303 quam
3676 4229 4057 4286 reverenter
4090 4217 4369 4285 colenda
4401 4221 4555 4283 esset

2621 4304 2748 4370 Dei
2791 4306 3115 4370 maiestas.
3207 4303 3357 4370 Etsi
3411 4306 3588 4371 enim
3649 4314 3859 4371 totum
3918 4305 4237 4392 populum
4301 4302 4555 4385 adopta·

2621 4399 2807 4455 verat
2853 4388 3064 4468 Deus,
3112 4389 3273 4456 adeo
3318 4403 3539 4457 tamen
3587 4390 3686 4458 fas
3731 4414 3860 4458 non
3908 4401 4046 4457 erat
4090 4388 4487 4476 quibuslibet
4523 4406 4554 4450 e

2622 4475 2820 4560 vulgo
2867 4476 2948 4541 ad
2995 4476 3200 4542 altare
3244 4486 3625 4561 penetrare,
3670 4489 3743 4543 ut
3786 4477 3941 4544 inde
3985 4478 4094 4543 lex
4139 4485 4395 4545 arceret
4437 4474 4552 4541 Le·

2621 4563 2821 4642 vitas,
2885 4563 2997 4646 qui
3063 4573 3287 4628 tamen
3352 4564 3716 4647 peculiares
3793 4573 3984 4629 erant
4049 4563 4177 4630 Dei
4259 4558 4549 4628 ministri.

2618 4648 2828 4714 Porro
2870 4649 2939 4713 in
2985 4649 3109 4714 hac
3147 4650 3363 4733 figura
3419 4651 3852 4735 perspicimus
3910 4671 4108 4734 quam
4163 4646 4552 4715 necessarius

2619 4736 2709 4800 sit
2754 4735 2942 4800 nobis
2987 4735 3338 4816 mediator,
3397 4736 3509 4820 qui
3568 4737 3755 4803 nobis
3799 4737 4082 4822 gratiam
4127 4735 4305 4820 apud
4352 4735 4553 4827 Donni

2619 4821 2941 4887 conciliet.
3029 4821 3200 4887 Nam
3246 4824 3303 4886 si
3347 4834 3572 4887 sancto
3611 4832 3679 4887 et
3722 4822 3926 4888 electo
3974 4821 4279 4887 Abrahae
4334 4817 4551 4887 semim

2618 4904 2701 4972 ad
2727 4907 3072 4972 umbratile
3097 4907 3460 4974 sacrarium
3495 4907 3800 4975 accedere
3836 4929 3970 4973 non
4006 4907 4210 4984 licuit,
4247 4902 4553 4990 quomodo

2623 5013 2776 5069 nos,
2837 4993 2950 5077 qui
2994 4994 3291 5058 extranei
3337 5014 3632 5072 eramus,
3700 4992 3894 5060 hodie
3950 5005 4448 5078 penetraremus
4487 4988 4552 5052 in

2621 5078 2893 5156 coelum,
2933 5078 3061 5144 nisi
3097 5099 3393 5145 accessus
3432 5100 3548 5161 per
3571 5080 3917 5146 Christum
3955 5080 4141 5146 nobis
4183 5069 4549 5163 patefieret?

2622 5163 2974 5230 Caeterum
3019 5185 3224 5248 quum
3282 5172 3459 5231 vetat
3516 5174 3827 5232 externos
3883 5166 4088 5233 sacris
4141 5186 4213 5231 se
4275 5163 4548 5233 miseere.

2623 5271 2754 5314 non
2793 5249 3196 5334 alienigenas
3220 5250 3414 5316 modo
3450 5251 3779 5338 intelligit,
3818 5253 3932 5319 sed
3969 5272 4196 5318 omnes
4231 5272 4270 5316 e
4304 5244 4549 5334 populo,

2623 5345 2896 5420 excepta
2954 5337 3131 5402 tribu
3190 5337 3380 5403 Levi.
3484 5338 3617 5406 Hic
3674 5337 3849 5405 enim
3911 5337 4244 5406 distinctio
4304 5334 4553 5420 ponitur
