4867 6150
357 447 487 516 505

353 646 462 705 est
503 660 536 705 s
582 638 772 704 iritus
815 637 1117 703 afflictus.
1206 636 1345 703 Nec
1382 658 1535 703 vero
1582 637 1896 703 convenit
1940 637 2066 702 Dei
2115 636 2307 704 mise·

351 659 644 791 ricerdis.
681 724 843 808 erigi
888 723 1015 790 nisi
1071 731 1452 807 prostratos,
1510 723 1618 788 vel
1679 722 1966 798 absolvi,
2012 721 2140 787 nisi
2193 723 2310 807 qui

357 831 434 878 se
479 810 657 896 ipsos
713 808 889 875 ultro
953 809 1370 874 damnarunt.
1476 808 1631 875 Huc
1682 808 1897 874 tendit
1957 806 2308 874 verborum

359 896 733 982 congeries:
800 892 1241 962 Confitebitnr
1305 914 1535 960 omnes
1599 894 2015 978 iniquitates,
2080 912 2309 960 omnes

358 980 989 1068 praevaricationes,
1033 988 1099 1047 et
1145 983 1367 1046 omnia
1413 987 1707 1064 peccata:
1757 1001 1841 1046 ne
1885 979 2121 1045 leviter
2164 989 2308 1044 tan·

359 1077 508 1136 tum
552 1078 620 1135 et
664 1066 1067 1134 defunctorie
1110 1075 1473 1150 agnoscant
1514 1065 1739 1133 fideles
1783 1088 1853 1132 se
1901 1086 2122 1133 coram
2166 1064 2310 1131 Deo

360 1175 540 1233 reos,
599 1152 718 1219 sed
778 1152 995 1237 potius
1054 1150 1177 1219 sub
1241 1152 1564 1217 scelerum
1629 1152 1956 1237 gravitate
2018 1158 2308 1236 gemant.

357 1240 507 1307 Iam
550 1240 702 1322 qnia
742 1239 815 1304 in
860 1237 1124 1306 Christo
1166 1245 1386 1304 certus
1430 1237 1569 1304 dies
1602 1238 1673 1302 in
1724 1259 1900 1304 anno
1947 1238 2310 1321 praescrip-

359 1338 472 1393 tus
513 1346 650 1391 non
693 1332 824 1404 est,
860 1324 932 1389 in
967 1345 1094 1408 quo
1127 1322 1399 1390 ecclesia
1438 1323 1695 1391 solenni
1739 1324 1876 1390 ritu
1921 1323 2312 1389 confiteatur

360 1432 480 1480 sua
521 1421 803 1497 peccata,
844 1410 1100 1477 discant
1141 1408 1401 1488 fideles,
1444 1409 1700 1494 quoties
1742 1410 1815 1475 in
1871 1409 2138 1476 nomine
2179 1407 2312 1474 Dei

359 1498 787 1577 conveniunt,
831 1494 1218 1581 suppliciter
1250 1494 1331 1559 ad
1356 1498 1617 1562 veniam
1657 1494 2152 1580 deprecandam,
2198 1513 2311 1561 vo-

357 1585 686 1651 luntariae
731 1582 1135 1649 damnationi
1175 1602 1245 1646 se
1281 1582 1618 1661 subiicere,
1657 1603 1733 1648 ac
1778 1581 1837 1647 si
1871 1581 2144 1665 spiritus
2178 1579 2312 1646 Dei

359 1671 639 1737 formam
674 1667 982 1735 dictaret:
1027 1665 1226 1734 simul
1276 1667 1360 1733 ad
1397 1666 1674 1734 eandem
1709 1667 1980 1751 quisque
2014 1665 2312 1752 regulam

359 1755 668 1842 privatim
713 1775 785 1820 se
826 1754 1082 1820 formet.

534 1841 639 1907 26.
706 1840 832 1923 Qui
887 1860 1028 1905 vero
1081 1839 1428 1907 deduxerit.
1520 1838 1852 1921 Quoniam
1916 1838 2142 1905 hircus
2198 1837 2312 1904 ille

361 1932 659 2013 κάθαρμα
692 1933 838 1992 erat
869 1926 1006 1991 irae
1028 1924 1157 1991 Dei
1192 1933 1260 1991 et
1293 1923 1741 1992 maledictioni
1769 1925 2095 2006 devotum,
2131 1923 2311 1990 iube-

361 2022 470 2080 tur
504 2013 618 2097 qui
661 2011 850 2077 illum
895 2010 1273 2090 deduxerit,
1319 2031 1552 2094 corpus
1587 2031 1781 2078 suum
1825 2020 1892 2076 et
1936 2020 2153 2077 vestes
2196 2010 2311 2077 ab·

358 2099 559 2180 luere,
596 2120 672 2165 ac
707 2098 766 2164 si
799 2095 943 2163 labe
979 2106 1150 2163 esset
1187 2097 1674 2179 coinquinatus:
1711 2116 1842 2179 quo
1877 2096 2172 2182 symbolo
2203 2094 2311 2162 ad·

359 2186 591 2252 moniti
649 2185 919 2250 fuerunt
971 2181 1197 2249 fideles
1240 2191 1641 2266 quantopere
1696 2181 2094 2249 detestabilis
2140 2190 2312 2249 esset

359 2294 481 2339 sua
527 2269 843 2353 iniquitas
859 2318 876 2350 ,
935 2289 1061 2351 quo
1115 2271 1325 2353 magis
1369 2288 1444 2335 ac
1497 2269 1712 2353 magis
1771 2268 2311 2335 exhorrescerent

360 2358 616 2442 quoties
643 2354 1041 2441 reputabant
1061 2354 1214 2439 quid
1241 2361 1465 2420 essent
1484 2354 1843 2436 promeriti.
1901 2354 2075 2420 Nam
2109 2374 2307 2439 quum

358 2444 692 2510 hominem
759 2439 1062 2506 viderent
1128 2462 1169 2506 a
1231 2439 1462 2507 castris
1525 2439 1857 2523 prohiberi
1875 2488 1890 2516 ,
1956 2440 2112 2523 quia
2173 2440 2310 2507 solo

356 2529 539 2681 33¹³
573 2526 1087 2698 mmm
1114 2526 1745 2679 fffifflfflssffeln
1762 2525 1970 2678 1222?
1971 2547 2311 2679 ἒὲἕῗὲῗ

498 2666 516 2695 5

354 2702 535 2786 ipsos
551 2748 568 2777 ,
629 2699 743 2783 qui
806 2696 1292 2763 immunditiem
1357 2717 1491 2763 non
1557 2697 1822 2766 aliunde
1886 2705 2308 2779 contractam,

354 2786 472 2856 sed
519 2785 786 2871 propria
819 2783 1013 2868 culpa
1059 2784 1406 2851 conflatam
1443 2783 1514 2848 in
1548 2805 1618 2850 se
1653 2783 2018 2868 gestabant.
2054 2782 2310 2849 Eadem

356 2881 459 2940 est
500 2874 642 2939 eius
683 2870 854 2937 ratio
898 2870 1007 2952 qni
1042 2869 1283 2953 pellem
1317 2876 1384 2935 et
1417 2888 1647 2936 carnes
1681 2877 1749 2935 et
1782 2870 2012 2935 fimum
2046 2870 2309 2936 iuvenci

331 2971 426 3026 ·et
466 2958 634 3025 hirci
677 2956 1140 3024 combusserat.
1228 2954 1407 3021 Alibi
1452 2953 1737 3022 vidimus
1793 2955 2101 3039 reliquias
2157 2955 2308 3022 illas

355 3053 547 3112 extra
589 3049 806 3111 castra
845 3041 1048 3109 fnisse
1085 3039 1336 3108 delatas
1381 3040 1449 3106 in
1495 3041 1552 3108 si
1647 3062 1760 3108 nm
1790 3040 2305 3109 abominationis.

356 3136 580 3215 Atque
638 3130 763 3196 hac
805 3129 879 3194 in
932 3135 1120 3212 parte
1173 3127 1416 3194 clarius
1472 3149 1545 3193 re
1579 3127 1758 3212 ulget
1812 3127 2308 3195 inaestimabilis

355 3217 611 3285 Christi
653 3236 813 3300 erga
854 3234 976 3281 nos
1019 3234 1236 3292 amor,
1280 3212 1395 3296 qui
1434 3214 1618 3280 exire
1660 3213 1741 3280 ab
1783 3213 1949 3279 urbe
1991 3222 2306 3299 gravatus

353 3324 487 3370 non
530 3312 651 3383 est,
691 3312 771 3368 ut
812 3301 1002 3367 fieret
1041 3320 1162 3384 pro
1205 3298 1393 3365 nobis
1433 3300 1990 3379 reiectamentum‚
2042 3320 2119 3368 ac
2167 3321 2307 3365 ma-

355 3388 768 3456 ledictionem
806 3387 998 3452 nobis
1040 3384 1327 3452 debitam
1363 3384 1628 3451 subiret.

527 3474 634 3541 29.
687 3471 957 3554 Eritque
995 3472 1169 3539 vobis
1211 3474 1283 3536 iu
1323 3475 1627 3537 statutum·
1656 3476 2054 3553 perpetuum.
2109 3470 2306 3539 Nunc

355 3562 622 3630 demum
665 3559 1055 3642 exprimitur
1092 3557 1231 3625 dies
1272 3555 1384 3622 ille
1427 3553 1721 3641 publicae
1770 3557 2195 3641 expiationis,
2239 3565 2308 3623 et

350 3648 645 3715 breviter
687 3644 1038 3729 attingitur
1078 3643 1347 3711 afflictio
1385 3643 1776 3722 animarum,
1812 3644 2001 3710 cuius
2047 3643 2305 3728 plenior

352 3736 436 3801 fit
489 3732 738 3799 mentio
791 3730 897 3797 23.
955 3730 1190 3813 capite,
1248 3749 1379 3813 quo
1437 3750 1510 3795 se
1565 3728 1947 3813 diligentius
2000 3730 2072 3795 in
2132 3729 2306 3795 seria

351 3818 782 3888 meditatione
857 3815 1296 3900 poenitentiae
1370 3824 1752 3893 exerceant,
1817 3835 1941 3881 nec
2005 3814 2306 3882 dubitent

353 3925 512 3975 vere
577 3926 650 3971 se
709 3923 927 3971 coram
985 3901 1131 3967 Deo
1194 3901 1498 3986 purgari,
1564 3900 2021 3967 sacramentali
2080 3910 2305 3969 tamen

349 3990 547 4059 modo
561 4043 577 4072 ,
633 4009 871 4073 nempe
927 3996 1005 4053 ut
1058 3985 1470 4055 caeremonia
1524 3993 1800 4052 externa
1854 3986 2122 4072 signum
2180 3989 2307 4054 mi·

352 4079 533 4146 nime
589 4075 790 4142 fallax
845 4080 1022 4141 esset
1088 4074 1230 4141 eius
1291 4073 1719 4157 expiationis,
1784 4093 1916 4155 qua
1972 4073 2177 4141 semel
2233 4074 2302 4139 in

348 4161 766 4250 plenitudine
809 4159 1127 4244 temporis
1169 4157 1562 4226 conciliandi
1605 4165 1795 4226 erant
1836 4157 1999 4225 Deo.
2070 4160 2305 4244 Itaque

350 4250 653 4336 pluribus
688 4245 907 4316 verbis
960 4245 1247 4313 inculcat
1303 4244 1524 4311 Moses
1582 4244 1921 4328 proprium
1981 4245 2107 4312 hoc
2162 4265 2305 4314 esse

349 4334 711 4404 sacerdotis
754 4352 1026 4398 munus:
1073 4352 1201 4414 quo
1244 4331 1457 4415 elogio
1499 4330 1780 4414 gratiam
1822 4329 2030 4397 futuri
2066 4330 2307 4397 media-

353 4422 516 4489 toris
558 4418 1006 4498 commendat,
1061 4427 1140 4483 ut
1176 4416 1259 4484 ad
1295 4437 1444 4483 cum
1482 4437 1689 4482 unum
1724 4413 1969 4501 dirigat
2010 4417 2307 4484 fidelium

348 4514 628 4576 mentes.

1130 4845 1436 4914 LEVIT.
1483 4845 1538 4911 Ι.

533 5025 591 5091 1.
651 5020 906 5089 Vocavit
954 5024 1160 5085 autem
1203 5017 1443 5096 Mosen,
1508 5021 1568 5083 et
1611 5016 1902 5099 loquutus
1943 5023 2032 5083 est
2075 5017 2309 5086 lehova

350 5132 498 5181 cun
553 5131 621 5176 eo
673 5130 707 5176 e
1205 5102 1638 5183 conventionis,
1704 5103 1995 5170 dicendo.-
2078 5104 2138 5169 2.
2185 5104 2308 5171 Lo-

355 5219 545 5282 quere
581 5197 669 5262 ad
704 5193 874 5276 filios
910 5190 1143 5271 Israel,
1186 5197 1242 5257 et
1282 5190 1384 5255 dic
1425 5188 1591 5256 illis.-
1632 5188 1833 5254 Homo
1854 5210 2060 5272 quum
2102 5191 2309 5273 offeret

355 5305 438 5350 ex
480 5282 653 5351 vobis
694 5278 1060 5346 oblationem
1095 5276 1388 5343 Iehovae:
1430 5294 1507 5339 ea:
1543 5275 1945 5354 animalibus,
1989 5297 2066 5342 m:
2099 5275 2304 5356 bobus,

353 5375 414 5437 et
454 5390 534 5437 ex
563 5363 914 5450 pecudibus
955 5364 1226 5446 offeretis
1256 5360 1632 5428 oblationem.
1678 5361 1737 5428 3.
1777 5360 1855 5428 Si
1887 5361 2306 5430 holocaustum

1775 447 2290 516 SECUNDUM
2330 446 2980 515 PRAEOEPTUM.

4224 456 4355 522 506

2409 635 2632 704 oblatio
2688 637 2826 703 eius
2874 634 3071 718 fuerit
3111 656 3188 702 m:
3227 635 3445 717 bobus,
3499 638 3846 705 masculum
3885 641 4355 710 inmaculatum

2410 723 2651 805 offeret.-
2703 723 2790 789 ad
2829 722 3054 788 ostium
3096 721 3483 790 taberuncidi
3524 727 3938 794 conventionis
3970 728 4175 810 offeret
4213 750 4356 797 em

2395 828 2523 890 pro
2566 809 2768 874 animi
2795 809 3119 892 proposito
3159 809 3229 873 in
3268 815 3585 891 conspectu
3626 809 3905 877 lehovae.
4012 812 4071 880 4„
4116 813 4205 881 Et
4244 815 4358 883 ad·

2406 892 2666 961 movebit
2703 913 2963 960 manum
3002 914 3189 960 suam
3241 913 3437 976 super
3489 902 3677 979 caput
3724 895 4096 966 holocausti.-
4149 905 4206 967 et
4255 922 4357 969 ac-

2406 980 2810 1080 ceptum-erit
2837 1000 2964 1063 pro
3005 980 3146 1063 ipso
3188 981 3274 1047 ad
3317 1000 3459 1046 eum
3490 982 3892 1064 aptandum.
3948 983 4009 1051 5.
4050 985 4359 1054 Mactabit

2409 1070 2617 1132 autem
2656 1086 2980 1133 iuvencum
3021 1067 3094 1130 in
3133 1072 3451 1147 conspectu
3497 1066 3772 1147 IeJtovae,
3829 1073 3886 1135 et
3938 1071 4189 1153 offerent
4224 1072 4354 1156 filii

2410 1149 2675 1218 Aharon
2732 1151 3077 1218 sacerdotes
3125 1153 3521 1236 sanquinem,
3580 1175 3655 1222 ac
3708 1161 4003 1239 spument
4042 1156 4223 1224 illm
4284 1159 4353 1225 in

2409 1238 2678 1304 circuitu
2719 1257 2910 1321 super
2964 1237 3163 1302 altare
3203 1239 3365 1320 quod
3407 1240 3529 1305 erit
3568 1240 3654 1305 ad
3695 1241 3929 1306 ostium
3969 1242 4356 1311 tabernaculi

2410 1323 2843 1389 conventionis.
2900 1323 2961 1389 6.
2999 1321 3089 1388 Et
3119 1324 3456 1390 excoriabit
3487 1324 3926 1405 holocaustum,
3971 1331 4355 1413 coneidetque

2409 1409 2484 1508 iu
2520 1408 2734 1490 fni-sta
2774 1429 2913 1475 sua.
3005 1408 3061 1474 7.
3112 1407 3468 1509 Pouentque
3515 1409 3644 1492 lilii
3697 1411 3963 1512 4haron
4016 1417 4322 1483 sacerdot‘

2414 1580 2475 1647 8.
2523 1514 2879 1680 Postsuffl·
2901 1494 3394 1682 ἷξζῖιέαάήῗῑς
3434 1497 4088 1652 ΑΙιανωῑιὝαῖενᾱοιω
4120 1534 4353 1669 frusta²2

2411 1671 2599 1750 eaput
2612 1718 2629 1746 ,
2673 1671 2728 1731 et
2770 1668 3019 1748 adipem
3032 1718 3050 1746 ,
3103 1687 3296 1750 super
3334 1667 3509 1752 liqna
3548 1670 4033 1753 superimposita
4074 1674 4210 1757 iqui
4242 1675 4354 1756 qui

2414 1756 2505 1817 est
2546 1772 2736 1834 super
2790 1752 3007 1819 altare.
3096 1753 3155 1818 9.
3215 1752 3527 1820 Intestina
3579 1761 3785 1822 autem
3842 1757 3978 1822 eius
4041 1763 4098 1823 et
4159 1779 4355 1826 crura

2414 1837 2649 1904 lavabit
2687 1858 2875 1921 aqua,
2920 1843 2977 1904 et
3016 1838 3277 1906 adolebit
3316 1841 3604 1907 sacerdos
3644 1842 3855 1908 omnia
3895 1862 4086 1925 super
4126 1845 4355 1912 altare.-

2410 1923 2835 1991 holoeaustum
2876 1930 2983 2003 est,
3041 1924 3262 1991 oblatio
3303 1925 3506 2010 iynita
3548 1927 3756 1993 odoris
3797 1930 4025 2010 quietis
4069 1930 4348 1998 Iehovae.

2414 2010 2517 2077 10.
2569 2009 2745 2092 Quod
2785 2011 2847 2076 si
2887 2010 2964 2076 de
2993 2009 3341 2093 pecudibus
3375 2012 3580 2094 fuerit
3618 2012 3844 2080 oblatio
3886 2014 4051 2094 eius,
4106 2017 4183 2083 de
4225 2018 4354 2083 ovi-

2410 2095 2544 2170 bus,
2592 2095 2688 2161 vel
2726 2096 2803 2162 de
2843 2098 3058 2178 capris
3097 2099 3169 2163 iu
3209 2096 3625 2164 holocaustum
3640 2150 3657 2181 ,
3714 2100 4066 2167 masculum
4126 2103 4349 2168 imma-

2410 2181 2687 2248 culatum
2727 2182 2936 2264 offeret
2974 2203 3149 2248 eum.-
3237 2183 3338 2250 11.
3384 2182 3802 2268 Mactabitque
3842 2184 4010 2253 illud
4050 2188 4138 2254 ad
4178 2188 4352 2254 latus

2410 2267 2640 2334 altaris
2680 2267 2766 2333 ad
2806 2267 3156 2351 aquilonem
3196 2269 3269 2334 in
3308 2276 3625 2354 conspectu
3669 2271 3961 2338 Iehovae:
4025 2279 4350 2357 sparyent-

2410 2374 2530 2436 que
2567 2352 2696 2436 filii
2737 2352 3008 2421 Aharou
3048 2356 3391 2422 sacerdotes
3429 2356 3801 2440 sanquinem
3843 2359 3983 2424 eius
4023 2377 4212 2441 super
4257 2360 4352 2426 al-

2408 2446 2544 2505 tare
2584 2440 2655 2504 in
2695 2439 2980 2505 circuitu.
3073 2441 3173 2506 12.
3219 2440 3312 2508 Et
3351 2442 3620 2509 concidet
3659 2462 3798 2508 eum
3839 2444 3912 2509 iu
3949 2444 4167 2527 frusta
4209 2465 4348 2525 sua,

2410 2530 2467 2592 et
2497 2529 2685 2606 eaput
2699 2526 2868 2625 eius,
2914 2528 2970 2590 et
3003 2527 3252 2627 adspergi
3286 2528 3452 2627 eius.-
3479 2528 3921 2628 ‚ordirtabitque
3954 2549 4029 2595 ea
4062 2531 4352 2598 sacerdos

2417 2697 2516 2762 13.
2560 2695 2650 2762 Et
2663 2611 2989 2796 Imm
3044 2703 3102 2764 et
3139 2719 3330 2798 crura
3352 2621 3836 2783 awa-qast&
3888 2616 4352 2785 offerdqzeuagg'.

2409 2783 2622 2850 cerdos
2677 2802 2905 2862 omma,
2961 2783 3339 2867 adolebitque
3389 2805 3581 2867 super
3634 2786 3869 2852 altare.-
3928 2785 4351 2855 holocaustum

2410 2874 2520 2948 est,
2562 2867 2784 2934 oblatio
2822 2868 3025 2952 iynita
3063 2870 3274 2936 odoris
3312 2872 3541 2954 quietis
3584 2869 3864 2937 Iehovae.
3967 2874 4067 2938 14.
4116 2872 4194 2939 Si
4236 2895 4352 2939 au-

2412 2960 2533 3021 tem
2575 2955 2652 3023 de
2692 2952 2916 3019 avibus
2953 2955 3152 3038 fuerit
3191 2955 3626 3036 holocaustum,
3670 2955 3891 3024 oblatio
3930 2958 4140 3040 ipsius
4176 2957 4352 3025 Ieko-

2411 3061 2554 3120 vae,
2622 3045 2753 3106 tum
2807 3039 3014 3123 offeret
3066 3040 3144 3107 de
3183 3040 3534 3109 turturibus
3574 3047 3687 3109 aut
3726 3043 3804 3110 de
3844 3042 4146 3112 columbis
4185 3044 4349 3112 obla-

2408 3129 2638 3194 tionem
2690 3147 2891 3193 suam.
2998 3126 3097 3193 15.
3156 3127 3248 3192 Et
3307 3129 3517 3211 offeret
3575 3126 3757 3194 alam
3816 3130 4105 3197 sacerdos
4157 3151 4350 3213 super

2410 3214 2630 3290 altare,
2673 3215 2730 3278 et
2769 3231 2973 3296 unque
3005 3212 3232 3279 secabit
3270 3219 3458 3296 caput
3495 3215 3735 3298 ipsius.-
3775 3221 3834 3281 et
3862 3214 4127 3283 adolebit
4157 3237 4351 3299 super

2407 3299 2626 3379 altare,
2668 3297 3167 3381 exprimeturque
3204 3300 3470 3385 sanquis
3509 3300 3647 3367 eius
3684 3321 3874 3385 super
3910 3302 4218 3386 parietem
4258 3303 4352 3370 al-

2406 3385 2586 3449 turis.
2677 3384 2778 3450 16.
2833 3383 2922 3448 Et
2974 3384 3300 3485 removebit
3348 3385 3680 3453 vesiculam
3734 3388 3874 3454 eius
3934 3407 4078 3455 cum
4119 3389 4349 3473 pluma

2406 3489 3214 3657 ἕξιαιΐᾶωξῗὲπενίεωῃ.
3256 3555 3353 3643 ‚Et
3387 3492 3595 3640 W
3623 3473 3996 3626 efflemancvz
4029 3560 4154 3627 alis
4190 3562 4347 3642 suis,

2403 3661 2600 3724 neque
2638 3641 2904 3723 dividet,
2966 3641 3344 3726 adolebitque
3381 3663 3521 3710 eam
3561 3645 3848 3712 sacerdos
3889 3666 4079 3728 super
4128 3645 4344 3728 altare,

2403 3747 2627 3880 {gigo
2670 3748 3011 3897 maguae
3048 3728 3521 3896 fueggdssupler
3560 3732 3730 3814 ἐφη.-
3785 3730 4206 3800 holocaustum
4258 3737 4348 3799 est

2580 3984 2637 4050 1.
2699 3983 2952 4052 Vocavit
2989 3991 3197 4051 autem
3240 3984 3478 4053 Mosen.
3562 3988 3693 4053 His
3736 3995 3984 4073 septem
4028 3989 4347 4073 capitibus

2406 4068 2806 4156 generaliter
2853 4068 2933 4136 de
2975 4071 3312 4138 sacrificiis
3356 4071 3630 4140 disseret
3675 4072 3911 4141 Moses.
4016 4073 4347 4156 Quoniam

2406 4165 2625 4223 autem
2673 4156 2881 4222 multa
2927 4157 3035 4223 hic
3080 4157 3397 4243 leguntur
3450 4180 3726 4242 quorum
3785 4181 3946 4226 usus
3988 4159 4343 4245 praeteriit,

2408 4243 2540 4309 alia
2604 4261 2882 4326 quorum
2947 4264 3055 4307 me
3118 4244 3281 4310 latet
3344 4246 3542 4321 ratio,
3619 4246 3928 4330 profiteor
3991 4266 4098 4311 me
4163 4245 4347 4313 brevi

2408 4349 2666 4394 summa
2717 4336 3097 4394 contentum
3157 4329 3323 4395 fore:
3390 4350 3474 4397 ex
3528 4352 3658 4414 qua
3713 4340 3932 4397 tamen
3986 4332 4188 4417 probe
4242 4331 4345 4395 in-

2410 4413 2715 4498 telligant
2756 4413 3032 4481 lectores
3074 4415 3386 4498 quidquid
3432 4415 3513 4482 de
3547 4416 3864 4501 legalibus
3897 4418 4127 4503 figuris
4162 4415 4349 4483 nobis

2410 4501 2709 4568 relictum
2736 4508 2854 4578 est,
2890 4498 3085 4566 hodie
3117 4521 3371 4584 qnoque
3406 4521 3550 4568 esse
3584 4503 3762 4582 utile,
3797 4502 3990 4569 modo
4026 4524 4109 4568 ne
4143 4504 4349 4570 simus

2409 4587 2687 4655 nimium
2732 4585 2991 4652 curiosi.
3063 4584 3200 4666 Qui
3241 4587 3549 4654 subtilius
3591 4588 3918 4674 allegoriis
3957 4588 4187 4654 ludere
4229 4610 4346 4655 vo-

2408 4676 2573 4752 lunt,
2641 4672 2930 4739 referant
2990 4693 3145 4738 sane
3203 4693 3397 4758 quam
3460 4682 3777 4758 appetunt
3831 4674 4124 4742 laudem:
4181 4674 4349 4740 mihi

2409 4760 2565 4845 quia
2636 4756 2804 4823 nihil
2875 4756 3057 4823 alind
3118 4759 3519 4843 propositum
3586 4768 3688 4826 est
3742 4781 3937 4843 quam
3994 4760 4348 4828 lectoribus

2410 4844 2717 4930 prodesse
2736 4894 2751 4924 ,
2797 4863 2962 4928 quae
3005 4845 3274 4929 cognitu
3308 4843 3494 4911 utilia
3529 4844 3800 4928 duxero,
3845 4846 4134 4913 breviter
4171 4844 4349 4913 colli-

2409 4950 2565 5017 gere
2608 4929 2904 4996 sufficiet.
2992 4929 3200 4996 Porro
3245 4930 3369 4998 hoc
3408 4929 3622 5016 capite
3666 4933 3788 4998 etsi
3833 4930 3914 4996 de
3956 4930 4348 4997 holocaustis

2409 5026 2670 5084 tantum
2709 5015 3065 5095 disseritur,
3111 5037 3276 5100 quae
3321 5023 3540 5083 tamen
3587 5017 3666 5083 de
3709 5018 3840 5084 illis
3927 5015 4350 5083 raescribitur

2406 5101 2638 5188 regula
2691 5100 2887 5167 latius
2942 5108 3153 5185 patet:
3218 5101 3479 5186 quando
3542 5104 3805 5186 quidem
3919 5097 4062 5168 ocet
4127 5102 4348 5167 Moses

2405 5207 2726 5273 quaenam
2773 5187 3085 5253 animalia
3149 5186 3275 5254 sibi
3317 5189 3538 5254 offerri
3582 5189 3744 5255 velit
3787 5187 3970 5254 Deus
4026 5194 4105 5252 ut
4159 5197 4350 5272 grata

2404 5273 2661 5353 habeat,
2708 5272 2944 5339 deinde
2987 5294 3104 5357 per
3146 5294 3340 5357 quem
3375 5274 3707 5340 offerenda
3740 5275 3894 5353 sint,
3930 5283 3997 5339 et
4032 5294 4157 5357 quo
4192 5274 4344 5339 ritu.

2406 5362 2569 5427 'l'res
2614 5368 2832 5425 autem
2877 5360 3124 5442 species
3180 5368 3541 5439 enumerat,
3586 5382 3668 5426 ex
3727 5359 4062 5441 armentis,
4108 5382 4189 5427 ex
4236 5381 4348 5444 pe-
