<?xml version="1.0" encoding="UTF-8"?>
<!DOCTYPE html PUBLIC "-//W3C//DTD XHTML 1.0 Transitional//EN"
    "http://www.w3.org/TR/xhtml1/DTD/xhtml1-transitional.dtd">
<html xmlns="http://www.w3.org/1999/xhtml" xml:lang="en" lang="en">
 <head>
  <title>
</title>
<meta http-equiv="Content-Type" content="text/html;charset=utf-8" />
  <meta name='ocr-system' content='tesseract 3.04.00' />
  <meta name='ocr-capabilities' content='ocr_page ocr_carea ocr_par ocr_line ocrx_word'/>
</head>
<body>
  <div class='ocr_page' id='page_1' title='image "./ioanniscalvinio04unkngoog_0051.png"; bbox 0 0 4867 6150; ppageno 0'>
   <div class='ocr_carea' id='block_1_1' title="bbox 336 460 4356 534">
    <p class='ocr_par' dir='ltr' id='par_1_1' title="bbox 336 460 4356 534">
     <span class='ocr_line' id='line_1_1' title="bbox 336 460 4356 534; baseline 0.001 -9"><span class='ocrx_word' id='word_1_1' title='bbox 336 460 418 526; x_wconf 82' lang='lat'><strong>73</strong></span> <span class='ocrx_word' id='word_1_2' title='bbox 1535 461 2281 534; x_wconf 75' lang='lat' dir='ltr'><strong>COMMENTARIUS</strong></span> <span class='ocrx_word' id='word_1_3' title='bbox 2326 465 2429 530; x_wconf 90' lang='lat' dir='ltr'><strong>IN</strong></span> <span class='ocrx_word' id='word_1_4' title='bbox 2474 461 2774 530; x_wconf 82' lang='lat' dir='ltr'>EXODI</span> <span class='ocrx_word' id='word_1_5' title='bbox 2820 462 3018 531; x_wconf 86' lang='lat' dir='ltr'><strong>OAP.</strong></span> <span class='ocrx_word' id='word_1_6' title='bbox 3063 462 3147 530; x_wconf 87' lang='lat' dir='ltr'><strong>V.</strong></span> <span class='ocrx_word' id='word_1_7' title='bbox 4271 464 4356 530; x_wconf 82' lang='lat'><strong>74</strong></span> 
     </span>
    </p>
   </div>
   <div class='ocr_carea' id='block_1_2' title="bbox 244 651 2301 5467">
    <p class='ocr_par' dir='ltr' id='par_1_2' title="bbox 332 651 2299 821">
     <span class='ocr_line' id='line_1_2' title="bbox 332 651 2298 737; baseline -0.003 -17"><span class='ocrx_word' id='word_1_8' title='bbox 332 654 514 720; x_wconf 81' lang='lat' dir='ltr'><strong>tuari</strong></span> <span class='ocrx_word' id='word_1_9' title='bbox 550 652 710 736; x_wconf 90' lang='lat' dir='ltr'><strong>quia</strong></span> <span class='ocrx_word' id='word_1_10' title='bbox 752 653 850 718; x_wconf 89' lang='lat' dir='ltr'><strong>eis</strong></span> <span class='ocrx_word' id='word_1_11' title='bbox 892 652 1169 716; x_wconf 90' lang='lat' dir='ltr'><strong>nimium</strong></span> <span class='ocrx_word' id='word_1_12' title='bbox 1215 651 1577 737; x_wconf 79' lang='lat' dir='ltr'><strong>indulgeat.</strong></span> <span class='ocrx_word' id='word_1_13' title='bbox 1645 652 1759 720; x_wconf 85' lang='lat' dir='ltr'><strong>Sic</strong></span> <span class='ocrx_word' id='word_1_14' title='bbox 1804 664 2148 736; x_wconf 86' lang='lat' dir='ltr'><strong>postquam</strong></span> <span class='ocrx_word' id='word_1_15' title='bbox 2196 659 2298 737; x_wconf 82' lang='lat' dir='ltr'><strong>ty·</strong></span> 
     </span>
     <span class='ocr_line' id='line_1_3' title="bbox 332 738 2299 821; baseline -0.002 -16"><span class='ocrx_word' id='word_1_16' title='bbox 332 738 574 805; x_wconf 69' lang='lat' dir='ltr'><strong>tannis</strong></span> <span class='ocrx_word' id='word_1_17' title='bbox 616 739 868 804; x_wconf 86' lang='lat' dir='ltr'><strong>excidit</strong></span> <span class='ocrx_word' id='word_1_18' title='bbox 908 738 1256 821; x_wconf 87' lang='lat' dir='ltr'><strong>aequitatis</strong></span> <span class='ocrx_word' id='word_1_19' title='bbox 1301 738 1613 819; x_wconf 86' lang='lat' dir='ltr'><strong>studium,</strong></span> <span class='ocrx_word' id='word_1_20' title='bbox 1671 738 1894 803; x_wconf 91' lang='lat' dir='ltr'><strong>nullus</strong></span> <span class='ocrx_word' id='word_1_21' title='bbox 1932 750 2031 802; x_wconf 90' lang='lat' dir='ltr'><strong>est</strong></span> <span class='ocrx_word' id='word_1_22' title='bbox 2077 738 2299 819; x_wconf 90' lang='lat' dir='ltr'><strong>inique</strong></span> 
     </span>
    </p>

    <p class='ocr_par' dir='ltr' id='par_1_3' title="bbox 336 823 2301 1508">
     <span class='ocr_line' id='line_1_4' title="bbox 429 823 2300 907; baseline -0.002 -17"><span class='ocrx_word' id='word_1_23' title='bbox 429 823 582 891; x_wconf 90' lang='lat' dir='ltr'><strong>endi</strong></span> <span class='ocrx_word' id='word_1_24' title='bbox 643 824 908 903; x_wconf 88' lang='lat' dir='ltr'><strong>modus,</strong></span> <span class='ocrx_word' id='word_1_25' title='bbox 967 834 1033 889; x_wconf 92' lang='lat' dir='ltr'><strong>et</strong></span> <span class='ocrx_word' id='word_1_26' title='bbox 1085 826 1504 907; x_wconf 80' lang='lat' dir='ltr'>querimoniis</span> <span class='ocrx_word' id='word_1_27' title='bbox 1563 824 1725 890; x_wconf 90' lang='lat' dir='ltr'><strong>adeo</strong></span> <span class='ocrx_word' id='word_1_28' title='bbox 1771 845 1899 889; x_wconf 91' lang='lat' dir='ltr'><strong>non</strong></span> <span class='ocrx_word' id='word_1_29' title='bbox 1944 825 2300 889; x_wconf 89' lang='lat' dir='ltr'><strong>flectuntur</strong></span> 
     </span>
     <span class='ocr_line' id='line_1_5' title="bbox 336 847 2300 989; baseline -0.003 -10"><span class='ocrx_word' id='word_1_30' title='bbox 336 847 429 979; x_wconf 52' lang='grc' dir='ltr'><strong>ἒξ</strong></span> <span class='ocrx_word' id='word_1_31' title='bbox 474 910 1008 989; x_wconf 89' lang='lat' dir='ltr'><strong>misericordiam,</strong></span> <span class='ocrx_word' id='word_1_32' title='bbox 1064 919 1143 975; x_wconf 90' lang='lat' dir='ltr'><strong>ut</strong></span> <span class='ocrx_word' id='word_1_33' title='bbox 1185 910 1513 977; x_wconf 77' lang='lat' dir='ltr'><strong>crudelius</strong></span> <span class='ocrx_word' id='word_1_34' title='bbox 1556 911 1970 976; x_wconf 86' lang='lat' dir='ltr'><strong>insolescant.</strong></span> <span class='ocrx_word' id='word_1_35' title='bbox 2058 909 2150 973; x_wconf 87' lang='lat' dir='ltr'><strong>Et</strong></span> <span class='ocrx_word' id='word_1_36' title='bbox 2195 909 2300 974; x_wconf 91' lang='lat' dir='ltr'><strong>his</strong></span> 
     </span>
     <span class='ocr_line' id='line_1_6' title="bbox 338 996 2301 1079; baseline -0.003 -15"><span class='ocrx_word' id='word_1_37' title='bbox 338 996 625 1064; x_wconf 81' lang='lat' dir='ltr'><strong>flabellis</strong></span> <span class='ocrx_word' id='word_1_38' title='bbox 668 1017 779 1062; x_wconf 90' lang='lat' dir='ltr'><strong>eos</strong></span> <span class='ocrx_word' id='word_1_39' title='bbox 821 996 1106 1062; x_wconf 88' lang='lat' dir='ltr'><strong>incitant</strong></span> <span class='ocrx_word' id='word_1_40' title='bbox 1168 996 1578 1073; x_wconf 79' lang='lat' dir='ltr'>adulatores,</span> <span class='ocrx_word' id='word_1_41' title='bbox 1646 1015 1983 1079; x_wconf 88' lang='lat' dir='ltr'><strong>nunquam</strong></span> <span class='ocrx_word' id='word_1_42' title='bbox 2050 996 2301 1077; x_wconf 88' lang='lat' dir='ltr'><strong>quietos</strong></span> 
     </span>
     <span class='ocr_line' id='line_1_7' title="bbox 342 1080 2296 1166; baseline -0.002 -18"><span class='ocrx_word' id='word_1_43' title='bbox 342 1084 484 1149; x_wconf 76' lang='lat' dir='ltr'><strong>fore</strong></span> <span class='ocrx_word' id='word_1_44' title='bbox 549 1081 843 1148; x_wconf 89' lang='lat' dir='ltr'><strong>subditos</strong></span> <span class='ocrx_word' id='word_1_45' title='bbox 903 1082 1032 1147; x_wconf 90' lang='lat' dir='ltr'><strong>nisi</strong></span> <span class='ocrx_word' id='word_1_46' title='bbox 1098 1083 1219 1147; x_wconf 92' lang='lat' dir='ltr'><strong>sub</strong></span> <span class='ocrx_word' id='word_1_47' title='bbox 1276 1103 1548 1147; x_wconf 92' lang='lat' dir='ltr'><strong>onerum</strong></span> <span class='ocrx_word' id='word_1_48' title='bbox 1595 1082 1919 1166; x_wconf 88' lang='lat' dir='ltr'><strong>gravitate</strong></span> <span class='ocrx_word' id='word_1_49' title='bbox 1963 1080 2296 1146; x_wconf 89' lang='lat' dir='ltr'><strong>deficiant:</strong></span> 
     </span>
     <span class='ocr_line' id='line_1_8' title="bbox 344 1166 2298 1252; baseline -0.003 -17"><span class='ocrx_word' id='word_1_50' title='bbox 344 1169 673 1252; x_wconf 85' lang='lat' dir='ltr'><strong>optimum</strong></span> <span class='ocrx_word' id='word_1_51' title='bbox 715 1169 837 1234; x_wconf 90' lang='lat' dir='ltr'><strong>hoc</strong></span> <span class='ocrx_word' id='word_1_52' title='bbox 881 1189 1024 1234; x_wconf 90' lang='lat' dir='ltr'><strong>esse</strong></span> <span class='ocrx_word' id='word_1_53' title='bbox 1069 1166 1451 1233; x_wconf 89' lang='lat' dir='ltr'><strong>dominandi</strong></span> <span class='ocrx_word' id='word_1_54' title='bbox 1496 1168 1982 1252; x_wconf 79' lang='lat' dir='ltr'><strong>compendium,</strong></span> <span class='ocrx_word' id='word_1_55' title='bbox 2051 1167 2145 1232; x_wconf 89' lang='lat' dir='ltr'><strong>sic</strong></span> <span class='ocrx_word' id='word_1_56' title='bbox 2188 1184 2298 1231; x_wconf 92' lang='lat' dir='ltr'><strong>eos</strong></span> 
     </span>
     <span class='ocr_line' id='line_1_9' title="bbox 346 1252 2297 1338; baseline -0.003 -17"><span class='ocrx_word' id='word_1_57' title='bbox 346 1254 719 1338; x_wconf 82' lang='lat' dir='ltr'>opprimere</span> <span class='ocrx_word' id='word_1_58' title='bbox 773 1267 847 1319; x_wconf 91' lang='lat' dir='ltr'><strong>ut</strong></span> <span class='ocrx_word' id='word_1_59' title='bbox 902 1275 988 1318; x_wconf 88' lang='lat' dir='ltr'><strong>ne</strong></span> <span class='ocrx_word' id='word_1_60' title='bbox 1047 1253 1303 1320; x_wconf 76' lang='lat' dir='ltr'>hiscere</span> <span class='ocrx_word' id='word_1_61' title='bbox 1361 1253 1619 1337; x_wconf 88' lang='lat' dir='ltr'><strong>quidem</strong></span> <span class='ocrx_word' id='word_1_62' title='bbox 1667 1254 1984 1319; x_wconf 87' lang='lat' dir='ltr'><strong>audeant:</strong></span> <span class='ocrx_word' id='word_1_63' title='bbox 2054 1254 2113 1318; x_wconf 88' lang='lat' dir='ltr'><strong>si</strong></span> <span class='ocrx_word' id='word_1_64' title='bbox 2171 1252 2297 1316; x_wconf 85' lang='lat' dir='ltr'><strong>fre-</strong></span> 
     </span>
     <span class='ocr_line' id='line_1_10' title="bbox 346 1337 2295 1423; baseline -0.002 -18"><span class='ocrx_word' id='word_1_65' title='bbox 346 1351 536 1405; x_wconf 77' lang='lat' dir='ltr'><strong>mant</strong></span> <span class='ocrx_word' id='word_1_66' title='bbox 558 1340 664 1404; x_wconf 89' lang='lat' dir='ltr'><strong>vel</strong></span> <span class='ocrx_word' id='word_1_67' title='bbox 685 1341 1207 1415; x_wconf 90' lang='lat' dir='ltr'><strong>obmurmurent,</strong></span> <span class='ocrx_word' id='word_1_68' title='bbox 1246 1340 1476 1405; x_wconf 89' lang='lat' dir='ltr'><strong>durius</strong></span> <span class='ocrx_word' id='word_1_69' title='bbox 1513 1361 1656 1405; x_wconf 84' lang='lat' dir='ltr'><strong>esse</strong></span> <span class='ocrx_word' id='word_1_70' title='bbox 1690 1338 2038 1423; x_wconf 86' lang='lat' dir='ltr'><strong>urgendos.</strong></span> <span class='ocrx_word' id='word_1_71' title='bbox 2075 1348 2148 1403; x_wconf 90' lang='lat' dir='ltr'><strong>ut</strong></span> <span class='ocrx_word' id='word_1_72' title='bbox 2183 1337 2295 1402; x_wconf 87' lang='lat' dir='ltr'><strong>ob·</strong></span> 
     </span>
     <span class='ocr_line' id='line_1_11' title="bbox 348 1423 2295 1508; baseline -0.001 -17"><span class='ocrx_word' id='word_1_73' title='bbox 348 1426 705 1492; x_wconf 82' lang='lat' dir='ltr'><strong>durescant</strong></span> <span class='ocrx_word' id='word_1_74' title='bbox 746 1425 827 1489; x_wconf 88' lang='lat' dir='ltr'><strong>ad</strong></span> <span class='ocrx_word' id='word_1_75' title='bbox 874 1427 1282 1505; x_wconf 88' lang='lat' dir='ltr'><strong>servitutem,</strong></span> <span class='ocrx_word' id='word_1_76' title='bbox 1329 1426 1515 1508; x_wconf 87' lang='lat' dir='ltr'><strong>quasi</strong></span> <span class='ocrx_word' id='word_1_77' title='bbox 1555 1436 1888 1491; x_wconf 84' lang='lat' dir='ltr'><strong>contracto</strong></span> <span class='ocrx_word' id='word_1_78' title='bbox 1927 1424 2113 1491; x_wconf 90' lang='lat' dir='ltr'><strong>callo.</strong></span> <span class='ocrx_word' id='word_1_79' title='bbox 2159 1423 2295 1489; x_wconf 90' lang='lat' dir='ltr'><strong>Ita-</strong></span> 
     </span>
    </p>

    <p class='ocr_par' dir='ltr' id='par_1_4' title="bbox 393 1510 2300 1585">
     <span class='ocr_line' id='line_1_12' title="bbox 393 1510 2300 1585; baseline -0.002 -9"><span class='ocrx_word' id='word_1_80' title='bbox 393 1533 475 1576; x_wconf 91' lang='lat' dir='ltr'><strong>ue</strong></span> <span class='ocrx_word' id='word_1_81' title='bbox 520 1512 687 1576; x_wconf 86' lang='lat' dir='ltr'>nihil</span> <span class='ocrx_word' id='word_1_82' title='bbox 746 1512 1006 1575; x_wconf 89' lang='lat' dir='ltr'><strong>iniuriis</strong></span> <span class='ocrx_word' id='word_1_83' title='bbox 1061 1522 1128 1576; x_wconf 92' lang='lat' dir='ltr'><strong>et</strong></span> <span class='ocrx_word' id='word_1_84' title='bbox 1185 1512 1598 1577; x_wconf 88' lang='lat' dir='ltr'><strong>contumeliis</strong></span> <span class='ocrx_word' id='word_1_85' title='bbox 1642 1512 1888 1577; x_wconf 87' lang='lat' dir='ltr'><strong>faciunt</strong></span> <span class='ocrx_word' id='word_1_86' title='bbox 1940 1510 2300 1585; x_wconf 89' lang='lat' dir='ltr'><strong>residuum,</strong></span> 
     </span>
    </p>

    <p class='ocr_par' dir='ltr' id='par_1_5' title="bbox 341 1596 2301 2711">
     <span class='ocr_line' id='line_1_13' title="bbox 433 1596 2296 1681; baseline -0.001 -20"><span class='ocrx_word' id='word_1_87' title='bbox 433 1618 555 1663; x_wconf 90' lang='lat' dir='ltr'><strong>nec</strong></span> <span class='ocrx_word' id='word_1_88' title='bbox 618 1598 881 1681; x_wconf 90' lang='lat' dir='ltr'><strong>penitus</strong></span> <span class='ocrx_word' id='word_1_89' title='bbox 940 1598 1183 1661; x_wconf 90' lang='lat' dir='ltr'><strong>misera</strong></span> <span class='ocrx_word' id='word_1_90' title='bbox 1239 1596 1420 1679; x_wconf 90' lang='lat' dir='ltr'><strong>plebs</strong></span> <span class='ocrx_word' id='word_1_91' title='bbox 1464 1598 1894 1664; x_wconf 76' lang='lat' dir='ltr'><strong>succubuerit.</strong></span> <span class='ocrx_word' id='word_1_92' title='bbox 1986 1596 2296 1661; x_wconf 87' lang='lat' dir='ltr'><strong>Petulan-</strong></span> 
     </span>
     <span class='ocr_line' id='line_1_14' title="bbox 345 1681 2301 1767; baseline -0.002 -19"><span class='ocrx_word' id='word_1_93' title='bbox 345 1684 482 1749; x_wconf 89' lang='lat' dir='ltr'><strong>tius</strong></span> <span class='ocrx_word' id='word_1_94' title='bbox 546 1683 783 1748; x_wconf 90' lang='lat' dir='ltr'><strong>deinde</strong></span> <span class='ocrx_word' id='word_1_95' title='bbox 846 1683 1138 1760; x_wconf 89' lang='lat' dir='ltr'><strong>insultat,</strong></span> <span class='ocrx_word' id='word_1_96' title='bbox 1204 1704 1401 1766; x_wconf 88' lang='lat' dir='ltr'><strong>quum</strong></span> <span class='ocrx_word' id='word_1_97' title='bbox 1469 1704 1539 1749; x_wconf 90' lang='lat' dir='ltr'><strong>se</strong></span> <span class='ocrx_word' id='word_1_98' title='bbox 1607 1684 1757 1767; x_wconf 88' lang='lat' dir='ltr'><strong>plus</strong></span> <span class='ocrx_word' id='word_1_99' title='bbox 1814 1704 2083 1749; x_wconf 89' lang='lat' dir='ltr'><strong>onerum</strong></span> <span class='ocrx_word' id='word_1_100' title='bbox 2144 1681 2301 1746; x_wconf 90' lang='lat' dir='ltr'><strong>dicit</strong></span> 
     </span>
     <span class='ocr_line' id='line_1_15' title="bbox 343 1766 2297 1852; baseline -0.002 -18"><span class='ocrx_word' id='word_1_101' title='bbox 343 1770 703 1852; x_wconf 88' lang='lat' dir='ltr'><strong>imponere,</strong></span> <span class='ocrx_word' id='word_1_102' title='bbox 746 1789 830 1833; x_wconf 92' lang='lat' dir='ltr'><strong>ne</strong></span> <span class='ocrx_word' id='word_1_103' title='bbox 865 1769 1200 1834; x_wconf 88' lang='lat' dir='ltr'><strong>confidant</strong></span> <span class='ocrx_word' id='word_1_104' title='bbox 1224 1768 1438 1834; x_wconf 91' lang='lat' dir='ltr'><strong>verbis</strong></span> <span class='ocrx_word' id='word_1_105' title='bbox 1468 1768 1907 1836; x_wconf 87' lang='lat' dir='ltr'><strong>mendacibus.</strong></span> <span class='ocrx_word' id='word_1_106' title='bbox 1955 1766 2297 1849; x_wconf 81' lang='lat' dir='ltr'><strong>Quaenam</strong></span> 
     </span>
     <span class='ocr_line' id='line_1_16' title="bbox 345 1852 2296 1938; baseline -0.002 -17"><span class='ocrx_word' id='word_1_107' title='bbox 345 1876 506 1921; x_wconf 87' lang='lat' dir='ltr'><strong>vero</strong></span> <span class='ocrx_word' id='word_1_108' title='bbox 551 1855 667 1919; x_wconf 93' lang='lat' dir='ltr'><strong>illa</strong></span> <span class='ocrx_word' id='word_1_109' title='bbox 709 1865 887 1929; x_wconf 90' lang='lat' dir='ltr'><strong>sunt,</strong></span> <span class='ocrx_word' id='word_1_110' title='bbox 934 1855 1060 1920; x_wconf 90' lang='lat' dir='ltr'><strong>nisi</strong></span> <span class='ocrx_word' id='word_1_111' title='bbox 1105 1854 1278 1938; x_wconf 91' lang='lat' dir='ltr'><strong>quod</strong></span> <span class='ocrx_word' id='word_1_112' title='bbox 1322 1854 1663 1938; x_wconf 77' lang='lat' dir='ltr'><strong>adspirant</strong></span> <span class='ocrx_word' id='word_1_113' title='bbox 1709 1855 1789 1919; x_wconf 91' lang='lat' dir='ltr'><strong>ad</strong></span> <span class='ocrx_word' id='word_1_114' title='bbox 1835 1855 2086 1921; x_wconf 86' lang='lat' dir='ltr'><strong>cultum</strong></span> <span class='ocrx_word' id='word_1_115' title='bbox 2130 1852 2296 1919; x_wconf 79' lang='lat' dir='ltr'><strong>Dei?</strong></span> 
     </span>
     <span class='ocr_line' id='line_1_17' title="bbox 344 1940 2297 2024; baseline -0.001 -18"><span class='ocrx_word' id='word_1_116' title='bbox 344 1940 532 2024; x_wconf 81' lang='lat' dir='ltr'><strong>Ergo</strong></span> <span class='ocrx_word' id='word_1_117' title='bbox 571 1961 704 2005; x_wconf 89' lang='lat' dir='ltr'><strong>una</strong></span> <span class='ocrx_word' id='word_1_118' title='bbox 737 1961 883 2005; x_wconf 90' lang='lat' dir='ltr'><strong>cum</strong></span> <span class='ocrx_word' id='word_1_119' title='bbox 923 1942 1265 2023; x_wconf 82' lang='lat' dir='ltr'><strong>tyrannico</strong></span> <span class='ocrx_word' id='word_1_120' title='bbox 1299 1940 1473 2006; x_wconf 86' lang='lat' dir='ltr'><strong>fastu</strong></span> <span class='ocrx_word' id='word_1_121' title='bbox 1511 1942 1908 2024; x_wconf 78' lang='lat' dir='ltr'><strong>impietatem</strong></span> <span class='ocrx_word' id='word_1_122' title='bbox 1935 1941 2297 2023; x_wconf 78' lang='lat' dir='ltr'><strong>despumat.</strong></span> 
     </span>
     <span class='ocr_line' id='line_1_18' title="bbox 343 2026 2300 2111; baseline -0.001 -20"><span class='ocrx_word' id='word_1_123' title='bbox 343 2026 581 2110; x_wconf 87' lang='lat' dir='ltr'><strong>Neque</strong></span> <span class='ocrx_word' id='word_1_124' title='bbox 627 2027 748 2092; x_wconf 92' lang='lat' dir='ltr'><strong>hoc</strong></span> <span class='ocrx_word' id='word_1_125' title='bbox 786 2026 997 2092; x_wconf 90' lang='lat' dir='ltr'><strong>solum</strong></span> <span class='ocrx_word' id='word_1_126' title='bbox 1035 2027 1369 2092; x_wconf 85' lang='lat' dir='ltr'><strong>Pharaoni</strong></span> <span class='ocrx_word' id='word_1_127' title='bbox 1408 2028 1810 2111; x_wconf 90' lang='lat' dir='ltr'><strong>propositum</strong></span> <span class='ocrx_word' id='word_1_128' title='bbox 1848 2028 1989 2106; x_wconf 85' lang='lat' dir='ltr'><strong>fuit,</strong></span> <span class='ocrx_word' id='word_1_129' title='bbox 2035 2046 2300 2109; x_wconf 88' lang='lat' dir='ltr'><strong>crepare</strong></span> 
     </span>
     <span class='ocr_line' id='line_1_19' title="bbox 343 2111 2299 2195; baseline -0.001 -18"><span class='ocrx_word' id='word_1_130' title='bbox 343 2112 546 2177; x_wconf 86' lang='lat' dir='ltr'><strong>talem</strong></span> <span class='ocrx_word' id='word_1_131' title='bbox 603 2111 1075 2195; x_wconf 86' lang='lat' dir='ltr'><strong>blasphemiam</strong></span> <span class='ocrx_word' id='word_1_132' title='bbox 1133 2115 1202 2176; x_wconf 91' lang='lat' dir='ltr'><strong>in</strong></span> <span class='ocrx_word' id='word_1_133' title='bbox 1249 2113 1484 2192; x_wconf 89' lang='lat' dir='ltr'><strong>Deum,</strong></span> <span class='ocrx_word' id='word_1_134' title='bbox 1545 2114 1657 2178; x_wconf 90' lang='lat' dir='ltr'><strong>sed</strong></span> <span class='ocrx_word' id='word_1_135' title='bbox 1698 2113 1988 2178; x_wconf 81' lang='lat' dir='ltr'><strong>Satanae</strong></span> <span class='ocrx_word' id='word_1_136' title='bbox 2023 2112 2299 2178; x_wconf 88' lang='lat' dir='ltr'><strong>artificio</strong></span> 
     </span>
     <span class='ocr_line' id='line_1_20' title="bbox 342 2197 2297 2282; baseline 0 -19"><span class='ocrx_word' id='word_1_137' title='bbox 342 2199 703 2282; x_wconf 83' lang='lat' dir='ltr'><strong>instigatus</strong></span> <span class='ocrx_word' id='word_1_138' title='bbox 770 2197 893 2263; x_wconf 83' lang='lat' dir='ltr'><strong>fuit</strong></span> <span class='ocrx_word' id='word_1_139' title='bbox 958 2197 1040 2263; x_wconf 92' lang='lat' dir='ltr'><strong>ad</strong></span> <span class='ocrx_word' id='word_1_140' title='bbox 1120 2198 1633 2264; x_wconf 81' lang='lat' dir='ltr'><strong>labefactandam</strong></span> <span class='ocrx_word' id='word_1_141' title='bbox 1694 2199 2002 2264; x_wconf 88' lang='lat' dir='ltr'><strong>ecclesiae</strong></span> <span class='ocrx_word' id='word_1_142' title='bbox 2080 2197 2297 2263; x_wconf 89' lang='lat' dir='ltr'><strong>fidem.</strong></span> 
     </span>
     <span class='ocr_line' id='line_1_21' title="bbox 344 2284 2298 2367; baseline 0.001 -19"><span class='ocrx_word' id='word_1_143' title='bbox 344 2284 601 2349; x_wconf 89' lang='lat' dir='ltr'><strong>Eodem</strong></span> <span class='ocrx_word' id='word_1_144' title='bbox 658 2284 946 2367; x_wconf 90' lang='lat' dir='ltr'><strong>impulsu</strong></span> <span class='ocrx_word' id='word_1_145' title='bbox 991 2284 1322 2350; x_wconf 88' lang='lat' dir='ltr'><strong>Rabsaces</strong></span> <span class='ocrx_word' id='word_1_146' title='bbox 1367 2285 1647 2350; x_wconf 83' lang='lat' dir='ltr'><strong>iactabat</strong></span> <span class='ocrx_word' id='word_1_147' title='bbox 1691 2285 2043 2349; x_wconf 83' lang='lat' dir='ltr'><strong>Ezechiam</strong></span> <span class='ocrx_word' id='word_1_148' title='bbox 2083 2285 2298 2349; x_wconf 92' lang='lat' dir='ltr'><strong>verbis</strong></span> 
     </span>
     <span class='ocr_line' id='line_1_22' title="bbox 343 2368 2299 2453; baseline 0.001 -19"><span class='ocrx_word' id='word_1_149' title='bbox 343 2368 659 2435; x_wconf 90' lang='lat' dir='ltr'><strong>inanibus</strong></span> <span class='ocrx_word' id='word_1_150' title='bbox 725 2369 1022 2452; x_wconf 84' lang='lat' dir='ltr'><strong>decipere</strong></span> <span class='ocrx_word' id='word_1_151' title='bbox 1088 2371 1433 2452; x_wconf 87' lang='lat' dir='ltr'><strong>populum,</strong></span> <span class='ocrx_word' id='word_1_152' title='bbox 1498 2372 1649 2453; x_wconf 88' lang='lat' dir='ltr'><strong>quia</strong></span> <span class='ocrx_word' id='word_1_153' title='bbox 1718 2371 1980 2435; x_wconf 89' lang='lat' dir='ltr'><strong>iubebat</strong></span> <span class='ocrx_word' id='word_1_154' title='bbox 2035 2390 2299 2453; x_wconf 88' lang='lat' dir='ltr'><strong>sperare</strong></span> 
     </span>
     <span class='ocr_line' id='line_1_23' title="bbox 344 2454 2295 2543; baseline 0 -23"><span class='ocrx_word' id='word_1_155' title='bbox 344 2457 421 2520; x_wconf 88' lang='lat' dir='ltr'><strong>in</strong></span> <span class='ocrx_word' id='word_1_156' title='bbox 466 2458 606 2522; x_wconf 90' lang='lat' dir='ltr'><strong>Deo</strong></span> <span class='ocrx_word' id='word_1_157' title='bbox 654 2456 805 2520; x_wconf 88' lang='lat' dir='ltr'><strong>vivo</strong></span> <span class='ocrx_word' id='word_1_158' title='bbox 848 2454 1003 2542; x_wconf 90' lang='lat' dir='ltr'><strong>(Isa.</strong></span> <span class='ocrx_word' id='word_1_159' title='bbox 1049 2456 1151 2535; x_wconf 85' lang='lat'><strong>36,</strong></span> <span class='ocrx_word' id='word_1_160' title='bbox 1198 2455 1284 2543; x_wconf 87' lang='lat'><strong>7).</strong></span> <span class='ocrx_word' id='word_1_161' title='bbox 1355 2456 1493 2522; x_wconf 89' lang='lat' dir='ltr'><strong>Nec</strong></span> <span class='ocrx_word' id='word_1_162' title='bbox 1527 2456 1770 2521; x_wconf 88' lang='lat' dir='ltr'><strong>desinit</strong></span> <span class='ocrx_word' id='word_1_163' title='bbox 1814 2458 2023 2521; x_wconf 75' lang='lat' dir='ltr'><strong>Satan</strong></span> <span class='ocrx_word' id='word_1_164' title='bbox 2069 2456 2295 2521; x_wconf 89' lang='lat' dir='ltr'><strong>eadem</strong></span> 
     </span>
     <span class='ocr_line' id='line_1_24' title="bbox 344 2541 2298 2624; baseline 0 -18"><span class='ocrx_word' id='word_1_165' title='bbox 344 2541 655 2607; x_wconf 86' lang='lat' dir='ltr'><strong>machina</strong></span> <span class='ocrx_word' id='word_1_166' title='bbox 690 2541 913 2607; x_wconf 90' lang='lat' dir='ltr'><strong>fideles</strong></span> <span class='ocrx_word' id='word_1_167' title='bbox 949 2542 1034 2605; x_wconf 93' lang='lat' dir='ltr'><strong>im</strong></span> <span class='ocrx_word' id='word_1_168' title='bbox 1087 2554 1284 2617; x_wconf 89' lang='lat' dir='ltr'><strong>etere,</strong></span> <span class='ocrx_word' id='word_1_169' title='bbox 1321 2542 1593 2624; x_wconf 89' lang='lat' dir='ltr'><strong>perinde</strong></span> <span class='ocrx_word' id='word_1_170' title='bbox 1628 2563 1704 2608; x_wconf 89' lang='lat' dir='ltr'><strong>ac</strong></span> <span class='ocrx_word' id='word_1_171' title='bbox 1738 2544 1792 2607; x_wconf 92' lang='lat' dir='ltr'><strong>si</strong></span> <span class='ocrx_word' id='word_1_172' title='bbox 1830 2542 2092 2609; x_wconf 86' lang='lat' dir='ltr'><strong>fallacia</strong></span> <span class='ocrx_word' id='word_1_173' title='bbox 2126 2552 2298 2608; x_wconf 90' lang='lat' dir='ltr'><strong>esset</strong></span> 
     </span>
     <span class='ocr_line' id='line_1_25' title="bbox 341 2627 1678 2711; baseline 0.001 -18"><span class='ocrx_word' id='word_1_174' title='bbox 341 2638 414 2693; x_wconf 85' lang='lat' dir='ltr'><strong>et</strong></span> <span class='ocrx_word' id='word_1_175' title='bbox 457 2627 713 2693; x_wconf 86' lang='lat' dir='ltr'><strong>vanitas</strong></span> <span class='ocrx_word' id='word_1_176' title='bbox 756 2627 1024 2711; x_wconf 89' lang='lat' dir='ltr'><strong>quidqui</strong></span> <span class='ocrx_word' id='word_1_177' title='bbox 1115 2629 1434 2710; x_wconf 90' lang='lat' dir='ltr'><strong>promittit</strong></span> <span class='ocrx_word' id='word_1_178' title='bbox 1475 2627 1678 2696; x_wconf 89' lang='lat' dir='ltr'><strong>Deus.</strong></span> 
     </span>
    </p>

    <p class='ocr_par' dir='ltr' id='par_1_6' title="bbox 335 2712 2295 3229">
     <span class='ocr_line' id='line_1_26' title="bbox 522 2712 2292 2798; baseline 0 -20"><span class='ocrx_word' id='word_1_179' title='bbox 522 2713 623 2778; x_wconf 90' lang='grc'><strong>12.</strong></span> <span class='ocrx_word' id='word_1_180' title='bbox 683 2712 1036 2795; x_wconf 76' lang='lat' dir='ltr'><strong>Dispersus</strong></span> <span class='ocrx_word' id='word_1_181' title='bbox 1089 2720 1180 2779; x_wconf 79' lang='lat' dir='ltr'><strong>est</strong></span> <span class='ocrx_word' id='word_1_182' title='bbox 1225 2734 1366 2798; x_wconf 71' lang='lat' dir='ltr'><strong>erqo</strong></span> <span class='ocrx_word' id='word_1_183' title='bbox 1396 2716 1694 2797; x_wconf 71' lang='lat' dir='ltr'><strong>populu-9.</strong></span> <span class='ocrx_word' id='word_1_184' title='bbox 1783 2715 1968 2780; x_wconf 85' lang='lat' dir='ltr'><strong>Haec</strong></span> <span class='ocrx_word' id='word_1_185' title='bbox 2013 2714 2292 2779; x_wconf 89' lang='lat' dir='ltr'><strong>circum-</strong></span> 
     </span>
     <span class='ocr_line' id='line_1_27' title="bbox 339 2799 2291 2883; baseline -0.001 -18"><span class='ocrx_word' id='word_1_186' title='bbox 339 2802 593 2866; x_wconf 82' lang='lat' dir='ltr'><strong>stantia</strong></span> <span class='ocrx_word' id='word_1_187' title='bbox 639 2799 1046 2865; x_wconf 88' lang='lat' dir='ltr'><strong>demonstrat</strong></span> <span class='ocrx_word' id='word_1_188' title='bbox 1088 2821 1286 2883; x_wconf 88' lang='lat' dir='ltr'><strong>quam</strong></span> <span class='ocrx_word' id='word_1_189' title='bbox 1332 2800 1556 2883; x_wconf 91' lang='lat' dir='ltr'><strong>inique</strong></span> <span class='ocrx_word' id='word_1_190' title='bbox 1599 2800 1824 2866; x_wconf 91' lang='lat' dir='ltr'><strong>afflicti</strong></span> <span class='ocrx_word' id='word_1_191' title='bbox 1870 2800 2117 2866; x_wconf 90' lang='lat' dir='ltr'><strong>fuerint</strong></span> <span class='ocrx_word' id='word_1_192' title='bbox 2150 2799 2291 2883; x_wconf 89' lang='lat' dir='ltr'><strong>qui-</strong></span> 
     </span>
     <span class='ocr_line' id='line_1_28' title="bbox 339 2885 2294 2970; baseline -0.001 -18"><span class='ocrx_word' id='word_1_193' title='bbox 339 2886 469 2952; x_wconf 91' lang='lat' dir='ltr'><strong>bus</strong></span> <span class='ocrx_word' id='word_1_194' title='bbox 534 2885 717 2950; x_wconf 87' lang='lat' dir='ltr'><strong>labor</strong></span> <span class='ocrx_word' id='word_1_195' title='bbox 780 2906 978 2969; x_wconf 89' lang='lat' dir='ltr'><strong>supra</strong></span> <span class='ocrx_word' id='word_1_196' title='bbox 1037 2888 1208 2952; x_wconf 91' lang='lat' dir='ltr'><strong>vires</strong></span> <span class='ocrx_word' id='word_1_197' title='bbox 1273 2886 1399 2950; x_wconf 86' lang='lat' dir='ltr'><strong>fuit</strong></span> <span class='ocrx_word' id='word_1_198' title='bbox 1457 2887 1814 2970; x_wconf 89' lang='lat' dir='ltr'><strong>impositus.</strong></span> <span class='ocrx_word' id='word_1_199' title='bbox 1906 2887 1998 2952; x_wconf 90' lang='lat' dir='ltr'><strong>Ut</strong></span> <span class='ocrx_word' id='word_1_200' title='bbox 2057 2886 2294 2951; x_wconf 88' lang='lat' dir='ltr'><strong>lateres</strong></span> 
     </span>
     <span class='ocr_line' id='line_1_29' title="bbox 336 2972 2290 3055; baseline -0.002 -16"><span class='ocrx_word' id='word_1_201' title='bbox 336 2973 760 3053; x_wconf 75' lang='lat' dir='ltr'><strong>conficerent,</strong></span> <span class='ocrx_word' id='word_1_202' title='bbox 803 2973 1090 3055; x_wconf 85' lang='lat' dir='ltr'><strong>oportuit</strong></span> <span class='ocrx_word' id='word_1_203' title='bbox 1133 2972 1367 3038; x_wconf 89' lang='lat' dir='ltr'><strong>saltem</strong></span> <span class='ocrx_word' id='word_1_204' title='bbox 1403 2994 1511 3038; x_wconf 92' lang='lat' dir='ltr'><strong>eos</strong></span> <span class='ocrx_word' id='word_1_205' title='bbox 1548 2973 1614 3038; x_wconf 90' lang='lat' dir='ltr'><strong>in</strong></span> <span class='ocrx_word' id='word_1_206' title='bbox 1655 2973 1791 3039; x_wconf 92' lang='lat' dir='ltr'><strong>loco</strong></span> <span class='ocrx_word' id='word_1_207' title='bbox 1826 2992 2120 3038; x_wconf 84' lang='lat' dir='ltr'><strong>manere:</strong></span> <span class='ocrx_word' id='word_1_208' title='bbox 2158 2993 2290 3037; x_wconf 92' lang='lat' dir='ltr'><strong>non</strong></span> 
     </span>
     <span class='ocr_line' id='line_1_30' title="bbox 336 3057 2295 3143; baseline -0.001 -18"><span class='ocrx_word' id='word_1_209' title='bbox 336 3059 637 3143; x_wconf 82' lang='lat' dir='ltr'><strong>suppetit</strong></span> <span class='ocrx_word' id='word_1_210' title='bbox 699 3057 830 3125; x_wconf 90' lang='lat' dir='ltr'><strong>illis</strong></span> <span class='ocrx_word' id='word_1_211' title='bbox 874 3058 1062 3142; x_wconf 89' lang='lat' dir='ltr'><strong>palea</strong></span> <span class='ocrx_word' id='word_1_212' title='bbox 1106 3057 1189 3124; x_wconf 92' lang='lat' dir='ltr'><strong>ad</strong></span> <span class='ocrx_word' id='word_1_213' title='bbox 1232 3057 1475 3125; x_wconf 88' lang='lat' dir='ltr'><strong>lateres</strong></span> <span class='ocrx_word' id='word_1_214' title='bbox 1517 3059 1911 3143; x_wconf 84' lang='lat' dir='ltr'><strong>coquendos:</strong></span> <span class='ocrx_word' id='word_1_215' title='bbox 1970 3067 2295 3143; x_wconf 85' lang='lat' dir='ltr'><strong>coguntur</strong></span> 
     </span>
     <span class='ocr_line' id='line_1_31' title="bbox 335 3143 2292 3229; baseline 0 -18"><span class='ocrx_word' id='word_1_216' title='bbox 335 3167 503 3229; x_wconf 87' lang='lat' dir='ltr'><strong>ergo</strong></span> <span class='ocrx_word' id='word_1_217' title='bbox 551 3145 680 3211; x_wconf 88' lang='lat' dir='ltr'><strong>hnc</strong></span> <span class='ocrx_word' id='word_1_218' title='bbox 722 3153 791 3209; x_wconf 90' lang='lat' dir='ltr'><strong>et</strong></span> <span class='ocrx_word' id='word_1_219' title='bbox 833 3145 988 3210; x_wconf 90' lang='lat' dir='ltr'><strong>illuc</strong></span> <span class='ocrx_word' id='word_1_220' title='bbox 1032 3143 1231 3209; x_wconf 87' lang='lat' dir='ltr'><strong>dilabi</strong></span> <span class='ocrx_word' id='word_1_221' title='bbox 1277 3156 1340 3210; x_wconf 84' lang='lat' dir='ltr'><strong>et</strong></span> <span class='ocrx_word' id='word_1_222' title='bbox 1388 3146 1692 3229; x_wconf 89' lang='lat' dir='ltr'><strong>stipulam</strong></span> <span class='ocrx_word' id='word_1_223' title='bbox 1740 3147 1806 3211; x_wconf 91' lang='lat' dir='ltr'><strong>in</strong></span> <span class='ocrx_word' id='word_1_224' title='bbox 1851 3148 2118 3211; x_wconf 90' lang='lat' dir='ltr'><strong>remotis</strong></span> <span class='ocrx_word' id='word_1_225' title='bbox 2164 3149 2292 3211; x_wconf 88' lang='lat' dir='ltr'><strong>Ae-</strong></span> 
     </span>
    </p>

    <p class='ocr_par' dir='ltr' id='par_1_7' title="bbox 244 3230 2297 5467">
     <span class='ocr_line' id='line_1_32' title="bbox 437 3230 2291 3316; baseline 0.001 -20"><span class='ocrx_word' id='word_1_226' title='bbox 437 3232 536 3314; x_wconf 90' lang='lat' dir='ltr'><strong>pti</strong></span> <span class='ocrx_word' id='word_1_227' title='bbox 596 3230 892 3315; x_wconf 90' lang='lat' dir='ltr'><strong>partibus</strong></span> <span class='ocrx_word' id='word_1_228' title='bbox 950 3231 1284 3315; x_wconf 87' lang='lat' dir='ltr'><strong>colligere,</strong></span> <span class='ocrx_word' id='word_1_229' title='bbox 1340 3252 1470 3314; x_wconf 90' lang='lat' dir='ltr'><strong>qua</strong></span> <span class='ocrx_word' id='word_1_230' title='bbox 1521 3233 1662 3298; x_wconf 94' lang='lat' dir='ltr'><strong>loco</strong></span> <span class='ocrx_word' id='word_1_231' title='bbox 1720 3233 1947 3316; x_wconf 91' lang='lat' dir='ltr'><strong>paleae</strong></span> <span class='ocrx_word' id='word_1_232' title='bbox 1999 3240 2291 3297; x_wconf 90' lang='lat' dir='ltr'><strong>utantur.</strong></span> 
     </span>
     <span class='ocr_line' id='line_1_33' title="bbox 332 3253 2296 3403; baseline -0.002 -19"><span class='ocrx_word' id='word_1_233' title='bbox 332 3253 719 3401; x_wconf 40' lang='lat' dir='ltr'><strong>{aramque</strong></span> <span class='ocrx_word' id='word_1_234' title='bbox 776 3330 1111 3399; x_wconf 88' lang='lat' dir='ltr'><strong>praestare</strong></span> <span class='ocrx_word' id='word_1_235' title='bbox 1168 3339 1297 3382; x_wconf 93' lang='lat' dir='ltr'><strong>non</strong></span> <span class='ocrx_word' id='word_1_236' title='bbox 1354 3327 1688 3401; x_wconf 89' lang='lat' dir='ltr'><strong>poterant:</strong></span> <span class='ocrx_word' id='word_1_237' title='bbox 1754 3317 2027 3403; x_wconf 89' lang='lat' dir='ltr'><strong>perinde</strong></span> <span class='ocrx_word' id='word_1_238' title='bbox 2089 3316 2296 3401; x_wconf 89' lang='lat' dir='ltr'><strong>igitur</strong></span> 
     </span>
     <span class='ocr_line' id='line_1_34' title="bbox 244 3403 2293 3487; baseline -0.001 -17"><span class='ocrx_word' id='word_1_239' title='bbox 244 3418 261 3440; x_wconf 91' lang='grc'>’</span> <span class='ocrx_word' id='word_1_240' title='bbox 332 3405 470 3470; x_wconf 70' lang='lat' dir='ltr'><strong>fuit</strong></span> <span class='ocrx_word' id='word_1_241' title='bbox 513 3425 589 3469; x_wconf 93' lang='lat' dir='ltr'><strong>ac</strong></span> <span class='ocrx_word' id='word_1_242' title='bbox 624 3404 680 3468; x_wconf 91' lang='lat' dir='ltr'><strong>si</strong></span> <span class='ocrx_word' id='word_1_243' title='bbox 725 3403 886 3468; x_wconf 89' lang='lat' dir='ltr'><strong>falso</strong></span> <span class='ocrx_word' id='word_1_244' title='bbox 921 3410 1270 3487; x_wconf 86' lang='lat' dir='ltr'><strong>praetextu</strong></span> <span class='ocrx_word' id='word_1_245' title='bbox 1311 3413 1379 3468; x_wconf 92' lang='lat' dir='ltr'><strong>et</strong></span> <span class='ocrx_word' id='word_1_246' title='bbox 1400 3404 1749 3483; x_wconf 87' lang='lat' dir='ltr'><strong>calumnia,</strong></span> <span class='ocrx_word' id='word_1_247' title='bbox 1793 3404 2086 3471; x_wconf 89' lang='lat' dir='ltr'><strong>criminis</strong></span> <span class='ocrx_word' id='word_1_248' title='bbox 2110 3423 2293 3470; x_wconf 88' lang='lat' dir='ltr'><strong>occa-</strong></span> 
     </span>
     <span class='ocr_line' id='line_1_35' title="bbox 333 3489 2294 3572; baseline -0.001 -15"><span class='ocrx_word' id='word_1_249' title='bbox 333 3490 593 3557; x_wconf 85' lang='lat' dir='ltr'><strong>sionem</strong></span> <span class='ocrx_word' id='word_1_250' title='bbox 640 3498 932 3572; x_wconf 89' lang='lat' dir='ltr'><strong>captaret</strong></span> <span class='ocrx_word' id='word_1_251' title='bbox 959 3489 1040 3554; x_wconf 91' lang='lat' dir='ltr'><strong>ad</strong></span> <span class='ocrx_word' id='word_1_252' title='bbox 1086 3509 1196 3554; x_wconf 92' lang='lat' dir='ltr'><strong>eos</strong></span> <span class='ocrx_word' id='word_1_253' title='bbox 1240 3489 1664 3556; x_wconf 87' lang='lat' dir='ltr'><strong>damnandos.</strong></span> <span class='ocrx_word' id='word_1_254' title='bbox 1753 3490 2056 3571; x_wconf 78' lang='lat' dir='ltr'><strong>Qualiter</strong></span> <span class='ocrx_word' id='word_1_255' title='bbox 2099 3489 2294 3555; x_wconf 91' lang='lat' dir='ltr'><strong>hodie</strong></span> 
     </span>
     <span class='ocr_line' id='line_1_36' title="bbox 330 3574 2292 3662; baseline -0.001 -21"><span class='ocrx_word' id='word_1_256' title='bbox 330 3574 648 3641; x_wconf 81' lang='lat' dir='ltr'><strong>videmus</strong></span> <span class='ocrx_word' id='word_1_257' title='bbox 692 3574 946 3642; x_wconf 82' lang='lat' dir='ltr'><strong>Christi</strong></span> <span class='ocrx_word' id='word_1_258' title='bbox 992 3576 1209 3641; x_wconf 89' lang='lat' dir='ltr'><strong>hostes</strong></span> <span class='ocrx_word' id='word_1_259' title='bbox 1242 3575 1520 3642; x_wconf 88' lang='lat' dir='ltr'><strong>subinde</strong></span> <span class='ocrx_word' id='word_1_260' title='bbox 1565 3579 1938 3661; x_wconf 88' lang='lat' dir='ltr'><strong>excogitare</strong></span> <span class='ocrx_word' id='word_1_261' title='bbox 1983 3578 2292 3662; x_wconf 89' lang='lat' dir='ltr'><strong>gravissi-</strong></span> 
     </span>
     <span class='ocr_line' id='line_1_37' title="bbox 334 3661 2293 3746; baseline -0.002 -19"><span class='ocrx_word' id='word_1_262' title='bbox 334 3682 488 3727; x_wconf 87' lang='lat' dir='ltr'><strong>mas</strong></span> <span class='ocrx_word' id='word_1_263' title='bbox 534 3681 824 3744; x_wconf 90' lang='lat' dir='ltr'><strong>quasque</strong></span> <span class='ocrx_word' id='word_1_264' title='bbox 867 3682 1138 3744; x_wconf 88' lang='lat' dir='ltr'><strong>poenas,</strong></span> <span class='ocrx_word' id='word_1_265' title='bbox 1197 3661 1433 3745; x_wconf 90' lang='lat' dir='ltr'><strong>quibus</strong></span> <span class='ocrx_word' id='word_1_266' title='bbox 1492 3674 1766 3746; x_wconf 86' lang='lat' dir='ltr'><strong>cogatur</strong></span> <span class='ocrx_word' id='word_1_267' title='bbox 1811 3663 2050 3728; x_wconf 91' lang='lat' dir='ltr'><strong>misera</strong></span> <span class='ocrx_word' id='word_1_268' title='bbox 2093 3662 2293 3729; x_wconf 90' lang='lat' dir='ltr'><strong>eccle-</strong></span> 
     </span>
     <span class='ocr_line' id='line_1_38' title="bbox 334 3747 2293 3832; baseline -0.001 -19"><span class='ocrx_word' id='word_1_269' title='bbox 334 3748 444 3814; x_wconf 87' lang='lat' dir='ltr'><strong>sia</strong></span> <span class='ocrx_word' id='word_1_270' title='bbox 487 3747 571 3813; x_wconf 89' lang='lat' dir='ltr'><strong>ad</strong></span> <span class='ocrx_word' id='word_1_271' title='bbox 614 3748 879 3830; x_wconf 90' lang='lat' dir='ltr'><strong>pietatis</strong></span> <span class='ocrx_word' id='word_1_272' title='bbox 921 3748 1441 3832; x_wconf 85' lang='lat' dir='ltr'><strong>abnegationem.</strong></span> <span class='ocrx_word' id='word_1_273' title='bbox 1529 3749 1897 3814; x_wconf 87' lang='lat' dir='ltr'><strong>Pharaonis</strong></span> <span class='ocrx_word' id='word_1_274' title='bbox 1931 3751 2107 3814; x_wconf 92' lang='lat' dir='ltr'><strong>enim</strong></span> <span class='ocrx_word' id='word_1_275' title='bbox 2143 3769 2293 3814; x_wconf 92' lang='lat' dir='ltr'><strong>con-</strong></span> 
     </span>
     <span class='ocr_line' id='line_1_39' title="bbox 338 3832 2294 3919; baseline 0.001 -21"><span class='ocrx_word' id='word_1_276' title='bbox 338 3832 566 3899; x_wconf 88' lang='lat' dir='ltr'><strong>silium</strong></span> <span class='ocrx_word' id='word_1_277' title='bbox 626 3833 747 3898; x_wconf 90' lang='lat' dir='ltr'><strong>fuit</strong></span> <span class='ocrx_word' id='word_1_278' title='bbox 806 3835 1038 3899; x_wconf 84' lang='lat' dir='ltr'><strong>Mosen</strong></span> <span class='ocrx_word' id='word_1_279' title='bbox 1098 3844 1166 3900; x_wconf 87' lang='lat' dir='ltr'><strong>et</strong></span> <span class='ocrx_word' id='word_1_280' title='bbox 1225 3833 1497 3900; x_wconf 88' lang='lat' dir='ltr'><strong>Aharon</strong></span> <span class='ocrx_word' id='word_1_281' title='bbox 1548 3836 1774 3918; x_wconf 91' lang='lat' dir='ltr'><strong>procul</strong></span> <span class='ocrx_word' id='word_1_282' title='bbox 1839 3835 2137 3919; x_wconf 89' lang='lat' dir='ltr'><strong>abigere,</strong></span> <span class='ocrx_word' id='word_1_283' title='bbox 2209 3855 2294 3899; x_wconf 91' lang='lat' dir='ltr'><strong>ne</strong></span> 
     </span>
     <span class='ocr_line' id='line_1_40' title="bbox 339 3919 2294 4004; baseline 0.001 -20"><span class='ocrx_word' id='word_1_284' title='bbox 339 3919 428 3984; x_wconf 87' lang='lat' dir='ltr'><strong>de</strong></span> <span class='ocrx_word' id='word_1_285' title='bbox 472 3919 655 3986; x_wconf 88' lang='lat' dir='ltr'><strong>exitu</strong></span> <span class='ocrx_word' id='word_1_286' title='bbox 702 3919 920 4002; x_wconf 88' lang='lat' dir='ltr'><strong>populi</strong></span> <span class='ocrx_word' id='word_1_287' title='bbox 967 3922 1241 3986; x_wconf 90' lang='lat' dir='ltr'><strong>verbum</strong></span> <span class='ocrx_word' id='word_1_288' title='bbox 1287 3921 1569 4004; x_wconf 89' lang='lat' dir='ltr'><strong>amplius</strong></span> <span class='ocrx_word' id='word_1_289' title='bbox 1612 3921 1937 3987; x_wconf 85' lang='lat' dir='ltr'><strong>facerent:</strong></span> <span class='ocrx_word' id='word_1_290' title='bbox 1982 3942 2107 4004; x_wconf 93' lang='lat' dir='ltr'><strong>quo</strong></span> <span class='ocrx_word' id='word_1_291' title='bbox 2145 3932 2294 3986; x_wconf 89' lang='lat' dir='ltr'><strong>voto</strong></span> 
     </span>
     <span class='ocr_line' id='line_1_41' title="bbox 336 4005 2292 4090; baseline 0.001 -21"><span class='ocrx_word' id='word_1_292' title='bbox 336 4006 608 4090; x_wconf 84' lang='lat' dir='ltr'><strong>potitus,</strong></span> <span class='ocrx_word' id='word_1_293' title='bbox 655 4005 899 4089; x_wconf 89' lang='lat' dir='ltr'><strong>aliquid</strong></span> <span class='ocrx_word' id='word_1_294' title='bbox 936 4006 1114 4071; x_wconf 88' lang='lat' dir='ltr'><strong>haud</strong></span> <span class='ocrx_word' id='word_1_295' title='bbox 1151 4005 1344 4072; x_wconf 92' lang='lat' dir='ltr'><strong>dubie</strong></span> <span class='ocrx_word' id='word_1_296' title='bbox 1378 4029 1459 4072; x_wconf 91' lang='lat' dir='ltr'><strong>ex</strong></span> <span class='ocrx_word' id='word_1_297' title='bbox 1507 4016 1641 4072; x_wconf 89' lang='lat' dir='ltr'><strong>tam</strong></span> <span class='ocrx_word' id='word_1_298' title='bbox 1687 4008 1953 4072; x_wconf 91' lang='lat' dir='ltr'><strong>immani</strong></span> <span class='ocrx_word' id='word_1_299' title='bbox 1999 4007 2292 4072; x_wconf 87' lang='lat' dir='ltr'><strong>saevitia.</strong></span> 
     </span>
     <span class='ocr_line' id='line_1_42' title="bbox 338 4092 2292 4173; baseline 0 -16"><span class='ocrx_word' id='word_1_300' title='bbox 338 4092 725 4157; x_wconf 83' lang='lat' dir='ltr'><strong>remisisset.</strong></span> <span class='ocrx_word' id='word_1_301' title='bbox 815 4092 990 4173; x_wconf 87' lang='lat' dir='ltr'><strong>Quia</strong></span> <span class='ocrx_word' id='word_1_302' title='bbox 1053 4113 1212 4158; x_wconf 91' lang='lat' dir='ltr'><strong>vero</strong></span> <span class='ocrx_word' id='word_1_303' title='bbox 1278 4113 1414 4158; x_wconf 93' lang='lat' dir='ltr'><strong>non</strong></span> <span class='ocrx_word' id='word_1_304' title='bbox 1478 4094 1822 4160; x_wconf 88' lang='lat' dir='ltr'><strong>cessabant</strong></span> <span class='ocrx_word' id='word_1_305' title='bbox 1876 4094 2004 4171; x_wconf 86' lang='lat' dir='ltr'><strong>illi,</strong></span> <span class='ocrx_word' id='word_1_306' title='bbox 2073 4103 2292 4158; x_wconf 87' lang='lat' dir='ltr'><strong>extor-</strong></span> 
     </span>
     <span class='ocr_line' id='line_1_43' title="bbox 338 4176 2293 4263; baseline 0.001 -21"><span class='ocrx_word' id='word_1_307' title='bbox 338 4198 546 4261; x_wconf 89' lang='lat' dir='ltr'><strong>quere</strong></span> <span class='ocrx_word' id='word_1_308' title='bbox 591 4198 707 4261; x_wconf 90' lang='lat' dir='ltr'><strong>per</strong></span> <span class='ocrx_word' id='word_1_309' title='bbox 752 4176 948 4243; x_wconf 90' lang='lat' dir='ltr'><strong>duros</strong></span> <span class='ocrx_word' id='word_1_310' title='bbox 992 4179 1324 4245; x_wconf 89' lang='lat' dir='ltr'><strong>cruciatus</strong></span> <span class='ocrx_word' id='word_1_311' title='bbox 1382 4199 1421 4244; x_wconf 89' lang='lat' dir='ltr'><strong>a</strong></span> <span class='ocrx_word' id='word_1_312' title='bbox 1472 4179 1709 4263; x_wconf 91' lang='lat' dir='ltr'><strong>populo</strong></span> <span class='ocrx_word' id='word_1_313' title='bbox 1755 4179 1966 4245; x_wconf 92' lang='lat' dir='ltr'><strong>voluit</strong></span> <span class='ocrx_word' id='word_1_314' title='bbox 2021 4190 2094 4243; x_wconf 88' lang='lat' dir='ltr'><strong>ut</strong></span> <span class='ocrx_word' id='word_1_315' title='bbox 2146 4179 2293 4244; x_wconf 91' lang='lat' dir='ltr'><strong>illos</strong></span> 
     </span>
     <span class='ocr_line' id='line_1_44' title="bbox 336 4262 2290 4349; baseline 0.001 -21"><span class='ocrx_word' id='word_1_316' title='bbox 336 4262 653 4349; x_wconf 83' lang='lat' dir='ltr'><strong>abigeret,</strong></span> <span class='ocrx_word' id='word_1_317' title='bbox 698 4263 804 4329; x_wconf 93' lang='lat' dir='ltr'><strong>vel</strong></span> <span class='ocrx_word' id='word_1_318' title='bbox 849 4284 934 4329; x_wconf 92' lang='lat' dir='ltr'><strong>ne</strong></span> <span class='ocrx_word' id='word_1_319' title='bbox 968 4286 1191 4330; x_wconf 89' lang='lat' dir='ltr'><strong>aurem</strong></span> <span class='ocrx_word' id='word_1_320' title='bbox 1228 4264 1565 4349; x_wconf 88' lang='lat' dir='ltr'><strong>praeberet</strong></span> <span class='ocrx_word' id='word_1_321' title='bbox 1589 4264 1714 4330; x_wconf 93' lang='lat' dir='ltr'><strong>Dei</strong></span> <span class='ocrx_word' id='word_1_322' title='bbox 1752 4266 2095 4331; x_wconf 89' lang='lat' dir='ltr'><strong>mandatis.</strong></span> <span class='ocrx_word' id='word_1_323' title='bbox 2143 4264 2290 4330; x_wconf 88' lang='lat' dir='ltr'><strong>Etsi</strong></span> 
     </span>
     <span class='ocr_line' id='line_1_45' title="bbox 337 4349 2293 4436; baseline 0 -20"><span class='ocrx_word' id='word_1_324' title='bbox 337 4362 564 4416; x_wconf 86' lang='lat' dir='ltr'><strong>autem</strong></span> <span class='ocrx_word' id='word_1_325' title='bbox 624 4350 785 4415; x_wconf 83' lang='lat' dir='ltr'><strong>satis</strong></span> <span class='ocrx_word' id='word_1_326' title='bbox 850 4349 974 4416; x_wconf 90' lang='lat' dir='ltr'><strong>sibi</strong></span> <span class='ocrx_word' id='word_1_327' title='bbox 1018 4351 1317 4417; x_wconf 90' lang='lat' dir='ltr'><strong>conscius</strong></span> <span class='ocrx_word' id='word_1_328' title='bbox 1360 4360 1463 4418; x_wconf 90' lang='lat' dir='ltr'><strong>est</strong></span> <span class='ocrx_word' id='word_1_329' title='bbox 1505 4352 1753 4416; x_wconf 88' lang='lat' dir='ltr'><strong>nullam</strong></span> <span class='ocrx_word' id='word_1_330' title='bbox 1800 4372 1944 4417; x_wconf 92' lang='lat' dir='ltr'><strong>esse</strong></span> <span class='ocrx_word' id='word_1_331' title='bbox 1987 4352 2293 4436; x_wconf 89' lang='lat' dir='ltr'><strong>ignaviae</strong></span> 
     </span>
     <span class='ocr_line' id='line_1_46' title="bbox 336 4436 2292 4520; baseline -0.001 -18"><span class='ocrx_word' id='word_1_332' title='bbox 336 4436 605 4520; x_wconf 86' lang='lat' dir='ltr'><strong>culpam</strong></span> <span class='ocrx_word' id='word_1_333' title='bbox 650 4438 721 4500; x_wconf 91' lang='lat' dir='ltr'><strong>in</strong></span> <span class='ocrx_word' id='word_1_334' title='bbox 850 4437 1019 4520; x_wconf 91' lang='lat' dir='ltr'><strong>pulo,</strong></span> <span class='ocrx_word' id='word_1_335' title='bbox 1063 4438 1175 4501; x_wconf 90' lang='lat' dir='ltr'><strong>sed</strong></span> <span class='ocrx_word' id='word_1_336' title='bbox 1221 4436 1368 4503; x_wconf 90' lang='lat' dir='ltr'><strong>ideo</strong></span> <span class='ocrx_word' id='word_1_337' title='bbox 1412 4458 1544 4503; x_wconf 89' lang='lat' dir='ltr'><strong>non</strong></span> <span class='ocrx_word' id='word_1_338' title='bbox 1591 4437 1770 4502; x_wconf 90' lang='lat' dir='ltr'><strong>reddi</strong></span> <span class='ocrx_word' id='word_1_339' title='bbox 1817 4437 1901 4502; x_wconf 88' lang='lat' dir='ltr'><strong>ad</strong></span> <span class='ocrx_word' id='word_1_340' title='bbox 1946 4458 2292 4504; x_wconf 90' lang='lat' dir='ltr'><strong>numerum</strong></span> 
     </span>
     <span class='ocr_line' id='line_1_47' title="bbox 336 4522 2292 4606; baseline 0 -18"><span class='ocrx_word' id='word_1_341' title='bbox 336 4522 583 4588; x_wconf 85' lang='lat' dir='ltr'><strong>lateres</strong></span> <span class='ocrx_word' id='word_1_342' title='bbox 626 4543 711 4605; x_wconf 92' lang='lat' dir='ltr'><strong>qu</strong></span> <span class='ocrx_word' id='word_1_343' title='bbox 843 4523 1084 4598; x_wconf 87' lang='lat' dir='ltr'><strong>miseri,</strong></span> <span class='ocrx_word' id='word_1_344' title='bbox 1130 4525 1240 4606; x_wconf 90' lang='lat' dir='ltr'><strong>qui</strong></span> <span class='ocrx_word' id='word_1_345' title='bbox 1286 4523 1471 4606; x_wconf 90' lang='lat' dir='ltr'><strong>prius</strong></span> <span class='ocrx_word' id='word_1_346' title='bbox 1516 4523 1788 4588; x_wconf 90' lang='lat' dir='ltr'><strong>dimidia</strong></span> <span class='ocrx_word' id='word_1_347' title='bbox 1821 4523 2064 4589; x_wconf 90' lang='lat' dir='ltr'><strong>laboris</strong></span> <span class='ocrx_word' id='word_1_348' title='bbox 2106 4535 2292 4606; x_wconf 89' lang='lat' dir='ltr'><strong>parte</strong></span> 
     </span>
     <span class='ocr_line' id='line_1_48' title="bbox 337 4606 2293 4692; baseline -0.001 -18"><span class='ocrx_word' id='word_1_349' title='bbox 337 4608 710 4692; x_wconf 86' lang='lat' dir='ltr'><strong>aegerrime</strong></span> <span class='ocrx_word' id='word_1_350' title='bbox 753 4606 1041 4674; x_wconf 85' lang='lat' dir='ltr'><strong>defuncti</strong></span> <span class='ocrx_word' id='word_1_351' title='bbox 1085 4609 1378 4689; x_wconf 88' lang='lat' dir='ltr'><strong>fuerant,</strong></span> <span class='ocrx_word' id='word_1_352' title='bbox 1425 4630 1601 4675; x_wconf 93' lang='lat' dir='ltr'><strong>nunc</strong></span> <span class='ocrx_word' id='word_1_353' title='bbox 1656 4610 1715 4675; x_wconf 91' lang='lat' dir='ltr'><strong>si</strong></span> <span class='ocrx_word' id='word_1_354' title='bbox 1759 4610 2105 4675; x_wconf 89' lang='lat' dir='ltr'><strong>intendant</strong></span> <span class='ocrx_word' id='word_1_355' title='bbox 2148 4631 2293 4675; x_wconf 90' lang='lat' dir='ltr'><strong>ner-</strong></span> 
     </span>
     <span class='ocr_line' id='line_1_49' title="bbox 338 4694 2290 4774; baseline -0.001 -14"><span class='ocrx_word' id='word_1_356' title='bbox 338 4715 467 4760; x_wconf 82' lang='lat' dir='ltr'><strong>vos</strong></span> <span class='ocrx_word' id='word_1_357' title='bbox 522 4713 782 4771; x_wconf 90' lang='lat' dir='ltr'><strong>omnes,</strong></span> <span class='ocrx_word' id='word_1_358' title='bbox 853 4715 978 4761; x_wconf 92' lang='lat' dir='ltr'><strong>non</strong></span> <span class='ocrx_word' id='word_1_359' title='bbox 1040 4705 1263 4760; x_wconf 89' lang='lat' dir='ltr'><strong>tamen</strong></span> <span class='ocrx_word' id='word_1_360' title='bbox 1305 4707 1505 4760; x_wconf 89' lang='lat' dir='ltr'><strong>erunt</strong></span> <span class='ocrx_word' id='word_1_361' title='bbox 1547 4696 1730 4761; x_wconf 92' lang='lat' dir='ltr'><strong>oneri</strong></span> <span class='ocrx_word' id='word_1_362' title='bbox 1775 4694 2146 4774; x_wconf 89' lang='lat' dir='ltr'><strong>tolerando,</strong></span> <span class='ocrx_word' id='word_1_363' title='bbox 2191 4706 2290 4759; x_wconf 88' lang='lat' dir='ltr'><strong>at-</strong></span> 
     </span>
     <span class='ocr_line' id='line_1_50' title="bbox 340 4779 2290 4864; baseline -0.001 -18"><span class='ocrx_word' id='word_1_364' title='bbox 340 4802 473 4864; x_wconf 88' lang='lat' dir='ltr'><strong>que</strong></span> <span class='ocrx_word' id='word_1_365' title='bbox 530 4780 626 4845; x_wconf 88' lang='lat' dir='ltr'><strong>ita</strong></span> <span class='ocrx_word' id='word_1_366' title='bbox 682 4779 866 4845; x_wconf 90' lang='lat' dir='ltr'><strong>videt</strong></span> <span class='ocrx_word' id='word_1_367' title='bbox 919 4801 1028 4847; x_wconf 93' lang='lat' dir='ltr'><strong>eos</strong></span> <span class='ocrx_word' id='word_1_368' title='bbox 1082 4801 1347 4863; x_wconf 89' lang='lat' dir='ltr'><strong>prorsus</strong></span> <span class='ocrx_word' id='word_1_369' title='bbox 1391 4780 1832 4860; x_wconf 79' lang='lat' dir='ltr'><strong>succumbere,</strong></span> <span class='ocrx_word' id='word_1_370' title='bbox 1898 4792 2117 4846; x_wconf 88' lang='lat' dir='ltr'><strong>tamen</strong></span> <span class='ocrx_word' id='word_1_371' title='bbox 2177 4804 2290 4845; x_wconf 89' lang='lat' dir='ltr'><strong>ex·</strong></span> 
     </span>
     <span class='ocr_line' id='line_1_51' title="bbox 338 4864 2292 4951; baseline 0 -19"><span class='ocrx_word' id='word_1_372' title='bbox 338 4864 617 4951; x_wconf 84' lang='lat' dir='ltr'><strong>probrat</strong></span> <span class='ocrx_word' id='word_1_373' title='bbox 659 4865 831 4949; x_wconf 90' lang='lat' dir='ltr'><strong>quod</strong></span> <span class='ocrx_word' id='word_1_374' title='bbox 873 4868 1007 4932; x_wconf 91' lang='lat' dir='ltr'><strong>otio</strong></span> <span class='ocrx_word' id='word_1_375' title='bbox 1048 4867 1488 4933; x_wconf 85' lang='lat' dir='ltr'><strong>luxurientur.</strong></span> <span class='ocrx_word' id='word_1_376' title='bbox 1549 4868 1809 4950; x_wconf 82' lang='lat' dir='ltr'><strong>Nempe·</strong></span> <span class='ocrx_word' id='word_1_377' title='bbox 1836 4876 1911 4931; x_wconf 92' lang='lat' dir='ltr'><strong>ut</strong></span> <span class='ocrx_word' id='word_1_378' title='bbox 1954 4866 2292 4949; x_wconf 88' lang='lat' dir='ltr'><strong>repudiato</strong></span> 
     </span>
     <span class='ocr_line' id='line_1_52' title="bbox 338 4951 2292 5035; baseline 0 -17"><span class='ocrx_word' id='word_1_379' title='bbox 338 4954 560 5030; x_wconf 84' lang='lat' dir='ltr'><strong>Mose,</strong></span> <span class='ocrx_word' id='word_1_380' title='bbox 629 4954 767 5035; x_wconf 87' lang='lat' dir='ltr'><strong>spei</strong></span> <span class='ocrx_word' id='word_1_381' title='bbox 829 4951 1146 5019; x_wconf 90' lang='lat' dir='ltr'><strong>divinitus</strong></span> <span class='ocrx_word' id='word_1_382' title='bbox 1190 4953 1316 5019; x_wconf 91' lang='lat' dir='ltr'><strong>sibi</strong></span> <span class='ocrx_word' id='word_1_383' title='bbox 1360 4952 1614 5019; x_wconf 88' lang='lat' dir='ltr'><strong>oblatae</strong></span> <span class='ocrx_word' id='word_1_384' title='bbox 1660 4952 2030 5019; x_wconf 87' lang='lat' dir='ltr'><strong>valedicant</strong></span> <span class='ocrx_word' id='word_1_385' title='bbox 2072 4974 2147 5020; x_wconf 92' lang='lat' dir='ltr'><strong>ac</strong></span> <span class='ocrx_word' id='word_1_386' title='bbox 2190 4974 2292 5018; x_wconf 90' lang='lat' dir='ltr'><strong>re·</strong></span> 
     </span>
     <span class='ocr_line' id='line_1_53' title="bbox 338 5038 2297 5123; baseline -0.001 -19"><span class='ocrx_word' id='word_1_387' title='bbox 338 5039 682 5105; x_wconf 89' lang='lat' dir='ltr'><strong>nuncient.</strong></span> <span class='ocrx_word' id='word_1_388' title='bbox 771 5038 862 5103; x_wconf 83' lang='lat' dir='ltr'><strong>Et</strong></span> <span class='ocrx_word' id='word_1_389' title='bbox 894 5041 1047 5123; x_wconf 89' lang='lat' dir='ltr'><strong>quia</strong></span> <span class='ocrx_word' id='word_1_390' title='bbox 1093 5040 1386 5106; x_wconf 87' lang='lat' dir='ltr'><strong>acerbius</strong></span> <span class='ocrx_word' id='word_1_391' title='bbox 1430 5060 1540 5105; x_wconf 91' lang='lat' dir='ltr'><strong>eos</strong></span> <span class='ocrx_word' id='word_1_392' title='bbox 1574 5050 1878 5123; x_wconf 89' lang='lat' dir='ltr'><strong>torquere</strong></span> <span class='ocrx_word' id='word_1_393' title='bbox 1910 5059 2043 5104; x_wconf 92' lang='lat' dir='ltr'><strong>non</strong></span> <span class='ocrx_word' id='word_1_394' title='bbox 2081 5047 2297 5122; x_wconf 91' lang='lat' dir='ltr'><strong>potest</strong></span> 
     </span>
     <span class='ocr_line' id='line_1_54' title="bbox 340 5123 2295 5210; baseline 0 -20"><span class='ocrx_word' id='word_1_395' title='bbox 340 5125 471 5190; x_wconf 86' lang='lat' dir='ltr'><strong>nisi</strong></span> <span class='ocrx_word' id='word_1_396' title='bbox 514 5123 802 5203; x_wconf 90' lang='lat' dir='ltr'><strong>occidat,</strong></span> <span class='ocrx_word' id='word_1_397' title='bbox 856 5127 1215 5210; x_wconf 80' lang='lat' dir='ltr'><strong>praefectos</strong></span> <span class='ocrx_word' id='word_1_398' title='bbox 1273 5126 1453 5192; x_wconf 86' lang='lat' dir='ltr'><strong>caedi</strong></span> <span class='ocrx_word' id='word_1_399' title='bbox 1497 5126 1694 5203; x_wconf 88' lang='lat' dir='ltr'><strong>iubet,</strong></span> <span class='ocrx_word' id='word_1_400' title='bbox 1742 5134 1816 5190; x_wconf 91' lang='lat' dir='ltr'><strong>ut</strong></span> <span class='ocrx_word' id='word_1_401' title='bbox 1857 5145 2084 5190; x_wconf 88' lang='lat' dir='ltr'><strong>eorum</strong></span> <span class='ocrx_word' id='word_1_402' title='bbox 2148 5146 2295 5190; x_wconf 91' lang='lat' dir='ltr'><strong>ver-</strong></span> 
     </span>
     <span class='ocr_line' id='line_1_55' title="bbox 342 5210 2292 5297; baseline -0.001 -19"><span class='ocrx_word' id='word_1_403' title='bbox 342 5210 614 5278; x_wconf 87' lang='lat' dir='ltr'><strong>beribus</strong></span> <span class='ocrx_word' id='word_1_404' title='bbox 670 5220 883 5277; x_wconf 90' lang='lat' dir='ltr'><strong>totum</strong></span> <span class='ocrx_word' id='word_1_405' title='bbox 936 5212 1180 5296; x_wconf 88' lang='lat' dir='ltr'><strong>vulgus</strong></span> <span class='ocrx_word' id='word_1_406' title='bbox 1238 5213 1446 5297; x_wconf 83' lang='lat' dir='ltr'><strong>magis</strong></span> <span class='ocrx_word' id='word_1_407' title='bbox 1488 5221 1899 5296; x_wconf 83' lang='lat' dir='ltr'><strong>expavescat.</strong></span> <span class='ocrx_word' id='word_1_408' title='bbox 1989 5210 2292 5295; x_wconf 90' lang='lat' dir='ltr'><strong>Denique</strong></span> 
     </span>
     <span class='ocr_line' id='line_1_56' title="bbox 341 5294 2292 5381; baseline 0 -18"><span class='ocrx_word' id='word_1_409' title='bbox 341 5318 506 5381; x_wconf 87' lang='lat' dir='ltr'><strong>quos</strong></span> <span class='ocrx_word' id='word_1_410' title='bbox 543 5294 804 5363; x_wconf 88' lang='lat' dir='ltr'><strong>videbat</strong></span> <span class='ocrx_word' id='word_1_411' title='bbox 847 5298 1041 5365; x_wconf 88' lang='lat' dir='ltr'><strong>nimis</strong></span> <span class='ocrx_word' id='word_1_412' title='bbox 1080 5300 1304 5364; x_wconf 91' lang='lat' dir='ltr'><strong>firmos</strong></span> <span class='ocrx_word' id='word_1_413' title='bbox 1340 5310 1532 5379; x_wconf 88' lang='lat' dir='ltr'><strong>stare,</strong></span> <span class='ocrx_word' id='word_1_414' title='bbox 1577 5298 1807 5363; x_wconf 90' lang='lat' dir='ltr'><strong>ultima</strong></span> <span class='ocrx_word' id='word_1_415' title='bbox 1843 5297 2292 5381; x_wconf 89' lang='lat' dir='ltr'><strong>desperatione</strong></span> 
     </span>
     <span class='ocr_line' id='line_1_57' title="bbox 344 5383 2291 5467; baseline -0.001 -18"><span class='ocrx_word' id='word_1_416' title='bbox 344 5385 653 5467; x_wconf 78' lang='lat' dir='ltr'><strong>frangere</strong></span> <span class='ocrx_word' id='word_1_417' title='bbox 718 5385 939 5450; x_wconf 86' lang='lat' dir='ltr'><strong>voluit.</strong></span> <span class='ocrx_word' id='word_1_418' title='bbox 1052 5383 1387 5467; x_wconf 80' lang='lat' dir='ltr'><strong>Quidquid</strong></span> <span class='ocrx_word' id='word_1_419' title='bbox 1452 5385 1941 5451; x_wconf 85' lang='lat' dir='ltr'><strong>excusationum</strong></span> <span class='ocrx_word' id='word_1_420' title='bbox 2012 5385 2291 5451; x_wconf 89' lang='lat' dir='ltr'><strong>afferant</strong></span> 
     </span>
    </p>
   </div>
   <div class='ocr_carea' id='block_1_3' title="bbox 2342 653 2357 5434">
    <p class='ocr_par' dir='ltr' id='par_1_8' title="bbox 2342 653 2357 5434">
     <span class='ocr_line' id='line_1_58' title="bbox 2342 653 2357 5434; baseline 0 0"><span class='ocrx_word' id='word_1_421' title='bbox 2342 653 2357 5434; x_wconf 95' lang='lat' dir='ltr'><strong> </strong></span> 
     </span>
    </p>
   </div>
   <div class='ocr_carea' id='block_1_4' title="bbox 2400 651 4357 1078">
    <p class='ocr_par' dir='ltr' id='par_1_9' title="bbox 2400 651 4357 1078">
     <span class='ocr_line' id='line_1_59' title="bbox 2402 651 4357 739; baseline 0.002 -23"><span class='ocrx_word' id='word_1_422' title='bbox 2402 651 2712 733; x_wconf 89' lang='lat' dir='ltr'><strong>praefecti</strong></span> <span class='ocrx_word' id='word_1_423' title='bbox 2778 653 2923 735; x_wconf 86' lang='lat' dir='ltr'><strong>ipsi,</strong></span> <span class='ocrx_word' id='word_1_424' title='bbox 2992 651 3193 717; x_wconf 92' lang='lat' dir='ltr'><strong>surdo</strong></span> <span class='ocrx_word' id='word_1_425' title='bbox 3259 664 3507 718; x_wconf 88' lang='lat' dir='ltr'><strong>canunt</strong></span> <span class='ocrx_word' id='word_1_426' title='bbox 3566 653 3876 720; x_wconf 89' lang='lat' dir='ltr'><strong>fabulam.</strong></span> <span class='ocrx_word' id='word_1_427' title='bbox 3951 654 4133 720; x_wconf 75' lang='lat' dir='ltr'><strong>¹Nam</strong></span> <span class='ocrx_word' id='word_1_428' title='bbox 4203 654 4357 739; x_wconf 90' lang='lat' dir='ltr'><strong>quia</strong></span> 
     </span>
     <span class='ocr_line' id='line_1_60' title="bbox 2401 737 4355 822; baseline 0.001 -19"><span class='ocrx_word' id='word_1_429' title='bbox 2401 738 2605 803; x_wconf 90' lang='lat' dir='ltr'><strong>semel</strong></span> <span class='ocrx_word' id='word_1_430' title='bbox 2685 737 2972 802; x_wconf 91' lang='lat' dir='ltr'><strong>decrevit</strong></span> <span class='ocrx_word' id='word_1_431' title='bbox 3050 739 3365 821; x_wconf 85' lang='lat' dir='ltr'><strong>populum</strong></span> <span class='ocrx_word' id='word_1_432' title='bbox 3442 740 3754 822; x_wconf 89' lang='lat' dir='ltr'><strong>obruere,</strong></span> <span class='ocrx_word' id='word_1_433' title='bbox 3856 741 4062 807; x_wconf 92' lang='lat' dir='ltr'><strong>donec</strong></span> <span class='ocrx_word' id='word_1_434' title='bbox 4142 739 4355 806; x_wconf 91' lang='lat' dir='ltr'><strong>abole-</strong></span> 
     </span>
     <span class='ocr_line' id='line_1_61' title="bbox 2401 823 4355 901; baseline 0.002 -14"><span class='ocrx_word' id='word_1_435' title='bbox 2401 823 2572 888; x_wconf 83' lang='lat' dir='ltr'><strong>verit</strong></span> <span class='ocrx_word' id='word_1_436' title='bbox 2629 845 2889 888; x_wconf 91' lang='lat' dir='ltr'><strong>omnem</strong></span> <span class='ocrx_word' id='word_1_437' title='bbox 2953 823 3081 890; x_wconf 88' lang='lat' dir='ltr'><strong>Dei</strong></span> <span class='ocrx_word' id='word_1_438' title='bbox 3137 825 3554 901; x_wconf 89' lang='lat' dir='ltr'><strong>memoriam,</strong></span> <span class='ocrx_word' id='word_1_439' title='bbox 3622 825 3830 891; x_wconf 91' lang='lat' dir='ltr'><strong>nihilo</strong></span> <span class='ocrx_word' id='word_1_440' title='bbox 3889 829 4099 892; x_wconf 90' lang='lat' dir='ltr'><strong>maior</strong></span> <span class='ocrx_word' id='word_1_441' title='bbox 4141 837 4241 892; x_wconf 89' lang='lat' dir='ltr'><strong>est</strong></span> <span class='ocrx_word' id='word_1_442' title='bbox 4282 827 4355 890; x_wconf 92' lang='lat' dir='ltr'><strong>in</strong></span> 
     </span>
     <span class='ocr_line' id='line_1_62' title="bbox 2400 909 4354 1059; baseline 0.002 -86"><span class='ocrx_word' id='word_1_443' title='bbox 2400 930 2477 1059; x_wconf 54' lang='lat' dir='ltr'><strong>{io</strong></span> <span class='ocrx_word' id='word_1_444' title='bbox 2513 909 3010 1059; x_wconf 35' lang='lat' dir='ltr'><strong>‘gnisericordiae</strong></span> <span class='ocrx_word' id='word_1_445' title='bbox 3067 930 3300 976; x_wconf 90' lang='lat' dir='ltr'><strong>sensus</strong></span> <span class='ocrx_word' id='word_1_446' title='bbox 3362 912 3464 976; x_wconf 91' lang='lat' dir='ltr'><strong>vel</strong></span> <span class='ocrx_word' id='word_1_447' title='bbox 3526 911 3962 978; x_wconf 86' lang='lat' dir='ltr'><strong>humanitatis</strong></span> <span class='ocrx_word' id='word_1_448' title='bbox 4030 934 4224 996; x_wconf 89' lang='lat' dir='ltr'><strong>quam</strong></span> <span class='ocrx_word' id='word_1_449' title='bbox 4285 912 4354 976; x_wconf 91' lang='lat' dir='ltr'><strong>in</strong></span> 
     </span>
     <span class='ocr_line' id='line_1_63' title="bbox 2423 1016 2632 1078; baseline 0.005 -19"><span class='ocrx_word' id='word_1_450' title='bbox 2423 1016 2530 1078; x_wconf 80' lang='lat' dir='ltr'><strong>api</strong></span> <span class='ocrx_word' id='word_1_451' title='bbox 2579 1017 2632 1060; x_wconf 93' lang='lat' dir='ltr'><strong>e.</strong></span> 
     </span>
    </p>
   </div>
   <div class='ocr_carea' id='block_1_5' title="bbox 2389 1165 4362 2283">
    <p class='ocr_par' dir='ltr' id='par_1_10' title="bbox 2389 1165 4362 2283">
     <span class='ocr_line' id='line_1_64' title="bbox 2576 1165 4354 1253; baseline 0.003 -23"><span class='ocrx_word' id='word_1_452' title='bbox 2576 1165 2676 1232; x_wconf 88' lang='grc'><strong>19.</strong></span> <span class='ocrx_word' id='word_1_453' title='bbox 2724 1165 2814 1230; x_wconf 79' lang='lat' dir='ltr'><strong>Et</strong></span> <span class='ocrx_word' id='word_1_454' title='bbox 2853 1165 3145 1231; x_wconf 74' lang='lat' dir='ltr'><strong>viderunt</strong></span> <span class='ocrx_word' id='word_1_455' title='bbox 3174 1168 3482 1249; x_wconf 78' lang='lat' dir='ltr'><strong>praefecti</strong></span> <span class='ocrx_word' id='word_1_456' title='bbox 3510 1169 3791 1250; x_wconf 74' lang='lat' dir='ltr'><strong>filiorum</strong></span> <span class='ocrx_word' id='word_1_457' title='bbox 3829 1167 4041 1237; x_wconf 78' lang='lat' dir='ltr'><strong>Israel</strong></span> <span class='ocrx_word' id='word_1_458' title='bbox 4074 1172 4248 1253; x_wconf 75' lang='lat' dir='ltr'><strong>ipsos</strong></span> <span class='ocrx_word' id='word_1_459' title='bbox 4282 1170 4354 1235; x_wconf 81' lang='lat' dir='ltr'><strong>in</strong></span> 
     </span>
     <span class='ocr_line' id='line_1_65' title="bbox 2398 1251 4359 1326; baseline 0.003 -10"><span class='ocrx_word' id='word_1_460' title='bbox 2398 1253 2700 1326; x_wconf 74' lang='lat' dir='ltr'><strong>miseria,</strong></span> <span class='ocrx_word' id='word_1_461' title='bbox 2767 1251 3053 1316; x_wconf 77' lang='lat' dir='ltr'><strong>dicendo.-</strong></span> <span class='ocrx_word' id='word_1_462' title='bbox 3128 1251 3274 1316; x_wconf 79' lang='lat' dir='ltr'><strong>Non</strong></span> <span class='ocrx_word' id='word_1_463' title='bbox 3324 1255 3623 1320; x_wconf 73' lang='lat' dir='ltr'><strong>minuetis</strong></span> <span class='ocrx_word' id='word_1_464' title='bbox 3678 1277 3753 1321; x_wconf 78' lang='lat' dir='ltr'><strong>ex</strong></span> <span class='ocrx_word' id='word_1_465' title='bbox 3794 1256 4093 1322; x_wconf 71' lang='lat' dir='ltr'><strong>lateribus</strong></span> <span class='ocrx_word' id='word_1_466' title='bbox 4134 1257 4359 1322; x_wconf 77' lang='lat' dir='ltr'><strong>vestris</strong></span> 
     </span>
     <span class='ocr_line' id='line_1_66' title="bbox 2400 1338 4357 1419; baseline 0.002 -15"><span class='ocrx_word' id='word_1_467' title='bbox 2400 1358 2562 1419; x_wconf 77' lang='lat' dir='ltr'><strong>opus</strong></span> <span class='ocrx_word' id='word_1_468' title='bbox 2604 1339 2738 1403; x_wconf 76' lang='lat' dir='ltr'><strong>diei</strong></span> <span class='ocrx_word' id='word_1_469' title='bbox 2778 1338 2880 1402; x_wconf 78' lang='lat' dir='ltr'><strong>die</strong></span> <span class='ocrx_word' id='word_1_470' title='bbox 2921 1357 3056 1403; x_wconf 79' lang='lat' dir='ltr'><strong>suo.</strong></span> <span class='ocrx_word' id='word_1_471' title='bbox 3144 1338 3249 1403; x_wconf 91' lang='grc'><strong>20.</strong></span> <span class='ocrx_word' id='word_1_472' title='bbox 3295 1338 3386 1403; x_wconf 81' lang='lat' dir='ltr'><strong>Et</strong></span> <span class='ocrx_word' id='word_1_473' title='bbox 3425 1347 3821 1407; x_wconf 78' lang='lat' dir='ltr'><strong>occurrerunt</strong></span> <span class='ocrx_word' id='word_1_474' title='bbox 3865 1341 4035 1408; x_wconf 79' lang='lat' dir='ltr'><strong>Mosi</strong></span> <span class='ocrx_word' id='word_1_475' title='bbox 4076 1347 4130 1407; x_wconf 78' lang='lat' dir='ltr'><strong>et</strong></span> <span class='ocrx_word' id='word_1_476' title='bbox 4177 1341 4357 1407; x_wconf 78' lang='lat' dir='ltr'><strong>Aha-</strong></span> 
     </span>
     <span class='ocr_line' id='line_1_67' title="bbox 2399 1423 4357 1512; baseline 0.004 -25"><span class='ocrx_word' id='word_1_477' title='bbox 2399 1424 2564 1502; x_wconf 81' lang='lat' dir='ltr'><strong>rom‘,</strong></span> <span class='ocrx_word' id='word_1_478' title='bbox 2605 1423 2718 1505; x_wconf 79' lang='lat' dir='ltr'><strong>qui</strong></span> <span class='ocrx_word' id='word_1_479' title='bbox 2759 1424 3010 1488; x_wconf 77' lang='lat' dir='ltr'><strong>stabant</strong></span> <span class='ocrx_word' id='word_1_480' title='bbox 3053 1425 3120 1488; x_wconf 81' lang='lat' dir='ltr'><strong>in</strong></span> <span class='ocrx_word' id='word_1_481' title='bbox 3164 1443 3487 1490; x_wconf 75' lang='lat' dir='ltr'><strong>occursum</strong></span> <span class='ocrx_word' id='word_1_482' title='bbox 3528 1447 3739 1492; x_wconf 79' lang='lat' dir='ltr'><strong>eorum</strong></span> <span class='ocrx_word' id='word_1_483' title='bbox 3781 1448 3973 1509; x_wconf 77' lang='lat' dir='ltr'><strong>quum</strong></span> <span class='ocrx_word' id='word_1_484' title='bbox 4014 1428 4148 1511; x_wconf 76' lang='lat' dir='ltr'><strong>ipsi</strong></span> <span class='ocrx_word' id='word_1_485' title='bbox 4191 1449 4357 1512; x_wconf 76' lang='lat' dir='ltr'><strong>cyre-</strong></span> 
     </span>
     <span class='ocr_line' id='line_1_68' title="bbox 2400 1508 4353 1596; baseline 0.003 -22"><span class='ocrx_word' id='word_1_486' title='bbox 2400 1509 2690 1576; x_wconf 76' lang='lat' dir='ltr'><strong>derentur</strong></span> <span class='ocrx_word' id='word_1_487' title='bbox 2767 1530 2809 1575; x_wconf 97' lang='lat' dir='ltr'><strong>a</strong></span> <span class='ocrx_word' id='word_1_488' title='bbox 2891 1508 3243 1575; x_wconf 78' lang='lat' dir='ltr'><strong>Pharaone.</strong></span> <span class='ocrx_word' id='word_1_489' title='bbox 3367 1511 3468 1576; x_wconf 83' lang='lat'><strong>21.</strong></span> <span class='ocrx_word' id='word_1_490' title='bbox 3550 1512 3986 1596; x_wconf 76' lang='lat' dir='ltr'><strong>Dixeruntque</strong></span> <span class='ocrx_word' id='word_1_491' title='bbox 4062 1515 4150 1580; x_wconf 79' lang='lat' dir='ltr'><strong>ad</strong></span> <span class='ocrx_word' id='word_1_492' title='bbox 4221 1533 4353 1580; x_wconf 77' lang='lat' dir='ltr'><strong>eos:</strong></span> 
     </span>
     <span class='ocr_line' id='line_1_69' title="bbox 2416 1595 4359 1682; baseline 0.003 -21"><span class='ocrx_word' id='word_1_493' title='bbox 2416 1595 2640 1661; x_wconf 73' lang='lat' dir='ltr'><strong>Videat</strong></span> <span class='ocrx_word' id='word_1_494' title='bbox 2665 1595 2893 1661; x_wconf 71' lang='lat' dir='ltr'><strong>lehova</strong></span> <span class='ocrx_word' id='word_1_495' title='bbox 2935 1615 3127 1676; x_wconf 73' lang='lat' dir='ltr'><strong>super</strong></span> <span class='ocrx_word' id='word_1_496' title='bbox 3169 1616 3293 1671; x_wconf 69' lang='lat' dir='ltr'><strong>voe,</strong></span> <span class='ocrx_word' id='word_1_497' title='bbox 3338 1602 3394 1662; x_wconf 80' lang='lat' dir='ltr'><strong>et</strong></span> <span class='ocrx_word' id='word_1_498' title='bbox 3435 1599 3680 1675; x_wconf 75' lang='lat' dir='ltr'><strong>iudicet,</strong></span> <span class='ocrx_word' id='word_1_499' title='bbox 3716 1599 3827 1679; x_wconf 77' lang='lat' dir='ltr'><strong>qui</strong></span> <span class='ocrx_word' id='word_1_500' title='bbox 3859 1600 4083 1681; x_wconf 78' lang='lat' dir='ltr'><strong>foetere</strong></span> <span class='ocrx_word' id='word_1_501' title='bbox 4113 1600 4359 1682; x_wconf 55' lang='lat' dir='ltr'><strong>fecistis</strong></span> 
     </span>
     <span class='ocr_line' id='line_1_70' title="bbox 2400 1682 4358 1752; baseline 0.002 -5"><span class='ocrx_word' id='word_1_502' title='bbox 2400 1682 2644 1747; x_wconf 77' lang='lat' dir='ltr'><strong>odorem</strong></span> <span class='ocrx_word' id='word_1_503' title='bbox 2686 1686 2969 1747; x_wconf 74' lang='lat' dir='ltr'><strong>nostrum</strong></span> <span class='ocrx_word' id='word_1_504' title='bbox 3011 1683 3082 1745; x_wconf 79' lang='lat' dir='ltr'><strong>in</strong></span> <span class='ocrx_word' id='word_1_505' title='bbox 3124 1682 3321 1748; x_wconf 71' lang='lat' dir='ltr'><strong>oculi-s·</strong></span> <span class='ocrx_word' id='word_1_506' title='bbox 3368 1682 3735 1750; x_wconf 77' lang='lat' dir='ltr'><strong>Pharaonis</strong></span> <span class='ocrx_word' id='word_1_507' title='bbox 3776 1689 3831 1751; x_wconf 79' lang='lat' dir='ltr'><strong>et</strong></span> <span class='ocrx_word' id='word_1_508' title='bbox 3875 1685 3943 1749; x_wconf 74' lang='lat' dir='ltr'><strong>in</strong></span> <span class='ocrx_word' id='word_1_509' title='bbox 3985 1686 4185 1752; x_wconf 74' lang='lat' dir='ltr'><strong>oculis</strong></span> <span class='ocrx_word' id='word_1_510' title='bbox 4225 1706 4358 1751; x_wconf 75' lang='lat' dir='ltr'><strong>ser·</strong></span> 
     </span>
     <span class='ocr_line' id='line_1_71' title="bbox 2399 1767 4362 1852; baseline 0.002 -19"><span class='ocrx_word' id='word_1_511' title='bbox 2399 1787 2620 1833; x_wconf 81' lang='lat' dir='ltr'><strong>vorum</strong></span> <span class='ocrx_word' id='word_1_512' title='bbox 2661 1767 2826 1846; x_wconf 69' lang='lat' dir='ltr'><strong>eine,</strong></span> <span class='ocrx_word' id='word_1_513' title='bbox 2884 1768 3182 1834; x_wconf 77' lang='lat' dir='ltr'><strong>tradendo</strong></span> <span class='ocrx_word' id='word_1_514' title='bbox 3232 1768 3520 1852; x_wconf 74' lang='lat' dir='ltr'><strong>yladium</strong></span> <span class='ocrx_word' id='word_1_515' title='bbox 3564 1771 3632 1835; x_wconf 81' lang='lat' dir='ltr'><strong>in</strong></span> <span class='ocrx_word' id='word_1_516' title='bbox 3675 1790 3934 1836; x_wconf 78' lang='lat' dir='ltr'><strong>manum</strong></span> <span class='ocrx_word' id='word_1_517' title='bbox 3974 1770 4231 1836; x_wconf 79' lang='lat' dir='ltr'><strong>illorum</strong></span> <span class='ocrx_word' id='word_1_518' title='bbox 4272 1769 4362 1838; x_wconf 75' lang='lat' dir='ltr'><strong>ad</strong></span> 
     </span>
     <span class='ocr_line' id='line_1_72' title="bbox 2400 1853 4358 1923; baseline 0.002 -5"><span class='ocrx_word' id='word_1_519' title='bbox 2400 1854 2799 1919; x_wconf 73' lang='lat' dir='ltr'><strong>occidendum</strong></span> <span class='ocrx_word' id='word_1_520' title='bbox 2840 1873 2970 1920; x_wconf 76' lang='lat' dir='ltr'><strong>nos·</strong></span> <span class='ocrx_word' id='word_1_521' title='bbox 3040 1853 3144 1918; x_wconf 82' lang='lat'><strong>22.</strong></span> <span class='ocrx_word' id='word_1_522' title='bbox 3197 1854 3374 1919; x_wconf 77' lang='lat' dir='ltr'><strong>Tune</strong></span> <span class='ocrx_word' id='word_1_523' title='bbox 3414 1875 3702 1921; x_wconf 78' lang='lat' dir='ltr'><strong>reversus</strong></span> <span class='ocrx_word' id='word_1_524' title='bbox 3742 1861 3831 1921; x_wconf 75' lang='lat' dir='ltr'><strong>est</strong></span> <span class='ocrx_word' id='word_1_525' title='bbox 3875 1855 4085 1922; x_wconf 77' lang='lat' dir='ltr'><strong>Moses</strong></span> <span class='ocrx_word' id='word_1_526' title='bbox 4128 1858 4211 1922; x_wconf 78' lang='lat' dir='ltr'><strong>ad</strong></span> <span class='ocrx_word' id='word_1_527' title='bbox 4260 1857 4358 1923; x_wconf 92' lang='lat' dir='ltr'><strong>Ie-</strong></span> 
     </span>
     <span class='ocr_line' id='line_1_73' title="bbox 2400 1938 4358 2026; baseline 0.004 -24"><span class='ocrx_word' id='word_1_528' title='bbox 2400 1938 2640 2015; x_wconf 81' lang='lat' dir='ltr'><strong>hovam,</strong></span> <span class='ocrx_word' id='word_1_529' title='bbox 2686 1944 2743 2003; x_wconf 77' lang='lat' dir='ltr'><strong>et</strong></span> <span class='ocrx_word' id='word_1_530' title='bbox 2783 1938 2979 2004; x_wconf 45' lang='lat' dir='ltr'><strong>dixsit.-</strong></span> <span class='ocrx_word' id='word_1_531' title='bbox 3030 1939 3324 2021; x_wconf 78' lang='lat' dir='ltr'><strong>Domine,</strong></span> <span class='ocrx_word' id='word_1_532' title='bbox 3366 1962 3482 2007; x_wconf 82' lang='lat' dir='ltr'><strong>our</strong></span> <span class='ocrx_word' id='word_1_533' title='bbox 3520 1942 3761 2007; x_wconf 82' lang='lat' dir='ltr'><strong>malum</strong></span> <span class='ocrx_word' id='word_1_534' title='bbox 3805 1941 4083 2008; x_wconf 71' lang='lat' dir='ltr'><strong>intulisti</strong></span> <span class='ocrx_word' id='word_1_535' title='bbox 4114 1943 4358 2026; x_wconf 77' lang='lat' dir='ltr'><strong>populo</strong></span> 
     </span>
     <span class='ocr_line' id='line_1_74' title="bbox 2400 2025 4357 2111; baseline 0.003 -22"><span class='ocrx_word' id='word_1_536' title='bbox 2400 2025 2590 2090; x_wconf 75' lang='lat' dir='ltr'><strong>huic!</strong></span> <span class='ocrx_word' id='word_1_537' title='bbox 2651 2044 2768 2092; x_wconf 82' lang='lat' dir='ltr'><strong>eur</strong></span> <span class='ocrx_word' id='word_1_538' title='bbox 2820 2026 3057 2091; x_wconf 61' lang='lat' dir='ltr'><strong>misisti</strong></span> <span class='ocrx_word' id='word_1_539' title='bbox 3109 2025 3257 2091; x_wconf 76' lang='lat' dir='ltr'><strong>me?</strong></span> <span class='ocrx_word' id='word_1_540' title='bbox 3355 2027 3459 2092; x_wconf 87' lang='lat'><strong>23.</strong></span> <span class='ocrx_word' id='word_1_541' title='bbox 3522 2028 3697 2092; x_wconf 82' lang='lat' dir='ltr'><strong>Nam</strong></span> <span class='ocrx_word' id='word_1_542' title='bbox 3754 2048 3831 2093; x_wconf 62' lang='grc' dir='ltr'><strong>επ</strong></span> <span class='ocrx_word' id='word_1_543' title='bbox 3891 2049 4014 2111; x_wconf 79' lang='lat' dir='ltr'><strong>quo</strong></span> <span class='ocrx_word' id='word_1_544' title='bbox 4069 2030 4212 2094; x_wconf 78' lang='lat' dir='ltr'><strong>veni</strong></span> <span class='ocrx_word' id='word_1_545' title='bbox 4269 2029 4357 2094; x_wconf 79' lang='lat' dir='ltr'><strong>ad</strong></span> 
     </span>
     <span class='ocr_line' id='line_1_75' title="bbox 2406 2110 4359 2197; baseline 0.002 -20"><span class='ocrx_word' id='word_1_546' title='bbox 2406 2110 2807 2178; x_wconf 79' lang='lat' dir='ltr'><strong>Pharaonem</strong></span> <span class='ocrx_word' id='word_1_547' title='bbox 2861 2117 2934 2176; x_wconf 78' lang='lat' dir='ltr'><strong>ut</strong></span> <span class='ocrx_word' id='word_1_548' title='bbox 2989 2112 3268 2193; x_wconf 72' lang='lat' dir='ltr'><strong>loquerer</strong></span> <span class='ocrx_word' id='word_1_549' title='bbox 3323 2114 3389 2177; x_wconf 80' lang='lat' dir='ltr'><strong>in</strong></span> <span class='ocrx_word' id='word_1_550' title='bbox 3455 2115 3701 2179; x_wconf 80' lang='lat' dir='ltr'><strong>nomine</strong></span> <span class='ocrx_word' id='word_1_551' title='bbox 3757 2118 3878 2191; x_wconf 82' lang='lat' dir='ltr'><strong>tuo,</strong></span> <span class='ocrx_word' id='word_1_552' title='bbox 3932 2113 4096 2178; x_wconf 82' lang='lat' dir='ltr'><strong>malo</strong></span> <span class='ocrx_word' id='word_1_553' title='bbox 4150 2115 4359 2197; x_wconf 73' lang='lat' dir='ltr'><strong>affecit</strong></span> 
     </span>
     <span class='ocr_line' id='line_1_76' title="bbox 2389 2196 4357 2283; baseline 0.002 -21"><span class='ocrx_word' id='word_1_554' title='bbox 2389 2196 2702 2280; x_wconf 78' lang='lat' dir='ltr'><strong>populum</strong></span> <span class='ocrx_word' id='word_1_555' title='bbox 2743 2196 2937 2263; x_wconf 79' lang='lat' dir='ltr'><strong>hunc.-</strong></span> <span class='ocrx_word' id='word_1_556' title='bbox 2990 2218 3097 2262; x_wconf 82' lang='lat' dir='ltr'><strong>neo</strong></span> <span class='ocrx_word' id='word_1_557' title='bbox 3138 2197 3455 2266; x_wconf 77' lang='lat' dir='ltr'><strong>liberando</strong></span> <span class='ocrx_word' id='word_1_558' title='bbox 3496 2199 3778 2265; x_wconf 68' lang='lat' dir='ltr'><strong>liberasti</strong></span> <span class='ocrx_word' id='word_1_559' title='bbox 3806 2201 4116 2283; x_wconf 76' lang='lat' dir='ltr'><strong>populum</strong></span> <span class='ocrx_word' id='word_1_560' title='bbox 4160 2206 4357 2266; x_wconf 76' lang='lat' dir='ltr'><strong>tuum.</strong></span> 
     </span>
    </p>
   </div>
   <div class='ocr_carea' id='block_1_6' title="bbox 2392 2368 4356 5466">
    <p class='ocr_par' dir='ltr' id='par_1_11' title="bbox 2393 2368 4356 4865">
     <span class='ocr_line' id='line_1_77' title="bbox 2577 2368 4356 2450; baseline 0.004 -17"><span class='ocrx_word' id='word_1_561' title='bbox 2577 2368 2677 2435; x_wconf 88' lang='grc'><strong>19.</strong></span> <span class='ocrx_word' id='word_1_562' title='bbox 2715 2368 2806 2435; x_wconf 80' lang='lat' dir='ltr'><strong>Et</strong></span> <span class='ocrx_word' id='word_1_563' title='bbox 2846 2370 3151 2435; x_wconf 75' lang='lat' dir='ltr'><strong>viderunt.</strong></span> <span class='ocrx_word' id='word_1_564' title='bbox 3231 2369 3518 2450; x_wconf 89' lang='lat' dir='ltr'><strong>Quidam</strong></span> <span class='ocrx_word' id='word_1_565' title='bbox 3557 2392 3782 2437; x_wconf 91' lang='lat' dir='ltr'><strong>vocem</strong></span> <span class='ocrx_word' id='word_1_566' title='bbox 3808 2370 4205 2437; x_wconf 89' lang='lat' dir='ltr'><strong>Hebraicam</strong></span> <span class='ocrx_word' id='word_1_567' title='bbox 4262 2386 4356 2448; x_wconf 68' lang='lat'><strong>177</strong></span> 
     </span>
     <span class='ocr_line' id='line_1_78' title="bbox 2400 2456 4356 2542; baseline 0 -21"><span class='ocrx_word' id='word_1_568' title='bbox 2400 2477 2520 2539; x_wconf 90' lang='lat' dir='ltr'><strong>pro</strong></span> <span class='ocrx_word' id='word_1_569' title='bbox 2575 2474 2875 2521; x_wconf 92' lang='lat' dir='ltr'><strong>moerore</strong></span> <span class='ocrx_word' id='word_1_570' title='bbox 2933 2457 3291 2540; x_wconf 90' lang='lat' dir='ltr'><strong>accipiunt,</strong></span> <span class='ocrx_word' id='word_1_571' title='bbox 3351 2457 3709 2522; x_wconf 85' lang='lat' dir='ltr'><strong>referentes</strong></span> <span class='ocrx_word' id='word_1_572' title='bbox 3752 2466 3972 2522; x_wconf 90' lang='lat' dir='ltr'><strong>tamen</strong></span> <span class='ocrx_word' id='word_1_573' title='bbox 4020 2456 4101 2522; x_wconf 89' lang='lat' dir='ltr'><strong>ad</strong></span> <span class='ocrx_word' id='word_1_574' title='bbox 4145 2477 4356 2542; x_wconf 88' lang='lat' dir='ltr'><strong>popu·</strong></span> 
     </span>
     <span class='ocr_line' id='line_1_79' title="bbox 2402 2540 4356 2628; baseline 0 -21"><span class='ocrx_word' id='word_1_575' title='bbox 2402 2544 2569 2608; x_wconf 89' lang='lat' dir='ltr'><strong>lum:</strong></span> <span class='ocrx_word' id='word_1_576' title='bbox 2617 2562 2692 2607; x_wconf 89' lang='lat' dir='ltr'><strong>ac</strong></span> <span class='ocrx_word' id='word_1_577' title='bbox 2736 2541 2792 2606; x_wconf 93' lang='lat' dir='ltr'><strong>si</strong></span> <span class='ocrx_word' id='word_1_578' title='bbox 2828 2540 3074 2608; x_wconf 88' lang='lat' dir='ltr'><strong>dictum</strong></span> <span class='ocrx_word' id='word_1_579' title='bbox 3113 2550 3301 2621; x_wconf 88' lang='lat' dir='ltr'><strong>esset,</strong></span> <span class='ocrx_word' id='word_1_580' title='bbox 3347 2542 3657 2608; x_wconf 89' lang='lat' dir='ltr'><strong>viderunt</strong></span> <span class='ocrx_word' id='word_1_581' title='bbox 3691 2543 4000 2626; x_wconf 89' lang='lat' dir='ltr'><strong>praefecti</strong></span> <span class='ocrx_word' id='word_1_582' title='bbox 4037 2542 4356 2628; x_wconf 87' lang='lat' dir='ltr'><strong>populum</strong></span> 
     </span>
     <span class='ocr_line' id='line_1_80' title="bbox 2401 2627 4352 2713; baseline -0.001 -20"><span class='ocrx_word' id='word_1_583' title='bbox 2401 2635 2756 2708; x_wconf 88' lang='lat' dir='ltr'><strong>moestum,</strong></span> <span class='ocrx_word' id='word_1_584' title='bbox 2813 2627 2918 2693; x_wconf 92' lang='lat' dir='ltr'><strong>vel</strong></span> <span class='ocrx_word' id='word_1_585' title='bbox 2974 2627 3243 2694; x_wconf 86' lang='lat' dir='ltr'><strong>tristitia</strong></span> <span class='ocrx_word' id='word_1_586' title='bbox 3287 2627 3645 2713; x_wconf 87' lang='lat' dir='ltr'><strong>deiectum,</strong></span> <span class='ocrx_word' id='word_1_587' title='bbox 3705 2649 3906 2711; x_wconf 91' lang='lat' dir='ltr'><strong>quum</strong></span> <span class='ocrx_word' id='word_1_588' title='bbox 3950 2630 4124 2713; x_wconf 90' lang='lat' dir='ltr'><strong>regis</strong></span> <span class='ocrx_word' id='word_1_589' title='bbox 4166 2648 4352 2693; x_wconf 91' lang='lat' dir='ltr'><strong>man·</strong></span> 
     </span>
     <span class='ocr_line' id='line_1_81' title="bbox 2401 2712 4356 2802; baseline -0.001 -24"><span class='ocrx_word' id='word_1_590' title='bbox 2401 2713 2556 2779; x_wconf 88' lang='lat' dir='ltr'><strong>data</strong></span> <span class='ocrx_word' id='word_1_591' title='bbox 2601 2721 3020 2797; x_wconf 85' lang='lat' dir='ltr'><strong>exponerent.</strong></span> <span class='ocrx_word' id='word_1_592' title='bbox 3107 2713 3359 2779; x_wconf 86' lang='lat' dir='ltr'><strong>Verum</strong></span> <span class='ocrx_word' id='word_1_593' title='bbox 3427 2714 3812 2798; x_wconf 86' lang='lat' dir='ltr'><strong>simpliciter</strong></span> <span class='ocrx_word' id='word_1_594' title='bbox 3856 2713 4027 2802; x_wconf 92' lang='lat' dir='ltr'><strong>(meo</strong></span> <span class='ocrx_word' id='word_1_595' title='bbox 4083 2712 4356 2800; x_wconf 84' lang='lat' dir='ltr'><strong>iudicio)</strong></span> 
     </span>
     <span class='ocr_line' id='line_1_82' title="bbox 2399 2798 4345 2880; baseline 0.001 -15"><span class='ocrx_word' id='word_1_596' title='bbox 2399 2821 2629 2865; x_wconf 90' lang='lat' dir='ltr'><strong>sensus</strong></span> <span class='ocrx_word' id='word_1_597' title='bbox 2684 2814 2885 2873; x_wconf 86' lang='lat' dir='ltr'><strong>esset,</strong></span> <span class='ocrx_word' id='word_1_598' title='bbox 2932 2798 3174 2865; x_wconf 90' lang='lat' dir='ltr'><strong>vidisse</strong></span> <span class='ocrx_word' id='word_1_599' title='bbox 3223 2800 3478 2866; x_wconf 87' lang='lat' dir='ltr'><strong>nullum</strong></span> <span class='ocrx_word' id='word_1_600' title='bbox 3524 2822 3665 2866; x_wconf 89' lang='lat' dir='ltr'><strong>esse</strong></span> <span class='ocrx_word' id='word_1_601' title='bbox 3707 2800 4068 2866; x_wconf 91' lang='lat' dir='ltr'><strong>remedium</strong></span> <span class='ocrx_word' id='word_1_602' title='bbox 4129 2801 4345 2880; x_wconf 88' lang='lat' dir='ltr'><strong>malis,</strong></span> 
     </span>
     <span class='ocr_line' id='line_1_83' title="bbox 2399 2884 4350 2967; baseline 0 -16"><span class='ocrx_word' id='word_1_603' title='bbox 2399 2908 2522 2952; x_wconf 92' lang='lat' dir='ltr'><strong>nec</strong></span> <span class='ocrx_word' id='word_1_604' title='bbox 2564 2906 2755 2967; x_wconf 90' lang='lat' dir='ltr'><strong>posse</strong></span> <span class='ocrx_word' id='word_1_605' title='bbox 2813 2886 3010 2950; x_wconf 86' lang='lat' dir='ltr'><strong>eximi</strong></span> <span class='ocrx_word' id='word_1_606' title='bbox 3068 2884 3148 2950; x_wconf 92' lang='lat' dir='ltr'><strong>ab</strong></span> <span class='ocrx_word' id='word_1_607' title='bbox 3207 2886 3323 2950; x_wconf 91' lang='lat' dir='ltr'><strong>illa</strong></span> <span class='ocrx_word' id='word_1_608' title='bbox 3380 2887 3543 2951; x_wconf 89' lang='lat' dir='ltr'><strong>‹lura</strong></span> <span class='ocrx_word' id='word_1_609' title='bbox 3600 2889 3919 2952; x_wconf 89' lang='lat' dir='ltr'><strong>servitute</strong></span> <span class='ocrx_word' id='word_1_610' title='bbox 3961 2888 4064 2952; x_wconf 92' lang='lat' dir='ltr'><strong>cui</strong></span> <span class='ocrx_word' id='word_1_611' title='bbox 4110 2886 4350 2953; x_wconf 89' lang='lat' dir='ltr'><strong>addicti</strong></span> 
     </span>
     <span class='ocr_line' id='line_1_84' title="bbox 2399 2972 4347 3057; baseline 0 -20"><span class='ocrx_word' id='word_1_612' title='bbox 2399 2982 2609 3037; x_wconf 87' lang='lat' dir='ltr'><strong>erant.</strong></span> <span class='ocrx_word' id='word_1_613' title='bbox 2669 2972 3031 3056; x_wconf 87' lang='lat' dir='ltr'><strong>Exponunt</strong></span> <span class='ocrx_word' id='word_1_614' title='bbox 3064 2973 3262 3036; x_wconf 88' lang='lat' dir='ltr'><strong>etiam</strong></span> <span class='ocrx_word' id='word_1_615' title='bbox 3297 2972 3559 3056; x_wconf 91' lang='lat' dir='ltr'><strong>quidam</strong></span> <span class='ocrx_word' id='word_1_616' title='bbox 3607 2973 3965 3055; x_wconf 87' lang='lat' dir='ltr'><strong>praefectos</strong></span> <span class='ocrx_word' id='word_1_617' title='bbox 4000 2974 4175 3057; x_wconf 88' lang='lat' dir='ltr'><strong>ipsos</strong></span> <span class='ocrx_word' id='word_1_618' title='bbox 4199 2993 4347 3039; x_wconf 90' lang='lat' dir='ltr'><strong>sen·</strong></span> 
     </span>
     <span class='ocr_line' id='line_1_85' title="bbox 2400 3057 4348 3146; baseline -0.001 -21"><span class='ocrx_word' id='word_1_619' title='bbox 2400 3059 2564 3125; x_wconf 88' lang='lat' dir='ltr'><strong>sisse</strong></span> <span class='ocrx_word' id='word_1_620' title='bbox 2623 3058 2763 3142; x_wconf 92' lang='lat' dir='ltr'><strong>ipso</strong></span> <span class='ocrx_word' id='word_1_621' title='bbox 2819 3057 3306 3142; x_wconf 79' lang='lat' dir='ltr'><strong>experimentO,</strong></span> <span class='ocrx_word' id='word_1_622' title='bbox 3364 3066 3708 3143; x_wconf 88' lang='lat' dir='ltr'><strong>postquam</strong></span> <span class='ocrx_word' id='word_1_623' title='bbox 3753 3080 3791 3124; x_wconf 87' lang='lat' dir='ltr'><strong>a</strong></span> <span class='ocrx_word' id='word_1_624' title='bbox 3850 3081 4005 3146; x_wconf 87' lang='lat' dir='ltr'><strong>rege</strong></span> <span class='ocrx_word' id='word_1_625' title='bbox 4065 3067 4203 3125; x_wconf 90' lang='lat' dir='ltr'><strong>tam</strong></span> <span class='ocrx_word' id='word_1_626' title='bbox 4245 3061 4348 3125; x_wconf 90' lang='lat' dir='ltr'><strong>in-</strong></span> 
     </span>
     <span class='ocr_line' id='line_1_86' title="bbox 2400 3144 4348 3227; baseline 0.001 -18"><span class='ocrx_word' id='word_1_627' title='bbox 2400 3144 2779 3211; x_wconf 89' lang='lat' dir='ltr'><strong>humaniter</strong></span> <span class='ocrx_word' id='word_1_628' title='bbox 2822 3145 3068 3226; x_wconf 90' lang='lat' dir='ltr'><strong>repulsi</strong></span> <span class='ocrx_word' id='word_1_629' title='bbox 3115 3145 3406 3224; x_wconf 88' lang='lat' dir='ltr'><strong>fuerant,</strong></span> <span class='ocrx_word' id='word_1_630' title='bbox 3467 3166 3663 3227; x_wconf 90' lang='lat' dir='ltr'><strong>quam</strong></span> <span class='ocrx_word' id='word_1_631' title='bbox 3721 3145 3955 3212; x_wconf 86' lang='lat' dir='ltr'><strong>infelix</strong></span> <span class='ocrx_word' id='word_1_632' title='bbox 4014 3154 4185 3211; x_wconf 90' lang='lat' dir='ltr'><strong>esset</strong></span> <span class='ocrx_word' id='word_1_633' title='bbox 4227 3165 4348 3210; x_wconf 92' lang='lat' dir='ltr'><strong>sua</strong></span> 
     </span>
     <span class='ocr_line' id='line_1_87' title="bbox 2400 3231 4344 3316; baseline -0.002 -18"><span class='ocrx_word' id='word_1_634' title='bbox 2400 3231 2704 3298; x_wconf 80' lang='lat' dir='ltr'><strong>conditio,</strong></span> <span class='ocrx_word' id='word_1_635' title='bbox 2771 3232 2916 3314; x_wconf 84' lang='lat' dir='ltr'><strong>Ego</strong></span> <span class='ocrx_word' id='word_1_636' title='bbox 2954 3245 3195 3308; x_wconf 85' lang='lat' dir='ltr'><strong>tamen,</strong></span> <span class='ocrx_word' id='word_1_637' title='bbox 3242 3232 3296 3296; x_wconf 89' lang='lat' dir='ltr'><strong>si</strong></span> <span class='ocrx_word' id='word_1_638' title='bbox 3333 3232 3726 3296; x_wconf 89' lang='lat' dir='ltr'><strong>alterutrum</strong></span> <span class='ocrx_word' id='word_1_639' title='bbox 3755 3231 3995 3316; x_wconf 87' lang='lat' dir='ltr'><strong>eligere</strong></span> <span class='ocrx_word' id='word_1_640' title='bbox 4030 3240 4344 3315; x_wconf 90' lang='lat' dir='ltr'><strong>oporteat,</strong></span> 
     </span>
     <span class='ocr_line' id='line_1_88' title="bbox 2398 3316 4349 3402; baseline -0.001 -18"><span class='ocrx_word' id='word_1_641' title='bbox 2398 3318 2611 3402; x_wconf 86' lang='lat' dir='ltr'><strong>magis</strong></span> <span class='ocrx_word' id='word_1_642' title='bbox 2646 3317 2990 3401; x_wconf 90' lang='lat' dir='ltr'><strong>probarem</strong></span> <span class='ocrx_word' id='word_1_643' title='bbox 3026 3317 3196 3400; x_wconf 92' lang='lat' dir='ltr'><strong>quod</strong></span> <span class='ocrx_word' id='word_1_644' title='bbox 3238 3316 3422 3400; x_wconf 90' lang='lat' dir='ltr'><strong>prius</strong></span> <span class='ocrx_word' id='word_1_645' title='bbox 3467 3318 3681 3396; x_wconf 92' lang='lat' dir='ltr'><strong>retuli,</strong></span> <span class='ocrx_word' id='word_1_646' title='bbox 3728 3320 3902 3401; x_wconf 91' lang='lat' dir='ltr'><strong>ipsos</strong></span> <span class='ocrx_word' id='word_1_647' title='bbox 3935 3317 4349 3385; x_wconf 90' lang='lat' dir='ltr'><strong>condoluisse</strong></span> 
     </span>
     <span class='ocr_line' id='line_1_89' title="bbox 2395 3402 4346 3488; baseline 0.001 -21"><span class='ocrx_word' id='word_1_648' title='bbox 2395 3402 2697 3488; x_wconf 88' lang='lat' dir='ltr'><strong>publicae</strong></span> <span class='ocrx_word' id='word_1_649' title='bbox 2760 3403 3145 3482; x_wconf 90' lang='lat' dir='ltr'><strong>calamitati,</strong></span> <span class='ocrx_word' id='word_1_650' title='bbox 3237 3403 3490 3469; x_wconf 90' lang='lat' dir='ltr'><strong>nullam</strong></span> <span class='ocrx_word' id='word_1_651' title='bbox 3570 3413 3791 3468; x_wconf 90' lang='lat' dir='ltr'><strong>tamen</strong></span> <span class='ocrx_word' id='word_1_652' title='bbox 3872 3424 4055 3488; x_wconf 90' lang='lat' dir='ltr'><strong>spem</strong></span> <span class='ocrx_word' id='word_1_653' title='bbox 4128 3405 4346 3469; x_wconf 86' lang='lat' dir='ltr'><strong>exitus</strong></span> 
     </span>
     <span class='ocr_line' id='line_1_90' title="bbox 2398 3489 4344 3573; baseline -0.001 -16"><span class='ocrx_word' id='word_1_654' title='bbox 2398 3490 2657 3557; x_wconf 90' lang='lat' dir='ltr'><strong>vidisse.</strong></span> <span class='ocrx_word' id='word_1_655' title='bbox 2750 3489 2898 3555; x_wconf 90' lang='lat' dir='ltr'><strong>Nisi</strong></span> <span class='ocrx_word' id='word_1_656' title='bbox 2954 3490 3118 3554; x_wconf 88' lang='lat' dir='ltr'><strong>forte</strong></span> <span class='ocrx_word' id='word_1_657' title='bbox 3163 3489 3257 3555; x_wconf 89' lang='lat' dir='ltr'><strong>sic</strong></span> <span class='ocrx_word' id='word_1_658' title='bbox 3300 3490 3594 3573; x_wconf 88' lang='lat' dir='ltr'><strong>accipere</strong></span> <span class='ocrx_word' id='word_1_659' title='bbox 3638 3490 3870 3570; x_wconf 89' lang='lat' dir='ltr'><strong>libeat,</strong></span> <span class='ocrx_word' id='word_1_660' title='bbox 3933 3511 4133 3573; x_wconf 91' lang='lat' dir='ltr'><strong>quum</strong></span> <span class='ocrx_word' id='word_1_661' title='bbox 4197 3511 4344 3573; x_wconf 83' lang='lat' dir='ltr'><strong>pro·</strong></span> 
     </span>
     <span class='ocr_line' id='line_1_91' title="bbox 2396 3575 4348 3659; baseline 0 -18"><span class='ocrx_word' id='word_1_662' title='bbox 2396 3577 2615 3641; x_wconf 89' lang='lat' dir='ltr'><strong>dirent</strong></span> <span class='ocrx_word' id='word_1_663' title='bbox 2656 3578 2725 3640; x_wconf 93' lang='lat' dir='ltr'><strong>in</strong></span> <span class='ocrx_word' id='word_1_664' title='bbox 2771 3575 2993 3659; x_wconf 90' lang='lat' dir='ltr'><strong>populi</strong></span> <span class='ocrx_word' id='word_1_665' title='bbox 3038 3584 3461 3658; x_wconf 88' lang='lat' dir='ltr'><strong>conspectum</strong></span> <span class='ocrx_word' id='word_1_666' title='bbox 3485 3627 3499 3654; x_wconf 88' lang='lat'>‚</span> <span class='ocrx_word' id='word_1_667' title='bbox 3545 3575 3746 3642; x_wconf 86' lang='lat' dir='ltr'><strong>fuisse</strong></span> <span class='ocrx_word' id='word_1_668' title='bbox 3790 3577 3966 3642; x_wconf 87' lang='lat' dir='ltr'><strong>tristi·</strong></span> <span class='ocrx_word' id='word_1_669' title='bbox 4010 3577 4220 3654; x_wconf 87' lang='lat' dir='ltr'><strong>vultu,</strong></span> <span class='ocrx_word' id='word_1_670' title='bbox 4280 3583 4348 3641; x_wconf 92' lang='lat' dir='ltr'><strong>et</strong></span> 
     </span>
     <span class='ocr_line' id='line_1_92' title="bbox 2395 3661 4346 3747; baseline 0.001 -20"><span class='ocrx_word' id='word_1_671' title='bbox 2395 3663 2582 3747; x_wconf 87' lang='lat' dir='ltr'><strong>quasi</strong></span> <span class='ocrx_word' id='word_1_672' title='bbox 2627 3671 2811 3727; x_wconf 90' lang='lat' dir='ltr'><strong>torve</strong></span> <span class='ocrx_word' id='word_1_673' title='bbox 2847 3664 3063 3746; x_wconf 89' lang='lat' dir='ltr'><strong>ipsum</strong></span> <span class='ocrx_word' id='word_1_674' title='bbox 3103 3662 3376 3727; x_wconf 87' lang='lat' dir='ltr'><strong>intuitos</strong></span> <span class='ocrx_word' id='word_1_675' title='bbox 3420 3681 3562 3727; x_wconf 88' lang='lat' dir='ltr'><strong>esse</strong></span> <span class='ocrx_word' id='word_1_676' title='bbox 3596 3682 3754 3746; x_wconf 91' lang='lat' dir='ltr'><strong>prae</strong></span> <span class='ocrx_word' id='word_1_677' title='bbox 3790 3661 4011 3728; x_wconf 93' lang='lat' dir='ltr'><strong>dolore</strong></span> <span class='ocrx_word' id='word_1_678' title='bbox 4054 3669 4124 3728; x_wconf 93' lang='lat' dir='ltr'><strong>et</strong></span> <span class='ocrx_word' id='word_1_679' title='bbox 4156 3683 4346 3729; x_wconf 86' lang='lat' dir='ltr'><strong>vere-</strong></span> 
     </span>
     <span class='ocr_line' id='line_1_93' title="bbox 2394 3747 4348 3831; baseline 0 -17"><span class='ocrx_word' id='word_1_680' title='bbox 2394 3749 2653 3828; x_wconf 89' lang='lat' dir='ltr'><strong>cundia,</strong></span> <span class='ocrx_word' id='word_1_681' title='bbox 2691 3748 2859 3831; x_wconf 91' lang='lat' dir='ltr'><strong>quod</strong></span> <span class='ocrx_word' id='word_1_682' title='bbox 2904 3747 3165 3814; x_wconf 90' lang='lat' dir='ltr'><strong>crudele</strong></span> <span class='ocrx_word' id='word_1_683' title='bbox 3209 3747 3372 3813; x_wconf 90' lang='lat' dir='ltr'><strong>illud</strong></span> <span class='ocrx_word' id='word_1_684' title='bbox 3429 3748 3773 3831; x_wconf 89' lang='lat' dir='ltr'><strong>imperium</strong></span> <span class='ocrx_word' id='word_1_685' title='bbox 3833 3747 4206 3831; x_wconf 87' lang='lat' dir='ltr'><strong>perferrent</strong></span> <span class='ocrx_word' id='word_1_686' title='bbox 4262 3747 4348 3814; x_wconf 91' lang='lat' dir='ltr'><strong>de</strong></span> 
     </span>
     <span class='ocr_line' id='line_1_94' title="bbox 2396 3833 4345 3919; baseline 0.001 -20"><span class='ocrx_word' id='word_1_687' title='bbox 2396 3835 2616 3902; x_wconf 90' lang='lat' dir='ltr'><strong>labore</strong></span> <span class='ocrx_word' id='word_1_688' title='bbox 2661 3833 3072 3919; x_wconf 82' lang='lat' dir='ltr'><strong>duplicando,</strong></span> <span class='ocrx_word' id='word_1_689' title='bbox 3163 3835 3252 3898; x_wconf 84' lang='lat' dir='ltr'><strong>Et</strong></span> <span class='ocrx_word' id='word_1_690' title='bbox 3309 3843 3486 3900; x_wconf 89' lang='lat' dir='ltr'><strong>certe</strong></span> <span class='ocrx_word' id='word_1_691' title='bbox 3535 3833 3655 3900; x_wconf 92' lang='lat' dir='ltr'><strong>hoc</strong></span> <span class='ocrx_word' id='word_1_692' title='bbox 3715 3834 3996 3900; x_wconf 88' lang='lat' dir='ltr'><strong>libenter</strong></span> <span class='ocrx_word' id='word_1_693' title='bbox 4063 3834 4345 3917; x_wconf 86' lang='lat' dir='ltr'><strong>amplec-</strong></span> 
     </span>
     <span class='ocr_line' id='line_1_95' title="bbox 2397 3919 4344 4007; baseline -0.001 -20"><span class='ocrx_word' id='word_1_694' title='bbox 2397 3932 2532 3998; x_wconf 87' lang='lat' dir='ltr'><strong>tor,</strong></span> <span class='ocrx_word' id='word_1_695' title='bbox 2613 3942 2813 4004; x_wconf 90' lang='lat' dir='ltr'><strong>quum</strong></span> <span class='ocrx_word' id='word_1_696' title='bbox 2894 3920 3069 4004; x_wconf 90' lang='lat' dir='ltr'><strong>regis</strong></span> <span class='ocrx_word' id='word_1_697' title='bbox 3132 3919 3483 4007; x_wconf 87' lang='lat' dir='ltr'><strong>imperium</strong></span> <span class='ocrx_word' id='word_1_698' title='bbox 3548 3922 3756 3985; x_wconf 86' lang='lat' dir='ltr'><strong>coacti</strong></span> <span class='ocrx_word' id='word_1_699' title='bbox 3823 3921 4344 4005; x_wconf 88' lang='lat' dir='ltr'><strong>promulgarent,</strong></span> 
     </span>
     <span class='ocr_line' id='line_1_96' title="bbox 2397 4005 4342 4091; baseline -0.001 -20"><span class='ocrx_word' id='word_1_700' title='bbox 2397 4029 2557 4091; x_wconf 89' lang='lat' dir='ltr'><strong>prae</strong></span> <span class='ocrx_word' id='word_1_701' title='bbox 2601 4028 2671 4073; x_wconf 94' lang='lat' dir='ltr'><strong>se</strong></span> <span class='ocrx_word' id='word_1_702' title='bbox 2715 4006 2945 4072; x_wconf 86' lang='lat' dir='ltr'><strong>tulisse</strong></span> <span class='ocrx_word' id='word_1_703' title='bbox 2969 4006 3155 4070; x_wconf 91' lang='lat' dir='ltr'><strong>vultu</strong></span> <span class='ocrx_word' id='word_1_704' title='bbox 3200 4006 3626 4071; x_wconf 90' lang='lat' dir='ltr'><strong>moestitiam:</strong></span> <span class='ocrx_word' id='word_1_705' title='bbox 3676 4005 3849 4088; x_wconf 92' lang='lat' dir='ltr'><strong>quod</strong></span> <span class='ocrx_word' id='word_1_706' title='bbox 3886 4007 4342 4072; x_wconf 86' lang='lat' dir='ltr'><strong>necessitatem</strong></span> 
     </span>
     <span class='ocr_line' id='line_1_97' title="bbox 2393 4092 4342 4176; baseline -0.001 -18"><span class='ocrx_word' id='word_1_707' title='bbox 2393 4095 2578 4158; x_wconf 89' lang='lat' dir='ltr'><strong>illam</strong></span> <span class='ocrx_word' id='word_1_708' title='bbox 2623 4093 2913 4176; x_wconf 85' lang='lat' dir='ltr'><strong>effugere</strong></span> <span class='ocrx_word' id='word_1_709' title='bbox 2958 4112 3091 4157; x_wconf 91' lang='lat' dir='ltr'><strong>non</strong></span> <span class='ocrx_word' id='word_1_710' title='bbox 3135 4100 3401 4174; x_wconf 89' lang='lat' dir='ltr'><strong>possent</strong></span> <span class='ocrx_word' id='word_1_711' title='bbox 3443 4093 3599 4175; x_wconf 90' lang='lat' dir='ltr'><strong>quin</strong></span> <span class='ocrx_word' id='word_1_712' title='bbox 3647 4092 3931 4157; x_wconf 90' lang='lat' dir='ltr'><strong>ministri</strong></span> <span class='ocrx_word' id='word_1_713' title='bbox 3963 4103 4184 4157; x_wconf 90' lang='lat' dir='ltr'><strong>essent</strong></span> <span class='ocrx_word' id='word_1_714' title='bbox 4219 4093 4342 4156; x_wconf 91' lang='lat' dir='ltr'><strong>im-</strong></span> 
     </span>
     <span class='ocr_line' id='line_1_98' title="bbox 2395 4176 4344 4265; baseline -0.001 -21"><span class='ocrx_word' id='word_1_715' title='bbox 2395 4181 2540 4265; x_wconf 90' lang='lat' dir='ltr'><strong>piae</strong></span> <span class='ocrx_word' id='word_1_716' title='bbox 2596 4178 2971 4264; x_wconf 80' lang='lat' dir='ltr'><strong>tyrannidis</strong></span> <span class='ocrx_word' id='word_1_717' title='bbox 3028 4200 3103 4244; x_wconf 89' lang='lat' dir='ltr'><strong>ao</strong></span> <span class='ocrx_word' id='word_1_718' title='bbox 3157 4177 3490 4245; x_wconf 90' lang='lat' dir='ltr'><strong>saevitiae.</strong></span> <span class='ocrx_word' id='word_1_719' title='bbox 3600 4176 3774 4242; x_wconf 91' lang='lat' dir='ltr'><strong>Nam</strong></span> <span class='ocrx_word' id='word_1_720' title='bbox 3829 4179 4136 4242; x_wconf 89' lang='lat' dir='ltr'><strong>continuo</strong></span> <span class='ocrx_word' id='word_1_721' title='bbox 4198 4186 4344 4261; x_wconf 90' lang='lat' dir='ltr'><strong>post</strong></span> 
     </span>
     <span class='ocr_line' id='line_1_99' title="bbox 2395 4263 4343 4350; baseline -0.001 -18"><span class='ocrx_word' id='word_1_722' title='bbox 2395 4267 2702 4350; x_wconf 89' lang='lat' dir='ltr'><strong>adiungit</strong></span> <span class='ocrx_word' id='word_1_723' title='bbox 2746 4265 2965 4329; x_wconf 87' lang='lat' dir='ltr'><strong>Moses</strong></span> <span class='ocrx_word' id='word_1_724' title='bbox 3009 4264 3313 4330; x_wconf 86' lang='lat' dir='ltr'><strong>retulisse</strong></span> <span class='ocrx_word' id='word_1_725' title='bbox 3350 4264 3651 4330; x_wconf 89' lang='lat' dir='ltr'><strong>edictum.</strong></span> <span class='ocrx_word' id='word_1_726' title='bbox 3718 4263 3900 4328; x_wconf 90' lang='lat' dir='ltr'><strong>Hinc</strong></span> <span class='ocrx_word' id='word_1_727' title='bbox 3941 4285 4098 4349; x_wconf 85' lang='lat' dir='ltr'><strong>ergo</strong></span> <span class='ocrx_word' id='word_1_728' title='bbox 4134 4265 4343 4330; x_wconf 82' lang='lat' dir='ltr'><strong>tristis</strong></span> 
     </span>
     <span class='ocr_line' id='line_1_100' title="bbox 2393 4350 4343 4435; baseline -0.003 -16"><span class='ocrx_word' id='word_1_729' title='bbox 2393 4362 2712 4435; x_wconf 88' lang='lat' dir='ltr'><strong>aspectus,</strong></span> <span class='ocrx_word' id='word_1_730' title='bbox 2758 4350 2925 4433; x_wconf 89' lang='lat' dir='ltr'><strong>quod</strong></span> <span class='ocrx_word' id='word_1_731' title='bbox 2963 4350 3156 4415; x_wconf 90' lang='lat' dir='ltr'><strong>inviti</strong></span> <span class='ocrx_word' id='word_1_732' title='bbox 3204 4358 3515 4435; x_wconf 88' lang='lat' dir='ltr'><strong>urgerent</strong></span> <span class='ocrx_word' id='word_1_733' title='bbox 3559 4350 3794 4414; x_wconf 87' lang='lat' dir='ltr'><strong>fratres</strong></span> <span class='ocrx_word' id='word_1_734' title='bbox 3837 4369 4020 4430; x_wconf 92' lang='lat' dir='ltr'><strong>suos,</strong></span> <span class='ocrx_word' id='word_1_735' title='bbox 4065 4370 4343 4434; x_wconf 91' lang='lat' dir='ltr'><strong>quorum</strong></span> 
     </span>
     <span class='ocr_line' id='line_1_101' title="bbox 2395 4434 4340 4519; baseline -0.003 -15"><span class='ocrx_word' id='word_1_736' title='bbox 2395 4439 2725 4504; x_wconf 85' lang='lat' dir='ltr'><strong>molestias</strong></span> <span class='ocrx_word' id='word_1_737' title='bbox 2770 4436 2990 4501; x_wconf 91' lang='lat' dir='ltr'><strong>levare</strong></span> <span class='ocrx_word' id='word_1_738' title='bbox 3028 4447 3382 4519; x_wconf 88' lang='lat' dir='ltr'><strong>optassent.</strong></span> <span class='ocrx_word' id='word_1_739' title='bbox 3450 4436 3605 4502; x_wconf 91' lang='lat' dir='ltr'><strong>Huc</strong></span> <span class='ocrx_word' id='word_1_740' title='bbox 3641 4434 3856 4500; x_wconf 89' lang='lat' dir='ltr'><strong>tendit</strong></span> <span class='ocrx_word' id='word_1_741' title='bbox 3890 4455 4165 4516; x_wconf 90' lang='lat' dir='ltr'><strong>summa,</strong></span> <span class='ocrx_word' id='word_1_742' title='bbox 4203 4457 4340 4499; x_wconf 91' lang='lat' dir='ltr'><strong>rem</strong></span> 
     </span>
     <span class='ocr_line' id='line_1_102' title="bbox 2394 4521 4341 4609; baseline -0.002 -20"><span class='ocrx_word' id='word_1_743' title='bbox 2394 4525 2653 4609; x_wconf 90' lang='lat' dir='ltr'><strong>penitus</strong></span> <span class='ocrx_word' id='word_1_744' title='bbox 2698 4522 2899 4588; x_wconf 87' lang='lat' dir='ltr'><strong>fuisse</strong></span> <span class='ocrx_word' id='word_1_745' title='bbox 2933 4521 3386 4606; x_wconf 87' lang='lat' dir='ltr'><strong>desperatam:</strong></span> <span class='ocrx_word' id='word_1_746' title='bbox 3459 4523 3612 4604; x_wconf 91' lang='lat' dir='ltr'><strong>quia</strong></span> <span class='ocrx_word' id='word_1_747' title='bbox 3665 4523 3789 4605; x_wconf 89' lang='lat' dir='ltr'><strong>ipsi</strong></span> <span class='ocrx_word' id='word_1_748' title='bbox 3846 4541 4099 4604; x_wconf 92' lang='lat' dir='ltr'><strong>quoque</strong></span> <span class='ocrx_word' id='word_1_749' title='bbox 4160 4541 4341 4605; x_wconf 91' lang='lat' dir='ltr'><strong>prae-</strong></span> 
     </span>
     <span class='ocr_line' id='line_1_103' title="bbox 2393 4607 4344 4692; baseline -0.002 -17"><span class='ocrx_word' id='word_1_750' title='bbox 2393 4610 2545 4676; x_wconf 90' lang='lat' dir='ltr'><strong>fecti</strong></span> <span class='ocrx_word' id='word_1_751' title='bbox 2580 4608 2897 4674; x_wconf 91' lang='lat' dir='ltr'><strong>nuncium</strong></span> <span class='ocrx_word' id='word_1_752' title='bbox 2944 4608 3307 4674; x_wconf 89' lang='lat' dir='ltr'><strong>attulerunt</strong></span> <span class='ocrx_word' id='word_1_753' title='bbox 3327 4607 3406 4672; x_wconf 93' lang='lat' dir='ltr'><strong>de</strong></span> <span class='ocrx_word' id='word_1_754' title='bbox 3442 4607 3771 4672; x_wconf 92' lang='lat' dir='ltr'><strong>obstinato</strong></span> <span class='ocrx_word' id='word_1_755' title='bbox 3806 4608 4074 4692; x_wconf 81' lang='lat' dir='ltr'><strong>tyranni</strong></span> <span class='ocrx_word' id='word_1_756' title='bbox 4111 4608 4344 4691; x_wconf 91' lang='lat' dir='ltr'><strong>rigore,</strong></span> 
     </span>
     <span class='ocr_line' id='line_1_104' title="bbox 2393 4692 4342 4778; baseline -0.002 -16"><span class='ocrx_word' id='word_1_757' title='bbox 2393 4707 2462 4762; x_wconf 92' lang='lat' dir='ltr'><strong>et</strong></span> <span class='ocrx_word' id='word_1_758' title='bbox 2520 4695 2741 4761; x_wconf 86' lang='lat' dir='ltr'><strong>vultus</strong></span> <span class='ocrx_word' id='word_1_759' title='bbox 2800 4692 3283 4778; x_wconf 87' lang='lat' dir='ltr'><strong>perturbatione</strong></span> <span class='ocrx_word' id='word_1_760' title='bbox 3348 4704 3663 4758; x_wconf 89' lang='lat' dir='ltr'><strong>testatum</strong></span> <span class='ocrx_word' id='word_1_761' title='bbox 3727 4694 4024 4758; x_wconf 90' lang='lat' dir='ltr'><strong>fecerunt</strong></span> <span class='ocrx_word' id='word_1_762' title='bbox 4088 4693 4342 4759; x_wconf 89' lang='lat' dir='ltr'><strong>nullam</strong></span> 
     </span>
     <span class='ocr_line' id='line_1_105' title="bbox 2394 4780 3416 4865; baseline -0.004 -18"><span class='ocrx_word' id='word_1_763' title='bbox 2394 4781 2868 4865; x_wconf 87' lang='lat' dir='ltr'><strong>mitigationem</strong></span> <span class='ocrx_word' id='word_1_764' title='bbox 2915 4801 3104 4864; x_wconf 93' lang='lat' dir='ltr'><strong>posse</strong></span> <span class='ocrx_word' id='word_1_765' title='bbox 3147 4780 3416 4861; x_wconf 88' lang='lat' dir='ltr'><strong>sperari.</strong></span> 
     </span>
    </p>

    <p class='ocr_par' dir='ltr' id='par_1_12' title="bbox 2392 4862 4343 5466">
     <span class='ocr_line' id='line_1_106' title="bbox 2563 4862 4343 4947; baseline -0.001 -15"><span class='ocrx_word' id='word_1_766' title='bbox 2563 4868 2666 4932; x_wconf 92' lang='grc'><strong>20.</strong></span> <span class='ocrx_word' id='word_1_767' title='bbox 2715 4866 2802 4931; x_wconf 80' lang='lat' dir='ltr'><strong>Et</strong></span> <span class='ocrx_word' id='word_1_768' title='bbox 2841 4869 3236 4931; x_wconf 70' lang='lat' dir='ltr'><strong>occurrermit</strong></span> <span class='ocrx_word' id='word_1_769' title='bbox 3278 4865 3471 4931; x_wconf 72' lang='lat' dir='ltr'><strong>Moci.</strong></span> <span class='ocrx_word' id='word_1_770' title='bbox 3540 4863 3829 4930; x_wconf 87' lang='lat' dir='ltr'><strong>Vertunt</strong></span> <span class='ocrx_word' id='word_1_771' title='bbox 3871 4864 4168 4947; x_wconf 86' lang='lat' dir='ltr'><strong>quidam:</strong></span> <span class='ocrx_word' id='word_1_772' title='bbox 4214 4862 4343 4930; x_wconf 91' lang='lat' dir='ltr'><strong>Oc-</strong></span> 
     </span>
     <span class='ocr_line' id='line_1_107' title="bbox 2393 4950 4340 5034; baseline -0.002 -16"><span class='ocrx_word' id='word_1_773' title='bbox 2393 4965 2745 5019; x_wconf 90' lang='lat' dir='ltr'><strong>currerunt</strong></span> <span class='ocrx_word' id='word_1_774' title='bbox 2799 4973 2946 5017; x_wconf 91' lang='lat' dir='ltr'><strong>cum</strong></span> <span class='ocrx_word' id='word_1_775' title='bbox 3016 4952 3235 5027; x_wconf 86' lang='lat' dir='ltr'><strong>Mose,</strong></span> <span class='ocrx_word' id='word_1_776' title='bbox 3303 4962 3368 5016; x_wconf 91' lang='lat' dir='ltr'><strong>et</strong></span> <span class='ocrx_word' id='word_1_777' title='bbox 3430 4950 3817 5034; x_wconf 86' lang='lat' dir='ltr'><strong>particulam</strong></span> <span class='ocrx_word' id='word_1_778' title='bbox 3862 4964 3961 5018; x_wconf 60' lang='lat' dir='ltr'><strong>m&lt;</strong></span> <span class='ocrx_word' id='word_1_779' title='bbox 4012 4951 4340 5034; x_wconf 88' lang='lat' dir='ltr'><strong>accipiunt</strong></span> 
     </span>
     <span class='ocr_line' id='line_1_108' title="bbox 2394 5036 4341 5124; baseline -0.002 -20"><span class='ocrx_word' id='word_1_780' title='bbox 2394 5059 2513 5124; x_wconf 91' lang='lat' dir='ltr'><strong>pro</strong></span> <span class='ocrx_word' id='word_1_781' title='bbox 2555 5038 2748 5118; x_wconf 79' lang='lat' dir='ltr'><strong>Cum,</strong></span> <span class='ocrx_word' id='word_1_782' title='bbox 2784 5036 2898 5102; x_wconf 91' lang='lat' dir='ltr'><strong>sed</strong></span> <span class='ocrx_word' id='word_1_783' title='bbox 2943 5046 3287 5102; x_wconf 85' lang='lat' dir='ltr'><strong>contextus</strong></span> <span class='ocrx_word' id='word_1_784' title='bbox 3324 5037 3589 5103; x_wconf 90' lang='lat' dir='ltr'><strong>videtur</strong></span> <span class='ocrx_word' id='word_1_785' title='bbox 3625 5036 3856 5102; x_wconf 88' lang='lat' dir='ltr'><strong>melius</strong></span> <span class='ocrx_word' id='word_1_786' title='bbox 3890 5037 4113 5115; x_wconf 91' lang='lat' dir='ltr'><strong>fluere,</strong></span> <span class='ocrx_word' id='word_1_787' title='bbox 4155 5056 4341 5118; x_wconf 90' lang='lat' dir='ltr'><strong>prae-</strong></span> 
     </span>
     <span class='ocr_line' id='line_1_109' title="bbox 2392 5120 4339 5206; baseline -0.002 -17"><span class='ocrx_word' id='word_1_788' title='bbox 2392 5125 2599 5191; x_wconf 87' lang='lat' dir='ltr'><strong>fectos</strong></span> <span class='ocrx_word' id='word_1_789' title='bbox 2644 5135 2711 5189; x_wconf 90' lang='lat' dir='ltr'><strong>et</strong></span> <span class='ocrx_word' id='word_1_790' title='bbox 2753 5131 3002 5206; x_wconf 86' lang='lat' dir='ltr'><strong>partem</strong></span> <span class='ocrx_word' id='word_1_791' title='bbox 3058 5123 3344 5206; x_wconf 88' lang='lat' dir='ltr'><strong>aliquam</strong></span> <span class='ocrx_word' id='word_1_792' title='bbox 3389 5123 3719 5190; x_wconf 89' lang='lat' dir='ltr'><strong>seniorum</strong></span> <span class='ocrx_word' id='word_1_793' title='bbox 3766 5121 3869 5186; x_wconf 92' lang='lat' dir='ltr'><strong>vel</strong></span> <span class='ocrx_word' id='word_1_794' title='bbox 3916 5120 4123 5204; x_wconf 88' lang='lat' dir='ltr'><strong>plebis</strong></span> <span class='ocrx_word' id='word_1_795' title='bbox 4177 5122 4339 5188; x_wconf 91' lang='lat' dir='ltr'><strong>inci-</strong></span> 
     </span>
     <span class='ocr_line' id='line_1_110' title="bbox 2394 5207 4341 5292; baseline -0.002 -17"><span class='ocrx_word' id='word_1_796' title='bbox 2394 5211 2567 5275; x_wconf 91' lang='lat' dir='ltr'><strong>disse</strong></span> <span class='ocrx_word' id='word_1_797' title='bbox 2611 5210 2680 5274; x_wconf 92' lang='lat' dir='ltr'><strong>in</strong></span> <span class='ocrx_word' id='word_1_798' title='bbox 2726 5209 2958 5275; x_wconf 91' lang='lat' dir='ltr'><strong>Mosen</strong></span> <span class='ocrx_word' id='word_1_799' title='bbox 3019 5219 3086 5273; x_wconf 91' lang='lat' dir='ltr'><strong>et</strong></span> <span class='ocrx_word' id='word_1_800' title='bbox 3129 5207 3398 5275; x_wconf 89' lang='lat' dir='ltr'><strong>Aharon</strong></span> <span class='ocrx_word' id='word_1_801' title='bbox 3447 5230 3646 5292; x_wconf 91' lang='lat' dir='ltr'><strong>quum</strong></span> <span class='ocrx_word' id='word_1_802' title='bbox 3698 5231 3737 5273; x_wconf 90' lang='lat' dir='ltr'><strong>a</strong></span> <span class='ocrx_word' id='word_1_803' title='bbox 3777 5209 4124 5274; x_wconf 87' lang='lat' dir='ltr'><strong>Pharaone</strong></span> <span class='ocrx_word' id='word_1_804' title='bbox 4168 5207 4341 5272; x_wconf 89' lang='lat' dir='ltr'><strong>redi-</strong></span> 
     </span>
     <span class='ocr_line' id='line_1_111' title="bbox 2392 5293 4340 5375; baseline -0.001 -13"><span class='ocrx_word' id='word_1_805' title='bbox 2392 5307 2558 5362; x_wconf 84' lang='lat' dir='ltr'><strong>rent.</strong></span> <span class='ocrx_word' id='word_1_806' title='bbox 2648 5295 3024 5361; x_wconf 76' lang='lat' dir='ltr'><strong>F&#39;ortuitum</strong></span> <span class='ocrx_word' id='word_1_807' title='bbox 3070 5296 3245 5360; x_wconf 91' lang='lat' dir='ltr'><strong>enim</strong></span> <span class='ocrx_word' id='word_1_808' title='bbox 3304 5316 3644 5362; x_wconf 89' lang='lat' dir='ltr'><strong>occursum</strong></span> <span class='ocrx_word' id='word_1_809' title='bbox 3704 5293 3972 5359; x_wconf 87' lang='lat' dir='ltr'><strong>denotat</strong></span> <span class='ocrx_word' id='word_1_810' title='bbox 4021 5313 4148 5375; x_wconf 90' lang='lat' dir='ltr'><strong>quo</strong></span> <span class='ocrx_word' id='word_1_811' title='bbox 4207 5293 4340 5360; x_wconf 85' lang='lat' dir='ltr'><strong>fao·</strong></span> 
     </span>
     <span class='ocr_line' id='line_1_112' title="bbox 2393 5379 4339 5466; baseline -0.002 -18"><span class='ocrx_word' id='word_1_812' title='bbox 2393 5392 2533 5448; x_wconf 92' lang='lat' dir='ltr'><strong>tum</strong></span> <span class='ocrx_word' id='word_1_813' title='bbox 2581 5392 2680 5447; x_wconf 91' lang='lat' dir='ltr'><strong>est</strong></span> <span class='ocrx_word' id='word_1_814' title='bbox 2727 5390 2801 5446; x_wconf 88' lang='lat' dir='ltr'><strong>ut</strong></span> <span class='ocrx_word' id='word_1_815' title='bbox 2843 5382 3053 5466; x_wconf 90' lang='lat' dir='ltr'><strong>magis</strong></span> <span class='ocrx_word' id='word_1_816' title='bbox 3096 5380 3644 5447; x_wconf 89' lang='lat' dir='ltr'><strong>exacerbarentur</strong></span> <span class='ocrx_word' id='word_1_817' title='bbox 3693 5380 3898 5445; x_wconf 89' lang='lat' dir='ltr'><strong>animi</strong></span> <span class='ocrx_word' id='word_1_818' title='bbox 3941 5387 4170 5445; x_wconf 90' lang='lat' dir='ltr'><strong>contra</strong></span> <span class='ocrx_word' id='word_1_819' title='bbox 4213 5379 4339 5446; x_wconf 90' lang='lat' dir='ltr'><strong>Dei</strong></span> 
     </span>
    </p>
   </div>
  </div>
 </body>
</html>
