<?xml version="1.0" encoding="UTF-8"?>
<!DOCTYPE html PUBLIC "-//W3C//DTD XHTML 1.0 Transitional//EN"
    "http://www.w3.org/TR/xhtml1/DTD/xhtml1-transitional.dtd">
<html xmlns="http://www.w3.org/1999/xhtml" xml:lang="en" lang="en">
 <head>
  <title>
</title>
<meta http-equiv="Content-Type" content="text/html;charset=utf-8" />
  <meta name='ocr-system' content='tesseract 3.04.00' />
  <meta name='ocr-capabilities' content='ocr_page ocr_carea ocr_par ocr_line ocrx_word'/>
</head>
<body>
  <div class='ocr_page' id='page_1' title='image "./ioanniscalvinio04unkngoog_0030.png"; bbox 0 0 4867 6150; ppageno 0'>
   <div class='ocr_carea' id='block_1_1' title="bbox 584 398 672 464">
    <p class='ocr_par' dir='ltr' id='par_1_1' title="bbox 584 398 672 464">
     <span class='ocr_line' id='line_1_1' title="bbox 584 398 672 464; baseline 0 0"><span class='ocrx_word' id='word_1_1' title='bbox 584 398 672 464; x_wconf 80' lang='lat'><strong>35</strong></span> 
     </span>
    </p>
   </div>
   <div class='ocr_carea' id='block_1_2' title="bbox 584 582 2544 1959">
    <p class='ocr_par' dir='ltr' id='par_1_2' title="bbox 584 582 2544 1959">
     <span class='ocr_line' id='line_1_2' title="bbox 589 582 2538 663; baseline -0.002 -10"><span class='ocrx_word' id='word_1_2' title='bbox 589 594 891 653; x_wconf 87' lang='lat' dir='ltr'><strong>sanetum</strong></span> <span class='ocrx_word' id='word_1_3' title='bbox 952 586 1206 663; x_wconf 90' lang='lat' dir='ltr'><strong>virum,</strong></span> <span class='ocrx_word' id='word_1_4' title='bbox 1260 596 1335 650; x_wconf 90' lang='lat' dir='ltr'><strong>ut</strong></span> <span class='ocrx_word' id='word_1_5' title='bbox 1390 590 1528 649; x_wconf 90' lang='lat' dir='ltr'><strong>tam</strong></span> <span class='ocrx_word' id='word_1_6' title='bbox 1587 582 1793 649; x_wconf 92' lang='lat' dir='ltr'><strong>arduo</strong></span> <span class='ocrx_word' id='word_1_7' title='bbox 1849 585 2107 648; x_wconf 91' lang='lat' dir='ltr'><strong>muneri</strong></span> <span class='ocrx_word' id='word_1_8' title='bbox 2174 583 2538 649; x_wconf 87' lang='lat' dir='ltr'><strong>sufficeret:</strong></span> 
     </span>
     <span class='ocr_line' id='line_1_3' title="bbox 587 668 2540 753; baseline -0.002 -15"><span class='ocrx_word' id='word_1_9' title='bbox 587 672 705 738; x_wconf 88' lang='lat' dir='ltr'><strong>sed</strong></span> <span class='ocrx_word' id='word_1_10' title='bbox 740 692 873 737; x_wconf 93' lang='grc'><strong>000</strong></span> <span class='ocrx_word' id='word_1_11' title='bbox 909 673 1204 737; x_wconf 86' lang='lat' dir='ltr'><strong>cessabat</strong></span> <span class='ocrx_word' id='word_1_12' title='bbox 1224 671 1497 736; x_wconf 90' lang='lat' dir='ltr'><strong>interior</strong></span> <span class='ocrx_word' id='word_1_13' title='bbox 1516 670 1632 735; x_wconf 87' lang='grc'>1118</span> <span class='ocrx_word' id='word_1_14' title='bbox 1659 668 2076 753; x_wconf 77' lang='lat' dir='ltr'><strong>disceptatio:</strong></span> <span class='ocrx_word' id='word_1_15' title='bbox 2112 670 2253 736; x_wconf 87' lang='lat' dir='ltr'><strong>Cur</strong></span> <span class='ocrx_word' id='word_1_16' title='bbox 2287 670 2540 735; x_wconf 88' lang='lat' dir='ltr'><strong>tamdiu</strong></span> 
     </span>
     <span class='ocr_line' id='line_1_4' title="bbox 586 756 2544 840; baseline -0.002 -17"><span class='ocrx_word' id='word_1_17' title='bbox 586 758 807 824; x_wconf 86' lang='lat' dir='ltr'><strong>differt</strong></span> <span class='ocrx_word' id='word_1_18' title='bbox 849 779 924 823; x_wconf 92' lang='lat' dir='ltr'><strong>ac</strong></span> <span class='ocrx_word' id='word_1_19' title='bbox 959 757 1300 840; x_wconf 89' lang='lat' dir='ltr'><strong>suspendit</strong></span> <span class='ocrx_word' id='word_1_20' title='bbox 1324 757 1506 822; x_wconf 91' lang='lat' dir='ltr'><strong>Deus</strong></span> <span class='ocrx_word' id='word_1_21' title='bbox 1541 756 1709 840; x_wconf 91' lang='lat' dir='ltr'><strong>quod</strong></span> <span class='ocrx_word' id='word_1_22' title='bbox 1756 756 2007 840; x_wconf 81' lang='lat' dir='ltr'>pridem</span> <span class='ocrx_word' id='word_1_23' title='bbox 2055 756 2332 822; x_wconf 81' lang='lat' dir='ltr'><strong>statuit?</strong></span> <span class='ocrx_word' id='word_1_24' title='bbox 2381 757 2544 820; x_wconf 83' lang='lat' dir='ltr'>Fuit</span> 
     </span>
     <span class='ocr_line' id='line_1_5' title="bbox 587 843 2541 929; baseline -0.001 -20"><span class='ocrx_word' id='word_1_25' title='bbox 587 845 790 929; x_wconf 89' lang='lat' dir='ltr'><strong>igitur</strong></span> <span class='ocrx_word' id='word_1_26' title='bbox 849 864 1036 908; x_wconf 87' lang='lat' dir='ltr'><strong>rarae</strong></span> <span class='ocrx_word' id='word_1_27' title='bbox 1099 845 1393 918; x_wconf 89' lang='lat' dir='ltr'><strong>virtutis,</strong></span> <span class='ocrx_word' id='word_1_28' title='bbox 1452 843 1572 907; x_wconf 93' lang='lat' dir='ltr'><strong>hos</strong></span> <span class='ocrx_word' id='word_1_29' title='bbox 1628 844 1989 909; x_wconf 84' lang='lat' dir='ltr'><strong>contrarios</strong></span> <span class='ocrx_word' id='word_1_30' title='bbox 2043 862 2383 921; x_wconf 90' lang='lat' dir='ltr'><strong>occursus,</strong></span> <span class='ocrx_word' id='word_1_31' title='bbox 2429 847 2541 925; x_wconf 91' lang='lat' dir='ltr'><strong>qui</strong></span> 
     </span>
     <span class='ocr_line' id='line_1_6' title="bbox 586 928 2544 1012; baseline -0.003 -15"><span class='ocrx_word' id='word_1_32' title='bbox 586 930 865 997; x_wconf 79' lang='lat' dir='ltr'>subinde</span> <span class='ocrx_word' id='word_1_33' title='bbox 911 951 1150 995; x_wconf 90' lang='lat' dir='ltr'><strong>novam</strong></span> <span class='ocrx_word' id='word_1_34' title='bbox 1196 930 1557 994; x_wconf 78' lang='lat' dir='ltr'><strong>molestiam</strong></span> <span class='ocrx_word' id='word_1_35' title='bbox 1603 928 2027 1012; x_wconf 87' lang='lat' dir='ltr'><strong>ingerebant,</strong></span> <span class='ocrx_word' id='word_1_36' title='bbox 2074 950 2415 1012; x_wconf 87' lang='lat' dir='ltr'><strong>superare:</strong></span> <span class='ocrx_word' id='word_1_37' title='bbox 2476 937 2544 992; x_wconf 90' lang='lat' dir='ltr'><strong>et</strong></span> 
     </span>
     <span class='ocr_line' id='line_1_7' title="bbox 584 1014 2542 1091; baseline -0.002 -10"><span class='ocrx_word' id='word_1_38' title='bbox 584 1018 843 1081; x_wconf 87' lang='lat' dir='ltr'><strong>interea</strong></span> <span class='ocrx_word' id='word_1_39' title='bbox 886 1039 1015 1081; x_wconf 91' lang='lat' dir='ltr'><strong>non</strong></span> <span class='ocrx_word' id='word_1_40' title='bbox 1061 1016 1269 1082; x_wconf 90' lang='lat' dir='ltr'><strong>solum</strong></span> <span class='ocrx_word' id='word_1_41' title='bbox 1316 1015 1617 1080; x_wconf 78' lang='lat' dir='ltr'>victitare</span> <span class='ocrx_word' id='word_1_42' title='bbox 1660 1017 1981 1091; x_wconf 88' lang='lat' dir='ltr'><strong>tenuiter,</strong></span> <span class='ocrx_word' id='word_1_43' title='bbox 2026 1027 2093 1078; x_wconf 91' lang='lat' dir='ltr'><strong>et</strong></span> <span class='ocrx_word' id='word_1_44' title='bbox 2131 1014 2425 1081; x_wconf 89' lang='lat' dir='ltr'><strong>habitare</strong></span> <span class='ocrx_word' id='word_1_45' title='bbox 2470 1015 2542 1078; x_wconf 92' lang='lat' dir='ltr'><strong>in</strong></span> 
     </span>
     <span class='ocr_line' id='line_1_8' title="bbox 586 1101 2541 1186; baseline -0.001 -20"><span class='ocrx_word' id='word_1_46' title='bbox 586 1104 856 1186; x_wconf 86' lang='lat' dir='ltr'><strong>tugurio</strong></span> <span class='ocrx_word' id='word_1_47' title='bbox 890 1102 994 1169; x_wconf 91' lang='lat' dir='ltr'><strong>vel</strong></span> <span class='ocrx_word' id='word_1_48' title='bbox 1030 1102 1254 1181; x_wconf 88' lang='lat' dir='ltr'><strong>caulis,</strong></span> <span class='ocrx_word' id='word_1_49' title='bbox 1289 1101 1404 1166; x_wconf 92' lang='lat' dir='ltr'><strong>sed</strong></span> <span class='ocrx_word' id='word_1_50' title='bbox 1442 1122 1557 1183; x_wconf 90' lang='lat' dir='ltr'><strong>per</strong></span> <span class='ocrx_word' id='word_1_51' title='bbox 1593 1101 1733 1165; x_wconf 89' lang='lat' dir='ltr'><strong>loca</strong></span> <span class='ocrx_word' id='word_1_52' title='bbox 1771 1110 1947 1166; x_wconf 90' lang='lat' dir='ltr'><strong>tesca</strong></span> <span class='ocrx_word' id='word_1_53' title='bbox 1982 1114 2048 1164; x_wconf 89' lang='lat' dir='ltr'><strong>et</strong></span> <span class='ocrx_word' id='word_1_54' title='bbox 2084 1121 2314 1184; x_wconf 88' lang='lat' dir='ltr'><strong>aspera</strong></span> <span class='ocrx_word' id='word_1_55' title='bbox 2348 1118 2541 1183; x_wconf 88' lang='lat' dir='ltr'><strong>saepe</strong></span> 
     </span>
     <span class='ocr_line' id='line_1_9' title="bbox 589 1185 2539 1270; baseline -0.001 -17"><span class='ocrx_word' id='word_1_56' title='bbox 589 1209 840 1265; x_wconf 90' lang='lat' dir='ltr'><strong>errare,</strong></span> <span class='ocrx_word' id='word_1_57' title='bbox 896 1209 1094 1270; x_wconf 92' lang='lat' dir='ltr'><strong>quum</strong></span> <span class='ocrx_word' id='word_1_58' title='bbox 1138 1208 1176 1250; x_wconf 87' lang='lat' dir='ltr'><strong>a</strong></span> <span class='ocrx_word' id='word_1_59' title='bbox 1221 1187 1501 1270; x_wconf 88' lang='lat' dir='ltr'><strong>pueritia</strong></span> <span class='ocrx_word' id='word_1_60' title='bbox 1555 1207 1760 1270; x_wconf 90' lang='lat' dir='ltr'><strong>usque</strong></span> <span class='ocrx_word' id='word_1_61' title='bbox 1803 1185 1886 1251; x_wconf 88' lang='lat' dir='ltr'><strong>ad</strong></span> <span class='ocrx_word' id='word_1_62' title='bbox 1948 1187 2200 1252; x_wconf 90' lang='lat' dir='ltr'><strong>virilem</strong></span> <span class='ocrx_word' id='word_1_63' title='bbox 2257 1195 2539 1252; x_wconf 89' lang='lat' dir='ltr'><strong>aetatem</strong></span> 
     </span>
     <span class='ocr_line' id='line_1_10' title="bbox 590 1271 2540 1351; baseline -0.002 -13"><span class='ocrx_word' id='word_1_64' title='bbox 590 1274 867 1340; x_wconf 87' lang='lat' dir='ltr'><strong>lautitiis</strong></span> <span class='ocrx_word' id='word_1_65' title='bbox 935 1273 1366 1338; x_wconf 78' lang='lat' dir='ltr'><strong>assuevisset:</strong></span> <span class='ocrx_word' id='word_1_66' title='bbox 1448 1274 1639 1337; x_wconf 90' lang='lat' dir='ltr'><strong>sicuti</strong></span> <span class='ocrx_word' id='word_1_67' title='bbox 1710 1293 1887 1338; x_wconf 89' lang='lat' dir='ltr'><strong>nunc</strong></span> <span class='ocrx_word' id='word_1_68' title='bbox 1966 1273 2199 1351; x_wconf 82' lang='lat' dir='ltr'><strong>refert,</strong></span> <span class='ocrx_word' id='word_1_69' title='bbox 2281 1271 2540 1337; x_wconf 89' lang='lat' dir='ltr'><strong>deserto</strong></span> 
     </span>
     <span class='ocr_line' id='line_1_11' title="bbox 590 1356 2540 1445; baseline -0.001 -21"><span class='ocrx_word' id='word_1_70' title='bbox 590 1370 935 1445; x_wconf 87' lang='lat' dir='ltr'><strong>peragrato</strong></span> <span class='ocrx_word' id='word_1_71' title='bbox 993 1382 1062 1425; x_wconf 91' lang='lat' dir='ltr'><strong>se</strong></span> <span class='ocrx_word' id='word_1_72' title='bbox 1130 1380 1399 1443; x_wconf 80' lang='lat' dir='ltr'><strong>gregem</strong></span> <span class='ocrx_word' id='word_1_73' title='bbox 1454 1357 1753 1424; x_wconf 87' lang='lat' dir='ltr'><strong>ductasse</strong></span> <span class='ocrx_word' id='word_1_74' title='bbox 1812 1358 1894 1422; x_wconf 87' lang='lat' dir='ltr'><strong>ad</strong></span> <span class='ocrx_word' id='word_1_75' title='bbox 1951 1369 2240 1423; x_wconf 88' lang='lat' dir='ltr'><strong>montem</strong></span> <span class='ocrx_word' id='word_1_76' title='bbox 2294 1356 2540 1436; x_wconf 81' lang='lat' dir='ltr'><strong>Horeb,</strong></span> 
     </span>
     <span class='ocr_line' id='line_1_12' title="bbox 589 1444 2540 1529; baseline -0.001 -18"><span class='ocrx_word' id='word_1_77' title='bbox 589 1446 763 1529; x_wconf 91' lang='lat' dir='ltr'><strong>quod</strong></span> <span class='ocrx_word' id='word_1_78' title='bbox 827 1456 1001 1512; x_wconf 89' lang='lat' dir='ltr'><strong>certe</strong></span> <span class='ocrx_word' id='word_1_79' title='bbox 1067 1446 1212 1510; x_wconf 87' lang='lat' dir='ltr'><strong>fieri</strong></span> <span class='ocrx_word' id='word_1_80' title='bbox 1277 1466 1407 1509; x_wconf 91' lang='lat' dir='ltr'><strong>non</strong></span> <span class='ocrx_word' id='word_1_81' title='bbox 1477 1445 1690 1527; x_wconf 88' lang='lat' dir='ltr'><strong>potuit</strong></span> <span class='ocrx_word' id='word_1_82' title='bbox 1754 1445 1913 1525; x_wconf 87' lang='lat' dir='ltr'><strong>quin</strong></span> <span class='ocrx_word' id='word_1_83' title='bbox 1981 1445 2166 1509; x_wconf 90' lang='lat' dir='ltr'><strong>humi</strong></span> <span class='ocrx_word' id='word_1_84' title='bbox 2238 1444 2540 1509; x_wconf 90' lang='lat' dir='ltr'><strong>cubando</strong></span> 
     </span>
     <span class='ocr_line' id='line_1_13' title="bbox 592 1530 2537 1616; baseline -0.002 -19"><span class='ocrx_word' id='word_1_85' title='bbox 592 1532 877 1616; x_wconf 78' lang='lat' dir='ltr'><strong>algeret,</strong></span> <span class='ocrx_word' id='word_1_86' title='bbox 944 1532 1104 1614; x_wconf 86' lang='lat' dir='ltr'><strong>quin</strong></span> <span class='ocrx_word' id='word_1_87' title='bbox 1172 1531 1441 1596; x_wconf 88' lang='lat' dir='ltr'><strong>sudaret</strong></span> <span class='ocrx_word' id='word_1_88' title='bbox 1502 1530 1808 1595; x_wconf 88' lang='lat' dir='ltr'><strong>interdiu.</strong></span> <span class='ocrx_word' id='word_1_89' title='bbox 1913 1531 2119 1596; x_wconf 89' lang='lat' dir='ltr'><strong>Porro</strong></span> <span class='ocrx_word' id='word_1_90' title='bbox 2184 1530 2537 1613; x_wconf 81' lang='lat' dir='ltr'><strong>appellatio</strong></span> 
     </span>
     <span class='ocr_line' id='line_1_14' title="bbox 592 1615 2537 1701; baseline -0.001 -18"><span class='ocrx_word' id='word_1_91' title='bbox 592 1618 837 1684; x_wconf 91' lang='lat' dir='ltr'><strong>montis</strong></span> <span class='ocrx_word' id='word_1_92' title='bbox 883 1618 1009 1683; x_wconf 88' lang='lat' dir='ltr'><strong>Dei</strong></span> <span class='ocrx_word' id='word_1_93' title='bbox 1055 1615 1203 1680; x_wconf 80' lang='grc' dir='ltr'><em>κατὰ</em></span> <span class='ocrx_word' id='word_1_94' title='bbox 1246 1617 1551 1701; x_wconf 79' lang='grc' dir='ltr'><strong><em>πρόληψιν</em></strong></span> <span class='ocrx_word' id='word_1_95' title='bbox 1600 1617 1671 1680; x_wconf 89' lang='grc'><strong>10</strong></span> <span class='ocrx_word' id='word_1_96' title='bbox 1733 1626 2065 1698; x_wconf 88' lang='lat' dir='ltr'><strong>posterum</strong></span> <span class='ocrx_word' id='word_1_97' title='bbox 2128 1628 2390 1698; x_wconf 87' lang='lat' dir='ltr'><strong>tempus</strong></span> <span class='ocrx_word' id='word_1_98' title='bbox 2434 1637 2537 1681; x_wconf 87' lang='lat' dir='ltr'><strong>rc·</strong></span> 
     </span>
     <span class='ocr_line' id='line_1_15' title="bbox 587 1702 2540 1787; baseline -0.001 -19"><span class='ocrx_word' id='word_1_99' title='bbox 587 1705 828 1769; x_wconf 87' lang='lat' dir='ltr'><strong>fertur:</strong></span> <span class='ocrx_word' id='word_1_100' title='bbox 875 1725 1113 1787; x_wconf 89' lang='lat' dir='ltr'><strong>nempe</strong></span> <span class='ocrx_word' id='word_1_101' title='bbox 1158 1702 1317 1767; x_wconf 91' lang='lat' dir='ltr'><strong>dum</strong></span> <span class='ocrx_word' id='word_1_102' title='bbox 1360 1704 1497 1767; x_wconf 90' lang='lat' dir='ltr'><strong>illic</strong></span> <span class='ocrx_word' id='word_1_103' title='bbox 1540 1702 1956 1787; x_wconf 88' lang='lat' dir='ltr'><strong>promulgata</strong></span> <span class='ocrx_word' id='word_1_104' title='bbox 2001 1702 2107 1767; x_wconf 81' lang='lat' dir='ltr'><strong>lex</strong></span> <span class='ocrx_word' id='word_1_105' title='bbox 2153 1703 2316 1778; x_wconf 86' lang='lat' dir='ltr'><strong>fuit,</strong></span> <span class='ocrx_word' id='word_1_106' title='bbox 2376 1723 2540 1785; x_wconf 85' lang='lat' dir='ltr'><strong>quae</strong></span> 
     </span>
     <span class='ocr_line' id='line_1_16' title="bbox 590 1788 2540 1856; baseline -0.001 -2"><span class='ocrx_word' id='word_1_107' title='bbox 590 1792 805 1856; x_wconf 91' lang='lat' dir='ltr'><strong>locum</strong></span> <span class='ocrx_word' id='word_1_108' title='bbox 865 1790 1054 1854; x_wconf 90' lang='lat' dir='ltr'><strong>illum</strong></span> <span class='ocrx_word' id='word_1_109' title='bbox 1113 1791 1537 1855; x_wconf 86' lang='lat' dir='ltr'><strong>consecravit.</strong></span> <span class='ocrx_word' id='word_1_110' title='bbox 1630 1789 1809 1853; x_wconf 79' lang='lat' dir='ltr'><strong>Satis</strong></span> <span class='ocrx_word' id='word_1_111' title='bbox 1869 1797 2102 1854; x_wconf 90' lang='lat' dir='ltr'><strong>notum</strong></span> <span class='ocrx_word' id='word_1_112' title='bbox 2159 1803 2256 1853; x_wconf 90' lang='lat' dir='ltr'><strong>est</strong></span> <span class='ocrx_word' id='word_1_113' title='bbox 2314 1788 2540 1853; x_wconf 88' lang='lat' dir='ltr'><strong>Horeb</strong></span> 
     </span>
     <span class='ocr_line' id='line_1_17' title="bbox 589 1872 2537 1959; baseline -0.002 -18"><span class='ocrx_word' id='word_1_114' title='bbox 589 1877 871 1942; x_wconf 89' lang='lat' dir='ltr'><strong>eundem</strong></span> <span class='ocrx_word' id='word_1_115' title='bbox 918 1896 1059 1940; x_wconf 88' lang='lat' dir='ltr'><strong>esse</strong></span> <span class='ocrx_word' id='word_1_116' title='bbox 1104 1886 1393 1940; x_wconf 87' lang='lat' dir='ltr'><strong>montem</strong></span> <span class='ocrx_word' id='word_1_117' title='bbox 1438 1876 1550 1958; x_wconf 91' lang='lat' dir='ltr'><strong>qui</strong></span> <span class='ocrx_word' id='word_1_118' title='bbox 1594 1873 1783 1940; x_wconf 83' lang='lat' dir='ltr'><strong>Sinai</strong></span> <span class='ocrx_word' id='word_1_119' title='bbox 1844 1872 2112 1939; x_wconf 89' lang='lat' dir='ltr'><strong>dicitur:</strong></span> <span class='ocrx_word' id='word_1_120' title='bbox 2181 1874 2309 1939; x_wconf 90' lang='lat' dir='ltr'><strong>nisi</strong></span> <span class='ocrx_word' id='word_1_121' title='bbox 2369 1874 2537 1959; x_wconf 91' lang='lat' dir='ltr'><strong>quod</strong></span> 
     </span>
    </p>
   </div>
   <div class='ocr_carea' id='block_1_3' title="bbox 592 1959 2580 2044">
    <p class='ocr_par' dir='ltr' id='par_1_3' title="bbox 592 1959 2580 2044">
     <span class='ocr_line' id='line_1_18' title="bbox 592 1959 2580 2044; baseline -0.002 -16"><span class='ocrx_word' id='word_1_122' title='bbox 592 1983 829 2028; x_wconf 89' lang='lat' dir='ltr'><strong>nomen</strong></span> <span class='ocrx_word' id='word_1_123' title='bbox 887 1963 958 2026; x_wconf 89' lang='lat' dir='ltr'><strong>in</strong></span> <span class='ocrx_word' id='word_1_124' title='bbox 1014 1961 1294 2027; x_wconf 88' lang='lat' dir='ltr'><strong>diversis</strong></span> <span class='ocrx_word' id='word_1_125' title='bbox 1350 1970 1416 2025; x_wconf 89' lang='lat' dir='ltr'><strong>et</strong></span> <span class='ocrx_word' id='word_1_126' title='bbox 1471 1961 1783 2044; x_wconf 90' lang='lat' dir='ltr'><strong>oppositis</strong></span> <span class='ocrx_word' id='word_1_127' title='bbox 1838 1959 2153 2025; x_wconf 90' lang='lat' dir='ltr'><strong>lateribus</strong></span> <span class='ocrx_word' id='word_1_128' title='bbox 2212 1970 2580 2025; x_wconf 42' lang='lat' dir='ltr'><strong>mutatur&amp;</strong></span> 
     </span>
    </p>
   </div>
   <div class='ocr_carea' id='block_1_4' title="bbox 581 2046 2548 4025">
    <p class='ocr_par' dir='ltr' id='par_1_4' title="bbox 583 2046 2545 2561">
     <span class='ocr_line' id='line_1_19' title="bbox 591 2046 2539 2132; baseline -0.002 -19"><span class='ocrx_word' id='word_1_129' title='bbox 591 2050 746 2131; x_wconf 83' lang='lat' dir='ltr'><strong>quia</strong></span> <span class='ocrx_word' id='word_1_130' title='bbox 808 2048 1071 2132; x_wconf 89' lang='lat' dir='ltr'><strong>proprie</strong></span> <span class='ocrx_word' id='word_1_131' title='bbox 1133 2048 1204 2111; x_wconf 90' lang='lat' dir='ltr'><strong>in</strong></span> <span class='ocrx_word' id='word_1_132' title='bbox 1270 2048 1399 2112; x_wconf 89' lang='lat' dir='ltr'><strong>situ</strong></span> <span class='ocrx_word' id='word_1_133' title='bbox 1465 2046 1766 2112; x_wconf 79' lang='lat' dir='ltr'><strong>orientali</strong></span> <span class='ocrx_word' id='word_1_134' title='bbox 1833 2046 2073 2112; x_wconf 89' lang='lat' dir='ltr'><strong>dicitur</strong></span> <span class='ocrx_word' id='word_1_135' title='bbox 2117 2046 2342 2120; x_wconf 79' lang='lat' dir='ltr'><strong>Sinai,</strong></span> <span class='ocrx_word' id='word_1_136' title='bbox 2409 2067 2539 2128; x_wconf 90' lang='lat' dir='ltr'><strong>qua</strong></span> 
     </span>
     <span class='ocr_line' id='line_1_20' title="bbox 585 2131 2533 2217; baseline -0.003 -17"><span class='ocrx_word' id='word_1_137' title='bbox 585 2144 808 2200; x_wconf 91' lang='grc'>8111010</span> <span class='ocrx_word' id='word_1_138' title='bbox 879 2145 1063 2217; x_wconf 87' lang='lat' dir='ltr'><strong>parte</strong></span> <span class='ocrx_word' id='word_1_139' title='bbox 1133 2134 1347 2217; x_wconf 86' lang='lat' dir='ltr'><strong>vergit</strong></span> <span class='ocrx_word' id='word_1_140' title='bbox 1412 2133 1493 2196; x_wconf 91' lang='lat' dir='ltr'><strong>ad</strong></span> <span class='ocrx_word' id='word_1_141' title='bbox 1560 2151 1890 2198; x_wconf 88' lang='lat' dir='ltr'><strong>occasum:</strong></span> <span class='ocrx_word' id='word_1_142' title='bbox 1960 2131 2205 2197; x_wconf 88' lang='lat' dir='ltr'><strong>Horeb.</strong></span> <span class='ocrx_word' id='word_1_143' title='bbox 2311 2131 2533 2212; x_wconf 75' lang='lat' dir='ltr'><strong>Quum</strong></span> 
     </span>
     <span class='ocr_line' id='line_1_21' title="bbox 585 2216 2538 2306; baseline -0.003 -20"><span class='ocrx_word' id='word_1_144' title='bbox 585 2242 744 2306; x_wconf 88' lang='lat' dir='ltr'><strong>ergo</strong></span> <span class='ocrx_word' id='word_1_145' title='bbox 807 2219 943 2284; x_wconf 89' lang='lat' dir='ltr'><strong>illic</strong></span> <span class='ocrx_word' id='word_1_146' title='bbox 988 2219 1369 2302; x_wconf 89' lang='lat' dir='ltr'><strong>apparuerit</strong></span> <span class='ocrx_word' id='word_1_147' title='bbox 1407 2216 1609 2299; x_wconf 75' lang='lat' dir='ltr'><strong>DeuS,</strong></span> <span class='ocrx_word' id='word_1_148' title='bbox 1676 2227 1772 2284; x_wconf 90' lang='lat' dir='ltr'><strong>tot</strong></span> <span class='ocrx_word' id='word_1_149' title='bbox 1836 2218 2173 2301; x_wconf 87' lang='lat' dir='ltr'><strong>praeclara</strong></span> <span class='ocrx_word' id='word_1_150' title='bbox 2237 2217 2538 2284; x_wconf 88' lang='lat' dir='ltr'><strong>coelestis</strong></span> 
     </span>
     <span class='ocr_line' id='line_1_22' title="bbox 587 2303 2545 2391; baseline -0.003 -19"><span class='ocrx_word' id='word_1_151' title='bbox 587 2328 744 2372; x_wconf 89' lang='lat' dir='ltr'><strong>suae</strong></span> <span class='ocrx_word' id='word_1_152' title='bbox 789 2306 1038 2391; x_wconf 87' lang='lat' dir='ltr'><strong>gloriae</strong></span> <span class='ocrx_word' id='word_1_153' title='bbox 1081 2306 1273 2389; x_wconf 86' lang='lat' dir='ltr'><strong>signa</strong></span> <span class='ocrx_word' id='word_1_154' title='bbox 1316 2304 1587 2377; x_wconf 84' lang='lat' dir='ltr'><strong>dederit,</strong></span> <span class='ocrx_word' id='word_1_155' title='bbox 1634 2325 1835 2387; x_wconf 92' lang='lat' dir='ltr'><strong>quum</strong></span> <span class='ocrx_word' id='word_1_156' title='bbox 1883 2304 2110 2369; x_wconf 86' lang='lat' dir='ltr'><strong>foedus</strong></span> <span class='ocrx_word' id='word_1_157' title='bbox 2146 2303 2545 2386; x_wconf 91' lang='lat' dir='ltr'><strong>percusserit</strong></span> 
     </span>
     <span class='ocr_line' id='line_1_23' title="bbox 583 2389 2536 2476; baseline -0.003 -17"><span class='ocrx_word' id='word_1_158' title='bbox 583 2414 731 2459; x_wconf 88' lang='lat' dir='ltr'><strong>cum</strong></span> <span class='ocrx_word' id='word_1_159' title='bbox 770 2394 1024 2476; x_wconf 84' lang='lat' dir='ltr'><strong>populo,</strong></span> <span class='ocrx_word' id='word_1_160' title='bbox 1061 2391 1360 2476; x_wconf 90' lang='lat' dir='ltr'><strong>regulam</strong></span> <span class='ocrx_word' id='word_1_161' title='bbox 1395 2391 1723 2475; x_wconf 79' lang='lat' dir='ltr'><strong>perfectae</strong></span> <span class='ocrx_word' id='word_1_162' title='bbox 1759 2390 2124 2456; x_wconf 73' lang='lat' dir='ltr'><strong>sanctitatis</strong></span> <span class='ocrx_word' id='word_1_163' title='bbox 2157 2389 2536 2473; x_wconf 87' lang='lat' dir='ltr'><strong>prodiderit,</strong></span> 
     </span>
     <span class='ocr_line' id='line_1_24' title="bbox 583 2477 1976 2561; baseline -0.004 -16"><span class='ocrx_word' id='word_1_164' title='bbox 583 2478 940 2561; x_wconf 86' lang='lat' dir='ltr'><strong>singularis</strong></span> <span class='ocrx_word' id='word_1_165' title='bbox 984 2480 1280 2561; x_wconf 87' lang='lat' dir='ltr'><strong>quaesita</strong></span> <span class='ocrx_word' id='word_1_166' title='bbox 1324 2478 1450 2542; x_wconf 83' lang='lat' dir='ltr'><strong>fuit</strong></span> <span class='ocrx_word' id='word_1_167' title='bbox 1492 2479 1629 2543; x_wconf 92' lang='lat' dir='ltr'><strong>loco</strong></span> <span class='ocrx_word' id='word_1_168' title='bbox 1672 2477 1976 2561; x_wconf 88' lang='lat' dir='ltr'><strong>dignitas.</strong></span> 
     </span>
    </p>

    <p class='ocr_par' dir='ltr' id='par_1_5' title="bbox 581 2560 2548 4025">
     <span class='ocr_line' id='line_1_25' title="bbox 757 2560 2536 2648; baseline -0.002 -18"><span class='ocrx_word' id='word_1_169' title='bbox 757 2566 817 2630; x_wconf 82' lang='lat'><strong>2.</strong></span> <span class='ocrx_word' id='word_1_170' title='bbox 864 2564 951 2629; x_wconf 83' lang='lat' dir='ltr'><strong>Et</strong></span> <span class='ocrx_word' id='word_1_171' title='bbox 993 2566 1173 2629; x_wconf 78' lang='lat' dir='ltr'><strong>visus</strong></span> <span class='ocrx_word' id='word_1_172' title='bbox 1214 2569 1303 2629; x_wconf 77' lang='lat' dir='ltr'><strong>est</strong></span> <span class='ocrx_word' id='word_1_173' title='bbox 1343 2565 1403 2629; x_wconf 80' lang='lat' dir='ltr'><strong>ei</strong></span> <span class='ocrx_word' id='word_1_174' title='bbox 1445 2565 1720 2648; x_wconf 68' lang='lat' dir='ltr'><strong>anyelua</strong></span> <span class='ocrx_word' id='word_1_175' title='bbox 1809 2563 1936 2627; x_wconf 90' lang='lat' dir='ltr'><strong>Vel</strong></span> <span class='ocrx_word' id='word_1_176' title='bbox 1983 2562 2319 2645; x_wconf 90' lang='lat' dir='ltr'><strong>apparuit:</strong></span> <span class='ocrx_word' id='word_1_177' title='bbox 2367 2560 2536 2644; x_wconf 91' lang='lat' dir='ltr'><strong>quod</strong></span> 
     </span>
     <span class='ocr_line' id='line_1_26' title="bbox 581 2646 2535 2733; baseline -0.002 -18"><span class='ocrx_word' id='word_1_178' title='bbox 581 2650 760 2715; x_wconf 92' lang='lat' dir='ltr'><strong>idem</strong></span> <span class='ocrx_word' id='word_1_179' title='bbox 815 2652 1010 2717; x_wconf 89' lang='lat' dir='ltr'><strong>valet.</strong></span> <span class='ocrx_word' id='word_1_180' title='bbox 1101 2651 1448 2716; x_wconf 86' lang='lat' dir='ltr'><strong>Visibilem</strong></span> <span class='ocrx_word' id='word_1_181' title='bbox 1509 2671 1703 2733; x_wconf 88' lang='lat' dir='ltr'><strong>porro</strong></span> <span class='ocrx_word' id='word_1_182' title='bbox 1762 2650 2037 2713; x_wconf 91' lang='lat' dir='ltr'><strong>formam</strong></span> <span class='ocrx_word' id='word_1_183' title='bbox 2098 2646 2368 2712; x_wconf 91' lang='lat' dir='ltr'><strong>induere</strong></span> <span class='ocrx_word' id='word_1_184' title='bbox 2419 2668 2535 2711; x_wconf 88' lang='lat' dir='ltr'><strong>ne·</strong></span> 
     </span>
     <span class='ocr_line' id='line_1_27' title="bbox 583 2733 2538 2820; baseline -0.003 -18"><span class='ocrx_word' id='word_1_185' title='bbox 583 2757 764 2802; x_wconf 87' lang='lat' dir='ltr'><strong>cesse</strong></span> <span class='ocrx_word' id='word_1_186' title='bbox 808 2736 953 2811; x_wconf 85' lang='lat' dir='ltr'><strong>fuit,</strong></span> <span class='ocrx_word' id='word_1_187' title='bbox 999 2745 1075 2801; x_wconf 94' lang='lat' dir='ltr'><strong>ut</strong></span> <span class='ocrx_word' id='word_1_188' title='bbox 1119 2737 1610 2820; x_wconf 83' lang='lat' dir='ltr'><strong>conspiceretur</strong></span> <span class='ocrx_word' id='word_1_189' title='bbox 1654 2757 1693 2799; x_wconf 90' lang='lat' dir='ltr'><strong>a</strong></span> <span class='ocrx_word' id='word_1_190' title='bbox 1729 2734 1917 2799; x_wconf 88' lang='lat' dir='ltr'><strong>Mose</strong></span> <span class='ocrx_word' id='word_1_191' title='bbox 1962 2756 2095 2798; x_wconf 91' lang='lat' dir='ltr'><strong>non</strong></span> <span class='ocrx_word' id='word_1_192' title='bbox 2139 2733 2352 2817; x_wconf 90' lang='lat' dir='ltr'><strong>qualis</strong></span> <span class='ocrx_word' id='word_1_193' title='bbox 2394 2742 2538 2798; x_wconf 90' lang='lat' dir='ltr'><strong>erat</strong></span> 
     </span>
     <span class='ocr_line' id='line_1_28' title="bbox 584 2819 2538 2905; baseline -0.002 -18"><span class='ocrx_word' id='word_1_194' title='bbox 584 2824 654 2887; x_wconf 88' lang='lat' dir='ltr'><strong>in</strong></span> <span class='ocrx_word' id='word_1_195' title='bbox 722 2824 1039 2901; x_wconf 83' lang='lat' dir='ltr'><strong>essentia,</strong></span> <span class='ocrx_word' id='word_1_196' title='bbox 1107 2822 1222 2887; x_wconf 92' lang='lat' dir='ltr'><strong>sed</strong></span> <span class='ocrx_word' id='word_1_197' title='bbox 1291 2821 1546 2905; x_wconf 91' lang='lat' dir='ltr'><strong>qualem</strong></span> <span class='ocrx_word' id='word_1_198' title='bbox 1604 2841 1837 2903; x_wconf 85' lang='lat' dir='ltr'><strong>capere</strong></span> <span class='ocrx_word' id='word_1_199' title='bbox 1894 2829 2149 2903; x_wconf 90' lang='lat' dir='ltr'><strong>poterat</strong></span> <span class='ocrx_word' id='word_1_200' title='bbox 2207 2819 2538 2884; x_wconf 85' lang='lat' dir='ltr'><strong>humanae</strong></span> 
     </span>
     <span class='ocr_line' id='line_1_29' title="bbox 585 2905 2539 2989; baseline -0.002 -15"><span class='ocrx_word' id='word_1_201' title='bbox 585 2909 828 2974; x_wconf 89' lang='lat' dir='ltr'><strong>mentis</strong></span> <span class='ocrx_word' id='word_1_202' title='bbox 870 2907 1240 2973; x_wconf 88' lang='lat' dir='ltr'><strong>infirmitas.</strong></span> <span class='ocrx_word' id='word_1_203' title='bbox 1333 2906 1446 2973; x_wconf 85' lang='lat' dir='ltr'><strong>Sic</strong></span> <span class='ocrx_word' id='word_1_204' title='bbox 1490 2906 1665 2971; x_wconf 90' lang='lat' dir='ltr'><strong>enim</strong></span> <span class='ocrx_word' id='word_1_205' title='bbox 1711 2905 2071 2971; x_wconf 88' lang='lat' dir='ltr'><strong>tenendum</strong></span> <span class='ocrx_word' id='word_1_206' title='bbox 2114 2916 2241 2986; x_wconf 90' lang='grc'>081,</span> <span class='ocrx_word' id='word_1_207' title='bbox 2286 2907 2539 2989; x_wconf 87' lang='lat' dir='ltr'><strong>quoties</strong></span> 
     </span>
     <span class='ocr_line' id='line_1_30' title="bbox 583 2990 2538 3079; baseline -0.003 -18"><span class='ocrx_word' id='word_1_208' title='bbox 583 2995 891 3079; x_wconf 88' lang='lat' dir='ltr'><strong>apparuit</strong></span> <span class='ocrx_word' id='word_1_209' title='bbox 951 2993 1134 3060; x_wconf 90' lang='lat' dir='ltr'><strong>Deus</strong></span> <span class='ocrx_word' id='word_1_210' title='bbox 1200 2995 1355 3058; x_wconf 91' lang='lat' dir='ltr'><strong>olim</strong></span> <span class='ocrx_word' id='word_1_211' title='bbox 1421 2993 1664 3059; x_wconf 88' lang='lat' dir='ltr'><strong>sanctis</strong></span> <span class='ocrx_word' id='word_1_212' title='bbox 1733 2990 2058 3075; x_wconf 86' lang='lat' dir='ltr'><strong>patribus,</strong></span> <span class='ocrx_word' id='word_1_213' title='bbox 2126 2990 2538 3057; x_wconf 86' lang='lat' dir='ltr'><strong>descendisse</strong></span> 
     </span>
     <span class='ocr_line' id='line_1_31' title="bbox 587 3078 2539 3165; baseline -0.003 -18"><span class='ocrx_word' id='word_1_214' title='bbox 587 3080 1066 3165; x_wconf 91' lang='lat' dir='ltr'><strong>quodammodo</strong></span> <span class='ocrx_word' id='word_1_215' title='bbox 1087 3103 1175 3146; x_wconf 84' lang='lat' dir='ltr'><strong>ex</strong></span> <span class='ocrx_word' id='word_1_216' title='bbox 1210 3103 1329 3145; x_wconf 87' lang='lat' dir='ltr'><strong>sua</strong></span> <span class='ocrx_word' id='word_1_217' title='bbox 1365 3080 1731 3159; x_wconf 88' lang='lat' dir='ltr'><strong>altitudine,</strong></span> <span class='ocrx_word' id='word_1_218' title='bbox 1757 3092 1832 3143; x_wconf 92' lang='lat' dir='ltr'><strong>ut</strong></span> <span class='ocrx_word' id='word_1_219' title='bbox 1868 3078 1998 3144; x_wconf 91' lang='lat' dir='ltr'><strong>illis</strong></span> <span class='ocrx_word' id='word_1_220' title='bbox 2036 3101 2105 3144; x_wconf 88' lang='lat' dir='ltr'><strong>se</strong></span> <span class='ocrx_word' id='word_1_221' title='bbox 2142 3080 2539 3161; x_wconf 86' lang='lat' dir='ltr'><strong>patefaceret</strong></span> 
     </span>
     <span class='ocr_line' id='line_1_32' title="bbox 586 3162 2535 3252; baseline -0.004 -19"><span class='ocrx_word' id='word_1_222' title='bbox 586 3177 911 3252; x_wconf 90' lang='lat' dir='ltr'><strong>quatenus</strong></span> <span class='ocrx_word' id='word_1_223' title='bbox 954 3168 1114 3231; x_wconf 89' lang='lat' dir='ltr'><strong>utile</strong></span> <span class='ocrx_word' id='word_1_224' title='bbox 1159 3177 1320 3244; x_wconf 88' lang='lat' dir='ltr'><strong>erat,</strong></span> <span class='ocrx_word' id='word_1_225' title='bbox 1366 3176 1433 3230; x_wconf 91' lang='lat' dir='ltr'><strong>et</strong></span> <span class='ocrx_word' id='word_1_226' title='bbox 1476 3167 1728 3232; x_wconf 90' lang='lat' dir='ltr'><strong>ferebat</strong></span> <span class='ocrx_word' id='word_1_227' title='bbox 1765 3186 1991 3230; x_wconf 88' lang='lat' dir='ltr'><strong>eorum</strong></span> <span class='ocrx_word' id='word_1_228' title='bbox 2035 3179 2285 3248; x_wconf 86' lang='lat' dir='ltr'><strong>captus.</strong></span> <span class='ocrx_word' id='word_1_229' title='bbox 2350 3162 2535 3228; x_wconf 86' lang='lat' dir='ltr'><strong>Idem</strong></span> 
     </span>
     <span class='ocr_line' id='line_1_33' title="bbox 588 3251 2537 3336; baseline -0.002 -19"><span class='ocrx_word' id='word_1_230' title='bbox 588 3264 654 3318; x_wconf 91' lang='lat' dir='ltr'><strong>et</strong></span> <span class='ocrx_word' id='word_1_231' title='bbox 698 3254 779 3318; x_wconf 91' lang='lat' dir='ltr'><strong>de</strong></span> <span class='ocrx_word' id='word_1_232' title='bbox 820 3253 1074 3336; x_wconf 91' lang='lat' dir='ltr'><strong>angelis</strong></span> <span class='ocrx_word' id='word_1_233' title='bbox 1119 3252 1488 3331; x_wconf 90' lang='lat' dir='ltr'><strong>dicendum,</strong></span> <span class='ocrx_word' id='word_1_234' title='bbox 1532 3254 1647 3335; x_wconf 89' lang='lat' dir='ltr'><strong>qui</strong></span> <span class='ocrx_word' id='word_1_235' title='bbox 1690 3253 1813 3317; x_wconf 86' lang='lat' dir='ltr'><strong>etsi</strong></span> <span class='ocrx_word' id='word_1_236' title='bbox 1857 3262 2016 3318; x_wconf 91' lang='lat' dir='ltr'><strong>sunt</strong></span> <span class='ocrx_word' id='word_1_237' title='bbox 2058 3252 2329 3334; x_wconf 88' lang='lat' dir='ltr'><strong>spiritus</strong></span> <span class='ocrx_word' id='word_1_238' title='bbox 2364 3251 2537 3314; x_wconf 88' lang='lat' dir='ltr'><strong>invi-</strong></span> 
     </span>
     <span class='ocr_line' id='line_1_34' title="bbox 587 3338 2539 3420; baseline -0.003 -15"><span class='ocrx_word' id='word_1_239' title='bbox 587 3339 828 3417; x_wconf 86' lang='lat' dir='ltr'><strong>sibiles,</strong></span> <span class='ocrx_word' id='word_1_240' title='bbox 870 3340 981 3403; x_wconf 92' lang='lat' dir='ltr'><strong>ubi</strong></span> <span class='ocrx_word' id='word_1_241' title='bbox 1019 3340 1162 3404; x_wconf 90' lang='lat' dir='ltr'><strong>Deo</strong></span> <span class='ocrx_word' id='word_1_242' title='bbox 1198 3339 1412 3405; x_wconf 91' lang='lat' dir='ltr'><strong>visum</strong></span> <span class='ocrx_word' id='word_1_243' title='bbox 1457 3339 1600 3418; x_wconf 93' lang='lat' dir='ltr'><strong>fuit,</strong></span> <span class='ocrx_word' id='word_1_244' title='bbox 1645 3338 1875 3404; x_wconf 88' lang='lat' dir='ltr'><strong>faciem</strong></span> <span class='ocrx_word' id='word_1_245' title='bbox 1921 3338 2205 3420; x_wconf 87' lang='lat' dir='ltr'><strong>aliquam</strong></span> <span class='ocrx_word' id='word_1_246' title='bbox 2249 3357 2539 3419; x_wconf 87' lang='lat' dir='ltr'><strong>sumpse-</strong></span> 
     </span>
     <span class='ocr_line' id='line_1_35' title="bbox 590 3423 2541 3510; baseline -0.002 -21"><span class='ocrx_word' id='word_1_247' title='bbox 590 3436 751 3490; x_wconf 88' lang='lat' dir='ltr'><strong>runt</strong></span> <span class='ocrx_word' id='word_1_248' title='bbox 796 3425 866 3489; x_wconf 90' lang='lat' dir='ltr'><strong>in</strong></span> <span class='ocrx_word' id='word_1_249' title='bbox 954 3447 1042 3490; x_wconf 89' lang='grc'><strong>118</strong></span> <span class='ocrx_word' id='word_1_250' title='bbox 1084 3434 1615 3510; x_wconf 88' lang='lat' dir='ltr'><strong>agnoscerentur.</strong></span> <span class='ocrx_word' id='word_1_251' title='bbox 1683 3423 2057 3489; x_wconf 86' lang='lat' dir='ltr'><strong>Videndum</strong></span> <span class='ocrx_word' id='word_1_252' title='bbox 2099 3434 2319 3488; x_wconf 89' lang='lat' dir='ltr'><strong>tamen</strong></span> <span class='ocrx_word' id='word_1_253' title='bbox 2362 3424 2541 3504; x_wconf 89' lang='lat' dir='ltr'><strong>quis·</strong></span> 
     </span>
     <span class='ocr_line' id='line_1_36' title="bbox 591 3507 2542 3593; baseline -0.002 -18"><span class='ocrx_word' id='word_1_254' title='bbox 591 3531 745 3575; x_wconf 88' lang='lat' dir='ltr'><strong>nam</strong></span> <span class='ocrx_word' id='word_1_255' title='bbox 790 3512 987 3576; x_wconf 82' lang='lat' dir='ltr'><strong>fuerit</strong></span> <span class='ocrx_word' id='word_1_256' title='bbox 1031 3510 1138 3577; x_wconf 89' lang='lat' dir='ltr'><strong>hic</strong></span> <span class='ocrx_word' id='word_1_257' title='bbox 1182 3512 1497 3593; x_wconf 87' lang='lat' dir='ltr'><strong>angelus,</strong></span> <span class='ocrx_word' id='word_1_258' title='bbox 1539 3512 1687 3592; x_wconf 89' lang='lat' dir='ltr'><strong>quia</strong></span> <span class='ocrx_word' id='word_1_259' title='bbox 1730 3510 1927 3592; x_wconf 88' lang='lat' dir='ltr'><strong>paulo</strong></span> <span class='ocrx_word' id='word_1_260' title='bbox 1971 3520 2119 3593; x_wconf 90' lang='lat' dir='ltr'><strong>post</strong></span> <span class='ocrx_word' id='word_1_261' title='bbox 2176 3530 2305 3574; x_wconf 90' lang='lat' dir='ltr'><strong>non</strong></span> <span class='ocrx_word' id='word_1_262' title='bbox 2348 3507 2542 3572; x_wconf 94' lang='lat' dir='ltr'><strong>modo</strong></span> 
     </span>
     <span class='ocr_line' id='line_1_37' title="bbox 589 3595 2545 3678; baseline -0.003 -15"><span class='ocrx_word' id='word_1_263' title='bbox 589 3620 661 3663; x_wconf 94' lang='grc'><strong>80</strong></span> <span class='ocrx_word' id='word_1_264' title='bbox 723 3596 1040 3663; x_wconf 87' lang='lat' dir='ltr'><strong>Iehovam</strong></span> <span class='ocrx_word' id='word_1_265' title='bbox 1110 3599 1437 3676; x_wconf 90' lang='lat' dir='ltr'><strong>nominat,</strong></span> <span class='ocrx_word' id='word_1_266' title='bbox 1501 3596 1613 3661; x_wconf 89' lang='lat' dir='ltr'><strong>sed</strong></span> <span class='ocrx_word' id='word_1_267' title='bbox 1690 3597 1966 3678; x_wconf 86' lang='lat' dir='ltr'><strong>gloriam</strong></span> <span class='ocrx_word' id='word_1_268' title='bbox 2033 3596 2157 3661; x_wconf 88' lang='lat' dir='ltr'><strong>sibi</strong></span> <span class='ocrx_word' id='word_1_269' title='bbox 2238 3595 2545 3660; x_wconf 83' lang='lat' dir='ltr'><strong>vendicat</strong></span> 
     </span>
     <span class='ocr_line' id='line_1_38' title="bbox 589 3682 2545 3750; baseline -0.001 -3"><span class='ocrx_word' id='word_1_270' title='bbox 589 3695 899 3749; x_wconf 85' lang='lat' dir='ltr'><strong>aeternae</strong></span> <span class='ocrx_word' id='word_1_271' title='bbox 943 3697 1010 3747; x_wconf 92' lang='lat' dir='ltr'><strong>et</strong></span> <span class='ocrx_word' id='word_1_272' title='bbox 1054 3684 1287 3750; x_wconf 86' lang='lat' dir='ltr'><strong>unicae</strong></span> <span class='ocrx_word' id='word_1_273' title='bbox 1334 3682 1719 3748; x_wconf 89' lang='lat' dir='ltr'><strong>divinitatis.</strong></span> <span class='ocrx_word' id='word_1_274' title='bbox 1811 3683 1959 3748; x_wconf 81' lang='lat' dir='ltr'><strong>Etsi</strong></span> <span class='ocrx_word' id='word_1_275' title='bbox 2005 3692 2228 3747; x_wconf 89' lang='lat' dir='ltr'><strong>autem</strong></span> <span class='ocrx_word' id='word_1_276' title='bbox 2274 3702 2545 3746; x_wconf 83' lang='lat' dir='ltr'><strong>excusa·</strong></span> 
     </span>
     <span class='ocr_line' id='line_1_39' title="bbox 591 3766 2548 3852; baseline -0.005 -12"><span class='ocrx_word' id='word_1_277' title='bbox 591 3769 741 3840; x_wconf 88' lang='lat' dir='ltr'><strong>bilis</strong></span> <span class='ocrx_word' id='word_1_278' title='bbox 785 3778 887 3834; x_wconf 89' lang='lat' dir='ltr'><strong>est</strong></span> <span class='ocrx_word' id='word_1_279' title='bbox 928 3769 1044 3835; x_wconf 90' lang='lat' dir='ltr'><strong>illa</strong></span> <span class='ocrx_word' id='word_1_280' title='bbox 1085 3769 1391 3852; x_wconf 89' lang='lat' dir='ltr'><strong>loquendi</strong></span> <span class='ocrx_word' id='word_1_281' title='bbox 1436 3769 1621 3847; x_wconf 89' lang='lat' dir='ltr'><strong>ratio,</strong></span> <span class='ocrx_word' id='word_1_282' title='bbox 1667 3766 1838 3851; x_wconf 89' lang='lat' dir='ltr'><strong>quod</strong></span> <span class='ocrx_word' id='word_1_283' title='bbox 1882 3766 2098 3849; x_wconf 88' lang='lat' dir='ltr'><strong>angeli</strong></span> <span class='ocrx_word' id='word_1_284' title='bbox 2142 3767 2548 3832; x_wconf 87' lang='lat' dir='ltr'><strong>transferant</strong></span> 
     </span>
     <span class='ocr_line' id='line_1_40' title="bbox 593 3852 2547 3939; baseline -0.003 -18"><span class='ocrx_word' id='word_1_285' title='bbox 593 3858 659 3921; x_wconf 91' lang='lat' dir='ltr'><strong>in</strong></span> <span class='ocrx_word' id='word_1_286' title='bbox 708 3876 780 3921; x_wconf 89' lang='lat' dir='ltr'><strong>se</strong></span> <span class='ocrx_word' id='word_1_287' title='bbox 824 3854 952 3920; x_wconf 91' lang='lat' dir='ltr'><strong>Dei</strong></span> <span class='ocrx_word' id='word_1_288' title='bbox 1008 3876 1393 3939; x_wconf 88' lang='lat' dir='ltr'><strong>personam,</strong></span> <span class='ocrx_word' id='word_1_289' title='bbox 1450 3862 1776 3937; x_wconf 89' lang='lat' dir='ltr'><strong>quatenus</strong></span> <span class='ocrx_word' id='word_1_290' title='bbox 1833 3854 2078 3919; x_wconf 89' lang='lat' dir='ltr'><strong>obeunt</strong></span> <span class='ocrx_word' id='word_1_291' title='bbox 2134 3862 2360 3936; x_wconf 89' lang='lat' dir='ltr'><strong>partes</strong></span> <span class='ocrx_word' id='word_1_292' title='bbox 2419 3852 2547 3917; x_wconf 90' lang='lat' dir='ltr'><strong>sibi</strong></span> 
     </span>
     <span class='ocr_line' id='line_1_41' title="bbox 593 3938 2545 4025; baseline -0.003 -18"><span class='ocrx_word' id='word_1_293' title='bbox 593 3942 677 4007; x_wconf 90' lang='lat' dir='ltr'><strong>ab</strong></span> <span class='ocrx_word' id='word_1_294' title='bbox 712 3943 856 4025; x_wconf 89' lang='lat' dir='ltr'><strong>ipso</strong></span> <span class='ocrx_word' id='word_1_295' title='bbox 892 3943 1252 4007; x_wconf 88' lang='lat' dir='ltr'><strong>iniunctas:</strong></span> <span class='ocrx_word' id='word_1_296' title='bbox 1293 3942 1449 4023; x_wconf 88' lang='lat' dir='ltr'><strong>quia</strong></span> <span class='ocrx_word' id='word_1_297' title='bbox 1484 3951 1703 4005; x_wconf 88' lang='lat' dir='ltr'><strong>tamen</strong></span> <span class='ocrx_word' id='word_1_298' title='bbox 1744 3949 1972 4005; x_wconf 87' lang='lat' dir='ltr'><strong>notum</strong></span> <span class='ocrx_word' id='word_1_299' title='bbox 2008 3949 2107 4004; x_wconf 87' lang='lat' dir='ltr'><strong>est</strong></span> <span class='ocrx_word' id='word_1_300' title='bbox 2129 3961 2212 4005; x_wconf 82' lang='lat' dir='ltr'><strong>ex</strong></span> <span class='ocrx_word' id='word_1_301' title='bbox 2247 3938 2545 4022; x_wconf 90' lang='lat' dir='ltr'><strong>pluribus</strong></span> 
     </span>
    </p>
   </div>
   <div class='ocr_carea' id='block_1_5' title="bbox 597 4026 2564 4110">
    <p class='ocr_par' dir='ltr' id='par_1_6' title="bbox 597 4026 2564 4110">
     <span class='ocr_line' id='line_1_42' title="bbox 597 4026 2564 4110; baseline -0.002 -18"><span class='ocrx_word' id='word_1_302' title='bbox 597 4028 787 4092; x_wconf 90' lang='lat' dir='ltr'><strong>locis:</strong></span> <span class='ocrx_word' id='word_1_303' title='bbox 857 4028 1241 4110; x_wconf 88' lang='lat' dir='ltr'><strong>praesertim</strong></span> <span class='ocrx_word' id='word_1_304' title='bbox 1312 4049 1396 4091; x_wconf 84' lang='lat' dir='ltr'><strong>ex</strong></span> <span class='ocrx_word' id='word_1_305' title='bbox 1439 4027 1651 4110; x_wconf 90' lang='lat' dir='ltr'><strong>primo</strong></span> <span class='ocrx_word' id='word_1_306' title='bbox 1695 4026 2055 4091; x_wconf 85' lang='lat' dir='ltr'><strong>Zachariae</strong></span> <span class='ocrx_word' id='word_1_307' title='bbox 2118 4027 2327 4110; x_wconf 85' lang='lat' dir='ltr'><strong>capite</strong></span> <span class='ocrx_word' id='word_1_308' title='bbox 2371 4026 2564 4096; x_wconf 84' lang='grc'>10101,</span> 
     </span>
    </p>
   </div>
   <div class='ocr_carea' id='block_1_6' title="bbox 594 4110 2558 5228">
    <p class='ocr_par' dir='ltr' id='par_1_7' title="bbox 594 4110 2558 5228">
     <span class='ocr_line' id='line_1_43' title="bbox 596 4110 2547 4197; baseline -0.002 -19"><span class='ocrx_word' id='word_1_309' title='bbox 596 4114 865 4197; x_wconf 90' lang='lat' dir='ltr'><strong>angelos</strong></span> <span class='ocrx_word' id='word_1_310' title='bbox 907 4113 1108 4179; x_wconf 89' lang='lat' dir='ltr'><strong>statui</strong></span> <span class='ocrx_word' id='word_1_311' title='bbox 1151 4134 1360 4179; x_wconf 90' lang='lat' dir='ltr'><strong>unum</strong></span> <span class='ocrx_word' id='word_1_312' title='bbox 1420 4113 1782 4196; x_wconf 90' lang='lat' dir='ltr'><strong>principem</strong></span> <span class='ocrx_word' id='word_1_313' title='bbox 1827 4121 1894 4176; x_wconf 92' lang='lat' dir='ltr'><strong>et</strong></span> <span class='ocrx_word' id='word_1_314' title='bbox 1938 4122 2163 4194; x_wconf 89' lang='lat' dir='ltr'><strong>caput,</strong></span> <span class='ocrx_word' id='word_1_315' title='bbox 2232 4112 2341 4196; x_wconf 92' lang='lat' dir='ltr'><strong>qui</strong></span> <span class='ocrx_word' id='word_1_316' title='bbox 2399 4110 2547 4175; x_wconf 89' lang='lat' dir='ltr'><strong>aliis</strong></span> 
     </span>
     <span class='ocr_line' id='line_1_44' title="bbox 594 4198 2544 4282; baseline -0.002 -18"><span class='ocrx_word' id='word_1_317' title='bbox 594 4200 904 4282; x_wconf 86' lang='lat' dir='ltr'><strong>imperat:</strong></span> <span class='ocrx_word' id='word_1_318' title='bbox 953 4211 1127 4265; x_wconf 89' lang='lat' dir='ltr'><strong>recte</strong></span> <span class='ocrx_word' id='word_1_319' title='bbox 1171 4209 1522 4263; x_wconf 91' lang='lat' dir='ltr'><strong>senserunt</strong></span> <span class='ocrx_word' id='word_1_320' title='bbox 1565 4209 1824 4264; x_wconf 88' lang='lat' dir='ltr'><strong>veteres</strong></span> <span class='ocrx_word' id='word_1_321' title='bbox 1868 4198 2178 4264; x_wconf 90' lang='lat' dir='ltr'><strong>ecclesiae</strong></span> <span class='ocrx_word' id='word_1_322' title='bbox 2228 4198 2544 4275; x_wconf 86' lang='lat' dir='ltr'><strong>doctores,</strong></span> 
     </span>
     <span class='ocr_line' id='line_1_45' title="bbox 596 4284 2549 4368; baseline -0.002 -18"><span class='ocrx_word' id='word_1_323' title='bbox 596 4297 938 4350; x_wconf 89' lang='lat' dir='ltr'><strong>aeternum</strong></span> <span class='ocrx_word' id='word_1_324' title='bbox 972 4286 1099 4350; x_wconf 91' lang='lat' dir='ltr'><strong>Dei</strong></span> <span class='ocrx_word' id='word_1_325' title='bbox 1147 4284 1357 4350; x_wconf 87' lang='lat' dir='ltr'><strong>filium</strong></span> <span class='ocrx_word' id='word_1_326' title='bbox 1407 4286 1500 4349; x_wconf 92' lang='lat' dir='ltr'><strong>ita</strong></span> <span class='ocrx_word' id='word_1_327' title='bbox 1558 4285 1813 4363; x_wconf 88' lang='lat' dir='ltr'><strong>vocari,</strong></span> <span class='ocrx_word' id='word_1_328' title='bbox 1872 4297 2172 4368; x_wconf 90' lang='lat' dir='ltr'><strong>respectu</strong></span> <span class='ocrx_word' id='word_1_329' title='bbox 2233 4302 2549 4367; x_wconf 84' lang='lat' dir='ltr'><strong>personae</strong></span> 
     </span>
     <span class='ocr_line' id='line_1_46' title="bbox 596 4370 2548 4453; baseline -0.002 -17"><span class='ocrx_word' id='word_1_330' title='bbox 596 4371 994 4447; x_wconf 88' lang='lat' dir='ltr'><strong>mediatoris,</strong></span> <span class='ocrx_word' id='word_1_331' title='bbox 1040 4392 1237 4453; x_wconf 91' lang='lat' dir='ltr'><strong>quam</strong></span> <span class='ocrx_word' id='word_1_332' title='bbox 1283 4372 1433 4435; x_wconf 90' lang='lat' dir='ltr'><strong>licet</strong></span> <span class='ocrx_word' id='word_1_333' title='bbox 1479 4391 1634 4436; x_wconf 91' lang='lat' dir='ltr'><strong>vere</strong></span> <span class='ocrx_word' id='word_1_334' title='bbox 1680 4370 1943 4436; x_wconf 91' lang='lat' dir='ltr'><strong>demum</strong></span> <span class='ocrx_word' id='word_1_335' title='bbox 1980 4392 2112 4436; x_wconf 90' lang='lat' dir='ltr'><strong>una</strong></span> <span class='ocrx_word' id='word_1_336' title='bbox 2155 4391 2305 4436; x_wconf 92' lang='lat' dir='ltr'><strong>cum</strong></span> <span class='ocrx_word' id='word_1_337' title='bbox 2349 4388 2548 4435; x_wconf 90' lang='grc'>08100</span> 
     </span>
     <span class='ocr_line' id='line_1_47' title="bbox 598 4454 2547 4540; baseline -0.002 -18"><span class='ocrx_word' id='word_1_338' title='bbox 598 4457 993 4540; x_wconf 82' lang='lat' dir='ltr'><strong>susceperit,</strong></span> <span class='ocrx_word' id='word_1_339' title='bbox 1060 4458 1340 4540; x_wconf 89' lang='lat' dir='ltr'><strong>figuram</strong></span> <span class='ocrx_word' id='word_1_340' title='bbox 1396 4466 1620 4521; x_wconf 88' lang='lat' dir='ltr'><strong>tamen</strong></span> <span class='ocrx_word' id='word_1_341' title='bbox 1675 4457 1959 4540; x_wconf 88' lang='lat' dir='ltr'><strong>gestavit</strong></span> <span class='ocrx_word' id='word_1_342' title='bbox 2015 4456 2096 4521; x_wconf 90' lang='lat' dir='ltr'><strong>ab</strong></span> <span class='ocrx_word' id='word_1_343' title='bbox 2150 4455 2356 4521; x_wconf 87' lang='lat' dir='ltr'><strong>initio.</strong></span> <span class='ocrx_word' id='word_1_344' title='bbox 2459 4454 2547 4519; x_wconf 83' lang='lat' dir='ltr'><strong>Et</strong></span> 
     </span>
     <span class='ocr_line' id='line_1_48' title="bbox 597 4542 2550 4627; baseline -0.002 -18"><span class='ocrx_word' id='word_1_345' title='bbox 597 4544 848 4609; x_wconf 87' lang='lat' dir='ltr'><strong>Paulus</strong></span> <span class='ocrx_word' id='word_1_346' title='bbox 892 4542 1091 4608; x_wconf 89' lang='lat' dir='ltr'><strong>huius</strong></span> <span class='ocrx_word' id='word_1_347' title='bbox 1135 4543 1436 4627; x_wconf 79' lang='lat' dir='ltr'><strong>mysterii</strong></span> <span class='ocrx_word' id='word_1_348' title='bbox 1480 4542 1664 4608; x_wconf 91' lang='lat' dir='ltr'><strong>nobis</strong></span> <span class='ocrx_word' id='word_1_349' title='bbox 1718 4542 1995 4607; x_wconf 90' lang='lat' dir='ltr'><strong>idoneus</strong></span> <span class='ocrx_word' id='word_1_350' title='bbox 2051 4554 2152 4606; x_wconf 91' lang='lat' dir='ltr'><strong>est</strong></span> <span class='ocrx_word' id='word_1_351' title='bbox 2205 4543 2550 4625; x_wconf 89' lang='lat' dir='ltr'><strong>interpres,</strong></span> 
     </span>
     <span class='ocr_line' id='line_1_49' title="bbox 599 4627 2552 4715; baseline -0.001 -22"><span class='ocrx_word' id='word_1_352' title='bbox 599 4632 713 4712; x_wconf 89' lang='lat' dir='ltr'><strong>qui</strong></span> <span class='ocrx_word' id='word_1_353' title='bbox 770 4630 986 4712; x_wconf 86' lang='lat' dir='ltr'><strong>palam</strong></span> <span class='ocrx_word' id='word_1_354' title='bbox 1043 4629 1277 4695; x_wconf 90' lang='lat' dir='ltr'><strong>asserit</strong></span> <span class='ocrx_word' id='word_1_355' title='bbox 1335 4627 1422 4714; x_wconf 91' lang='lat'><strong>(1.</strong></span> <span class='ocrx_word' id='word_1_356' title='bbox 1468 4629 1620 4694; x_wconf 88' lang='lat' dir='ltr'><strong>Cor.</strong></span> <span class='ocrx_word' id='word_1_357' title='bbox 1682 4629 1784 4708; x_wconf 89' lang='lat'><strong>10,</strong></span> <span class='ocrx_word' id='word_1_358' title='bbox 1828 4627 1897 4715; x_wconf 92' lang='lat'><strong>4)</strong></span> <span class='ocrx_word' id='word_1_359' title='bbox 1945 4627 2286 4693; x_wconf 82' lang='lat' dir='ltr'><strong>Christum</strong></span> <span class='ocrx_word' id='word_1_360' title='bbox 2343 4627 2552 4692; x_wconf 90' lang='lat' dir='ltr'><strong>fuisse</strong></span> 
     </span>
     <span class='ocr_line' id='line_1_50' title="bbox 601 4713 2550 4799; baseline -0.001 -19"><span class='ocrx_word' id='word_1_361' title='bbox 601 4715 832 4780; x_wconf 90' lang='lat' dir='ltr'><strong>ducem</strong></span> <span class='ocrx_word' id='word_1_362' title='bbox 892 4716 1111 4799; x_wconf 90' lang='lat' dir='ltr'><strong>populi</strong></span> <span class='ocrx_word' id='word_1_363' title='bbox 1174 4718 1242 4779; x_wconf 92' lang='lat' dir='ltr'><strong>in</strong></span> <span class='ocrx_word' id='word_1_364' title='bbox 1310 4715 1585 4781; x_wconf 77' lang='lat' dir='ltr'><strong>deserto.</strong></span> <span class='ocrx_word' id='word_1_365' title='bbox 1685 4713 2083 4797; x_wconf 75' lang='lat' dir='ltr'><strong>Quanquam</strong></span> <span class='ocrx_word' id='word_1_366' title='bbox 2150 4736 2305 4798; x_wconf 84' lang='lat' dir='ltr'><strong>ergo</strong></span> <span class='ocrx_word' id='word_1_367' title='bbox 2372 4722 2550 4792; x_wconf 89' lang='lat' dir='ltr'><strong>tunc,</strong></span> 
     </span>
     <span class='ocr_line' id='line_1_51' title="bbox 601 4801 2552 4885; baseline -0.002 -18"><span class='ocrx_word' id='word_1_368' title='bbox 601 4803 863 4885; x_wconf 89' lang='lat' dir='ltr'><strong>proprie</strong></span> <span class='ocrx_word' id='word_1_369' title='bbox 943 4801 1295 4883; x_wconf 87' lang='lat' dir='ltr'><strong>loquendo,</strong></span> <span class='ocrx_word' id='word_1_370' title='bbox 1380 4801 1669 4865; x_wconf 90' lang='lat' dir='ltr'><strong>nondum</strong></span> <span class='ocrx_word' id='word_1_371' title='bbox 1750 4803 2034 4866; x_wconf 89' lang='lat' dir='ltr'><strong>nuncius</strong></span> <span class='ocrx_word' id='word_1_372' title='bbox 2110 4802 2315 4882; x_wconf 89' lang='lat' dir='ltr'><strong>patris</strong></span> <span class='ocrx_word' id='word_1_373' title='bbox 2392 4808 2552 4879; x_wconf 88' lang='lat' dir='ltr'><strong>erat,</strong></span> 
     </span>
     <span class='ocr_line' id='line_1_52' title="bbox 603 4886 2555 4971; baseline -0.001 -19"><span class='ocrx_word' id='word_1_374' title='bbox 603 4887 1115 4971; x_wconf 85' lang='lat' dir='ltr'><strong>praedestinatio</strong></span> <span class='ocrx_word' id='word_1_375' title='bbox 1196 4896 1421 4952; x_wconf 89' lang='lat' dir='ltr'><strong>tamen</strong></span> <span class='ocrx_word' id='word_1_376' title='bbox 1501 4887 1580 4952; x_wconf 88' lang='lat' dir='ltr'><strong>ad</strong></span> <span class='ocrx_word' id='word_1_377' title='bbox 1661 4888 1946 4952; x_wconf 85' lang='lat' dir='ltr'><strong>officium</strong></span> <span class='ocrx_word' id='word_1_378' title='bbox 2026 4886 2155 4950; x_wconf 92' lang='lat' dir='ltr'><strong>iam</strong></span> <span class='ocrx_word' id='word_1_379' title='bbox 2239 4897 2396 4951; x_wconf 90' lang='lat' dir='ltr'><strong>tunc</strong></span> <span class='ocrx_word' id='word_1_380' title='bbox 2461 4887 2555 4950; x_wconf 91' lang='lat' dir='ltr'><strong>ita</strong></span> 
     </span>
     <span class='ocr_line' id='line_1_53' title="bbox 601 4971 2553 5059; baseline -0.002 -21"><span class='ocrx_word' id='word_1_381' title='bbox 601 4974 885 5057; x_wconf 87' lang='lat' dir='ltr'><strong>vigebat,</strong></span> <span class='ocrx_word' id='word_1_382' title='bbox 922 4971 968 5059; x_wconf 91' lang='lat'><strong>¹)</strong></span> <span class='ocrx_word' id='word_1_383' title='bbox 1006 4985 1082 5037; x_wconf 89' lang='lat' dir='ltr'><strong>ut</strong></span> <span class='ocrx_word' id='word_1_384' title='bbox 1116 4974 1416 5058; x_wconf 89' lang='lat' dir='ltr'><strong>patribus</strong></span> <span class='ocrx_word' id='word_1_385' title='bbox 1451 4971 1574 5038; x_wconf 90' lang='lat' dir='ltr'><strong>sub</strong></span> <span class='ocrx_word' id='word_1_386' title='bbox 1606 4972 1732 5036; x_wconf 89' lang='lat' dir='ltr'><strong>hoc</strong></span> <span class='ocrx_word' id='word_1_387' title='bbox 1768 4972 1996 5038; x_wconf 89' lang='lat' dir='ltr'><strong>habitu</strong></span> <span class='ocrx_word' id='word_1_388' title='bbox 2034 4971 2553 5056; x_wconf 88' lang='lat' dir='ltr'><strong>cognoscendum</strong></span> 
     </span>
     <span class='ocr_line' id='line_1_54' title="bbox 601 5058 2558 5141; baseline -0.002 -17"><span class='ocrx_word' id='word_1_389' title='bbox 601 5079 675 5124; x_wconf 89' lang='grc'><strong>80</strong></span> <span class='ocrx_word' id='word_1_390' title='bbox 719 5058 1113 5125; x_wconf 84' lang='lat' dir='ltr'><strong>exhibuerit.</strong></span> <span class='ocrx_word' id='word_1_391' title='bbox 1203 5059 1341 5124; x_wconf 91' lang='lat' dir='ltr'><strong>Nec</strong></span> <span class='ocrx_word' id='word_1_392' title='bbox 1386 5079 1545 5124; x_wconf 89' lang='grc'>8800</span> <span class='ocrx_word' id='word_1_393' title='bbox 1602 5059 1729 5122; x_wconf 90' lang='grc'>8118</span> <span class='ocrx_word' id='word_1_394' title='bbox 1788 5079 2077 5141; x_wconf 87' lang='lat' dir='ltr'><strong>unquam</strong></span> <span class='ocrx_word' id='word_1_395' title='bbox 2138 5058 2385 5124; x_wconf 90' lang='lat' dir='ltr'><strong>sanctis</strong></span> <span class='ocrx_word' id='word_1_396' title='bbox 2432 5058 2558 5122; x_wconf 89' lang='lat' dir='ltr'><strong>fuit</strong></span> 
     </span>
     <span class='ocr_line' id='line_1_55' title="bbox 602 5143 2555 5228; baseline -0.003 -16"><span class='ocrx_word' id='word_1_397' title='bbox 602 5146 1107 5212; x_wconf 88' lang='lat' dir='ltr'><strong>communicatio</strong></span> <span class='ocrx_word' id='word_1_398' title='bbox 1148 5166 1301 5211; x_wconf 90' lang='lat' dir='ltr'><strong>cum</strong></span> <span class='ocrx_word' id='word_1_399' title='bbox 1346 5146 1491 5211; x_wconf 92' lang='lat' dir='ltr'><strong>Deo</strong></span> <span class='ocrx_word' id='word_1_400' title='bbox 1534 5166 1727 5228; x_wconf 90' lang='lat' dir='ltr'><strong>quam</strong></span> <span class='ocrx_word' id='word_1_401' title='bbox 1773 5165 1893 5228; x_wconf 88' lang='lat' dir='ltr'><strong>per</strong></span> <span class='ocrx_word' id='word_1_402' title='bbox 1938 5143 2363 5209; x_wconf 89' lang='lat' dir='ltr'><strong>mediatorem</strong></span> <span class='ocrx_word' id='word_1_403' title='bbox 2409 5165 2555 5227; x_wconf 88' lang='lat' dir='ltr'><strong>pro·</strong></span> 
     </span>
    </p>
   </div>
   <div class='ocr_carea' id='block_1_7' title="bbox 600 5267 1016 5278">
    <p class='ocr_par' dir='ltr' id='par_1_8' title="bbox 600 5267 1016 5278">
     <span class='ocr_line' id='line_1_56' title="bbox 600 5267 1016 5278; baseline 0 872"><span class='ocrx_word' id='word_1_404' title='bbox 600 5267 1016 5278; x_wconf 95' lang='lat' dir='ltr'><strong> </strong></span> 
     </span>
    </p>
   </div>
   <div class='ocr_carea' id='block_1_8' title="bbox 743 5331 1589 5402">
    <p class='ocr_par' dir='ltr' id='par_1_9' title="bbox 743 5331 1589 5402">
     <span class='ocr_line' id='line_1_57' title="bbox 743 5331 1589 5402; baseline 0 -15"><span class='ocrx_word' id='word_1_405' title='bbox 743 5332 803 5402; x_wconf 86' lang='lat'><strong>1)</strong></span> <span class='ocrx_word' id='word_1_406' title='bbox 841 5331 1108 5402; x_wconf 67' lang='lat' dir='ltr'><strong>fflneeps</strong></span> <span class='ocrx_word' id='word_1_407' title='bbox 1141 5334 1308 5388; x_wconf 78' lang='lat' dir='ltr'><strong>male.-</strong></span> <span class='ocrx_word' id='word_1_408' title='bbox 1341 5333 1589 5402; x_wconf 82' lang='lat' dir='ltr'><strong>urgebat.</strong></span> 
     </span>
    </p>
   </div>
   <div class='ocr_carea' id='block_1_9' title="bbox 2592 585 2613 5369">
    <p class='ocr_par' dir='ltr' id='par_1_10' title="bbox 2592 585 2613 5369">
     <span class='ocr_line' id='line_1_58' title="bbox 2592 585 2613 5369; baseline 0 0"><span class='ocrx_word' id='word_1_409' title='bbox 2592 585 2613 5369; x_wconf 95' lang='lat' dir='ltr'><strong> </strong></span> 
     </span>
    </p>
   </div>
   <div class='ocr_carea' id='block_1_10' title="bbox 1768 391 4575 463">
    <p class='ocr_par' dir='ltr' id='par_1_11' title="bbox 1768 391 4575 463">
     <span class='ocr_line' id='line_1_59' title="bbox 1768 391 4575 463; baseline -0.002 -2"><span class='ocrx_word' id='word_1_410' title='bbox 1768 395 2515 463; x_wconf 80' lang='lat' dir='ltr'>COMMENTARIUS</span> <span class='ocrx_word' id='word_1_411' title='bbox 2563 393 2657 460; x_wconf 88' lang='lat' dir='ltr'><strong>IN</strong></span> <span class='ocrx_word' id='word_1_412' title='bbox 2707 394 3009 461; x_wconf 83' lang='lat' dir='ltr'>EXODI</span> <span class='ocrx_word' id='word_1_413' title='bbox 3053 395 3255 461; x_wconf 84' lang='lat' dir='ltr'><strong>CAP.</strong></span> <span class='ocrx_word' id='word_1_414' title='bbox 3302 394 3431 460; x_wconf 91' lang='grc' dir='ltr'>ΙΙΙ.</span> <span class='ocrx_word' id='word_1_415' title='bbox 4501 391 4575 456; x_wconf 85' lang='grc'><strong>36</strong></span> 
     </span>
    </p>
   </div>
   <div class='ocr_carea' id='block_1_11' title="bbox 2644 580 4581 1098">
    <p class='ocr_par' dir='ltr' id='par_1_12' title="bbox 2644 580 4581 1098">
     <span class='ocr_line' id='line_1_60' title="bbox 2649 580 4579 668; baseline -0.001 -21"><span class='ocrx_word' id='word_1_416' title='bbox 2649 585 2943 650; x_wconf 88' lang='lat' dir='ltr'><strong>missum.</strong></span> <span class='ocrx_word' id='word_1_417' title='bbox 3010 583 3240 668; x_wconf 86' lang='lat' dir='ltr'><strong>Itaque</strong></span> <span class='ocrx_word' id='word_1_418' title='bbox 3284 583 3448 648; x_wconf 89' lang='lat' dir='ltr'><strong>nihil</strong></span> <span class='ocrx_word' id='word_1_419' title='bbox 3487 581 3823 647; x_wconf 90' lang='lat' dir='ltr'><strong>mirum·si</strong></span> <span class='ocrx_word' id='word_1_420' title='bbox 3869 589 4174 645; x_wconf 82' lang='lat' dir='ltr'><strong>aeternus</strong></span> <span class='ocrx_word' id='word_1_421' title='bbox 4201 580 4326 645; x_wconf 91' lang='lat' dir='ltr'><strong>Dei</strong></span> <span class='ocrx_word' id='word_1_422' title='bbox 4360 599 4579 659; x_wconf 89' lang='lat' dir='ltr'><strong>sermo,</strong></span> 
     </span>
     <span class='ocr_line' id='line_1_61' title="bbox 2647 668 4581 754; baseline -0.002 -19"><span class='ocrx_word' id='word_1_423' title='bbox 2647 672 2846 736; x_wconf 90' lang='lat' dir='ltr'><strong>unius</strong></span> <span class='ocrx_word' id='word_1_424' title='bbox 2890 691 3037 737; x_wconf 88' lang='lat' dir='ltr'><strong>cum</strong></span> <span class='ocrx_word' id='word_1_425' title='bbox 3084 684 3269 754; x_wconf 89' lang='lat' dir='ltr'><strong>patre</strong></span> <span class='ocrx_word' id='word_1_426' title='bbox 3315 669 3577 734; x_wconf 89' lang='lat' dir='ltr'><strong>deitatis</strong></span> <span class='ocrx_word' id='word_1_427' title='bbox 3615 679 3679 732; x_wconf 91' lang='lat' dir='ltr'><strong>et</strong></span> <span class='ocrx_word' id='word_1_428' title='bbox 3715 668 4057 740; x_wconf 87' lang='lat' dir='ltr'><strong>essentiae,</strong></span> <span class='ocrx_word' id='word_1_429' title='bbox 4106 684 4343 731; x_wconf 91' lang='lat' dir='ltr'><strong>nomen</strong></span> <span class='ocrx_word' id='word_1_430' title='bbox 4382 668 4581 749; x_wconf 84' lang='lat' dir='ltr'><strong>angeli</strong></span> 
     </span>
     <span class='ocr_line' id='line_1_62' title="bbox 2646 751 4578 839; baseline -0.001 -18"><span class='ocrx_word' id='word_1_431' title='bbox 2646 767 2984 821; x_wconf 90' lang='lat' dir='ltr'><strong>mutuatus</strong></span> <span class='ocrx_word' id='word_1_432' title='bbox 3009 758 3096 821; x_wconf 87' lang='lat' dir='ltr'><strong>sit</strong></span> <span class='ocrx_word' id='word_1_433' title='bbox 3117 758 3380 822; x_wconf 89' lang='lat' dir='ltr'><strong>futurae</strong></span> <span class='ocrx_word' id='word_1_434' title='bbox 3415 754 3765 839; x_wconf 87' lang='lat' dir='ltr'><strong>legationis</strong></span> <span class='ocrx_word' id='word_1_435' title='bbox 3804 760 4124 836; x_wconf 81' lang='lat' dir='ltr'><strong>respectu.</strong></span> <span class='ocrx_word' id='word_1_436' title='bbox 4184 751 4291 816; x_wconf 93' lang='lat' dir='ltr'><strong>De</strong></span> <span class='ocrx_word' id='word_1_437' title='bbox 4329 753 4578 833; x_wconf 87' lang='lat' dir='ltr'><strong>visione,</strong></span> 
     </span>
     <span class='ocr_line' id='line_1_63' title="bbox 2644 837 4580 926; baseline -0.002 -20"><span class='ocrx_word' id='word_1_438' title='bbox 2644 863 2884 926; x_wconf 81' lang='lat' dir='ltr'><strong>magna</strong></span> <span class='ocrx_word' id='word_1_439' title='bbox 2931 853 3033 908; x_wconf 91' lang='grc'><strong>081</strong></span> <span class='ocrx_word' id='word_1_440' title='bbox 3074 845 3453 925; x_wconf 89' lang='lat' dir='ltr'><strong>opinionum</strong></span> <span class='ocrx_word' id='word_1_441' title='bbox 3504 841 3804 906; x_wconf 87' lang='lat' dir='ltr'><strong>varietas.</strong></span> <span class='ocrx_word' id='word_1_442' title='bbox 3873 839 4091 904; x_wconf 89' lang='lat' dir='ltr'><strong>Nimis</strong></span> <span class='ocrx_word' id='word_1_443' title='bbox 4127 837 4401 902; x_wconf 85' lang='lat' dir='ltr'><strong>violenti</strong></span> <span class='ocrx_word' id='word_1_444' title='bbox 4442 850 4580 904; x_wconf 86' lang='lat' dir='ltr'><strong>sunt</strong></span> 
     </span>
     <span class='ocr_line' id='line_1_64' title="bbox 2645 924 4577 1012; baseline -0.002 -19"><span class='ocrx_word' id='word_1_445' title='bbox 2645 928 3091 1012; x_wconf 85' lang='lat' dir='ltr'><strong>allegoristae,</strong></span> <span class='ocrx_word' id='word_1_446' title='bbox 3159 928 3271 1012; x_wconf 92' lang='lat' dir='ltr'><strong>qui</strong></span> <span class='ocrx_word' id='word_1_447' title='bbox 3337 950 3419 994; x_wconf 81' lang='lat' dir='ltr'><strong>ex</strong></span> <span class='ocrx_word' id='word_1_448' title='bbox 3486 929 3650 993; x_wconf 92' lang='lat' dir='ltr'><strong>rubo</strong></span> <span class='ocrx_word' id='word_1_449' title='bbox 3719 926 3968 992; x_wconf 88' lang='lat' dir='ltr'><strong>faciunt</strong></span> <span class='ocrx_word' id='word_1_450' title='bbox 4031 945 4267 1007; x_wconf 88' lang='lat' dir='ltr'><strong>corpus</strong></span> <span class='ocrx_word' id='word_1_451' title='bbox 4326 924 4577 1003; x_wconf 82' lang='lat' dir='ltr'><strong>Christi,</strong></span> 
     </span>
     <span class='ocr_line' id='line_1_65' title="bbox 2645 1012 4577 1098; baseline -0.001 -20"><span class='ocrx_word' id='word_1_452' title='bbox 2645 1015 2814 1098; x_wconf 89' lang='lat' dir='ltr'><strong>quod</strong></span> <span class='ocrx_word' id='word_1_453' title='bbox 2860 1014 3158 1081; x_wconf 89' lang='lat' dir='ltr'><strong>coelestis</strong></span> <span class='ocrx_word' id='word_1_454' title='bbox 3202 1015 3509 1080; x_wconf 89' lang='lat' dir='ltr'><strong>maiestas</strong></span> <span class='ocrx_word' id='word_1_455' title='bbox 3546 1034 3679 1078; x_wconf 92' lang='grc'><strong>000</strong></span> <span class='ocrx_word' id='word_1_456' title='bbox 3724 1012 4164 1094; x_wconf 89' lang='lat' dir='ltr'><strong>consumpsit,</strong></span> <span class='ocrx_word' id='word_1_457' title='bbox 4225 1031 4428 1094; x_wconf 91' lang='lat' dir='ltr'><strong>quum</strong></span> <span class='ocrx_word' id='word_1_458' title='bbox 4469 1012 4577 1077; x_wconf 88' lang='lat' dir='ltr'><strong>sibi</strong></span> 
     </span>
    </p>
   </div>
   <div class='ocr_carea' id='block_1_12' title="bbox 2644 1097 4672 1185">
    <p class='ocr_par' dir='ltr' id='par_1_13' title="bbox 2644 1097 4672 1185">
     <span class='ocr_line' id='line_1_66' title="bbox 2644 1097 4672 1185; baseline -0.002 -20"><span class='ocrx_word' id='word_1_459' title='bbox 2644 1102 2844 1185; x_wconf 89' lang='lat' dir='ltr'><strong>elegit</strong></span> <span class='ocrx_word' id='word_1_460' title='bbox 2888 1122 3006 1184; x_wconf 91' lang='lat' dir='ltr'><strong>pro</strong></span> <span class='ocrx_word' id='word_1_461' title='bbox 3050 1100 3392 1167; x_wconf 91' lang='lat' dir='ltr'><strong>domicilio.</strong></span> <span class='ocrx_word' id='word_1_462' title='bbox 3463 1099 3707 1173; x_wconf 87' lang='lat' dir='ltr'><strong>Coacte</strong></span> <span class='ocrx_word' id='word_1_463' title='bbox 3736 1099 3954 1164; x_wconf 84' lang='lat' dir='ltr'><strong>etiam·</strong></span> <span class='ocrx_word' id='word_1_464' title='bbox 3979 1098 4089 1162; x_wconf 90' lang='lat' dir='ltr'><strong>alii</strong></span> <span class='ocrx_word' id='word_1_465' title='bbox 4130 1097 4251 1162; x_wconf 92' lang='lat' dir='ltr'><strong>hoc</strong></span> <span class='ocrx_word' id='word_1_466' title='bbox 4296 1105 4579 1180; x_wconf 86' lang='lat' dir='ltr'><strong>torquent</strong></span> <span class='ocrx_word' id='word_1_467' title='bbox 4665 1108 4672 1119; x_wconf 86' lang='lat'>&#39;</span> 
     </span>
    </p>
   </div>
   <div class='ocr_carea' id='block_1_13' title="bbox 2640 1181 4580 5402">
    <p class='ocr_par' dir='ltr' id='par_1_14' title="bbox 2640 1181 4580 3057">
     <span class='ocr_line' id='line_1_67' title="bbox 2644 1181 4577 1271; baseline -0.002 -20"><span class='ocrx_word' id='word_1_468' title='bbox 2644 1188 2724 1251; x_wconf 89' lang='lat' dir='ltr'><strong>ad</strong></span> <span class='ocrx_word' id='word_1_469' title='bbox 2761 1187 3195 1269; x_wconf 85' lang='lat' dir='ltr'><strong>praefractum</strong></span> <span class='ocrx_word' id='word_1_470' title='bbox 3234 1187 3451 1271; x_wconf 88' lang='lat' dir='ltr'><strong>gentis</strong></span> <span class='ocrx_word' id='word_1_471' title='bbox 3486 1186 3849 1269; x_wconf 89' lang='lat' dir='ltr'><strong>ingenium,</strong></span> <span class='ocrx_word' id='word_1_472' title='bbox 3872 1181 4045 1268; x_wconf 92' lang='lat' dir='ltr'><strong>quod</strong></span> <span class='ocrx_word' id='word_1_473' title='bbox 4068 1183 4318 1248; x_wconf 88' lang='lat' dir='ltr'><strong>similes</strong></span> <span class='ocrx_word' id='word_1_474' title='bbox 4355 1184 4577 1248; x_wconf 89' lang='lat' dir='ltr'><strong>fuerint</strong></span> 
     </span>
     <span class='ocr_line' id='line_1_68' title="bbox 2645 1268 4577 1357; baseline -0.002 -20"><span class='ocrx_word' id='word_1_475' title='bbox 2645 1272 2984 1338; x_wconf 84' lang='lat' dir='ltr'><strong>Israelitae</strong></span> <span class='ocrx_word' id='word_1_476' title='bbox 3050 1274 3284 1357; x_wconf 91' lang='lat' dir='ltr'><strong>spinis,</strong></span> <span class='ocrx_word' id='word_1_477' title='bbox 3352 1294 3519 1356; x_wconf 91' lang='lat' dir='ltr'><strong>quae</strong></span> <span class='ocrx_word' id='word_1_478' title='bbox 3578 1271 3720 1355; x_wconf 89' lang='lat' dir='ltr'><strong>igni</strong></span> <span class='ocrx_word' id='word_1_479' title='bbox 3777 1292 3911 1335; x_wconf 92' lang='grc'><strong>000</strong></span> <span class='ocrx_word' id='word_1_480' title='bbox 3974 1270 4238 1334; x_wconf 88' lang='lat' dir='ltr'><strong>cedunt.</strong></span> <span class='ocrx_word' id='word_1_481' title='bbox 4339 1268 4577 1334; x_wconf 85' lang='lat' dir='ltr'><strong>Verum</strong></span> 
     </span>
     <span class='ocr_line' id='line_1_69' title="bbox 2643 1356 4576 1442; baseline -0.003 -18"><span class='ocrx_word' id='word_1_482' title='bbox 2643 1360 2755 1424; x_wconf 91' lang='lat' dir='ltr'><strong>ubi</strong></span> <span class='ocrx_word' id='word_1_483' title='bbox 2818 1379 3171 1442; x_wconf 87' lang='lat' dir='ltr'><strong>germanus</strong></span> <span class='ocrx_word' id='word_1_484' title='bbox 3237 1379 3471 1425; x_wconf 89' lang='lat' dir='ltr'><strong>sensus</strong></span> <span class='ocrx_word' id='word_1_485' title='bbox 3537 1357 3606 1422; x_wconf 91' lang='lat' dir='ltr'><strong>in</strong></span> <span class='ocrx_word' id='word_1_486' title='bbox 3671 1357 3962 1421; x_wconf 89' lang='lat' dir='ltr'><strong>medium</strong></span> <span class='ocrx_word' id='word_1_487' title='bbox 4021 1357 4311 1439; x_wconf 86' lang='lat' dir='ltr'><strong>prolatus</strong></span> <span class='ocrx_word' id='word_1_488' title='bbox 4378 1356 4576 1434; x_wconf 88' lang='lat' dir='ltr'><strong>fuerit,</strong></span> 
     </span>
     <span class='ocr_line' id='line_1_70' title="bbox 2646 1440 4580 1512; baseline -0.002 -4"><span class='ocrx_word' id='word_1_489' title='bbox 2646 1444 2894 1509; x_wconf 90' lang='lat' dir='ltr'><strong>alienos</strong></span> <span class='ocrx_word' id='word_1_490' title='bbox 2939 1446 3232 1512; x_wconf 89' lang='lat' dir='ltr'><strong>refellere</strong></span> <span class='ocrx_word' id='word_1_491' title='bbox 3276 1466 3409 1509; x_wconf 92' lang='lat' dir='ltr'><strong>non</strong></span> <span class='ocrx_word' id='word_1_492' title='bbox 3457 1444 3582 1509; x_wconf 90' lang='lat' dir='ltr'><strong>erit</strong></span> <span class='ocrx_word' id='word_1_493' title='bbox 3624 1443 4084 1509; x_wconf 89' lang='lat' dir='ltr'><strong>necessarium.</strong></span> <span class='ocrx_word' id='word_1_494' title='bbox 4175 1440 4580 1508; x_wconf 84' lang='lat' dir='ltr'><strong>Conveniunt</strong></span> 
     </span>
     <span class='ocr_line' id='line_1_71' title="bbox 2645 1528 4578 1615; baseline -0.002 -20"><span class='ocrx_word' id='word_1_495' title='bbox 2645 1544 2865 1596; x_wconf 90' lang='lat' dir='ltr'><strong>autem</strong></span> <span class='ocrx_word' id='word_1_496' title='bbox 2908 1532 3151 1615; x_wconf 90' lang='lat' dir='ltr'><strong>optime</strong></span> <span class='ocrx_word' id='word_1_497' title='bbox 3196 1531 3358 1597; x_wconf 91' lang='lat' dir='ltr'><strong>haec</strong></span> <span class='ocrx_word' id='word_1_498' title='bbox 3405 1531 3568 1596; x_wconf 90' lang='lat' dir='ltr'><strong>visio</strong></span> <span class='ocrx_word' id='word_1_499' title='bbox 3615 1539 3683 1594; x_wconf 91' lang='lat' dir='ltr'><strong>et</strong></span> <span class='ocrx_word' id='word_1_500' title='bbox 3717 1528 3925 1595; x_wconf 90' lang='lat' dir='ltr'><strong>altera</strong></span> <span class='ocrx_word' id='word_1_501' title='bbox 3960 1530 4139 1612; x_wconf 90' lang='lat' dir='ltr'><strong>prior</strong></span> <span class='ocrx_word' id='word_1_502' title='bbox 4174 1549 4341 1611; x_wconf 88' lang='lat' dir='ltr'><strong>quae</strong></span> <span class='ocrx_word' id='word_1_503' title='bbox 4378 1528 4578 1594; x_wconf 86' lang='lat' dir='ltr'><strong>oblata</strong></span> 
     </span>
     <span class='ocr_line' id='line_1_72' title="bbox 2644 1614 4573 1703; baseline -0.002 -22"><span class='ocrx_word' id='word_1_504' title='bbox 2644 1616 2860 1682; x_wconf 89' lang='lat' dir='ltr'><strong>fuerat</strong></span> <span class='ocrx_word' id='word_1_505' title='bbox 2886 1617 3189 1683; x_wconf 88' lang='lat' dir='ltr'><strong>Abrahae</strong></span> <span class='ocrx_word' id='word_1_506' title='bbox 3234 1616 3431 1703; x_wconf 85' lang='lat' dir='ltr'><strong>(Gen.</strong></span> <span class='ocrx_word' id='word_1_507' title='bbox 3487 1615 3587 1692; x_wconf 85' lang='lat'><strong>15,</strong></span> <span class='ocrx_word' id='word_1_508' title='bbox 3636 1614 3765 1703; x_wconf 81' lang='lat'><strong>17).</strong></span> <span class='ocrx_word' id='word_1_509' title='bbox 3839 1614 4026 1679; x_wconf 90' lang='lat' dir='ltr'><strong>Vidit</strong></span> <span class='ocrx_word' id='word_1_510' title='bbox 4070 1614 4181 1678; x_wconf 90' lang='lat' dir='ltr'><strong>ille</strong></span> <span class='ocrx_word' id='word_1_511' title='bbox 4225 1614 4573 1697; x_wconf 87' lang='lat' dir='ltr'><strong>lampadem</strong></span> 
     </span>
     <span class='ocr_line' id='line_1_73' title="bbox 2644 1701 4578 1787; baseline -0.001 -20"><span class='ocrx_word' id='word_1_512' title='bbox 2644 1702 3006 1787; x_wconf 84' lang='lat' dir='ltr'><strong>fulgentem</strong></span> <span class='ocrx_word' id='word_1_513' title='bbox 3087 1706 3155 1768; x_wconf 90' lang='lat' dir='ltr'><strong>in</strong></span> <span class='ocrx_word' id='word_1_514' title='bbox 3222 1702 3435 1768; x_wconf 90' lang='lat' dir='ltr'><strong>medio</strong></span> <span class='ocrx_word' id='word_1_515' title='bbox 3514 1702 3797 1766; x_wconf 90' lang='lat' dir='ltr'><strong>fornacis</strong></span> <span class='ocrx_word' id='word_1_516' title='bbox 3874 1701 4290 1784; x_wconf 90' lang='lat' dir='ltr'><strong>caliginosae.</strong></span> <span class='ocrx_word' id='word_1_517' title='bbox 4400 1701 4578 1766; x_wconf 88' lang='lat' dir='ltr'><strong>Ratio</strong></span> 
     </span>
     <span class='ocr_line' id='line_1_74' title="bbox 2646 1787 4577 1873; baseline -0.002 -19"><span class='ocrx_word' id='word_1_518' title='bbox 2646 1790 3061 1872; x_wconf 83' lang='lat' dir='ltr'><strong>exprimitur,</strong></span> <span class='ocrx_word' id='word_1_519' title='bbox 3109 1788 3280 1873; x_wconf 94' lang='lat' dir='ltr'><strong>quod</strong></span> <span class='ocrx_word' id='word_1_520' title='bbox 3326 1790 3509 1854; x_wconf 91' lang='lat' dir='ltr'><strong>Deus</strong></span> <span class='ocrx_word' id='word_1_521' title='bbox 3563 1790 3873 1871; x_wconf 90' lang='lat' dir='ltr'><strong>populum</strong></span> <span class='ocrx_word' id='word_1_522' title='bbox 3933 1808 4125 1852; x_wconf 88' lang='lat' dir='ltr'><strong>suum</strong></span> <span class='ocrx_word' id='word_1_523' title='bbox 4183 1790 4252 1852; x_wconf 92' lang='lat' dir='ltr'><strong>in</strong></span> <span class='ocrx_word' id='word_1_524' title='bbox 4308 1787 4577 1852; x_wconf 88' lang='lat' dir='ltr'><strong>tenebris</strong></span> 
     </span>
     <span class='ocr_line' id='line_1_75' title="bbox 2644 1872 4577 1959; baseline -0.002 -19"><span class='ocrx_word' id='word_1_525' title='bbox 2644 1876 2979 1959; x_wconf 84' lang='lat' dir='ltr'><strong>exstingui</strong></span> <span class='ocrx_word' id='word_1_526' title='bbox 3045 1896 3177 1939; x_wconf 90' lang='lat' dir='ltr'><strong>non</strong></span> <span class='ocrx_word' id='word_1_527' title='bbox 3242 1875 3434 1941; x_wconf 92' lang='lat' dir='ltr'><strong>sinet.</strong></span> <span class='ocrx_word' id='word_1_528' title='bbox 3545 1874 3799 1939; x_wconf 83' lang='lat' dir='ltr'><strong>Eadem</strong></span> <span class='ocrx_word' id='word_1_529' title='bbox 3867 1872 4173 1958; x_wconf 87' lang='lat' dir='ltr'><strong>analogia</strong></span> <span class='ocrx_word' id='word_1_530' title='bbox 4242 1872 4577 1956; x_wconf 89' lang='lat' dir='ltr'><strong>respondet</strong></span> 
     </span>
     <span class='ocr_line' id='line_1_76' title="bbox 2642 1960 4574 2045; baseline -0.001 -20"><span class='ocrx_word' id='word_1_531' title='bbox 2642 1962 2805 2026; x_wconf 91' lang='lat' dir='ltr'><strong>rubo</strong></span> <span class='ocrx_word' id='word_1_532' title='bbox 2849 1983 3033 2027; x_wconf 91' lang='lat' dir='ltr'><strong>suam</strong></span> <span class='ocrx_word' id='word_1_533' title='bbox 3071 1962 3518 2045; x_wconf 88' lang='lat' dir='ltr'><strong>integritatem</strong></span> <span class='ocrx_word' id='word_1_534' title='bbox 3570 1961 3878 2024; x_wconf 89' lang='lat' dir='ltr'><strong>retinenti</strong></span> <span class='ocrx_word' id='word_1_535' title='bbox 3924 1960 3994 2023; x_wconf 92' lang='lat' dir='ltr'><strong>in</strong></span> <span class='ocrx_word' id='word_1_536' title='bbox 4047 1960 4264 2024; x_wconf 88' lang='lat' dir='ltr'><strong>media</strong></span> <span class='ocrx_word' id='word_1_537' title='bbox 4310 1962 4574 2024; x_wconf 86' lang='lat' dir='ltr'><strong>flamma.</strong></span> 
     </span>
     <span class='ocr_line' id='line_1_77' title="bbox 2642 2045 4575 2130; baseline -0.002 -19"><span class='ocrx_word' id='word_1_538' title='bbox 2642 2046 2818 2111; x_wconf 86' lang='lat' dir='ltr'><strong>Rubi</strong></span> <span class='ocrx_word' id='word_1_539' title='bbox 2876 2049 3123 2130; x_wconf 90' lang='lat' dir='ltr'><strong>species</strong></span> <span class='ocrx_word' id='word_1_540' title='bbox 3182 2058 3325 2112; x_wconf 89' lang='lat' dir='ltr'><strong>erat</strong></span> <span class='ocrx_word' id='word_1_541' title='bbox 3383 2049 3451 2111; x_wconf 90' lang='lat' dir='ltr'><strong>in</strong></span> <span class='ocrx_word' id='word_1_542' title='bbox 3514 2047 3747 2111; x_wconf 91' lang='lat' dir='ltr'><strong>humili</strong></span> <span class='ocrx_word' id='word_1_543' title='bbox 3792 2058 3858 2109; x_wconf 91' lang='lat' dir='ltr'><strong>et</strong></span> <span class='ocrx_word' id='word_1_544' title='bbox 3914 2055 4295 2129; x_wconf 90' lang='lat' dir='ltr'><strong>contempto</strong></span> <span class='ocrx_word' id='word_1_545' title='bbox 4337 2045 4575 2129; x_wconf 91' lang='lat' dir='ltr'><strong>populo.</strong></span> 
     </span>
     <span class='ocr_line' id='line_1_78' title="bbox 2640 2132 4578 2217; baseline -0.002 -20"><span class='ocrx_word' id='word_1_546' title='bbox 2640 2132 2795 2217; x_wconf 90' lang='lat' dir='ltr'><strong>Igni</strong></span> <span class='ocrx_word' id='word_1_547' title='bbox 2840 2154 2974 2196; x_wconf 90' lang='lat' dir='ltr'><strong>non</strong></span> <span class='ocrx_word' id='word_1_548' title='bbox 3031 2133 3346 2198; x_wconf 90' lang='lat' dir='ltr'><strong>absimilis</strong></span> <span class='ocrx_word' id='word_1_549' title='bbox 3405 2142 3547 2197; x_wconf 92' lang='lat' dir='ltr'><strong>erat</strong></span> <span class='ocrx_word' id='word_1_550' title='bbox 3606 2132 3952 2217; x_wconf 78' lang='lat' dir='ltr'><strong>tyrannica</strong></span> <span class='ocrx_word' id='word_1_551' title='bbox 4010 2134 4378 2215; x_wconf 88' lang='lat' dir='ltr'><strong>oppressi0,</strong></span> <span class='ocrx_word' id='word_1_552' title='bbox 4432 2152 4578 2214; x_wconf 87' lang='lat' dir='ltr'><strong>quae</strong></span> 
     </span>
     <span class='ocr_line' id='line_1_79' title="bbox 2640 2218 4578 2301; baseline -0.001 -18"><span class='ocrx_word' id='word_1_553' title='bbox 2640 2219 3205 2301; x_wconf 90' lang='lat' dir='ltr'><strong>consumptionem</strong></span> <span class='ocrx_word' id='word_1_554' title='bbox 3275 2240 3495 2285; x_wconf 88' lang='lat' dir='ltr'><strong>secum</strong></span> <span class='ocrx_word' id='word_1_555' title='bbox 3577 2219 3917 2295; x_wconf 85' lang='lat' dir='ltr'><strong>traxisset,</strong></span> <span class='ocrx_word' id='word_1_556' title='bbox 3998 2220 4123 2282; x_wconf 90' lang='lat' dir='ltr'><strong>nisi</strong></span> <span class='ocrx_word' id='word_1_557' title='bbox 4204 2218 4578 2283; x_wconf 88' lang='lat' dir='ltr'><strong>mirabiliter</strong></span> 
     </span>
     <span class='ocr_line' id='line_1_80' title="bbox 2641 2303 4575 2388; baseline -0.001 -19"><span class='ocrx_word' id='word_1_558' title='bbox 2641 2305 3000 2371; x_wconf 88' lang='lat' dir='ltr'><strong>obstitisset</strong></span> <span class='ocrx_word' id='word_1_559' title='bbox 3059 2305 3260 2371; x_wconf 89' lang='lat' dir='ltr'><strong>Deus.</strong></span> <span class='ocrx_word' id='word_1_560' title='bbox 3365 2305 3598 2388; x_wconf 91' lang='lat' dir='ltr'><strong>Itaque</strong></span> <span class='ocrx_word' id='word_1_561' title='bbox 3658 2303 3786 2368; x_wconf 92' lang='lat' dir='ltr'><strong>Dei</strong></span> <span class='ocrx_word' id='word_1_562' title='bbox 3846 2306 4221 2387; x_wconf 89' lang='lat' dir='ltr'><strong>praesentia</strong></span> <span class='ocrx_word' id='word_1_563' title='bbox 4288 2305 4575 2371; x_wconf 89' lang='lat' dir='ltr'><strong>rubetum</strong></span> 
     </span>
     <span class='ocr_line' id='line_1_81' title="bbox 2641 2388 4576 2468; baseline -0.001 -13"><span class='ocrx_word' id='word_1_564' title='bbox 2641 2390 2723 2455; x_wconf 90' lang='lat' dir='ltr'><strong>ab</strong></span> <span class='ocrx_word' id='word_1_565' title='bbox 2768 2390 3072 2456; x_wconf 91' lang='lat' dir='ltr'><strong>incendio</strong></span> <span class='ocrx_word' id='word_1_566' title='bbox 3118 2392 3443 2456; x_wconf 89' lang='lat' dir='ltr'><strong>incolume</strong></span> <span class='ocrx_word' id='word_1_567' title='bbox 3489 2391 3713 2467; x_wconf 88' lang='lat' dir='ltr'><strong>evasit,</strong></span> <span class='ocrx_word' id='word_1_568' title='bbox 3761 2392 3952 2455; x_wconf 89' lang='lat' dir='ltr'><strong>sicuti</strong></span> <span class='ocrx_word' id='word_1_569' title='bbox 3995 2390 4065 2454; x_wconf 92' lang='grc'><strong>10</strong></span> <span class='ocrx_word' id='word_1_570' title='bbox 4091 2390 4358 2456; x_wconf 89' lang='lat' dir='ltr'><strong>Psalmo</strong></span> <span class='ocrx_word' id='word_1_571' title='bbox 4402 2390 4500 2468; x_wconf 87' lang='grc'>46,</span> <span class='ocrx_word' id='word_1_572' title='bbox 4540 2388 4576 2453; x_wconf 79' lang='lat'><strong>4</strong></span> 
     </span>
     <span class='ocr_line' id='line_1_82' title="bbox 2641 2474 4576 2561; baseline -0.002 -20"><span class='ocrx_word' id='word_1_573' title='bbox 2641 2475 2898 2557; x_wconf 88' lang='lat' dir='ltr'><strong>dicitur,</strong></span> <span class='ocrx_word' id='word_1_574' title='bbox 2921 2478 3220 2561; x_wconf 89' lang='lat' dir='ltr'><strong>quamvis</strong></span> <span class='ocrx_word' id='word_1_575' title='bbox 3243 2475 3576 2543; x_wconf 89' lang='lat' dir='ltr'><strong>ecclesiam</strong></span> <span class='ocrx_word' id='word_1_576' title='bbox 3600 2477 3922 2559; x_wconf 90' lang='lat' dir='ltr'><strong>impetant</strong></span> <span class='ocrx_word' id='word_1_577' title='bbox 3948 2474 4316 2541; x_wconf 89' lang='lat' dir='ltr'><strong>turbulenti</strong></span> <span class='ocrx_word' id='word_1_578' title='bbox 4337 2479 4576 2552; x_wconf 90' lang='lat' dir='ltr'><strong>fluctus,</strong></span> 
     </span>
     <span class='ocr_line' id='line_1_83' title="bbox 2642 2561 4574 2648; baseline -0.002 -21"><span class='ocrx_word' id='word_1_579' title='bbox 2642 2565 2751 2645; x_wconf 89' lang='lat' dir='ltr'><strong>qui</strong></span> <span class='ocrx_word' id='word_1_580' title='bbox 2793 2566 3212 2648; x_wconf 86' lang='lat' dir='ltr'><strong>naufragium</strong></span> <span class='ocrx_word' id='word_1_581' title='bbox 3250 2565 3612 2640; x_wconf 89' lang='lat' dir='ltr'><strong>minantur,</strong></span> <span class='ocrx_word' id='word_1_582' title='bbox 3649 2563 3858 2647; x_wconf 91' lang='lat' dir='ltr'><strong>ipsam</strong></span> <span class='ocrx_word' id='word_1_583' title='bbox 3895 2572 4120 2628; x_wconf 90' lang='lat' dir='ltr'><strong>tamen</strong></span> <span class='ocrx_word' id='word_1_584' title='bbox 4156 2584 4292 2628; x_wconf 93' lang='grc'><strong>000</strong></span> <span class='ocrx_word' id='word_1_585' title='bbox 4316 2561 4574 2628; x_wconf 88' lang='lat' dir='ltr'><strong>moveri:</strong></span> 
     </span>
     <span class='ocr_line' id='line_1_84' title="bbox 2642 2647 4575 2734; baseline -0.001 -20"><span class='ocrx_word' id='word_1_586' title='bbox 2642 2649 2797 2731; x_wconf 90' lang='lat' dir='ltr'><strong>quia</strong></span> <span class='ocrx_word' id='word_1_587' title='bbox 2833 2648 3018 2715; x_wconf 89' lang='lat' dir='ltr'><strong>Deus</strong></span> <span class='ocrx_word' id='word_1_588' title='bbox 3062 2651 3131 2715; x_wconf 88' lang='lat' dir='ltr'><strong>in</strong></span> <span class='ocrx_word' id='word_1_589' title='bbox 3177 2650 3389 2715; x_wconf 87' lang='lat' dir='ltr'><strong>medio</strong></span> <span class='ocrx_word' id='word_1_590' title='bbox 3435 2651 3575 2714; x_wconf 91' lang='lat' dir='ltr'><strong>eius</strong></span> <span class='ocrx_word' id='word_1_591' title='bbox 3620 2648 3893 2714; x_wconf 88' lang='lat' dir='ltr'><strong>habitat.</strong></span> <span class='ocrx_word' id='word_1_592' title='bbox 3979 2647 4090 2715; x_wconf 87' lang='lat' dir='ltr'><strong>Sic</strong></span> <span class='ocrx_word' id='word_1_593' title='bbox 4135 2658 4290 2733; x_wconf 88' lang='lat' dir='ltr'><strong>apte</strong></span> <span class='ocrx_word' id='word_1_594' title='bbox 4335 2668 4575 2734; x_wconf 90' lang='lat' dir='ltr'><strong>reprae-</strong></span> 
     </span>
     <span class='ocr_line' id='line_1_85' title="bbox 2641 2732 4575 2821; baseline -0.002 -22"><span class='ocrx_word' id='word_1_595' title='bbox 2641 2744 2902 2800; x_wconf 89' lang='lat' dir='ltr'><strong>sentata</strong></span> <span class='ocrx_word' id='word_1_596' title='bbox 2965 2736 3088 2800; x_wconf 89' lang='lat' dir='ltr'><strong>fuit</strong></span> <span class='ocrx_word' id='word_1_597' title='bbox 3147 2735 3371 2820; x_wconf 90' lang='lat' dir='ltr'><strong>populi</strong></span> <span class='ocrx_word' id='word_1_598' title='bbox 3437 2734 3817 2801; x_wconf 88' lang='lat' dir='ltr'><strong>immaniter</strong></span> <span class='ocrx_word' id='word_1_599' title='bbox 3884 2734 4106 2799; x_wconf 88' lang='lat' dir='ltr'><strong>afflicti</strong></span> <span class='ocrx_word' id='word_1_600' title='bbox 4173 2737 4425 2821; x_wconf 87' lang='lat' dir='ltr'><strong>imago,</strong></span> <span class='ocrx_word' id='word_1_601' title='bbox 4479 2732 4575 2817; x_wconf 90' lang='lat' dir='ltr'><strong>qui</strong></span> 
     </span>
     <span class='ocr_line' id='line_1_86' title="bbox 2643 2817 4575 2905; baseline -0.002 -20"><span class='ocrx_word' id='word_1_602' title='bbox 2643 2829 2822 2886; x_wconf 89' lang='lat' dir='ltr'><strong>totus</strong></span> <span class='ocrx_word' id='word_1_603' title='bbox 2863 2821 3019 2905; x_wconf 88' lang='lat' dir='ltr'><strong>igno</strong></span> <span class='ocrx_word' id='word_1_604' title='bbox 3063 2830 3394 2905; x_wconf 83' lang='lat' dir='ltr'><strong>correptus</strong></span> <span class='ocrx_word' id='word_1_605' title='bbox 3441 2821 3741 2887; x_wconf 86' lang='lat' dir='ltr'><strong>ardorem</strong></span> <span class='ocrx_word' id='word_1_606' title='bbox 3785 2821 4047 2904; x_wconf 89' lang='lat' dir='ltr'><strong>quidem</strong></span> <span class='ocrx_word' id='word_1_607' title='bbox 4093 2822 4436 2901; x_wconf 89' lang='lat' dir='ltr'><strong>sentiebat,</strong></span> <span class='ocrx_word' id='word_1_608' title='bbox 4477 2817 4575 2885; x_wconf 86' lang='lat' dir='ltr'><strong>scd</strong></span> 
     </span>
     <span class='ocr_line' id='line_1_87' title="bbox 2642 2905 4571 3057; baseline -0.001 -85"><span class='ocrx_word' id='word_1_609' title='bbox 2642 2908 2883 3057; x_wconf 58' lang='lat' dir='ltr'><strong>gbsque</strong></span> <span class='ocrx_word' id='word_1_610' title='bbox 2928 2906 3140 2973; x_wconf 87' lang='lat' dir='ltr'><strong>clade:</strong></span> <span class='ocrx_word' id='word_1_611' title='bbox 3211 2908 3365 2991; x_wconf 89' lang='lat' dir='ltr'><strong>quia</strong></span> <span class='ocrx_word' id='word_1_612' title='bbox 3418 2908 3748 2990; x_wconf 89' lang='lat' dir='ltr'><strong>praesenti</strong></span> <span class='ocrx_word' id='word_1_613' title='bbox 3795 2908 3919 2973; x_wconf 92' lang='lat' dir='ltr'><strong>Dei</strong></span> <span class='ocrx_word' id='word_1_614' title='bbox 3980 2906 4229 2972; x_wconf 84' lang='lat' dir='ltr'><strong>auxilio</strong></span> <span class='ocrx_word' id='word_1_615' title='bbox 4274 2905 4571 2975; x_wconf 87' lang='lat' dir='ltr'><strong>custodie-</strong></span> 
     </span>
     <span class='ocr_line' id='line_1_88' title="bbox 2686 3008 2851 3057; baseline 0 0"><span class='ocrx_word' id='word_1_616' title='bbox 2686 3008 2851 3057; x_wconf 74' lang='lat' dir='ltr'><strong>atur.</strong></span> 
     </span>
    </p>

    <p class='ocr_par' dir='ltr' id='par_1_15' title="bbox 2643 3078 4573 4543">
     <span class='ocr_line' id='line_1_89' title="bbox 2814 3078 4573 3164; baseline -0.002 -19"><span class='ocrx_word' id='word_1_617' title='bbox 2814 3079 2875 3145; x_wconf 88' lang='lat'><strong>3.</strong></span> <span class='ocrx_word' id='word_1_618' title='bbox 2921 3078 3113 3145; x_wconf 70' lang='lat' dir='ltr'><strong>Dixit</strong></span> <span class='ocrx_word' id='word_1_619' title='bbox 3163 3081 3375 3164; x_wconf 74' lang='lat' dir='ltr'><strong>itaque</strong></span> <span class='ocrx_word' id='word_1_620' title='bbox 3418 3078 3663 3146; x_wconf 79' lang='lat' dir='ltr'><strong>Moses.-</strong></span> <span class='ocrx_word' id='word_1_621' title='bbox 3721 3079 4068 3146; x_wconf 74' lang='lat' dir='ltr'><strong>Divertam.</strong></span> <span class='ocrx_word' id='word_1_622' title='bbox 4161 3080 4435 3147; x_wconf 89' lang='lat' dir='ltr'><strong>Certum</strong></span> <span class='ocrx_word' id='word_1_623' title='bbox 4486 3083 4573 3143; x_wconf 87' lang='lat' dir='ltr'><strong>est</strong></span> 
     </span>
     <span class='ocr_line' id='line_1_90' title="bbox 2643 3164 4569 3249; baseline 0.001 -21"><span class='ocrx_word' id='word_1_624' title='bbox 2643 3164 2961 3249; x_wconf 85' lang='lat' dir='ltr'><strong>religione</strong></span> <span class='ocrx_word' id='word_1_625' title='bbox 3003 3174 3249 3231; x_wconf 91' lang='lat' dir='ltr'><strong>tactum</strong></span> <span class='ocrx_word' id='word_1_626' title='bbox 3294 3166 3498 3232; x_wconf 89' lang='lat' dir='ltr'><strong>fuisse</strong></span> <span class='ocrx_word' id='word_1_627' title='bbox 3534 3167 3739 3231; x_wconf 83' lang='lat' dir='ltr'><strong>Mosis</strong></span> <span class='ocrx_word' id='word_1_628' title='bbox 3786 3169 4102 3245; x_wconf 90' lang='lat' dir='ltr'><strong>animum,</strong></span> <span class='ocrx_word' id='word_1_629' title='bbox 4148 3191 4284 3234; x_wconf 91' lang='lat' dir='ltr'><strong>non</strong></span> <span class='ocrx_word' id='word_1_630' title='bbox 4328 3179 4569 3238; x_wconf 86' lang='lat' dir='ltr'><strong>temere,</strong></span> 
     </span>
     <span class='ocr_line' id='line_1_91' title="bbox 2645 3251 4572 3334; baseline -0.002 -17"><span class='ocrx_word' id='word_1_631' title='bbox 2645 3251 2757 3317; x_wconf 90' lang='lat' dir='ltr'><strong>sed</strong></span> <span class='ocrx_word' id='word_1_632' title='bbox 2805 3252 3029 3317; x_wconf 89' lang='lat' dir='ltr'><strong>divino</strong></span> <span class='ocrx_word' id='word_1_633' title='bbox 3064 3254 3399 3318; x_wconf 90' lang='lat' dir='ltr'><strong>instinctu.</strong></span> <span class='ocrx_word' id='word_1_634' title='bbox 3469 3251 3869 3334; x_wconf 81' lang='lat' dir='ltr'><strong>Quanquam</strong></span> <span class='ocrx_word' id='word_1_635' title='bbox 3907 3253 4196 3319; x_wconf 91' lang='lat' dir='ltr'><strong>nondum</strong></span> <span class='ocrx_word' id='word_1_636' title='bbox 4233 3252 4572 3319; x_wconf 84' lang='lat' dir='ltr'><strong>visionibus</strong></span> 
     </span>
     <span class='ocr_line' id='line_1_92' title="bbox 2645 3339 4572 3423; baseline -0.001 -21"><span class='ocrx_word' id='word_1_637' title='bbox 2645 3349 3046 3415; x_wconf 87' lang='lat' dir='ltr'><strong>assueverat,</strong></span> <span class='ocrx_word' id='word_1_638' title='bbox 3084 3339 3379 3423; x_wconf 89' lang='lat' dir='ltr'><strong>agnoscit</strong></span> <span class='ocrx_word' id='word_1_639' title='bbox 3415 3347 3635 3403; x_wconf 91' lang='lat' dir='ltr'><strong>tamen</strong></span> <span class='ocrx_word' id='word_1_640' title='bbox 3672 3360 3809 3403; x_wconf 88' lang='grc'><strong>000</strong></span> <span class='ocrx_word' id='word_1_641' title='bbox 3845 3342 4039 3404; x_wconf 90' lang='grc'>10800</span> <span class='ocrx_word' id='word_1_642' title='bbox 4075 3362 4218 3406; x_wconf 89' lang='grc'>0880</span> <span class='ocrx_word' id='word_1_643' title='bbox 4247 3347 4572 3423; x_wconf 89' lang='lat' dir='ltr'><strong>spectrum,</strong></span> 
     </span>
     <span class='ocr_line' id='line_1_93' title="bbox 2644 3424 4572 3508; baseline -0.002 -20"><span class='ocrx_word' id='word_1_644' title='bbox 2644 3424 2757 3488; x_wconf 88' lang='lat' dir='ltr'><strong>sed</strong></span> <span class='ocrx_word' id='word_1_645' title='bbox 2805 3426 3186 3504; x_wconf 83' lang='lat' dir='ltr'><strong>mysterium</strong></span> <span class='ocrx_word' id='word_1_646' title='bbox 3234 3424 3491 3506; x_wconf 90' lang='lat' dir='ltr'><strong>aliquod</strong></span> <span class='ocrx_word' id='word_1_647' title='bbox 3541 3429 3754 3491; x_wconf 87' lang='lat' dir='ltr'><strong>notari</strong></span> <span class='ocrx_word' id='word_1_648' title='bbox 3800 3426 4168 3508; x_wconf 89' lang='lat' dir='ltr'><strong>spectaculo</strong></span> <span class='ocrx_word' id='word_1_649' title='bbox 4214 3427 4363 3503; x_wconf 91' lang='lat' dir='ltr'><strong>illo,</strong></span> <span class='ocrx_word' id='word_1_650' title='bbox 4407 3425 4572 3490; x_wconf 88' lang='lat' dir='ltr'><strong>cuius</strong></span> 
     </span>
     <span class='ocr_line' id='line_1_94' title="bbox 2644 3511 4571 3596; baseline -0.003 -21"><span class='ocrx_word' id='word_1_651' title='bbox 2644 3511 2929 3592; x_wconf 87' lang='lat' dir='ltr'><strong>cognitio</strong></span> <span class='ocrx_word' id='word_1_652' title='bbox 2993 3511 3268 3576; x_wconf 90' lang='lat' dir='ltr'><strong>minime</strong></span> <span class='ocrx_word' id='word_1_653' title='bbox 3333 3511 3458 3577; x_wconf 89' lang='lat' dir='ltr'><strong>sibi</strong></span> <span class='ocrx_word' id='word_1_654' title='bbox 3524 3525 3694 3576; x_wconf 87' lang='lat' dir='ltr'><strong>esset</strong></span> <span class='ocrx_word' id='word_1_655' title='bbox 3760 3512 4184 3596; x_wconf 84' lang='lat' dir='ltr'><strong>negligenda,</strong></span> <span class='ocrx_word' id='word_1_656' title='bbox 4253 3513 4333 3578; x_wconf 88' lang='lat' dir='ltr'><strong>ad</strong></span> <span class='ocrx_word' id='word_1_657' title='bbox 4399 3527 4571 3594; x_wconf 91' lang='lat' dir='ltr'><strong>quam</strong></span> 
     </span>
     <span class='ocr_line' id='line_1_95' title="bbox 2645 3595 4572 3679; baseline -0.002 -20"><span class='ocrx_word' id='word_1_658' title='bbox 2645 3595 2963 3661; x_wconf 89' lang='lat' dir='ltr'><strong>divinitus</strong></span> <span class='ocrx_word' id='word_1_659' title='bbox 3000 3598 3370 3663; x_wconf 90' lang='lat' dir='ltr'><strong>vocabatur.</strong></span> <span class='ocrx_word' id='word_1_660' title='bbox 3439 3597 3519 3662; x_wconf 89' lang='lat' dir='ltr'><strong>In</strong></span> <span class='ocrx_word' id='word_1_661' title='bbox 3567 3617 3693 3679; x_wconf 90' lang='lat' dir='ltr'><strong>quo</strong></span> <span class='ocrx_word' id='word_1_662' title='bbox 3738 3598 3936 3663; x_wconf 88' lang='lat' dir='ltr'><strong>etiam</strong></span> <span class='ocrx_word' id='word_1_663' title='bbox 3982 3597 4270 3664; x_wconf 88' lang='lat' dir='ltr'><strong>notanda</strong></span> <span class='ocrx_word' id='word_1_664' title='bbox 4315 3608 4413 3664; x_wconf 89' lang='lat' dir='ltr'><strong>est</strong></span> <span class='ocrx_word' id='word_1_665' title='bbox 4452 3595 4572 3658; x_wconf 91' lang='lat' dir='ltr'><strong>eius</strong></span> 
     </span>
     <span class='ocr_line' id='line_1_96' title="bbox 2646 3681 4571 3766; baseline -0.001 -20"><span class='ocrx_word' id='word_1_666' title='bbox 2646 3681 2977 3760; x_wconf 85' lang='lat' dir='ltr'><strong>docilitas,</strong></span> <span class='ocrx_word' id='word_1_667' title='bbox 3024 3682 3135 3746; x_wconf 91' lang='lat' dir='ltr'><strong>ubi</strong></span> <span class='ocrx_word' id='word_1_668' title='bbox 3184 3684 3450 3766; x_wconf 88' lang='lat' dir='ltr'><strong>propius</strong></span> <span class='ocrx_word' id='word_1_669' title='bbox 3486 3682 3735 3747; x_wconf 86' lang='lat' dir='ltr'><strong>accedit</strong></span> <span class='ocrx_word' id='word_1_670' title='bbox 3771 3683 3851 3747; x_wconf 88' lang='lat' dir='ltr'><strong>ad</strong></span> <span class='ocrx_word' id='word_1_671' title='bbox 3890 3684 4295 3750; x_wconf 91' lang='lat' dir='ltr'><strong>discendum.</strong></span> <span class='ocrx_word' id='word_1_672' title='bbox 4378 3681 4571 3762; x_wconf 80' lang='lat' dir='ltr'><strong>Saepe</strong></span> 
     </span>
     <span class='ocr_line' id='line_1_97' title="bbox 2648 3766 4572 3849; baseline -0.001 -18"><span class='ocrx_word' id='word_1_673' title='bbox 2648 3771 2821 3832; x_wconf 90' lang='lat' dir='ltr'><strong>enim</strong></span> <span class='ocrx_word' id='word_1_674' title='bbox 2881 3768 3118 3833; x_wconf 90' lang='lat' dir='ltr'><strong>accidit</strong></span> <span class='ocrx_word' id='word_1_675' title='bbox 3159 3781 3236 3833; x_wconf 93' lang='lat' dir='ltr'><strong>ut</strong></span> <span class='ocrx_word' id='word_1_676' title='bbox 3294 3773 3538 3834; x_wconf 82' lang='lat' dir='ltr'><strong>frustra</strong></span> <span class='ocrx_word' id='word_1_677' title='bbox 3583 3770 3764 3834; x_wconf 88' lang='lat' dir='ltr'><strong>Deus</strong></span> <span class='ocrx_word' id='word_1_678' title='bbox 3810 3769 3995 3836; x_wconf 90' lang='lat' dir='ltr'><strong>nobis</strong></span> <span class='ocrx_word' id='word_1_679' title='bbox 4054 3783 4384 3844; x_wconf 88' lang='lat' dir='ltr'><strong>occurrat,</strong></span> <span class='ocrx_word' id='word_1_680' title='bbox 4441 3766 4572 3849; x_wconf 83' lang='lat' dir='ltr'><strong>quia</strong></span> 
     </span>
     <span class='ocr_line' id='line_1_98' title="bbox 2647 3855 4572 3938; baseline -0.001 -21"><span class='ocrx_word' id='word_1_681' title='bbox 2647 3861 2899 3918; x_wconf 90' lang='lat' dir='ltr'><strong>tantam</strong></span> <span class='ocrx_word' id='word_1_682' title='bbox 2944 3855 3227 3938; x_wconf 86' lang='lat' dir='ltr'><strong>gratiam</strong></span> <span class='ocrx_word' id='word_1_683' title='bbox 3273 3856 3560 3937; x_wconf 86' lang='lat' dir='ltr'><strong>maligne</strong></span> <span class='ocrx_word' id='word_1_684' title='bbox 3608 3857 3994 3937; x_wconf 87' lang='lat' dir='ltr'><strong>respuimus.</strong></span> <span class='ocrx_word' id='word_1_685' title='bbox 4065 3856 4222 3922; x_wconf 89' lang='lat' dir='ltr'><strong>Ideo</strong></span> <span class='ocrx_word' id='word_1_686' title='bbox 4269 3857 4572 3921; x_wconf 84' lang='lat' dir='ltr'><strong>discamus</strong></span> 
     </span>
     <span class='ocr_line' id='line_1_99' title="bbox 2649 3940 4572 4025; baseline -0.003 -21"><span class='ocrx_word' id='word_1_687' title='bbox 2649 3940 2854 4004; x_wconf 85' lang='lat' dir='ltr'><strong>Mosis</strong></span> <span class='ocrx_word' id='word_1_688' title='bbox 2896 3940 3217 4022; x_wconf 82' lang='lat' dir='ltr'><strong>exemplo,</strong></span> <span class='ocrx_word' id='word_1_689' title='bbox 3261 3941 3517 4023; x_wconf 90' lang='lat' dir='ltr'><strong>quoties</strong></span> <span class='ocrx_word' id='word_1_690' title='bbox 3558 3942 3749 4025; x_wconf 83' lang='lat' dir='ltr'><strong>signo</strong></span> <span class='ocrx_word' id='word_1_691' title='bbox 3791 3942 4005 4025; x_wconf 91' lang='lat' dir='ltr'><strong>aliquo</strong></span> <span class='ocrx_word' id='word_1_692' title='bbox 4045 3964 4162 4008; x_wconf 92' lang='lat' dir='ltr'><strong>nos</strong></span> <span class='ocrx_word' id='word_1_693' title='bbox 4198 3943 4281 4008; x_wconf 92' lang='lat' dir='ltr'><strong>ad</strong></span> <span class='ocrx_word' id='word_1_694' title='bbox 4316 3963 4385 4008; x_wconf 91' lang='lat' dir='ltr'><strong>se</strong></span> <span class='ocrx_word' id='word_1_695' title='bbox 4411 3941 4572 4003; x_wconf 88' lang='lat' dir='ltr'><strong>Deus</strong></span> 
     </span>
     <span class='ocr_line' id='line_1_100' title="bbox 2648 4024 4572 4101; baseline -0.003 -12"><span class='ocrx_word' id='word_1_696' title='bbox 2648 4025 2921 4101; x_wconf 88' lang='lat' dir='ltr'><strong>invitat,</strong></span> <span class='ocrx_word' id='word_1_697' title='bbox 2982 4026 3209 4092; x_wconf 92' lang='lat' dir='ltr'><strong>sedulo</strong></span> <span class='ocrx_word' id='word_1_698' title='bbox 3266 4025 3636 4101; x_wconf 90' lang='lat' dir='ltr'><strong>attendere,</strong></span> <span class='ocrx_word' id='word_1_699' title='bbox 3701 4050 3781 4090; x_wconf 90' lang='grc'><strong>00</strong></span> <span class='ocrx_word' id='word_1_700' title='bbox 3840 4028 4134 4094; x_wconf 83' lang='lat' dir='ltr'><strong>socordia</strong></span> <span class='ocrx_word' id='word_1_701' title='bbox 4201 4041 4420 4093; x_wconf 89' lang='lat' dir='ltr'><strong>nostra</strong></span> <span class='ocrx_word' id='word_1_702' title='bbox 4471 4024 4572 4088; x_wconf 84' lang='lat' dir='ltr'><strong>lux</strong></span> 
     </span>
     <span class='ocr_line' id='line_1_101' title="bbox 2649 4111 4570 4199; baseline -0.003 -23"><span class='ocrx_word' id='word_1_703' title='bbox 2649 4112 2867 4177; x_wconf 90' lang='lat' dir='ltr'><strong>oblata</strong></span> <span class='ocrx_word' id='word_1_704' title='bbox 2933 4112 3305 4178; x_wconf 87' lang='lat' dir='ltr'><strong>suffocetur.</strong></span> <span class='ocrx_word' id='word_1_705' title='bbox 3407 4111 3631 4193; x_wconf 81' lang='lat' dir='ltr'><strong>Quum</strong></span> <span class='ocrx_word' id='word_1_706' title='bbox 3691 4135 3847 4178; x_wconf 90' lang='lat' dir='ltr'><strong>vero</strong></span> <span class='ocrx_word' id='word_1_707' title='bbox 3907 4135 4213 4199; x_wconf 86' lang='lat' dir='ltr'><strong>magnam</strong></span> <span class='ocrx_word' id='word_1_708' title='bbox 4281 4112 4570 4179; x_wconf 88' lang='lat' dir='ltr'><strong>visionem</strong></span> 
     </span>
     <span class='ocr_line' id='line_1_102' title="bbox 2650 4195 4572 4284; baseline -0.003 -20"><span class='ocrx_word' id='word_1_709' title='bbox 2650 4196 2954 4282; x_wconf 89' lang='lat' dir='ltr'><strong>appellat,</strong></span> <span class='ocrx_word' id='word_1_710' title='bbox 2999 4199 3154 4263; x_wconf 90' lang='lat' dir='ltr'><strong>inde</strong></span> <span class='ocrx_word' id='word_1_711' title='bbox 3199 4199 3597 4282; x_wconf 89' lang='lat' dir='ltr'><strong>colligimus,</strong></span> <span class='ocrx_word' id='word_1_712' title='bbox 3645 4220 3882 4265; x_wconf 89' lang='lat' dir='ltr'><strong>arcana</strong></span> <span class='ocrx_word' id='word_1_713' title='bbox 3926 4202 4352 4284; x_wconf 86' lang='lat' dir='ltr'><strong>inspiratione</strong></span> <span class='ocrx_word' id='word_1_714' title='bbox 4394 4195 4572 4259; x_wconf 78' lang='lat' dir='ltr'><strong>fuisso</strong></span> 
     </span>
     <span class='ocr_line' id='line_1_103' title="bbox 2650 4282 4570 4369; baseline -0.003 -20"><span class='ocrx_word' id='word_1_715' title='bbox 2650 4285 2944 4349; x_wconf 92' lang='lat' dir='ltr'><strong>edoctum</strong></span> <span class='ocrx_word' id='word_1_716' title='bbox 2994 4282 3075 4348; x_wconf 91' lang='lat' dir='ltr'><strong>de</strong></span> <span class='ocrx_word' id='word_1_717' title='bbox 3120 4284 3465 4350; x_wconf 89' lang='lat' dir='ltr'><strong>altitudine</strong></span> <span class='ocrx_word' id='word_1_718' title='bbox 3510 4287 3804 4369; x_wconf 81' lang='lat' dir='ltr'><strong>mysterii</strong></span> <span class='ocrx_word' id='word_1_719' title='bbox 3851 4287 4022 4368; x_wconf 92' lang='lat' dir='ltr'><strong>quod</strong></span> <span class='ocrx_word' id='word_1_720' title='bbox 4070 4287 4354 4352; x_wconf 90' lang='lat' dir='ltr'><strong>nondum</strong></span> <span class='ocrx_word' id='word_1_721' title='bbox 4399 4284 4570 4346; x_wconf 90' lang='lat' dir='ltr'><strong>inno·</strong></span> 
     </span>
     <span class='ocr_line' id='line_1_104' title="bbox 2651 4368 4570 4438; baseline -0.003 -4"><span class='ocrx_word' id='word_1_722' title='bbox 2651 4379 2890 4435; x_wconf 89' lang='lat' dir='ltr'><strong>tuerat.</strong></span> <span class='ocrx_word' id='word_1_723' title='bbox 2957 4368 3090 4438; x_wconf 81' lang='lat' dir='ltr'><strong>Sed</strong></span> <span class='ocrx_word' id='word_1_724' title='bbox 3130 4371 3314 4437; x_wconf 90' lang='lat' dir='ltr'><strong>Deus</strong></span> <span class='ocrx_word' id='word_1_725' title='bbox 3359 4370 3483 4437; x_wconf 89' lang='lat' dir='ltr'><strong>hoc</strong></span> <span class='ocrx_word' id='word_1_726' title='bbox 3522 4371 3711 4436; x_wconf 89' lang='lat' dir='ltr'><strong>modo</strong></span> <span class='ocrx_word' id='word_1_727' title='bbox 3756 4374 3900 4438; x_wconf 92' lang='lat' dir='ltr'><strong>eius</strong></span> <span class='ocrx_word' id='word_1_728' title='bbox 3945 4374 4233 4438; x_wconf 89' lang='lat' dir='ltr'><strong>animum</strong></span> <span class='ocrx_word' id='word_1_729' title='bbox 4283 4371 4362 4438; x_wconf 88' lang='lat' dir='ltr'><strong>ad</strong></span> <span class='ocrx_word' id='word_1_730' title='bbox 4405 4384 4570 4433; x_wconf 88' lang='lat' dir='ltr'><strong>reve·</strong></span> 
     </span>
     <span class='ocr_line' id='line_1_105' title="bbox 2651 4456 4152 4543; baseline 0.003 -23"><span class='ocrx_word' id='word_1_731' title='bbox 2651 4456 2932 4521; x_wconf 90' lang='lat' dir='ltr'><strong>rentiam</strong></span> <span class='ocrx_word' id='word_1_732' title='bbox 2977 4458 3260 4538; x_wconf 88' lang='lat' dir='ltr'><strong>paravit,</strong></span> <span class='ocrx_word' id='word_1_733' title='bbox 3303 4478 3430 4540; x_wconf 92' lang='lat' dir='ltr'><strong>quo</strong></span> <span class='ocrx_word' id='word_1_734' title='bbox 3472 4458 3749 4523; x_wconf 84' lang='lat' dir='ltr'><strong>celerius</strong></span> <span class='ocrx_word' id='word_1_735' title='bbox 3794 4460 4152 4543; x_wconf 89' lang='lat' dir='ltr'><strong>proficeret.</strong></span> 
     </span>
    </p>

    <p class='ocr_par' dir='ltr' id='par_1_16' title="bbox 2652 4538 4570 5402">
     <span class='ocr_line' id='line_1_106' title="bbox 2824 4538 4570 4626; baseline -0.002 -18"><span class='ocrx_word' id='word_1_736' title='bbox 2824 4542 2884 4608; x_wconf 90' lang='lat'><strong>4.</strong></span> <span class='ocrx_word' id='word_1_737' title='bbox 2948 4542 3316 4626; x_wconf 76' lang='lat' dir='ltr'><strong>Vocavitque</strong></span> <span class='ocrx_word' id='word_1_738' title='bbox 3370 4563 3509 4608; x_wconf 80' lang='lat' dir='ltr'><strong>eum</strong></span> <span class='ocrx_word' id='word_1_739' title='bbox 3552 4543 3734 4609; x_wconf 81' lang='lat' dir='ltr'><strong>Deus</strong></span> <span class='ocrx_word' id='word_1_740' title='bbox 3792 4566 3824 4608; x_wconf 84' lang='lat' dir='ltr'><strong>e</strong></span> <span class='ocrx_word' id='word_1_741' title='bbox 3864 4546 4068 4610; x_wconf 84' lang='lat' dir='ltr'><strong>medio</strong></span> <span class='ocrx_word' id='word_1_742' title='bbox 4122 4546 4285 4610; x_wconf 80' lang='lat' dir='ltr'><strong>rubi.</strong></span> <span class='ocrx_word' id='word_1_743' title='bbox 4372 4538 4570 4605; x_wconf 84' lang='lat' dir='ltr'><strong>Primo</strong></span> 
     </span>
     <span class='ocr_line' id='line_1_107' title="bbox 2652 4624 4569 4712; baseline -0.005 -20"><span class='ocrx_word' id='word_1_744' title='bbox 2652 4628 2790 4693; x_wconf 90' lang='lat' dir='ltr'><strong>loco</strong></span> <span class='ocrx_word' id='word_1_745' title='bbox 2826 4629 3174 4693; x_wconf 84' lang='lat' dir='ltr'><strong>observent</strong></span> <span class='ocrx_word' id='word_1_746' title='bbox 3209 4630 3481 4696; x_wconf 89' lang='lat' dir='ltr'><strong>lectores</strong></span> <span class='ocrx_word' id='word_1_747' title='bbox 3517 4631 3687 4712; x_wconf 93' lang='lat' dir='ltr'><strong>quod</strong></span> <span class='ocrx_word' id='word_1_748' title='bbox 3726 4632 4029 4696; x_wconf 89' lang='lat' dir='ltr'><strong>omnibus</strong></span> <span class='ocrx_word' id='word_1_749' title='bbox 4064 4631 4199 4695; x_wconf 82' lang='lat' dir='ltr'><strong>fere</strong></span> <span class='ocrx_word' id='word_1_750' title='bbox 4237 4624 4569 4696; x_wconf 88' lang='lat' dir='ltr'><strong>visionibus</strong></span> 
     </span>
     <span class='ocr_line' id='line_1_108' title="bbox 2653 4716 4568 4800; baseline -0.005 -20"><span class='ocrx_word' id='word_1_751' title='bbox 2653 4735 2997 4780; x_wconf 92' lang='lat' dir='ltr'><strong>commune</strong></span> <span class='ocrx_word' id='word_1_752' title='bbox 3040 4726 3159 4792; x_wconf 89' lang='lat' dir='ltr'><strong>est,</strong></span> <span class='ocrx_word' id='word_1_753' title='bbox 3198 4737 3326 4781; x_wconf 90' lang='lat' dir='ltr'><strong>non</strong></span> <span class='ocrx_word' id='word_1_754' title='bbox 3364 4716 3567 4781; x_wconf 87' lang='lat' dir='ltr'><strong>fuisse</strong></span> <span class='ocrx_word' id='word_1_755' title='bbox 3603 4727 3857 4780; x_wconf 89' lang='lat' dir='ltr'><strong>mutum</strong></span> <span class='ocrx_word' id='word_1_756' title='bbox 3898 4718 4337 4800; x_wconf 88' lang='lat' dir='ltr'><strong>spectaculum</strong></span> <span class='ocrx_word' id='word_1_757' title='bbox 4372 4717 4568 4776; x_wconf 87' lang='lat' dir='ltr'><strong>sancto</strong></span> 
     </span>
     <span class='ocr_line' id='line_1_109' title="bbox 2656 4799 4565 4879; baseline -0.003 -15"><span class='ocrx_word' id='word_1_758' title='bbox 2656 4800 2796 4864; x_wconf 89' lang='lat' dir='ltr'><strong>viro</strong></span> <span class='ocrx_word' id='word_1_759' title='bbox 2839 4800 3218 4879; x_wconf 86' lang='lat' dir='ltr'><strong>territando,</strong></span> <span class='ocrx_word' id='word_1_760' title='bbox 3265 4802 3376 4866; x_wconf 89' lang='lat' dir='ltr'><strong>sed</strong></span> <span class='ocrx_word' id='word_1_761' title='bbox 3425 4801 3713 4867; x_wconf 89' lang='lat' dir='ltr'><strong>additam</strong></span> <span class='ocrx_word' id='word_1_762' title='bbox 3763 4805 3959 4868; x_wconf 87' lang='lat' dir='ltr'><strong>fuisse</strong></span> <span class='ocrx_word' id='word_1_763' title='bbox 3994 4803 4190 4867; x_wconf 91' lang='lat' dir='ltr'><strong>simul</strong></span> <span class='ocrx_word' id='word_1_764' title='bbox 4237 4799 4565 4867; x_wconf 81' lang='lat' dir='ltr'><strong>doctrinam</strong></span> 
     </span>
     <span class='ocr_line' id='line_1_110' title="bbox 2654 4888 4567 4972; baseline -0.002 -23"><span class='ocrx_word' id='word_1_765' title='bbox 2654 4907 2821 4969; x_wconf 89' lang='lat' dir='ltr'><strong>quae</strong></span> <span class='ocrx_word' id='word_1_766' title='bbox 2865 4888 3009 4952; x_wconf 87' lang='lat' dir='ltr'><strong>eius</strong></span> <span class='ocrx_word' id='word_1_767' title='bbox 3052 4899 3340 4952; x_wconf 85' lang='lat' dir='ltr'><strong>mentem</strong></span> <span class='ocrx_word' id='word_1_768' title='bbox 3386 4888 3741 4972; x_wconf 86' lang='lat' dir='ltr'><strong>colligeret.</strong></span> <span class='ocrx_word' id='word_1_769' title='bbox 3810 4888 4007 4953; x_wconf 92' lang='lat' dir='ltr'><strong>Nulla</strong></span> <span class='ocrx_word' id='word_1_770' title='bbox 4041 4890 4215 4954; x_wconf 90' lang='lat' dir='ltr'><strong>enim</strong></span> <span class='ocrx_word' id='word_1_771' title='bbox 4262 4890 4567 4971; x_wconf 85' lang='lat' dir='ltr'><strong>signorum</strong></span> 
     </span>
     <span class='ocr_line' id='line_1_111' title="bbox 2655 4967 4567 5057; baseline -0.002 -21"><span class='ocrx_word' id='word_1_772' title='bbox 2655 4982 2827 5037; x_wconf 89' lang='lat' dir='ltr'><strong>esset</strong></span> <span class='ocrx_word' id='word_1_773' title='bbox 2872 4972 3140 5050; x_wconf 88' lang='lat' dir='ltr'><strong>utilitas,</strong></span> <span class='ocrx_word' id='word_1_774' title='bbox 3185 4976 3241 5039; x_wconf 94' lang='lat' dir='ltr'><strong>si</strong></span> <span class='ocrx_word' id='word_1_775' title='bbox 3287 4996 3637 5057; x_wconf 90' lang='lat' dir='ltr'><strong>suspensos</strong></span> <span class='ocrx_word' id='word_1_776' title='bbox 3682 4987 3987 5039; x_wconf 89' lang='lat' dir='ltr'><strong>tenerent</strong></span> <span class='ocrx_word' id='word_1_777' title='bbox 4029 4996 4250 5040; x_wconf 90' lang='lat' dir='ltr'><strong>eorum</strong></span> <span class='ocrx_word' id='word_1_778' title='bbox 4291 4997 4327 5037; x_wconf 90' lang='lat' dir='ltr'><strong>a</strong></span> <span class='ocrx_word' id='word_1_779' title='bbox 4360 4967 4567 5053; x_wconf 69' lang='lat' dir='ltr'><strong>quibus</strong></span> 
     </span>
     <span class='ocr_line' id='line_1_112' title="bbox 2656 5061 4566 5143; baseline -0.002 -20"><span class='ocrx_word' id='word_1_780' title='bbox 2656 5068 3017 5123; x_wconf 88' lang='lat' dir='ltr'><strong>cernuntur</strong></span> <span class='ocrx_word' id='word_1_781' title='bbox 3039 5079 3289 5126; x_wconf 88' lang='lat' dir='ltr'><strong>sensus.</strong></span> <span class='ocrx_word' id='word_1_782' title='bbox 3360 5061 3709 5127; x_wconf 90' lang='lat' dir='ltr'><strong>Caeterum</strong></span> <span class='ocrx_word' id='word_1_783' title='bbox 3754 5064 4055 5143; x_wconf 89' lang='lat' dir='ltr'><strong>quamvis</strong></span> <span class='ocrx_word' id='word_1_784' title='bbox 4099 5080 4359 5127; x_wconf 89' lang='lat' dir='ltr'><strong>servum</strong></span> <span class='ocrx_word' id='word_1_785' title='bbox 4400 5067 4566 5119; x_wconf 88' lang='lat' dir='ltr'><strong>suum</strong></span> 
     </span>
     <span class='ocr_line' id='line_1_113' title="bbox 2657 5142 4565 5234; baseline -0.002 -25"><span class='ocrx_word' id='word_1_786' title='bbox 2657 5144 3143 5228; x_wconf 86' lang='lat' dir='ltr'><strong>obstupefacere</strong></span> <span class='ocrx_word' id='word_1_787' title='bbox 3187 5148 3353 5213; x_wconf 91' lang='lat' dir='ltr'><strong>nolit</strong></span> <span class='ocrx_word' id='word_1_788' title='bbox 3399 5149 3598 5224; x_wconf 90' lang='lat' dir='ltr'><strong>Deus,</strong></span> <span class='ocrx_word' id='word_1_789' title='bbox 3647 5149 4080 5212; x_wconf 89' lang='lat' dir='ltr'><strong>reverentiam</strong></span> <span class='ocrx_word' id='word_1_790' title='bbox 4115 5158 4329 5212; x_wconf 86' lang='lat' dir='ltr'><strong>tamen</strong></span> <span class='ocrx_word' id='word_1_791' title='bbox 4374 5142 4565 5234; x_wconf 78' lang='lat' dir='ltr'><strong>futqu</strong></span> 
     </span>
     <span class='ocr_line' id='line_1_114' title="bbox 2661 5222 4564 5298; baseline -0.002 -4"><span class='ocrx_word' id='word_1_792' title='bbox 2661 5250 2780 5296; x_wconf 92' lang='lat' dir='ltr'><strong>suo</strong></span> <span class='ocrx_word' id='word_1_793' title='bbox 2825 5235 3113 5296; x_wconf 89' lang='lat' dir='ltr'><strong>sermoni</strong></span> <span class='ocrx_word' id='word_1_794' title='bbox 3158 5245 3225 5298; x_wconf 91' lang='lat' dir='ltr'><strong>et</strong></span> <span class='ocrx_word' id='word_1_795' title='bbox 3269 5234 3686 5297; x_wconf 86' lang='lat' dir='ltr'><strong>autoritatem</strong></span> <span class='ocrx_word' id='word_1_796' title='bbox 3732 5234 4034 5298; x_wconf 91' lang='lat' dir='ltr'><strong>conciliat</strong></span> <span class='ocrx_word' id='word_1_797' title='bbox 4077 5233 4322 5298; x_wconf 88' lang='lat' dir='ltr'><strong>duobus</strong></span> <span class='ocrx_word' id='word_1_798' title='bbox 4353 5222 4564 5291; x_wconf 64' lang='lat' dir='ltr'><strong>modw:</strong></span> 
     </span>
     <span class='ocr_line' id='line_1_115' title="bbox 2661 5314 4565 5402; baseline -0.005 -20"><span class='ocrx_word' id='word_1_799' title='bbox 2661 5318 2814 5400; x_wconf 88' lang='lat' dir='ltr'><strong>quia</strong></span> <span class='ocrx_word' id='word_1_800' title='bbox 2838 5318 3072 5383; x_wconf 82' lang='lat' dir='ltr'><strong>Mosen</strong></span> <span class='ocrx_word' id='word_1_801' title='bbox 3106 5319 3206 5384; x_wconf 91' lang='lat' dir='ltr'><strong>bis</strong></span> <span class='ocrx_word' id='word_1_802' title='bbox 3244 5320 3508 5384; x_wconf 90' lang='lat' dir='ltr'><strong>nomine</strong></span> <span class='ocrx_word' id='word_1_803' title='bbox 3551 5319 3968 5402; x_wconf 90' lang='lat' dir='ltr'><strong>compellans,</strong></span> <span class='ocrx_word' id='word_1_804' title='bbox 4015 5320 4084 5384; x_wconf 92' lang='lat' dir='ltr'><strong>in</strong></span> <span class='ocrx_word' id='word_1_805' title='bbox 4129 5320 4271 5384; x_wconf 91' lang='lat' dir='ltr'><strong>eius</strong></span> <span class='ocrx_word' id='word_1_806' title='bbox 4305 5314 4565 5379; x_wconf 79' lang='lat' dir='ltr'><strong>animum</strong></span> 
     </span>
    </p>
   </div>
   <div class='ocr_carea' id='block_1_14' title="bbox 4784 5 4800 5300">
    <p class='ocr_par' dir='ltr' id='par_1_17' title="bbox 4784 5 4800 5300">
     <span class='ocr_line' id='line_1_116' title="bbox 4784 5 4800 5300; baseline 0 0"><span class='ocrx_word' id='word_1_807' title='bbox 4784 5 4800 5300; x_wconf 95' lang='lat' dir='ltr'><strong> </strong></span> 
     </span>
    </p>
   </div>
  </div>
 </body>
</html>
