4867 6150
374 441 497 506 137

370 630 521 698 Nisi
555 630 724 714 quod
761 631 827 696 in
865 637 1249 696 transcursu
1284 630 1645 697 notandum
1681 639 1800 711 est,
1835 632 2024 719 signo
2059 631 2321 700 annecti

372 717 673 785 beneficii
750 717 1349 800 praedicationem:
1413 718 1566 800 quia
1646 717 1890 801 alioqui
1953 717 2193 804 frigida
2255 726 2324 784 et

372 802 626 869 insulsa
669 801 907 868 fuisset
947 802 1136 869 actio.
1226 801 1461 869 Patres
1519 823 1677 888 ergo
1722 804 1865 870 vult
1905 801 2091 870 Deus
2133 825 2322 887 prae-

375 909 573 956 cones
615 909 758 955 esse
801 886 973 972 apud
1022 887 1207 966 filios,
1252 897 1329 954 ut
1371 886 1835 972 redemptionis
1877 890 2162 973 cognitio
2206 911 2326 974 per

372 995 614 1040 manus
675 973 917 1039 tradita
972 973 1037 1038 in
1100 995 1326 1040 omnes
1397 981 1645 1041 aetates
1725 976 1965 1060 vigeat.
2064 975 2321 1041 Nomen

372 1074 503 1137 Ὃν
551 1079 891 1144 perperam
936 1058 1200 1142 quidam
1243 1060 1665 1144 interpretati
1709 1072 1868 1127 sunt
1918 1082 2114 1146 opus,
2167 1063 2321 1144 quia

373 1147 595 1230 potius
641 1146 924 1212 sumitur
969 1166 1084 1228 pro
1124 1146 1333 1211 cultu:
1396 1146 1587 1213 sicuti
1631 1147 1933 1230 plurimis
1978 1147 2132 1214 locis
2177 1148 2322 1214 Deo

374 1232 626 1299 servire
671 1230 1055 1297 tantundem
1118 1232 1333 1297 valeat
1389 1242 1585 1316 atque
1642 1233 1854 1317 ipsum
1911 1233 2141 1299 colere.
2230 1234 2323 1299 Et

375 1340 494 1384 nos
540 1317 805 1402 gallice,
863 1316 1177 1401 quidquid
1235 1316 1317 1383 ad
1373 1318 1637 1401 pietatis
1680 1320 1993 1385 exercitia
2034 1318 2322 1402 pertinet

374 1405 717 1471 servitium
775 1401 905 1468 Dei
970 1424 1294 1470 vocamus.
1399 1404 1694 1470 Tandem
1754 1405 2018 1472 subiicit
2074 1404 2318 1483 Moses,

372 1490 695 1575 populum
755 1490 1007 1554 solenni
1067 1488 1443 1555 adoratione
1501 1490 1862 1574 professum
1920 1511 2063 1557 esse
2120 1490 2320 1556 fidem

377 1587 440 1643 et
486 1576 945 1642 obedientiam.
1032 1575 1181 1641 Hoc
1225 1574 1482 1659 quidem
1531 1577 1660 1641 iam
1702 1599 1741 1640 a
1784 1577 2104 1660 principio
2150 1577 2318 1642 fece-

375 1676 559 1741 rant,
616 1660 731 1726 sed
790 1683 1019 1746 parum
1081 1671 1486 1727 constanter:
1556 1663 1708 1745 quia
1763 1662 1958 1729 rebus
2023 1662 2319 1729 adversis

375 1748 623 1814 turbati
668 1749 749 1814 ab
792 1748 1003 1813 officio
1050 1746 1479 1813 desciverant.
1545 1748 1740 1814 Nunc
1780 1770 1936 1833 ergo
1981 1750 2321 1833 corrigunt

370 1834 557 1901 illam
598 1831 1091 1918 ingratitudinis
1128 1833 1407 1916 culpam.
1475 1831 1633 1899 Ideo
1671 1855 1804 1899 non
1841 1843 2098 1900 tantum
2143 1836 2317 1918 capi-

372 1922 463 1987 tis
505 1934 698 2005 gestu
742 1920 1091 1990 declarant,
1138 1918 1252 1984 sed
1299 1940 1369 1984 re
1415 1920 1559 2002 ipsa
1602 1920 2027 2006 comprobant
2070 1923 2319 1986 serium

370 2028 569 2073 suum
632 2006 956 2071 affectum.
1046 2006 1307 2071 Diserte
1367 2007 1538 2071 enim
1601 2008 2021 2089 exprimitur,
2089 2005 2319 2073 sedulo

368 2092 602 2160 fecisse
644 2090 960 2176 quidquid
1006 2090 1395 2157 mandatum
1439 2100 1598 2157 erat.

545 2262 1076 2346 29.Etfactum
1133 2263 2321 2344 estinmedionoctisutpercuteret

374 2350 607 2417 Iehova
663 2370 838 2416 omne
900 2349 1388 2433 primoyenitum
1430 2350 1502 2414 in
1544 2354 1709 2415 terra
1753 2350 2051 2434 Aemti,
2100 2372 2140 2416 a
2171 2351 2322 2433 pri-

370 2437 671 2522 moyenito
735 2434 1098 2501 Pharaonis
1160 2434 1403 2501 sedente
1458 2455 1653 2518 super
1716 2436 1943 2501 solium
1996 2436 2134 2501 eius
2150 2487 2166 2514 ,
2233 2435 2320 2502 ad

357 2521 841 2607 primoqenitum
906 2521 1139 2603 captivi
1191 2522 1304 2603 qui
1365 2525 1504 2587 erat
1558 2522 1629 2586 in
1691 2541 1965 2588 carcere.-
2025 2526 2082 2586 et
2143 2543 2320 2588 omne

356 2608 853 2693 primoqenitum
885 2607 1133 2673 bestiae.
1202 2607 1305 2673 30.
1349 2606 1642 2673 Surrexit
1674 2628 1814 2691 erqo
1840 2607 2096 2673 Pharao
2130 2612 2315 2687 nocte,

369 2696 507 2777 ipse
549 2701 604 2760 et
647 2714 855 2759 omnes
899 2695 1066 2760 servi
1110 2694 1278 2771 eius,
1338 2698 1395 2758 et
1443 2713 1651 2758 omnes
1694 2698 1753 2759 A
1861 2694 2021 2775 ptii:
2070 2694 2318 2776 fuitque

370 2781 605 2847 clamor
639 2799 909 2864 magnus
944 2781 1009 2846 in
1040 2779 1335 2863 Aeyypto,
1382 2779 1681 2861 quoniam
1714 2801 1805 2846 nu
1928 2786 2066 2845 erat
2097 2780 2319 2846 domus

371 2867 483 2933 ubi
544 2888 666 2931 non
728 2870 886 2931 esset
947 2871 1247 2931 mortuus.
1358 2865 1463 2930 31.
1544 2863 1909 2948 Vocavitque
1974 2864 2197 2932 Mosen
2263 2870 2320 2930 et

372 2952 644 3020 Aharon
685 2955 869 3030 nocte,
912 2957 970 3017 et
1010 2952 1134 3016 ait.-
1180 2950 1449 3035 Surqite,
1492 2955 1549 3016 et
1588 2952 1750 3017 exite
1784 2972 1817 3018 e
1857 2952 2060 3018 medio
2222 2951 2320 3017 uli

372 3039 496 3106 mei
539 3043 666 3105 tam
707 3058 816 3104 vos
857 3059 1048 3121 quam
1085 3037 1211 3121 filii
1254 3036 1495 3105 Israel:
1553 3037 1638 3103 ite
1689 3042 1746 3104 et
1786 3038 2008 3105 servite
2094 3037 2317 3104 ehovae

371 3127 709 3193 secundum
744 3144 1084 3191 sermonem
1104 3129 1391 3191 vestrwm,
1449 3123 1553 3189 32.
1590 3123 1815 3191 Etiam
1830 3145 2046 3210 φορῶ·
2069 3130 2316 3205 vestros,

372 3214 566 3279 etiam
604 3216 888 3278 armenta
939 3215 1145 3276 vestra
1188 3210 1480 3292 aecipite,
1544 3210 1734 3277 sicuti
1774 3211 2064 3277 dixistis.-
2114 3216 2171 3278 et
2212 3212 2314 3289 ite,

374 3320 448 3366 ac
490 3298 820 3365 benedicite
860 3298 1045 3363 etiam
1079 3295 1254 3362 mihi.
1324 3295 1427 3362 33.
1465 3293 1557 3361 Et
1593 3294 1970 3363 vehementer
2000 3297 2318 3363 instabant

373 3385 673 3470 Aeyyptii
729 3404 877 3468 erya
918 3382 1226 3464 populum
1275 3386 1345 3446 ut
1394 3381 1767 3464 festinanter
1822 3404 1925 3450 eos
1980 3382 2323 3450 mitterent

374 3492 407 3537 e
441 3475 643 3538 terra:
676 3470 829 3552 quia
856 3468 1161 3535 dicebant.-
1205 3466 1433 3534 Omnes
1450 3488 1673 3534 sumus
1692 3470 1938 3535 mortui.
1997 3469 2102 3536 34.
2145 3469 2326 3535 Tulit

374 3577 517 3642 erqo
571 3555 849 3639 populus
890 3555 1380 3636 conspersionem
1421 3574 1609 3622 suam
1661 3560 1996 3639 antequam
2048 3556 2323 3639 fermen-

376 3649 633 3720 taretur,
678 3639 848 3706 cibos
889 3660 1034 3706 suos
1077 3640 1301 3724 liyatos
1343 3641 1415 3705 in
1458 3640 1728 3707 vestibus
1770 3661 1963 3723 super
1996 3641 2325 3708 humerum

373 3749 582 3795 suum.
690 3726 794 3792 35.
874 3725 1182 3794 Fecerunt
1255 3732 1463 3793 autem
1523 3728 1651 3810 filii
1715 3726 1928 3794 Israel
1986 3726 2325 3794 secundum

376 3835 714 3882 sermonem
772 3811 977 3878 Mosis
993 3865 1008 3891 ,
1073 3818 1146 3879 ut
1184 3812 1577 3895 postularent
1639 3812 1717 3878 ab
1774 3814 2108 3898 Aeqyptiis
2163 3833 2324 3880 vasa

379 3905 690 3985 arqentea,
736 3904 791 3964 et
824 3919 984 3965 vasa
1018 3921 1231 3979 aurea,
1273 3904 1331 3964 et
1360 3903 1573 3966 vestes.
1640 3899 1744 3965 36.
1781 3899 1871 3964 Et
1902 3900 2074 3966 dedit
2093 3898 2325 3966 Iehova

374 3988 656 4072 qratiam
684 3985 923 4070 populo
965 3987 1036 4052 in
1079 3986 1276 4052 oculis
1309 3984 1371 4049 A
1554 3987 1778 4066 iorum,
1821 3991 1880 4050 et
1917 3987 2328 4052 commodave-

378 4078 531 4138 runt
551 4074 673 4137 eis:
704 4074 913 4155 itaque
932 4072 1359 4154 spoliaverunt
1379 4070 1738 4156 Aeyyptios.
1797 4071 1901 4137 37.
1940 4070 2328 4154 Profectique

378 4164 527 4227 sunt
606 4158 733 4238 filio·
810 4157 1020 4223 Israel
1096 4177 1129 4222 e
1206 4156 1541 4222 Ramesses
1619 4157 1689 4222 in
1769 4156 1995 4224 Sucoth
2081 4159 2330 4224 circiter

379 4250 665 4312 sexcenta
706 4244 917 4310 millia
949 4242 1233 4327 peditum
1283 4247 1341 4309 et
1393 4241 1657 4326 quidem
1715 4243 1996 4310 virorum
2010 4293 2027 4324 ,
2077 4250 2329 4327 praeter

368 4329 699 4417 parvulos.
764 4330 868 4396 38.
907 4330 1113 4412 Atque
1147 4329 1332 4395 etiam
1366 4328 1588 4395 mixtio
1629 4329 1828 4395 multa
1870 4331 2149 4396 ascendit
2187 4350 2331 4397 cum

376 4418 494 4495 eis,
540 4422 594 4482 et
623 4418 895 4498 pecudes
937 4420 991 4481 et
1033 4415 1229 4495 boves,
1255 4434 1453 4497 pecus
1484 4416 1801 4499 copiosum
1832 4416 2031 4486 valde.
2099 4416 2205 4483 39.
2242 4414 2332 4481 Et

375 4508 674 4572 comerent
726 4503 1220 4584 conspersionem
1274 4522 1469 4584 quam
1517 4502 1868 4568 extulerant
1908 4523 1986 4567 ex
2028 4502 2330 4587 AeqyptO,

755 4590 1258 4672 infermentatas,
1314 4588 1469 4670 quia
1517 4607 1641 4654 non
1682 4593 1819 4655 erat
1870 4587 2331 4670 fantasmatum,

378 4697 453 4744 eo
518 4677 682 4759 quod
745 4675 924 4741 eiecti
984 4674 1254 4757 fuissent
1309 4695 1387 4740 ex
1444 4673 1725 4759 Aeyypto
1739 4725 1756 4755 ,
1822 4694 1930 4740 nec
1984 4674 2336 4757 potuissent

376 4763 646 4842 morari,
689 4760 953 4844 ideoque
994 4761 1197 4827 cibum
1237 4781 1362 4826 non
1394 4766 1788 4842 paraverant
1827 4759 1967 4826 sibi.

563 4933 668 4999 29.
715 4931 801 4998 Et
857 4935 1094 5019 factum
1136 4938 1226 4999 est
1267 4933 1338 4997 in
1376 4932 1578 4998 medio
1619 4933 1830 4998 noctis.
1919 4932 2022 4998 Ne
2064 4932 2338 4998 obscura

388 5021 481 5090 sit
535 5019 603 5084 in
664 5019 792 5087 hoc
851 5020 1167 5086 miraculo
1211 5018 1341 5084 Dei
1398 5039 1634 5083 manus
1694 5024 1828 5082 tam
1888 5018 1958 5082 in
2012 5016 2338 5084 servando

386 5105 654 5192 populo,
691 5127 887 5188 quam
910 5108 980 5172 in
1005 5105 1370 5171 exercenda
1394 5114 1621 5171 contra
1643 5106 1789 5189 Aeg
1837 5104 2005 5187 ptios
2030 5101 2337 5180 vindicta,

388 5194 537 5259 eius
583 5195 890 5261 virtutem
943 5193 1170 5257 multis
1214 5190 1724 5257 circumstantiis
1771 5191 1784 5205 ‘
1844 5197 2056 5255 ustrat
2099 5189 2339 5255 Moses.

388 5278 566 5345 Nam
613 5291 678 5344 et
722 5279 938 5345 media
981 5288 1171 5344 nocte
1216 5289 1501 5361 stragem
1548 5274 1791 5342 editam
1838 5277 2037 5343 fuisse
2081 5288 2335 5341 narrat:

389 5365 567 5449 quod
608 5375 864 5448 tempus
900 5387 939 5430 a
962 5365 1106 5430 Deo
1145 5367 1360 5430 fuerat
1399 5363 1782 5447 praefixum.
1845 5361 2102 5428 Deinde
2138 5362 2338 5440 addit,

1534 440 2278 510 COMMENTARIUS
2323 441 2426 508 IN
2470 439 2773 508 EXODI
2816 441 3016 508 cAP.
3062 440 3225 508 XII.

4241 443 4368 512 138

2422 633 2897 716 primogenitos
2952 651 3182 698 omnes
3239 629 3443 696 fuisse
3497 651 3871 714 percussos,
3917 651 3957 697 a
3999 631 4131 697 filio
4189 632 4369 717 regis

2425 738 2631 801 usque
2686 717 2770 784 ad
2826 717 3035 783 filium
3094 717 3267 784 servi
3327 716 3437 800 qui
3494 725 3633 782 erat
3689 718 3760 782 in
3825 736 4104 784 carcere.
4193 718 4367 784 Nam

2421 803 2820 888 proverbiali
2860 804 3073 888 figura
3114 800 3708 887 contemptissimos
3751 804 3846 870 sic
3889 810 4107 883 vocat,
4162 824 4366 887 quum

2420 889 2607 973 prius
2651 889 2952 955 dixisset:
2991 888 3214 972 Usque
3249 888 3331 954 ad
3366 888 3575 955 filium
3612 887 3887 959 ancillae
3924 909 4089 972 quae
4124 890 4366 955 molam

2422 983 2646 1041 versat
2686 975 2755 1041 in
2791 975 3087 1059 pistrino.
3153 975 3338 1041 Fieri
3371 975 3550 1040 enim
3586 974 3778 1040 aliter
3813 996 4007 1058 quam
4044 975 4368 1060 singulari

2421 1061 2742 1127 miraculo
2787 1083 2916 1126 non
3007 1061 3176 1126 otuit
3219 1071 3293 1126 ut
3336 1061 3630 1144 singulas
3675 1058 3897 1127 domos
3950 1061 4092 1127 sine
4126 1081 4361 1145 excep-

2422 1147 2601 1212 tione
2644 1146 2806 1213 haec
2849 1147 2951 1213 cla
2996 1169 3067 1213 es
3114 1146 3403 1214 afficeret
3462 1146 3689 1213 eadem
3731 1145 3926 1228 hora,
3979 1148 4366 1230 praesertim

2424 1251 2626 1315 quum
2671 1231 2753 1297 ad
2808 1252 3044 1315 pecora
3101 1253 3306 1316 usque
3361 1241 3663 1318 grassata
3719 1232 3823 1297 sit.
3913 1232 4137 1298 Tertio
4191 1252 4365 1298 com-

2424 1326 2762 1395 memorat,
2809 1338 2942 1383 uno
2983 1325 3312 1384 momento
3356 1319 3845 1403 expergefactos
3887 1318 4092 1384 fuisse
4135 1338 4367 1384 omnes

2425 1405 2820 1488 Aegyptios,
2881 1412 2947 1468 ot
3002 1404 3348 1470 manifeste
3407 1405 3739 1471 convictos
3797 1423 3943 1471 esse
4001 1411 4075 1469 ut
4118 1405 4368 1469 scirent

2422 1489 2641 1555 Deum
2686 1488 2953 1556 Israelis
2997 1489 3123 1555 sibi
3166 1511 3307 1557 esse
3353 1490 3679 1556 infestum.
3753 1488 4026 1571 Quarto,
4072 1489 4367 1556 Pharao·

2420 1596 2574 1641 nem
2618 1575 2997 1660 suppliciter
3039 1595 3305 1661 rogasse
3340 1586 3411 1642 ut
3450 1576 3669 1642 Moses
3710 1575 4007 1643 celeriter
4050 1576 4366 1659 populum

2420 1661 2756 1727 educeret:
2795 1662 2928 1727 imo
2963 1663 3162 1727 etiam
3199 1662 3572 1746 importune
3607 1660 3912 1747 coegisse.
3967 1660 4109 1729 Nec
4143 1674 4368 1727 tamen

2420 1747 2615 1814 claris
2663 1746 2823 1814 adeo
2864 1760 2929 1813 et
2972 1747 3196 1813 solidis
3256 1748 3662 1815 documentis
3706 1746 3989 1812 cohibita
4035 1747 4161 1813 fuit
4204 1769 4364 1831 quo·

2422 1832 2702 1899 rundam
2727 1833 3113 1917 improbitas
3142 1844 3206 1899 et
3238 1833 3602 1917 petulantia
3638 1834 3796 1917 quin
3833 1832 3972 1898 suis
4007 1832 4364 1900 mendaciis

2420 1917 2542 1985 hoc
2580 1919 3003 1987 memorabile
3027 1919 3153 1985 Dei
3190 1940 3355 2004 opus
3396 1918 3670 1985 obruere
3714 1918 3928 1986 conati
3964 1918 4115 1984 sint.
4185 1918 4364 1986 Satis

2419 2025 2747 2088 superque
2770 2015 2963 2071 notae
2998 2015 3153 2072 sunt
3185 2004 3550 2071 calumniae
3584 2027 3745 2089 quas
3776 2005 4021 2070 refutat
4041 2004 4367 2088 Iosephus

2419 2101 2648 2156 contra
2730 2093 3095 2175 Appiouem
3175 2092 3710 2176 grammaticum:
3791 2102 3855 2157 et
3934 2102 4208 2174 apparet
4282 2112 4366 2155 ex

2420 2175 2709 2258 Iustino,
2765 2178 3009 2260 passim
3064 2187 3359 2261 receptas
3417 2178 3638 2244 fuisse.
3728 2176 3864 2243 Nec
3924 2197 4077 2242 vero
4121 2177 4366 2241 mirum

2419 2270 2522 2326 est
2546 2262 2871 2328 diabolum
2897 2264 3387 2348 quibuscunque
3410 2265 3620 2346 potuit
3661 2263 3952 2330 artificiis
3989 2262 4367 2328 incubuisse

2421 2356 2494 2412 ut
2552 2349 2772 2415 varias
2838 2349 3093 2415 fabulas
3159 2349 3520 2429 miscendo,
3582 2371 3663 2416 ex
3722 2349 3959 2415 animis
4018 2348 4365 2414 hominum

2421 2432 2668 2500 deleret
2710 2435 3020 2502 ecclcsiae
3057 2435 3591 2520 redemptionem.
3660 2433 3794 2501 Sed
3828 2435 3901 2500 in
3946 2434 4068 2501 hoc
4112 2455 4367 2518 quoque

2419 2520 2659 2586 enituit
2677 2520 3061 2587 admirabile
3083 2522 3212 2587 Dei
3233 2522 3599 2601 consilium,
3624 2522 3794 2605 quod
3817 2520 4094 2587 futilitas
4128 2520 4368 2585 harum

2422 2628 2773 2692 nugarum,
2820 2608 3119 2692 quamvis
3155 2630 3346 2677 nemo
3381 2616 3713 2694 coarguat,
3750 2629 3866 2691 per
3901 2627 3972 2672 se
4015 2606 4364 2673 evanescit.

2421 2692 2625 2758 Forte
2692 2714 2824 2759 non
2887 2694 3016 2759 fuit
3081 2695 3380 2778 profanis
3456 2694 3883 2778 scriptoribus
3960 2692 4366 2777 propositum

2424 2779 2707 2855 mentiri,
2733 2800 2935 2863 quum
2966 2780 3233 2848 frivolas
3268 2782 3548 2865 ineptias
3573 2781 3653 2846 de
3678 2779 3939 2846 Iudaeis
3976 2779 4365 2844 retulerunt.

2422 2864 2656 2929 Voluit
2700 2866 2876 2931 enim
2920 2865 3098 2931 haud
3159 2866 3350 2933 dubie
3399 2865 3638 2934 Strabo
3700 2887 3919 2933 veram
3982 2862 4060 2929 de
4114 2863 4369 2947 origine

2423 2951 2934 3018 circumcisionis
2977 2950 3320 3018 historiam
3366 2952 3646 3031 tradere,
3691 2972 3892 3035 quum
3935 2950 4136 3015 stulte
4178 2947 4367 3015 fabu-

2422 3034 2599 3102 latus
2634 3044 2734 3104 ost
2770 3045 2837 3104 et
2877 3037 3019 3104 sine
3059 3037 3290 3105 colore.
3351 3038 3488 3107 Nec
3527 3059 3679 3105 vero
3706 3036 4051 3104 Cornelius
4074 3035 4364 3115 Tacitus,

2425 3124 2724 3205 quamvis
2770 3124 3059 3209 maligno
3102 3139 3169 3190 et
3211 3125 3538 3191 virulento
3583 3125 3801 3191 animo
3844 3122 4189 3201 scriberet,
4289 3143 4365 3186 u·

2425 3209 2652 3275 dorem
2697 3230 2889 3276 suum
2934 3210 3089 3276 data
3130 3232 3330 3295 opera
3372 3212 3726 3297 prostituit.
3814 3208 3950 3276 Sed
3995 3228 4193 3291 quum
4241 3145 4366 3273 ga·

2425 3301 2621 3361 tanae
2679 3295 2968 3381 impulsu
3022 3297 3448 3363 obscurarent
3492 3298 3619 3363 Dei
3677 3297 3955 3381 gloriam
3975 3346 3990 3375 ,
4055 3294 4369 3361 caecitate

2423 3390 2493 3445 et
2537 3382 2827 3447 amentia
2879 3384 3171 3465 percussi
3226 3393 3412 3463 sunt,
3472 3394 3546 3449 ut
3588 3405 3627 3448 a
3680 3382 3899 3466 pueris
3956 3401 4211 3464 quoque
4257 3379 4370 3445 de·

2421 3466 2744 3551 prehendi
2805 3476 3005 3551 queat
3061 3469 3338 3534 ridicula
3393 3470 3686 3553 ipsorum
3747 3468 4037 3535 vanitas:
4101 3488 4181 3531 ex
4240 3487 4370 3550 qua

2425 3562 2645 3618 tamen
2685 3554 2919 3619 elicere
2955 3555 3270 3638 quasdam
3314 3555 3610 3622 veritatis
3644 3554 3963 3621 scintillas
3996 3553 4172 3619 licet:
4212 3552 4370 3637 quia

2422 3659 2656 3723 passus
2703 3661 2838 3706 non
2885 3652 2987 3706 est
3029 3641 3244 3706 Deum
3310 3651 3442 3706 tam
3490 3640 3914 3706 memorabile
3967 3659 4131 3724 opus
4176 3659 4370 3703 suum

2423 3746 2692 3809 prorsus
2733 3727 3086 3811 exstingui,
3125 3729 3312 3793 cuius
3347 3749 3703 3812 praecones
3738 3727 4009 3792 fuerunt
4042 3724 4218 3791 caeci
4252 3724 4370 3804 illi,

2424 3833 2945 3964 quordimbotzpera
2990 3812 3072 3878 ad
3115 3812 3562 3880 suffocandam
3609 3814 3752 3878 eius
3788 3810 4173 3877 memoriam
4211 3832 4373 3876 usus

2428 3909 2528 3964 est
2616 3897 2682 3963 ia
2791 3920 2885 3965 us.

2599 3983 2703 4049 31.
2756 3982 3122 4067 Vocavitque
3145 3984 3382 4052 Mosen.
3449 3984 3514 4051 N
3516 4006 3603 4051 on
3636 3994 3736 4050 est
3771 3982 4123 4067 probabilis
4143 4001 4374 4048 servos

2427 4068 2560 4134 Dei
2615 4072 2815 4136 fuisse
2873 4073 3217 4137 accersitos
3277 4080 3353 4135 ut
3407 4092 3637 4137 rursus
3703 4070 4013 4136 venirent
4067 4069 4135 4133 in
4197 4068 4373 4152 regis

2428 4162 2881 4238 conspectum:
2927 4156 3041 4222 sed
3083 4179 3166 4224 ex
3210 4157 3649 4241 praedictione
3671 4157 3877 4223 Mosis
3914 4154 4237 4239 petendus
4274 4159 4376 4218 est

2430 4240 2625 4306 huius
2660 4240 2782 4307 loci
2804 4263 3054 4308 sensus.
3100 4242 3387 4311 Vocasse
3411 4244 3616 4329 igitur
3640 4243 3879 4308 dicitur
3902 4242 4163 4306 Pharao
4187 4261 4370 4324 quos,

2433 4326 2651 4393 missis
2717 4327 2948 4395 aulicis
3007 4330 3419 4412 proceribus,
3486 4330 3569 4396 ad
3629 4329 3983 4395 discessum
4041 4324 4371 4410 compulit.

2433 4412 2629 4495 Quod
2674 4413 2868 4479 etiam
2914 4423 3257 4482 contextus
3296 4418 3456 4482 satis
3499 4416 3758 4499 probat:
3804 4416 3956 4497 quia
3996 4412 4190 4496 paulo
4227 4417 4377 4495 post

2432 4499 2805 4575 subiicitur,
2888 4501 3210 4567 violenter
3286 4511 3541 4569 coactos
3622 4500 3822 4566 fuisse
3885 4499 4226 4567 Israelitas
4291 4496 4375 4564 ab

2434 4585 2783 4670 Aegyptiis
2848 4585 2930 4649 ad
2994 4588 3281 4653 subitum
3347 4587 3723 4653 discessum.
3827 4584 4152 4668 Quamvis
4216 4604 4374 4668 ergo

2435 4672 2665 4738 Mosen
2722 4689 3058 4754 nunqnam
3127 4673 3366 4739 viderit
3423 4673 3717 4751 Pharao,
3784 4694 3867 4738 ex
3933 4693 4061 4755 quo
4127 4671 4376 4736 malum

2437 4757 2725 4823 minatus
2768 4758 2983 4823 fuerat
3027 4760 3083 4825 si
3130 4781 3357 4825 rursus
3392 4759 3475 4824 ad
3511 4780 3582 4825 se
3628 4758 3903 4838 veniret,
3951 4758 4116 4823 nihil
4154 4770 4375 4822 tamen

2439 4842 2705 4910 absurdi
2749 4843 2805 4908 si
2852 4843 3089 4910 dicitur
3133 4845 3214 4910 ad
3250 4866 3320 4911 se
3365 4865 3660 4924 vocasse,
3721 4844 3874 4910 dum
3935 4866 4053 4928 pro
4097 4844 4374 4927 imperio

2438 4951 2588 4995 suos
2634 4949 2932 5012 proceres
2972 4930 3055 4997 ad
3092 4953 3240 4996 eum
3278 4932 3627 5015 ablegavit.
3708 4931 4056 4998 Caeterum
4092 4928 4375 4994 hominis

2440 5015 2623 5080 anxii
2688 5023 2755 5078 et
2809 5026 2908 5080 tre
2954 5017 3050 5081 idi
3102 5018 3504 5100 perturbatio
3560 5017 3644 5084 ad
3694 5019 3919 5084 vivum
3983 5014 4377 5099 exprimitur

2442 5100 2547 5167 his
2591 5099 2835 5167 verbis:
2953 5105 3196 5187 urgite,
3256 5103 3674 5188 egredimini,
3731 5104 3928 5169 etiam
3977 5122 4125 5181 vos,
4176 5100 4377 5166 etiam

2428 5184 2558 5266 ,filii
2596 5186 2818 5267 vestri,
2856 5189 2967 5267 ite,
3014 5189 3204 5255 colite
3239 5191 3585 5256 Iehovam:
3632 5190 3831 5254 etiam
3868 5210 4100 5272 pecora
4141 5197 4377 5265 vestra,

2444 5274 2641 5337 etiam
2705 5271 2908 5340 boves
2973 5286 3225 5341 vestros
3290 5276 3590 5359 accipite,
3654 5275 3824 5342 sicut
3884 5273 4136 5357 loquuti
4200 5271 4376 5338 estis.

2444 5357 2671 5444 Neque
2715 5360 2889 5425 enim
2940 5363 3156 5428 minus
3202 5371 3452 5428 attente
3495 5369 3686 5428 cavet
3743 5382 3827 5426 ne
3871 5358 4026 5444 quid
4084 5380 4379 5425 remorae
