4867 6150
317 456 436 525 581

314 647 545 732 ligere,
605 644 870 710 videtur
924 667 1007 712 ex
1053 656 1313 730 recepta
1356 647 1594 712 notitia
1629 656 1697 714 et
1740 669 1866 713 usu
1913 658 2269 731 sumptum.

313 733 403 800 Et
435 752 640 815 quum
686 729 870 798 Deus
914 733 1159 799 sanctis
1205 731 1552 798 tradiderit
1595 733 2004 800 sacrificandi
2049 735 2272 815 ritum,

312 817 617 887 credibile
663 838 795 883 non
840 826 940 883 est
982 818 1290 886 omissam
1334 820 1541 885 fuisse
1603 820 1909 886 sabbathi
1961 821 2272 886 observa-

314 906 571 970 tionem.
664 901 796 970 Sed
856 925 973 988 pro
1029 904 1304 970 humani
1360 906 1613 990 ingenii
1669 907 2028 990 pravitate,
2097 905 2271 989 quod

314 989 486 1076 apud
531 990 837 1073 profanas
896 998 1128 1075 gentes
1185 1011 1453 1075 prorsus
1505 992 1904 1060 exstinctum
1963 1004 2132 1071 erat,
2200 992 2268 1057 in

311 1077 625 1162 progenie
670 1085 893 1141 autem
941 1077 1248 1143 Abrahae
1284 1076 1422 1143 fere
1457 1078 1846 1158 obsoletum,
1894 1076 2079 1145 Deus
2122 1078 2269 1161 lege

310 1181 428 1229 sua
470 1162 840 1239 renovavit,
887 1171 966 1228 ut
1022 1170 1248 1230 sancta
1302 1172 1372 1229 et
1428 1164 1793 1231 inviolabili
1850 1163 2269 1231 observantia

309 1247 699 1316 sabbathum
745 1248 1098 1315 coleretur:
1158 1247 1331 1334 quod
1373 1250 1549 1314 inter
1595 1248 1913 1317 dedecora
1967 1249 2267 1318 iudaicae

307 1336 524 1421 gentis
570 1342 936 1418 posuerunt
977 1335 1221 1421 impuri
1267 1353 1478 1401 canes.

306 1735 562 1814 LOCI
604 1737 761 1814 AD
806 1738 1417 1818 PRAECEPTI
1463 1737 2267 1817 EXPOSITIONEM

934 1875 1646 1955 SPECTANTES.

930 2163 1053 2230 EX
1109 2163 1416 2241 LEVI'I'.
1468 2162 1671 2229 XIX.

474 2335 584 2400 30.
647 2333 961 2402 Sabbatha
1013 2354 1153 2401 mea
1207 2335 1610 2401 observabitis
1623 2386 1638 2414 ,
1707 2341 1765 2400 et
1826 2336 2268 2403 sanctuarium

300 2439 513 2486 meum
555 2423 852 2487 metuetis.
943 2420 1080 2504 qu
1126 2420 1377 2488 Iehova.

887 2766 1021 2833 EX
1065 2764 1366 2832 LEVI'I'.
1416 2760 1683 2832 XXVI.

477 2941 542 3007 2.
594 2939 911 3006 Sabbatha
950 2959 1091 3004 mea
1125 2939 1439 3016 custodite,
1484 2942 1542 3003 et
1581 2938 2020 3004 sanctuarium
2060 2958 2267 3005 meum

299 3028 524 3095 timae.
598 3023 738 3112 Eyo
783 3024 1030 3093 Iehova.

887 3369 1018 3435 EX
1062 3367 1363 3436 EXODI
1409 3368 1682 3435 XXIII.

479 3543 585 3610 12.
637 3541 761 3609 Sex
802 3542 1022 3609 diebus
1059 3543 1260 3625 facies
1303 3561 1497 3624 opera
1538 3546 1682 3605 tua.-
1737 3540 1843 3606 die
1884 3545 2092 3606 autem
2134 3561 2273 3624 sep-

296 3630 452 3697 timo
497 3630 793 3713 quiesces,
836 3634 907 3693 ut
946 3631 1222 3711 quiescat
1261 3628 1369 3693 bos
1410 3633 1575 3706 tuus,
1619 3632 1677 3691 et
1718 3627 1944 3692 asum-s
1985 3632 2167 3704 tuus,
2213 3632 2274 3693 et

296 3718 572 3801 respiret
609 3715 789 3798 filius
830 3714 1095 3782 ancillae
1135 3720 1299 3792 tuae,
1343 3718 1402 3780 et
1432 3714 1830 3797 pereqrinus.
2077 3727 2100 3740 ⁸·

891 4059 1023 4125 EX
1065 4057 1372 4125 LEvl'r.
1417 4056 1690 4123 XXIII.

482 4233 549 4298 3.
601 4230 728 4297 Sex
770 4231 992 4297 diebus
1028 4231 1281 4313 facietis
1321 4250 1515 4312 opus,
1557 4230 1818 4310 septimo
1861 4231 1966 4297 die
2008 4230 2273 4295 cessatio

302 4324 397 4386 est
441 4318 707 4401 quietis,
763 4318 1083 4383 celebritas
1125 4321 1376 4383 sancta.-
1420 4316 1668 4380 nullum
1711 4334 1872 4396 opus
1908 4316 2160 4399 facietis
2201 4316 2281 4381 in

301 4425 406 4472 eo.-
472 4403 846 4505 sabbathum
888 4409 980 4469 est
1022 4402 1285 4468 Iehovae
1348 4403 1420 4466 in
1483 4404 1720 4467 cunctis
1784 4399 2274 4469 habitationibus

900 4781 1033 4847 EX
1090 4780 1391 4848 EXODI
1433 4779 1702 4848 XXXI.

497 4954 596 5021 12.
642 4953 839 5020 Dixit
881 4959 1218 5037 praeterea
1267 4953 1498 5020 Iehova
1550 4954 1635 5020 ad
1680 4950 1932 5033 Mosen,
1988 4953 2279 5020 dicendo.-

313 5040 418 5108 13.
467 5037 563 5106 Et
597 5045 665 5106 tu
698 5039 1011 5125 alloquere
1039 5041 1209 5122 filios
1234 5039 1460 5121 lsrael,
1493 5039 1786 5107 dicendo.-
1843 5039 2279 5106 Verumtamen

309 5125 619 5195 sabbatha
675 5146 814 5193 mea
870 5126 1258 5193 custodietis.-
1332 5128 1490 5209 quia
1543 5127 1795 5209 siqnum
1852 5131 1941 5192 est
1980 5126 2144 5191 inter
2184 5146 2280 5191 me

311 5219 369 5279 et
410 5233 528 5279 vos
569 5215 639 5279 in
675 5212 1178 5298 generationibus
1234 5213 1461 5278 vestris
1474 5264 1490 5291 ,
1547 5217 1619 5277 ut
1671 5212 1889 5278 sciatis
1932 5212 2095 5294 quod
2135 5231 2282 5277 sum

315 5298 560 5365 Iehova
614 5300 1013 5382 sanctificans
1067 5318 1193 5364 vos.
1287 5298 1387 5364 14.
1451 5296 1825 5365 Gustodietis
1876 5298 2072 5382 iqitur
2134 5296 2277 5363 sab-

308 5384 604 5472 bathum,
634 5386 789 5469 quia
822 5387 1125 5453 sanctitas
1158 5389 1250 5450 est
1282 5385 1455 5450 vobis
1467 5410 1486 5450 :
1525 5384 1817 5466 quisquis
1841 5382 2280 5467 profanaverit

1749 459 2207 542 QUARTUM
2252 457 2904 527 PRAEOEPTUM.

4219 459 4349 527 582

2323 648 2330 771 Ι
2376 644 2541 712 illud
2591 648 2908 715 moriendo
2961 647 3290 714 morietur.-
3352 650 3508 731 quia
3571 650 3775 715 omnis
3838 650 4082 733 faciens
4138 652 4207 717 in
4265 672 4338 718 eo

2374 752 2550 814 opus,
2580 735 2894 801 excidetur
2916 735 3141 799 anima
3165 735 3306 816 ipsa
3342 755 3374 799 e
3407 735 3610 803 medio
3632 735 4018 818 populorum
4050 757 4337 804 suorum.

2375 818 2476 885 15.
2543 818 2670 885 Sex
2710 819 2929 887 diebus
2977 819 3085 901 fiet
3136 840 3323 902 opus:
3382 826 3451 886 at
3505 822 3607 886 die
3662 822 3921 903 septimo
3963 823 4338 889 sabbathum

2369 906 2736 972 cessationis
2798 911 2918 987 est,
2982 907 3285 972 sanctitas
3342 905 3638 972 Iehovae:
3701 908 4052 990 quicunque
4112 908 4335 991 fecerit

2368 1011 2528 1073 opus
2567 992 2674 1058 die
2714 991 3017 1069 sabbathi,
3085 992 3400 1058 moriendo
3440 994 3758 1060 morietur.
3853 993 3953 1059 16.
4023 993 4332 1061 Observa·

2368 1075 2521 1143 bunt
2560 1079 2771 1161 itaque
2808 1078 2934 1160 lilii
2978 1078 3189 1144 Israel
3230 1077 3595 1144 sabbathum
3609 1128 3625 1159 ,
3692 1079 4069 1146 observando
4115 1082 4331 1162 ipsum

2368 1164 2439 1229 in
2455 1164 2962 1248 qenerationibus
2994 1163 3150 1245 suis,
3174 1169 3434 1246 pactum
3468 1170 3560 1231 est
3580 1170 3969 1247 perpetuum.
4025 1166 4126 1234 17.
4153 1166 4333 1232 Inter

2367 1270 2466 1315 me
2506 1254 2564 1316 et
2599 1248 2771 1332 filios
2806 1249 3017 1316 Israel
3049 1250 3305 1334 siqnum
3346 1255 3437 1317 est
3470 1252 3543 1316 in
3574 1256 3980 1334 perpetuum:
4025 1253 4182 1335 quia
4216 1272 4329 1318 sex

2365 1334 2587 1402 diebus
2617 1336 2764 1418 fecit
2797 1336 3028 1402 Iehova
3060 1335 3253 1403 coelos
3284 1340 3343 1402 et
3372 1342 3625 1418 terram,
3670 1337 3775 1403 die
3817 1342 4024 1404 autem
4065 1339 4326 1421 septimo

2366 1422 2631 1488 cessavit
2672 1426 2730 1488 et
2768 1422 3089 1505 requievit.

2927 1766 3059 1832 EX
3106 1763 3407 1831 EXODI
3449 1764 3788 1832 XXXIV.

2542 1937 2646 2003 21.
2695 1933 2819 2003 Sex
2862 1937 3082 2004 diebus
3138 1936 3497 2020 operaberis
3510 1988 3526 2019 ,
3581 1939 3843 2022 septimo
3896 1938 4001 2003 die
4054 1937 4333 2021 quiesces

2371 2024 2443 2089 in
2488 2024 2775 2090 aratione
2816 2029 2874 2089 et
2914 2043 3131 2091 messe.
3560 2024 3572 2034 ‘

2945 2366 3079 2433 EX
3113 2365 3419 2436 EXODI
3460 2366 3760 2434 XXXV.

2546 2538 2603 2603 1.
2653 2535 3058 2624 Gonqreqavit
3106 2538 3313 2606 Moses
3355 2541 3724 2606 universum
3765 2545 3994 2607 coetum
4047 2541 4332 2624 filiorum

2372 2624 2616 2705 Israel,
2658 2630 2715 2690 et
2754 2626 2928 2692 dixit
2966 2626 3134 2693 illis.-
3180 2625 3354 2692 Haec
3395 2632 3541 2692 sunt
3583 2625 3772 2692 verba
3813 2647 3978 2709 quae
4007 2630 4334 2712 praecepit

2372 2710 2605 2777 Iehova
2658 2716 2730 2776 ut
2780 2711 3058 2794 faciatis.
3146 2712 3210 2779 2.
3279 2710 3403 2778 Sex
3453 2711 3672 2778 diebus
3725 2713 3927 2795 facies
3979 2734 4173 2799 opus,
4230 2715 4337 2781 die

2370 2797 2630 2879 septimo
2706 2798 2829 2863 erit
2905 2797 3077 2865 vobis
3137 2800 3473 2877 sanctitas,
3543 2797 3910 2864 sabbathum
3971 2802 4338 2866 cessationis

2374 2882 2669 2949 Iehovae:
2709 2884 3001 2967 quisquis
3038 2884 3259 2967 fecerit
3299 2904 3457 2967 opus
3499 2885 3569 2949 in
3612 2905 3697 2965 eo,
3739 2886 4057 2951 morietur.
4127 2885 4187 2952 3.
4237 2887 4338 2952 Ne

2376 2969 2725 3120 accendistis
2767 2970 2974 3054 iqnem
3034 2971 3104 3035 in
3168 2970 3455 3037 omnibus
3518 2970 3894 3038 habitaculis
3952 2974 4180 3038 vestris
4236 2973 4341 3039 die

2375 3055 2592 3122 sabbat
2634 3079 2679 3122 ι.
3039 3090 3043 3096 -

2998 3401 3130 3467 EX
3168 3401 3471 3467 LEVI'I'.
3518 3399 3716 3468 XIX.

2550 3572 2612 3638 3.
2655 3569 2971 3637 Sabbatha
3004 3592 3145 3638 mea
3186 3579 3457 3639 servate:
3501 3593 3608 3656 eqo
3648 3572 3882 3640 Iehova
3924 3573 4109 3641 Deus
4147 3581 4348 3641 vester

2549 3744 2764 3810 Levit.
2814 3744 2914 3825 19,
2958 3744 3045 3810 30
3088 3757 3156 3810 et
3197 3744 3302 3826 26,
3345 3746 3406 3811 2.
3459 3744 3775 3813 Sabbatha
3818 3767 3960 3812 mea
4003 3746 4339 3822 observate,

2376 3835 2432 3896 et
2474 3830 2914 3897 sanctuarium
2954 3851 3157 3897 meum
3216 3831 3436 3898 timete.
3529 3832 3636 3897 Ex
3694 3832 3803 3899 his
3862 3833 4117 3898 duobus
4175 3833 4339 3899 locis

2381 3916 2804 3982 manifestum
2861 3926 2991 3994 est,
3049 3916 3370 3985 sabbatho
3424 3937 3763 3983 annexum
3820 3920 4024 3984 fuisse
4084 3918 4337 3984 cultum

2379 4002 2815 4080 tabernaculi,
2877 4024 2998 4069 nec
3043 4003 3234 4069 modo
3294 4025 3398 4069 res
3456 4002 3663 4070 fuisse
3722 4006 4104 4071 coniunctas
4159 4005 4337 4070 inso-

2379 4088 2569 4156 lubili
2603 4088 2888 4170 vincu10,
2924 4088 3036 4156 sed
3079 4090 3283 4156 otium
3323 4112 3360 4154 a
3398 4089 3727 4156 laboribus
3763 4090 4068 4157 debuisse
4105 4090 4341 4156 referri

2382 4176 2465 4243 ad
2544 4175 2899 4242 sacrificia:
2980 4178 3289 4259 quoniam
3359 4193 3613 4241 merum
3679 4176 3913 4242 fuisset
3981 4174 4341 4242 ludibrium

2382 4261 2602 4327 feriari
2649 4281 2780 4326 non
2826 4260 2956 4326 alio
3000 4263 3133 4328 fine
3176 4266 3536 4346 proposito:
3583 4263 3715 4328 imo
3760 4284 3964 4346 quum
4005 4261 4084 4326 de
4122 4264 4341 4346 quicto

2380 4348 2695 4433 loquutus
2738 4360 2839 4413 est
2883 4347 3122 4427 Moses,
3175 4348 3622 4414 reverentiam
3669 4348 4026 4414 sanctuarii
4073 4346 4341 4414 videtur

2383 4433 2704 4500 subiicere
2750 4441 3062 4517 tanquam
3109 4456 3337 4519 genus,
3385 4446 3460 4499 ut
3504 4433 3715 4499 intelli
3767 4446 3836 4499 at
3877 4433 4161 4519 populus
4197 4435 4342 4502 tolli

2381 4520 2605 4587 omnia
2648 4519 2982 4586 obstacula
3026 4541 3191 4603 quae
3225 4520 3609 4586 abstrahere
3644 4541 3715 4586 so
3745 4530 3859 4587 ent
3892 4540 3932 4585 a
3970 4521 4096 4586 Dei
4133 4521 4340 4588 cultu.

2382 4606 2714 4690 Loquutio
2757 4615 2860 4672 est
2904 4607 3290 4689 impropria,
3345 4605 3519 4689 quod
3578 4606 3764 4672 dicit:
3833 4607 4093 4672 Timete
4153 4628 4339 4673 sanc-

2383 4693 2705 4771 tuarium,
2732 4697 2739 4704 '
2765 4691 2879 4758 sed
2941 4691 3329 4757 tantundem
3391 4690 3568 4757 valet
3610 4703 3806 4775 atque
3850 4693 3917 4758 in
3964 4693 4109 4777 ipsa
4150 4712 4343 4758 sanc-

2384 4779 2582 4845 tuarii
2648 4778 3074 4843 veneratione
3138 4777 3483 4844 ostendere
3548 4797 3743 4861 quam
3815 4800 3971 4844 vere
4037 4789 4104 4842 et
4169 4778 4343 4844 serio

2382 4866 2601 4931 Deum
2646 4865 2953 4942 timeant,
2998 4864 3110 4947 qui
3155 4885 3227 4929 se
3270 4864 3406 4929 illic
3451 4873 3866 4948 praesentem
3915 4867 4052 4930 fore
4096 4865 4345 4947 promi·

2380 4963 2560 5017 serat
2603 4950 2857 5033 quoties
2893 4951 3336 5017 invocaretur.

2555 5035 2771 5101 Exodi
2814 5036 2919 5113 23,
2965 5036 3065 5102 12.
3131 5035 3258 5103 Sex
3300 5035 3535 5102 diebu&
3624 5035 3771 5102 Hoc
3815 5037 3954 5102 loco
4018 5035 4341 5118 repetitur

2380 5122 2747 5188 adventitia
2792 5122 3061 5198 utilitas,
3107 5123 3409 5206 quamvis
3452 5143 3587 5188 non
3630 5123 3718 5188 sit
3760 5144 3841 5188 ex
3878 5122 4091 5205 prima
4125 5130 4192 5185 et
4226 5142 4341 5205 ge-

2382 5208 2589 5274 nuina
2634 5208 3046 5274 institutione
3091 5208 3428 5288 sabbathi,
3477 5229 3715 5293 nempe
3757 5206 3930 5290 quod
3975 5205 4098 5271 hoc
4146 5205 4337 5271 modo

2382 5294 2634 5360 familia
2677 5314 2931 5378 quoque
2975 5304 3041 5360 et
3083 5297 3378 5361 iumenta
3421 5294 3966 5361 sublevabuntur.
4049 5290 4201 5358 Non
4238 5307 4341 5358 est

2383 5389 2601 5447 autem
2651 5381 3038 5459 absurdum,
3087 5381 3425 5448 numerari
3471 5381 3595 5447 boc
3640 5380 3814 5445 inter
3858 5377 3992 5442 alia
4034 5377 4209 5443 bona
4253 5383 4341 5444 ad

3820 5479 3923 5534 37*
