4867 6150
578 432 696 499 251

578 628 753 689 terra
803 623 1097 689 desolatio
1112 675 1129 703 ,
1189 630 1246 689 et
1285 625 1726 707 multiplicetur
1766 629 1976 692 contra
2019 628 2074 690 te
2117 625 2312 691 bestia
2352 625 2515 710 agri.

581 709 685 775 30.
734 707 1061 775 Paulatim
1084 710 1402 792 paulatim
1443 711 1692 777 eiiciam
1734 711 1916 777 illum
1958 732 2002 775 a
2038 710 2203 793 facie
2244 716 2370 789 tua,
2413 712 2519 776 do-

577 815 688 860 nec
726 814 967 861 crescas
1000 801 1057 860 et
1087 796 1458 862 haereditate
1492 798 1769 879 accipias
1801 802 2054 863 terram.
2122 797 2225 863 31.
2280 796 2520 864 Ponam

526 902 530 905 “
581 885 785 947 autem
829 882 1158 946 temninum
1197 886 1373 946 tuum
1408 903 1449 947 a
1490 885 1662 949 mari
1703 882 1894 948 rubro
1936 902 2129 964 usque
2171 884 2258 949 ad
2284 882 2519 949 Philis-

579 967 733 1045 thiu,
769 972 829 1031 et
847 987 891 1032 a
917 968 1152 1033 deserto
1172 987 1368 1049 usque
1388 968 1475 1033 ad
1500 969 1784 1050 fluvium,
1818 989 1967 1034 nam
2000 968 2156 1035 dabo
2192 970 2260 1034 in
2294 988 2523 1034 manus

581 1057 824 1118 vestras
864 1052 1240 1118 habitatores
1280 1059 1498 1119 terrae.

754 1225 856 1290 20.
903 1223 1079 1306 Ecce,
1137 1243 1243 1306 eqo
1285 1225 1474 1290 mitto.
1556 1225 1688 1291 Hic
1731 1225 2037 1292 admonet
2082 1226 2262 1291 Deus
2305 1224 2520 1290 Israe-

582 1312 764 1391 litas‚
823 1310 916 1376 sic
974 1310 1383 1375 coniunctam
1429 1332 1571 1376 esse
1615 1332 1839 1377 eorum
1884 1311 2160 1377 salutem
2205 1331 2354 1377 cum
2410 1311 2522 1376 ob·

583 1396 954 1464 servatione
988 1394 1170 1479 legis,
1219 1404 1290 1459 ut
1334 1395 1503 1462 hanc
1545 1397 1938 1481 negligendo
1973 1398 2152 1462 illam
2192 1396 2518 1463 amittant.

583 1482 764 1548 Dicit
801 1481 978 1547 enim
1023 1502 1091 1546 se
1133 1501 1251 1564 per
1295 1503 1561 1547 manum
1609 1482 1825 1567 angeli
1880 1483 2020 1548 fore
2062 1484 2194 1547 illis
2259 1482 2519 1547 ducem:

581 1569 707 1635 hoc
752 1567 1010 1650 paterni
1056 1566 1296 1632 amoris
1339 1568 1625 1652 signum.
1716 1568 1852 1635 Sed
1894 1591 1976 1635 ex
2034 1568 2329 1652 opposito
2377 1588 2519 1632 -non

581 1657 849 1737 impune
892 1652 1022 1717 illis
1062 1672 1397 1717 cessurum
1442 1654 1745 1735 minatur,
1797 1654 1853 1720 si
1900 1664 2082 1720 tanta
2124 1655 2340 1740 gratia
2373 1674 2524 1720 con·

581 1749 831 1823 tempta
871 1759 1025 1804 suas
1067 1738 1451 1820 cupiditates
1506 1741 1763 1823 sequuti
1828 1740 1992 1806 sint:
2059 1743 2211 1823 quia
2253 1762 2382 1804 non
2428 1740 2520 1804 ef-

582 1826 839 1911 fugient
902 1844 1057 1889 cons
1105 1833 1316 1889 ectum
1402 1826 1661 1909 angeli,
1741 1847 1931 1910 quem
2007 1827 2139 1893 illis
2215 1826 2524 1910 praefecit

583 1909 934 1978 custodem.
1110 1929 1294 1974 mnes
1357 1911 1496 1975 fere
1558 1911 1843 1977 Hebraei
1902 1910 2196 1979 doctores
2260 1909 2524 1995 (quibus

583 1997 778 2062 multi
820 1993 1264 2081 subscribunt)
1310 2005 1543 2078 putant
1584 1997 1706 2063 hoc
1750 1998 1830 2063 de
1873 1996 2157 2063 Iehosua
2199 2017 2343 2062 esse
2388 1996 2524 2063 dic-

581 2096 758 2148 tum:
802 2082 1001 2146 nimis
1043 2081 1545 2161 inconsiderate,
1591 2083 1847 2165 quando
1890 2083 1959 2148 in
2005 2084 2143 2149 eius
2179 2102 2521 2166 personam

581 2169 857 2234 minime
900 2169 1213 2232 convenit
1266 2187 1433 2250 quae
1490 2169 1686 2252 paulo
1741 2177 1889 2251 post
1945 2170 2154 2254 magis
2197 2167 2523 2252 expende-

581 2274 748 2320 mus.
841 2250 974 2317 Sed
1018 2272 1243 2316 eorum
1290 2273 1475 2318 error
1518 2255 1677 2320 satis
1722 2276 2047 2337 superque
2089 2254 2244 2321 hinc
2279 2253 2524 2319 refelli-

582 2349 710 2418 tur,
757 2338 1042 2423 primum
1080 2337 1252 2420 quod
1299 2337 1460 2403 side
1483 2338 1764 2405 Iehosua
1798 2340 2170 2424 accipimus,
2208 2340 2525 2406 caruisset

579 2425 861 2510 populus
896 2421 1166 2488 ductore
1200 2423 1448 2507 angelo,
1490 2425 1802 2508 quamdiu
1835 2426 1904 2491 in
1944 2426 2196 2492 deserto
2240 2426 2526 2509 peregri-

583 2519 780 2575 natus
837 2520 953 2574 est.
1056 2506 1315 2573 Deinde
1368 2510 1541 2592 quod
1594 2521 1819 2595 postea
1874 2511 2116 2577 dictum
2161 2510 2287 2577 fuit
2330 2511 2523 2591 Mosi,

582 2595 855 2679 angelus
907 2592 1193 2659 Iehovae
1248 2595 1593 2676 praecedet
1653 2605 1735 2661 te.
1838 2595 2036 2661 Item:
2105 2598 2276 2664 Ecce
2332 2597 2524 2661 mitto

581 2681 891 2767 angelum
925 2700 1143 2744 meum
1184 2699 1397 2745 coram
1436 2689 1503 2745 te
1540 2679 1777 2765 (Exod.
1803 2683 1906 2762 32,
1926 2683 2030 2748 34.
2078 2681 2284 2748 Exod.
2306 2683 2409 2761 33,
2433 2682 2522 2770 2).

582 2767 675 2833 Et
712 2766 928 2832 Moses
963 2764 1117 2829 alibi
1157 2764 1279 2830 hoc
1310 2764 1438 2830 Dei
1472 2765 1858 2834 beneficium
1894 2768 2324 2846 commendat,
2353 2768 2525 2850 quod

580 2852 901 2936 populum
936 2850 1239 2915 eduxerit
1260 2871 1377 2934 per
1413 2871 1678 2917 manum
1704 2854 1941 2936 angeli.
1990 2853 2123 2920 Sed
2149 2853 2303 2937 quid
2327 2853 2526 2938 longa

582 2935 1020 3021 disputatione
1056 2957 1219 3020 opus
1255 2944 1373 3015 est,
1411 2957 1612 3020 quum
1647 2939 1780 3003 iam
1804 2949 1958 3004 ante
1981 2939 2321 3023 aliquoties
2354 2939 2527 3006 facta

581 3023 783 3090 fuerit
844 3022 1093 3088 mentio
1160 3023 1378 3108 angeli
1442 3022 1859 3093 liberatoris?
1968 3025 2113 3092 Iam
2178 3026 2330 3109 quia
2403 3025 2527 3092 hoc

580 3112 790 3176 fixum
835 3129 977 3175 esse
1021 3108 1229 3188 debet,
1274 3130 1405 3174 non
1452 3109 1680 3176 haberi
1722 3132 2091 3177 sermonem
2137 3112 2219 3177 de
2259 3112 2526 3177 homine

580 3194 879 3272 mortali,
935 3195 1252 3260 memoria
1317 3196 1669 3261 tenendum
1739 3207 1841 3263 est
1906 3197 2077 3282 quod
2142 3206 2296 3263 ante
2357 3198 2523 3263 dixi-

582 3302 754 3360 mus,
792 3302 921 3345 non
959 3281 1318 3364 quemlibet
1351 3282 1661 3368 angelum
1692 3282 2042 3367 designari,
2079 3284 2193 3350 sed
2229 3286 2525 3350 omnium

583 3366 969 3451 angelorum
1037 3366 1248 3447 princi
1297 3388 1397 3432 em
1419 3418 1434 3445 ,
1516 3367 1627 3452 qui
1693 3377 1759 3434 et
1823 3369 1996 3434 idem
2071 3390 2330 3452 semper
2397 3370 2524 3435 fuit

581 3460 779 3536 caput
842 3452 1165 3518 ecclesiae.
1306 3475 1347 3516 n
1415 3473 1545 3536 qua
1600 3475 1672 3519 re
1724 3453 2024 3522 sufficere
2090 3454 2277 3521 nobis
2333 3456 2526 3522 debet

581 3537 779 3605 Pauli
823 3537 1139 3603 autoritas
1186 3536 1342 3602 dum
1388 3537 1768 3605 Corinthios
1811 3539 2116 3606 admonet
2152 3562 2235 3606 ne
2266 3550 2528 3606 tentent

580 3623 925 3690 Christum
975 3623 1144 3688 sicut
1193 3633 1537 3689 tentarunt
1588 3637 1806 3709 patres
1852 3626 1921 3691 in
1957 3627 2211 3692 deserto
2246 3625 2333 3711 (l.
2372 3627 2523 3693 Cor.

584 3710 686 3788 10,
723 3708 811 3796 9).
895 3709 986 3773 Et
1036 3708 1157 3776 hoc
1207 3729 1291 3773 ex
1342 3709 1689 3794 magnifico
1734 3712 1946 3797 elogio
1981 3713 2314 3797 colligitur
2349 3713 2523 3796 quod

580 3795 779 3879 paulo
813 3803 961 3877 post
995 3793 1290 3860 subiiciet
1313 3795 1548 3877 Moses,
1586 3817 1827 3863 nomen
1864 3797 1988 3864 Dei
2027 3799 2166 3864 fore
2200 3799 2270 3864 in
2308 3798 2523 3864 medio

584 3883 741 3946 eius.
787 3878 983 3961 Quod
1019 3881 1139 3945 etsi
1179 3880 1377 3965 vulgo
1414 3891 1853 3964 praetereunt,
1889 3906 2012 3968 ego
2047 3894 2262 3950 tamen
2299 3886 2524 3968 magni

581 3966 895 4050 ponderis
928 3987 1069 4031 esse
1104 3966 1400 4032 arbitror.
1447 3966 1696 4033 Verum
1736 3969 2020 4035 notanda
2053 3979 2206 4035 sunt
2243 3970 2521 4056 singula.

584 4052 807 4135 Quum
876 4053 1267 4133 pronunciat
1330 4052 1512 4117 Deus
1575 4073 1645 4117 se
1711 4054 2015 4140 angelum
2083 4057 2338 4122 mittere
2409 4058 2526 4141 qui

585 4136 909 4203 custodiat
950 4137 1261 4221 populum
1306 4137 1377 4200 in
1422 4139 1550 4219 via,
1597 4139 2030 4206 voluntariam
2066 4141 2191 4206 sibi
2224 4142 2527 4208 obedien-

586 4223 748 4288 tiam
801 4223 1134 4288 conciliat:
1203 4222 1358 4305 quia
1412 4223 1609 4290 nimis
1666 4225 2007 4310 indignum
2068 4227 2156 4292 sit
2212 4248 2358 4293 eum
2406 4249 2525 4311 pro

586 4308 794 4372 nihilo
839 4308 1104 4387 ducere,
1162 4308 1267 4374 vel
1310 4307 1638 4387 oblivisci,
1698 4312 1882 4377 cuius
1937 4313 2366 4396 experiuntur
2409 4334 2524 4397 pa-

586 4403 844 4458 ternam
889 4415 1046 4478 erga
1087 4413 1157 4459 se
1201 4414 1443 4461 curam.
1516 4393 1650 4461 Sed
1691 4397 1990 4479 proximo
2027 4420 2240 4479 versu,
2281 4399 2524 4465 iniecto

586 4488 854 4558 terrore,
898 4479 1230 4564 ignaviam
1272 4501 1498 4546 eorum
1544 4482 1806 4560 excitat,
1853 4483 1961 4548 ubi
2008 4484 2188 4550 iubet
2223 4504 2455 4550 cavere
2486 4507 2527 4550 a

583 4563 750 4630 facie
772 4565 929 4642 eius,
974 4566 1127 4647 quia
1148 4566 1409 4633 futurus
1430 4568 1517 4632 sit
1540 4567 1784 4634 vindex
1806 4568 2156 4634 scelerum:
2193 4570 2302 4635 ubi
2326 4571 2524 4636 etiam

587 4648 906 4716 concinna
969 4649 1199 4716 allusio
1261 4653 1332 4717 in
1395 4653 1705 4737 ambigua
1778 4654 1964 4721 verbi
2050 4655 2525 4739 significatione

588 4734 878 4801 notanda
928 4744 1044 4801 est.
1146 4737 1316 4802 Nam
1415 4759 1572 4804 uum
1625 4753 1776 4808 ἾΒΦ
1823 4740 2142 4806 Hebraeis
2200 4742 2523 4808 custodire

587 4820 931 4904 significet,
977 4828 1317 4905 postquam
1419 4825 1540 4889 ixit
1597 4825 1903 4910 angelum
1953 4827 2087 4891 illis
2128 4826 2265 4892 fore
2308 4839 2522 4893 custo-

588 4907 758 4985 dem,
801 4904 1107 4972 admonet
1146 4917 1220 4973 ιιι
1254 4929 1324 4975 se
1359 4909 1644 4976 vicissim
1681 4910 2066 4977 custodiant.
2112 4912 2193 4978 In
2231 4933 2357 4996 quo
2390 4914 2523 4978 iam

588 4992 913 5059 attollitur
977 4992 1252 5077 angelus
1316 5015 1515 5077 supra
1580 4997 1918 5063 hominum
1993 4998 2303 5082 gradum:
2371 5000 2525 5082 quia

585 5079 786 5144 iudex
828 5079 1168 5157 statuitur,
1213 5081 1267 5145 si
1321 5082 1474 5164 quid
1526 5081 1916 5166 deliquerint
1960 5084 2330 5149 Israelitae:
2391 5106 2522 5150 non

588 5163 907 5249 quomodo
950 5165 1287 5249 prophetis
1326 5165 1637 5232 iudicium
1682 5168 1975 5234 defertur
2030 5179 2325 5253 respectu
2373 5170 2523 5236 doc-

590 5252 831 5330 trinae,
898 5272 1098 5335 penes
1139 5272 1338 5335 quam
1395 5273 1653 5318 summa
1708 5263 1809 5321 est
1851 5264 2152 5339 potestas,
2212 5255 2328 5322 sed
2369 5257 2523 5340 quia

589 5337 756 5401 nihil
819 5358 970 5403 eum
1028 5337 1274 5403 latebit.
1362 5337 1509 5403 Hoc
1574 5339 1749 5405 enim
1814 5340 1930 5404 uni
1990 5341 2133 5407 Deo
2195 5343 2521 5426 scriptura

2035 435 2568 504 PRAEFATIO
2614 436 2711 503 IN
2758 436 3105 505 LEGEM.

4420 442 4527 510 252

2622 626 2925 693 vendicat
2968 636 3283 710 tanquam
3326 627 3697 709 proprium,
3750 632 3827 690 ut
3868 627 4280 694 ambulemus
4337 651 4530 699 coram

2620 713 2785 778 facie
2829 714 2984 778 eius.
3077 712 3325 777 Eodem
3369 713 3655 795 pertinet
3696 712 3866 796 quod
3912 717 4236 796 sequitur:
4298 715 4396 780 Ne
4434 739 4529 783 ex·

2619 797 2880 865 acerbes
2924 817 3106 863 cum:
3153 797 3327 882 quod
3370 801 3610 881 passim
3658 798 3799 864 Deo
3849 796 4254 865 adscribitur.
4303 800 4531 869 Verum

2622 885 2745 949 hoc
2790 884 3142 967 plurimum
3186 885 3499 949 momenti
3543 882 3645 971 (ut
3678 905 3887 968 nuper
3923 884 4086 972 dixi)
4122 884 4358 951 habere
4394 889 4534 954 mihi

2624 970 2900 1051 videtur,
2947 990 3186 1035 nomen
3232 968 3359 1036 Dei
3404 971 3540 1034 fore
3581 972 3755 1034 intra
3797 972 4030 1054 ipsum,
4076 971 4177 1036 vel
4229 972 4294 1036 in
4339 974 4534 1040 medio

2622 1056 2792 1135 eius,
2872 1056 3038 1139 quod
3104 1054 3493 1120 tantundem
3561 1055 3736 1122 valet
3795 1077 3871 1122 ac
3935 1057 3991 1121 si
4056 1054 4301 1123 dictum
4369 1070 4535 1141 esset,

2621 1140 2692 1205 in
2751 1142 2892 1224 ipso
2947 1140 3256 1228 residebit
3307 1141 3616 1207 maiestas
3670 1151 3738 1207 et
3780 1142 3987 1226 gloria
4039 1162 4217 1209 mea:
4284 1142 4536 1228 ideoque

2622 1249 2824 1311 penes
2864 1229 3079 1312 ipsum
3140 1228 3265 1291 erit
3321 1236 3453 1292 tam
3509 1226 3800 1293 cordium
3845 1228 4144 1311 cogniti0‚
4202 1249 4396 1312 quam
4435 1232 4539 1297 im·

2623 1316 2875 1397 perium
2934 1322 3002 1378 et
3058 1312 3283 1379 iudicii
3340 1325 3643 1397 potestas.
3742 1314 3947 1378 Porro
4011 1315 4225 1398 angeli
4292 1317 4540 1381 nomine

2624 1399 2961 1465 Christum
3009 1398 3336 1482 designari
3380 1399 3511 1463 iam
3556 1408 3712 1464 ante
3754 1398 4038 1465 diximus
4082 1421 4216 1464 non
4260 1422 4401 1466 esse
4440 1402 4541 1467 ab·

2623 1484 2920 1551 surdum:
2970 1485 3123 1567 quia
3165 1485 3288 1549 etsi
3333 1484 3627 1550 nondum
3670 1496 3813 1549 erat
3852 1484 4170 1549 mediator
4211 1507 4407 1551 carne
4452 1489 4541 1551 in-

2624 1571 2821 1638 dutus
2848 1572 3099 1654 quoties
3121 1583 3339 1635 tamen
3365 1571 3663 1654 apparuit
3698 1572 3904 1635 veteri
3940 1571 4194 1653 populo,
4231 1573 4543 1655 specimen

2623 1656 2828 1722 edidit
2870 1656 3130 1721 futurae
3175 1657 3516 1722 missionis.

2794 1743 2898 1808 22.
2949 1742 3025 1808 Si
3067 1747 3272 1807 autem
3314 1743 3640 1808 audienda.
3716 1742 4057 1806 Terrorem
4102 1762 4297 1825 quem
4343 1743 4544 1826 inges-

2624 1828 2712 1893 sit
2753 1829 3013 1912 mitigat
3056 1828 3297 1910 duplici
3343 1827 3422 1893 de
3464 1847 3676 1905 causa,
3720 1838 3791 1891 ut
3833 1828 4081 1893 scilicet
4115 1829 4406 1893 suaviter
4447 1849 4546 1894 eos

2625 1914 2868 1980 alliciat
2906 1914 3121 1995 potius
3166 1934 3358 1995 quam
3404 1924 3593 1996 cogat·
3637 1933 3880 1996 poenae
3918 1923 4127 1978 metu:
4177 1913 4412 1978 deinde
4453 1935 4547 1993 ne,

2624 2000 2684 2064 si
2729 1998 3035 2083 angelum
3084 1999 3556 2064 formidabilem
3601 1998 3726 2063 sibi
3769 2018 3910 2063 esse
3956 1997 4214 2076 ducant,
4261 2001 4547 2065 anxietas

2625 2086 2844 2151 animo
2909 2095 3221 2168 concepta
3278 2096 3541 2168 gustum
3617 2084 4096 2150 misericordiae
4175 2094 4242 2150 et
4323 2086 4549 2150 favoris

2623 2172 2942 2237 obscuret.
3034 2172 3179 2236 Etsi
3223 2182 3440 2234 autem
3479 2172 3955 2253 promissiones.
4001 2170 4235 2254 quibus
4272 2171 4551 2236 sancitur

2625 2257 2788 2342 legis
2811 2255 3195 2332 obedientia,
3241 2257 3308 2320 in
3355 2257 3552 2321 alium
3592 2255 3805 2322 locum
3843 2254 4090 2335 differo,
4131 2257 4303 2321 hanc
4341 2269 4547 2322 tamen

2625 2345 2803 2409 inter
2866 2342 3385 2422 exhortationes,
3445 2342 3547 2407 vel
3607 2341 3821 2426 elogia
3876 2342 4112 2425 quibus
4189 2342 4357 2426 legis
4421 2341 4552 2426 dig-

2627 2430 2801 2495 nitas
2856 2426 3354 2494 commendatur
3396 2427 3729 2494 includere
3789 2427 4000 2492 visum
4047 2435 4173 2492 est:
4234 2428 4391 2510 quia
4432 2448 4553 2492 res-

2627 2516 2784 2600 picit
2824 2514 2892 2579 in
2937 2514 3362 2597 praeteritum
3405 2524 3682 2595 tempus.
3774 2511 3883 2579 Sic
3928 2513 4103 2577 enim
4154 2514 4397 2579 resolvi
4453 2512 4555 2578 de-

2628 2602 2740 2667 bet
2782 2601 3018 2665 oratio:
3076 2598 3312 2665 Videte
3370 2609 3446 2665 ut
3510 2598 3654 2664 Deo
3706 2598 4152 2682 respondeatis
4207 2597 4556 2664 liberaliter

2631 2686 2958 2752 vobiscum
3014 2687 3252 2769 agenti.
3353 2685 3546 2768 Quod
3612 2685 3908 2769 patribus
3980 2685 4215 2751 vestris
4265 2684 4559 2768 promisit

2629 2773 2710 2838 de
2754 2782 2966 2836 terrae
3009 2769 3438 2850 haereditate,
3499 2780 3832 2855 praestare
3891 2792 4067 2837 nunc
4114 2778 4393 2853 paratus
4445 2779 4554 2849 est,

2629 2858 2757 2922 nisi
2791 2858 3081 2940 pravitas
3119 2865 3337 2923 vestra
3369 2857 3708 2924 obstiterit.
3753 2857 3925 2921 Date
3947 2857 4148 2940 igitur
4181 2858 4399 2922 locum
4425 2856 4559 2921 eius

2626 2944 2895 3028 gratiae,
2942 2952 3017 3008 ut
3047 2964 3164 3026 per
3201 2965 3469 3009 manum
3514 2943 3730 3027 angeli
3778 2963 3893 3009 vos
3926 2941 4009 3007 ad
4044 2942 4329 3024 quietem
4379 2960 4558 3007 suam

2628 3028 2925 3097 adducat.
3028 3029 3170 3095 Iam
3236 3051 3362 3113 quo
3427 3030 3640 3095 acrius
3695 3048 3806 3095 eos
3862 3027 4153 3095 stimulet
4214 3027 4557 3095 necessita·

2627 3125 2761 3181 tem
2796 3115 3027 3181 auxilii
3061 3116 3164 3181 sui
3199 3115 3514 3181 ostendit:
3562 3138 3638 3183 ac
3673 3116 3729 3181 si
3753 3113 4013 3191 diceret,
4058 3114 4227 3179 nihil
4263 3114 4397 3181 illis
4431 3113 4560 3179 fore

2627 3202 2947 3283 miseriuS,
2991 3201 3117 3267 nisi
3152 3211 3380 3267 contra
3414 3210 3513 3268 tot
3553 3202 3771 3267 hostes
3818 3202 3956 3266 eius
4015 3199 4399 3266 defensione
4441 3198 4561 3264 tuti

2627 3296 2866 3354 essent.
2992 3287 3476 3353 Commemorat
3540 3288 3714 3352 enim
3781 3286 4004 3370 plures
4080 3286 4559 3353 robustissimos

2627 3374 2915 3458 populos,
2954 3372 3193 3457 quibus
3216 3373 3487 3439 minime
3523 3394 3710 3457 pares
3745 3372 3950 3437 futuri
3987 3382 4175 3438 erant
4197 3372 4327 3438 nisi
4365 3372 4560 3437 ductu

2625 3460 2844 3544 angeli
2879 3458 3254 3525 militarent.
3344 3458 3528 3525 Dicit
3571 3479 3744 3543 erg0‚
3791 3459 3847 3524 si
3889 3457 4079 3523 modo
4120 3470 4402 3541 pareant
4437 3454 4559 3541 legi

2624 3568 2809 3623 suae,
2873 3565 3004 3610 non
3062 3565 3206 3611 esse
3258 3566 3376 3612 cur
3432 3544 3554 3611 sibi
3611 3551 3937 3610 metuant:
3984 3543 4137 3628 quia
4178 3564 4412 3611 omnes
4455 3541 4558 3626 qui

2624 3632 2705 3697 ad
2766 3628 3202 3698 resistendum
3275 3632 3683 3698 surrexerint
3750 3629 3888 3695 sola
3945 3650 4066 3696 sua
4108 3629 4357 3706 virtute
4415 3649 4558 3713 pro·

2625 3724 2892 3784 sternet.

2793 3802 2896 3870 25.
2948 3801 3173 3868 Goletis
3214 3801 3506 3868 Iehovam
3548 3801 3759 3867 Deum
3800 3805 4085 3867 vestrum.
4193 3800 4385 3866 Haec
4428 3798 4561 3883 qui-

2626 3889 2773 3955 dem
2818 3888 3161 3973 promissio
3196 3888 3277 3952 ad
3316 3888 3473 3952 alias
3511 3888 3807 3971 proxime
3842 3885 4105 3966 accedit,
4143 3886 4383 3970 quibus
4417 3905 4558 3969 pro·

2625 3975 2842 4059 prium
2877 3974 3089 4039 locum
3127 3973 3481 4040 destinavi:
3537 3974 3662 4040 hoc
3707 3985 3925 4038 tamen
3964 3972 4162 4037 habet
4205 3972 4558 4048 diversum,

2623 4060 2794 4143 quod
2837 4061 3155 4144 populum
3199 4059 3492 4125 invitans
3535 4059 3618 4124 ad
3653 4059 3943 4125 studium
3979 4056 4340 4124 servandae
4380 4056 4558 4141 legis,

2623 4145 2902 4213 foederis
2985 4145 3371 4229 iampridem
3450 4165 3598 4211 cum
3680 4145 3975 4228 patribus
4037 4144 4188 4209 initi
4257 4144 4562 4209 effectum

2623 4234 2926 4316 proponit
2997 4240 3150 4297 aute
3215 4231 3466 4310 oculos,
3534 4251 3658 4314 quo
3724 4230 4005 4296 alacrius
4074 4229 4284 4314 legem
4359 4226 4561 4294 susci-

2626 4318 2829 4402 piant.
2887 4317 3121 4400 Itaque
3166 4337 3294 4381 non
3339 4317 3453 4383 abs
3500 4338 3570 4381 re
3615 4337 3824 4399 nuper
3866 4314 4023 4393 dixi,
4069 4317 4348 4400 quaein
4384 4333 4563 4398 prae-

2625 4403 2891 4469 teritum
2959 4413 3217 4485 tempus
3282 4404 3641 4486 respiciunt
3700 4401 4162 4484 promissiones
4225 4400 4562 4484 proprium

2624 4489 2838 4556 locum
2883 4489 2991 4555 hic
3034 4488 3307 4567 habere,
3375 4488 3487 4554 ubi
3531 4497 4004 4571 praeparantur
4045 4487 4248 4553 animi
4307 4484 4395 4551 ad
4444 4484 4562 4550 Dei

2625 4574 3001 4658 obsequium
3038 4582 3105 4638 et
3142 4573 3306 4658 legis
3339 4573 3876 4651 observationem,
3919 4573 4070 4658 quia
4102 4593 4311 4657 genus
4348 4571 4562 4636 Abra-

2625 4662 2751 4726 hae
2812 4661 2991 4727 Deus
3050 4659 3173 4725 sibi
3216 4659 3506 4744 elegerit,
3563 4658 3735 4742 quod
3776 4660 4000 4724 favore
4043 4679 4163 4724 suo
4208 4676 4562 4742 proseque-

2624 4757 2822 4812 retur.
2913 4745 3198 4829 Ideoque
3263 4744 3778 4812 benedictionem
3846 4765 4033 4810 suam
4098 4744 4430 4829 promittit
4492 4742 4560 4805 in

2622 4852 2811 4915 pane,
2876 4841 2945 4898 et
2987 4832 3206 4916 aquis,
3261 4839 3329 4897 et
3372 4851 3681 4915 prospera
3724 4830 4118 4896 valetudine.
4206 4829 4339 4895 His
4385 4828 4558 4894 enim

2620 4918 2832 4983 tribus
2890 4924 3146 4984 constat
3196 4918 3558 5001 praesentis
3614 4917 3790 4982 vitae
3845 4925 4079 4983 status.
4168 4915 4379 4981 Addit
4432 4913 4561 4980 alia

2621 5004 2767 5081 duo,
2812 5001 3316 5070 foecunditatem
3363 5003 3432 5067 in
3478 5001 3695 5068 sobole
3739 5010 3805 5068 et
3839 5002 4014 5069 vitae
4056 5000 4553 5086 longitudinem.

2623 5089 2900 5154 Summa
2933 5097 3052 5168 est,
3099 5088 3222 5153 Dei
3258 5088 3649 5154 liberalitate
3681 5087 3887 5154 fuisse
3927 5098 4333 5172 praeventos,
4374 5097 4452 5151 ut
4483 5085 4557 5149 li·

2621 5175 2851 5240 beuter
2889 5195 3039 5240 eum
3063 5174 3368 5252 colerent,
3404 5181 3473 5240 et
3491 5176 3625 5239 iam
3646 5175 3716 5239 in
3752 5183 4061 5258 promptu
4082 5194 4225 5240 esse
4242 5168 4557 5256 quidquid

2622 5261 2939 5344 promisit,
2973 5260 3028 5326 si
3067 5259 3257 5325 modo
3293 5260 3431 5326 eius
3468 5261 3717 5345 gratiae
3751 5258 4203 5345 respondeant.
4249 5259 4399 5325 Etsi
4444 5278 4549 5323 au·

2624 5355 2752 5411 tem
2816 5365 3056 5431 magna
3110 5345 3236 5411 fuit
3288 5345 3465 5412 illius
3510 5356 3722 5413 terrae
3757 5348 4040 5427 ubertas,
4100 5354 4167 5411 et
4207 5344 4555 5428 multiplex
