4867 6150
529 433 655 500 131

526 623 661 693 ciat
708 621 893 689 Deus
950 629 1277 689 mutatum
1343 622 1426 688 iri
1481 642 1595 689 cor
1651 621 2038 702 Pharaonis,
2105 642 2189 687 ne
2255 618 2482 705 populi

535 709 787 776 exitum
845 707 1191 791 impediat,
1258 707 1372 774 sed
1437 707 1578 774 eius
1634 708 1731 775 rei
1795 729 1994 793 quam
2062 707 2484 791 pertinaciter

535 801 925 879 negaverat,
990 794 1166 860 ultro
1230 794 1367 860 fore
1431 792 1761 878 cupidum.
1862 794 1943 861 Id
2002 795 2178 860 enim
2244 801 2486 858 sonant

537 881 767 950 verba:
812 880 963 946 Non
1007 879 1202 946 modo
1223 901 1341 946 vos
1385 878 1691 961 dimittet,
1728 880 1844 948 sed
1888 881 2154 946 omnino
2177 877 2483 962 expellet.

536 967 711 1034 Nam
756 986 984 1117 οἷπιιιιι
1021 965 1460 1049 praesentiam
1496 965 1860 1033 exhorrens
1892 964 2123 1032 sedulo
2160 986 2197 1029 e
2228 986 2352 1030 sna
2387 964 2484 1028 di-

540 1052 719 1119 tione
763 1073 802 1116 a
847 1073 883 1117 e
929 1052 1000 1117 it.

714 1140 774 1204 2.
835 1072 1111 1220 Lffiquere
1161 1156 1325 1201 nunc
1378 1138 1449 1202 im
1493 1135 1757 1203 auribus
1786 1136 2032 1221 popula‘.
2136 1136 2347 1202 Iterat
2403 1133 2486 1199 de

538 1222 899 1308 spoliandis
946 1222 1293 1308 Aegyptiis
1344 1221 1750 1302 mandatum,
1810 1224 1995 1289 euius
2039 1223 2229 1288 tertio
2274 1222 2487 1306 eapite

537 1309 713 1377 facta
755 1309 880 1374 fuit
923 1310 1191 1374 mentio.
1277 1307 1507 1391 Neque
1550 1309 1726 1374 enim
1769 1309 1933 1375 satis
1976 1309 2120 1374 Deo
2164 1307 2293 1373 fuit
2335 1328 2487 1372 suos

542 1395 795 1479 eripere
860 1414 900 1459 a
961 1416 1158 1460 saeva
1210 1393 1594 1479 tyrannide,
1660 1395 1780 1460 sub
1838 1414 1967 1477 qua
2025 1394 2136 1459 vix
2179 1394 2485 1477 spiritum

541 1481 779 1549 misere
823 1480 1178 1546 trahebant
1220 1480 1286 1544 in
1326 1501 1567 1563 magna
1605 1481 1882 1564 penuria
1913 1487 1981 1546 et
2014 1488 2324 1565 egestate,
2360 1479 2488 1544 nisi

542 1588 653 1634 eos
697 1567 928 1651 opibus
970 1566 1156 1649 large
1201 1564 1473 1631 ditaret:
1517 1585 1592 1630 ac
1636 1566 1694 1632 si
1737 1587 1821 1630 ex
1865 1564 2161 1633 hostibus
2203 1565 2489 1631 subactis

543 1651 868 1719 referrent
912 1652 1272 1734 praemium
1319 1652 1647 1718 victoriae.
1735 1652 1970 1735 Itaque
2013 1651 2094 1716 ad
2155 1650 2491 1735 singulare

544 1739 786 1822 alioqui
833 1737 1216 1804 beneficium
1256 1737 1363 1802 hic
1397 1737 1704 1804 cumulus
1739 1738 2031 1814 accessit,
2070 1736 2241 1820 quod
2278 1736 2490 1818 splen·

545 1823 694 1890 dide
740 1823 958 1889 ornati
1001 1832 1070 1888 et
1112 1823 1401 1907 pretiosa
1451 1823 1858 1908 supellectile
1899 1824 2123 1889 onusti
2167 1823 2489 1889 abierunt.

547 1908 893 1992 Quomodo
951 1918 1171 1974 autem
1229 1907 1550 1975 Israelitis
1605 1908 1895 1989 licuerit,
1952 1908 2078 1974 sub
2146 1917 2491 1992 praetextu

548 1995 957 2063 commodato
1010 1995 1294 2079 petendi,
1342 2015 1498 2061 vasa
1556 2014 1758 2061 aurea
1800 2005 1868 2061 et
1911 2003 2225 2080 argentea
2267 2015 2490 2061 secum

549 2082 836 2162 auferre,
903 2092 1057 2147 ante
1112 2081 1555 2164 exposuimus.
1664 2080 1817 2148 Una
1880 2092 2058 2148 certe
2115 2078 2245 2145 Dei
2304 2091 2492 2146 auto-

546 2168 710 2234 ritas
758 2188 798 2231 a
856 2167 1013 2232 furti
1060 2176 1127 2231 et
1173 2166 1305 2232 doli
1347 2167 1506 2232 mali
1548 2167 1822 2232 crimine
1867 2187 1978 2233 eos
2021 2165 2320 2232 absolvit.
2407 2165 2492 2231 In

544 2254 670 2322 Dei
727 2261 946 2319 autem
1001 2253 1183 2318 iussu
1249 2252 1601 2336 quidquam
1657 2272 1926 2337 carpere
1983 2253 2090 2319 vel
2138 2251 2489 2335 reprehen-

544 2337 734 2418 dere,
799 2337 1050 2403 nemini
1105 2339 1477 2404 mortalium
1540 2339 1640 2404 fas
1696 2341 1856 2404 erit:
1920 2360 2051 2405 non
2099 2338 2292 2403 modo
2334 2339 2494 2421 quia

541 2445 744 2510 supra
785 2444 1013 2490 omnes
1057 2423 1235 2509 leges
1270 2433 1370 2490 est
1406 2426 1548 2490 eius
1582 2424 1955 2507 imperium,
2000 2424 2114 2489 sed
2161 2424 2491 2507 quia,eius

540 2512 846 2577 voluntas
906 2510 1377 2594 perfectissima
1432 2523 1531 2576 est
1585 2509 1808 2595 legum
1874 2510 2169 2576 omnium
2237 2531 2487 2576 norma.

538 2596 768 2679 Neque
822 2597 994 2660 enim
1055 2593 1202 2660 ideo
1260 2615 1300 2679 a
1358 2596 1501 2680 lege
1544 2597 1860 2661 immunis
1914 2603 2017 2662 est
2072 2597 2254 2664 Deus
2313 2595 2488 2679 quod

542 2703 692 2749 eum
738 2680 1015 2748 delectet
1059 2681 1364 2748 effraenis
1408 2689 1722 2766 potestas:
1770 2681 1886 2748 sed
1928 2681 2083 2766 quia
2126 2682 2196 2746 in
2240 2683 2486 2764 perfec·

544 2768 720 2835 tione
765 2774 988 2832 tantae
1030 2767 1323 2833 iustitiae
1366 2767 1549 2833 nulla
1592 2767 1740 2852 lege
1782 2789 1947 2852 opus
1990 2777 2108 2833 est.
2177 2767 2327 2833 Etsi
2371 2790 2488 2833 au-

542 2862 675 2920 tem
712 2853 1050 2920 excusatio
1074 2875 1267 2937 quam
1307 2853 1594 2919 afferunt
1617 2854 1939 2933 nonnulli,
1976 2854 2257 2919 rationis
2274 2854 2489 2919 colore

541 2960 673 3006 non
710 2958 980 3022 prorsus
1010 2950 1206 3020 caret,
1252 2936 1635 3006 durissimos
1668 2939 1925 3006 labores
1961 2961 2122 3023 quos
2145 2940 2490 3025 tyrannice

542 3034 901 3109 exegerant
939 3026 1249 3111 Aegyptii
1294 3024 1515 3110 aliqua
1557 3025 1857 3093 mercede
1891 3026 2096 3094 fuisse
2132 3024 2384 3113 dignos,
2422 3034 2491 3091 et

541 3112 690 3177 ideo
734 3114 877 3177 iure
919 3111 1141 3178 Deum
1180 3112 1319 3178 suis
1364 3112 1737 3195 permisisse
1778 3124 1855 3178 ut
1887 3113 2490 3197 compensationem

543 3199 902 3283 exigerent,
939 3219 1067 3281 qua
1100 3198 1345 3264 iniuste
1381 3197 1622 3282 alioqui
1660 3209 1878 3265 essent
1901 3197 2222 3264 fraudati:
2260 3198 2340 3263 ad
2367 3199 2489 3264 has

543 3292 762 3349 tamen
800 3304 875 3348 ar
970 3289 1094 3350 tias
1128 3284 1480 3368 confugere
1517 3305 1783 3351 necesse
1818 3305 1948 3350 non
1985 3292 2113 3351 est:
2161 3284 2319 3369 quia
2351 3286 2488 3351 suf-

546 3371 739 3436 ficere
799 3369 880 3434 de
923 3378 990 3434 et
1040 3370 1432 3453 principium
1489 3369 1652 3435 illud
1704 3370 1878 3453 quod
1925 3369 2083 3436 alibi
2124 3371 2490 3453 posuimus,

544 3455 765 3521 Deum
810 3455 882 3520 in
927 3456 1115 3521 cuius
1160 3477 1362 3520 manu
1407 3465 1563 3521 sunt
1605 3457 1771 3522 fines
1805 3465 2040 3533 terrae,
2087 3477 2205 3539 pro
2242 3477 2361 3522 suo
2391 3478 2492 3522 ar-

541 3539 740 3608 bitrio
764 3539 1082 3624 dissipare
1117 3553 1183 3606 et
1219 3557 1513 3608 evertere
1546 3563 1769 3626 regna,
1808 3551 1877 3607 et
1910 3549 2168 3607 mutare
2191 3544 2490 3627 gentium

544 3625 857 3706 ditiones,
917 3625 1153 3693 nedum
1218 3628 1504 3711 privatas
1543 3627 1810 3694 divitias
1866 3637 1932 3692 et
1975 3628 2492 3712 suppellectilem

541 3712 638 3779 ita
680 3712 915 3797 partiri
961 3725 1033 3778 ut
1067 3714 1232 3779 alios
1267 3713 1408 3780 locu
1460 3713 1633 3792 letet‚
1679 3714 1842 3780 alios
1876 3713 1958 3778 ad
1994 3714 2281 3797 inopiam
2319 3714 2492 3779 redi-

545 3806 677 3884 gat.
723 3795 932 3864 Dives
981 3809 1052 3863 et
1100 3819 1349 3882 pauper
1396 3734 1637 3887 Ji'nquit
1687 3799 1975 3877 Solomo,
2025 3799 2225 3866 ProV.
2262 3800 2365 3881 22,
2401 3798 2491 3901 2),

546 3894 777 3949 mutuo
815 3883 938 3949 sibi
975 3893 1354 3951 occurrunt:
1409 3896 1759 3969 utrumque
1792 3884 1978 3951 Deus
2013 3887 2278 3952 creavit.
2325 3885 2491 3968 Qm-

544 3971 668 4037 bus
714 3970 933 4036 verbis
976 3970 1319 4054 significat,
1370 3971 1441 4036 in
1479 3970 1742 4036 diversa
1776 3972 2212 4055 permixtione
2247 3993 2493 4056 paupe·

545 4077 697 4121 rum
733 4063 801 4121 et
835 4055 1119 4121 divitum
1164 4077 1441 4140 regnare
1474 4055 1602 4123 Dei
1640 4056 2139 4140 providentiam.
2206 4056 2402 4139 Quod
2435 4059 2495 4124 si

546 4140 801 4207 furtum
838 4141 1079 4208 ablatio
1114 4151 1215 4209 est
1247 4143 1346 4208 rei
1379 4141 1665 4222 alienae,
1716 4164 1883 4226 quae
1930 4143 2073 4208 Deo
2120 4142 2365 4227 placuit
2410 4143 2495 4210 ad

549 4247 702 4294 suos
742 4228 1119 4307 transferre,
1159 4228 1374 4294 alienu
1409 4229 1665 4295 censeri
1698 4249 1830 4294 non
1868 4226 2125 4295 debent.
2207 4229 2400 4312 Quod
2437 4230 2496 4297 si

548 4313 693 4379 iure
729 4312 884 4380 belli
908 4313 1265 4380 victoribus
1298 4313 1452 4381 licet
1474 4315 1683 4399 spolia
1705 4335 1789 4380 ex
1823 4314 2127 4381 hostibus
2165 4315 2493 4401 colligere,

548 4419 667 4464 cur
703 4399 920 4465 minus
957 4400 1217 4466 licuisse
1237 4399 1383 4467 Deo
1405 4401 1780 4485 putabimus
1801 4400 1869 4465 in
1906 4399 2289 4486 Aegyptios,
2332 4424 2497 4485 quos

549 4484 775 4551 decem
809 4485 1185 4570 insignibus
1205 4485 1469 4570 praeliis
1504 4486 1770 4565 vicerat,
1809 4495 2159 4570 antequam
2195 4487 2278 4553 ad
2313 4487 2494 4555 dedi-

549 4571 797 4636 tionem
876 4591 952 4638 co
1039 4570 1184 4637 ret?
1292 4571 1438 4638 Iam
1517 4570 1598 4638 de
1674 4579 2023 4656 praetextu
2086 4574 2495 4640 commodato

545 4655 813 4741 petendi
846 4591 1056 4723 facilis
1098 4667 1200 4723 est
1241 4657 1598 4741 responsio.
1685 4658 1916 4742 Neque
1963 4659 2138 4724 enim
2180 4662 2495 4727 mentitae

548 4749 707 4808 sunt
749 4741 1150 4809 Israeliticae
1192 4743 1495 4824 feminae,
1537 4765 1697 4811 vasa
1738 4745 1808 4808 in
1852 4766 2047 4810 usum
2087 4746 2494 4813 sacrificandi

548 4828 874 4912 rogando:
931 4829 1240 4911 quoniam
1299 4829 1393 4895 sie
1437 4840 1857 4914 praeceperat
1899 4829 2114 4910 Deus,
2182 4832 2250 4896 in
2309 4833 2495 4900 cuius

547 4923 876 4997 potestate
918 4913 1044 4981 fuit
1086 4915 1202 4980 illa
1235 4913 1472 4981 deinde
1507 4916 1574 4981 in
1612 4917 1774 4981 alios
1807 4936 1970 4982 usus
2007 4917 2356 4984 destinare.
2404 4919 2496 4984 Et

547 5009 773 5066 tamen
815 5021 970 5084 pars
1013 5001 1386 5068 sanctuario
1430 4999 1644 5067 dicata
1687 5002 1842 5082 fuit,
1908 5010 1981 5067 ut
2026 5002 2179 5068 alibi
2246 5002 2493 5070 videbi·

547 5106 714 5152 mus.
801 5086 976 5152 Nam
1019 5095 1284 5170 praeter
1326 5087 1564 5168 altare,
1620 5087 2026 5154 thuribulum
2074 5096 2141 5155 et
2196 5089 2496 5155 candela-

546 5170 775 5253 brum,
839 5172 1093 5255 aliaque
1161 5192 1318 5239 vasa
1378 5174 1517 5239 eius
1561 5175 1821 5260 generis
1843 5223 1861 5255 ,
1928 5174 2226 5259 singulae
2280 5176 2495 5243 tribus

549 5257 806 5341 phialas
851 5267 917 5324 et
958 5269 1222 5343 pateras
1264 5280 1373 5325 ma
1467 5261 1487 5325 i
1533 5262 1727 5345 pretii
1763 5258 2164 5327 obtulerunt.
2252 5262 2494 5328 Memi-

544 5345 845 5410 nerimus
903 5351 1124 5411 tamen
1189 5346 1384 5431 singu
1413 5367 1525 5413 are
1589 5346 1965 5430 exemplum
2036 5346 2144 5414 hic
2210 5348 2491 5427 narrari,

1707 412 2442 501 ooMMnNmAmus
2485 429 2586 497 IN
2638 427 2940 495 nxom
2984 427 3185 495 off.
3230 427 3355 538 ιιι.

4397 426 4509 492 132

2584 618 2772 684 cuius
2818 617 3058 701 absque
3101 618 3371 702 speciali
3406 617 3538 684 Dei
3580 615 3909 698 mandato,
3955 637 4266 702 perversa
4309 617 4511 681 imita·

2587 708 2675 770 tio
2719 716 2910 770 esset.

2756 790 2817 855 3.
2864 788 2954 856 Et
2991 788 3165 856 dabit
3205 788 3436 857 Iehova
3470 791 3765 874 qratiam.
3808 788 3982 871 Quia
4016 790 4346 872 nunquam
4384 808 4517 871 spe·

2586 885 2845 942 rassent
2867 875 3206 942 Israelitae
3231 886 3362 940 tam
3398 875 3622 941 faciles
3658 895 3816 960 erga
3851 897 3921 940 se
3957 888 4023 939 et
4058 874 4371 959 benignos
4392 874 4517 941 fore

2591 962 2984 1047 Aegyptios,
3047 982 3316 1044 quorum
3363 963 3550 1045 prius
3594 962 3845 1044 rapinis
3889 962 4204 1026 exinaniti
4249 961 4518 1041 fuerant,

2590 1049 2981 1133 pronunciat
3022 1047 3245 1114 Moses
3290 1047 3420 1115 huc
3476 1056 3545 1113 et
3598 1048 3758 1115 illuc
3820 1068 3856 1113 a
3905 1047 4046 1113 Deo
4091 1047 4263 1114 flecti
4319 1047 4519 1112 homi-

2590 1155 2747 1200 num
2793 1132 3005 1200 corda.
3109 1133 3278 1199 Nam
3327 1134 3519 1199 sicuti
3565 1141 3842 1200 testatur
3885 1132 4193 1199 Psalmus
4238 1132 4379 1211 105,
4421 1132 4517 1213 25,

2588 1218 2902 1303 impulsos
2942 1218 3145 1285 fuisse
3167 1222 3271 1285 Ae
3362 1219 3532 1303 ptios
3575 1239 3614 1283 a
3638 1217 3781 1285 Deo
3806 1219 3875 1283 in
3911 1217 4132 1284 odium
4167 1219 4409 1304 populi,
4450 1227 4522 1285 ut

2587 1306 2767 1371 viam
2806 1304 3191 1389 magnificae
3233 1304 3283 1369 li
3368 1305 3605 1370 rationi
3647 1311 3935 1388 pararet:
4004 1305 4096 1369 ita
4131 1325 4394 1371 rursum
4428 1326 4526 1389 po·

2591 1392 2718 1457 tuit
2748 1392 2819 1456 in
2856 1390 3254 1457 contrariam
3291 1401 3540 1474 partem
3566 1391 3902 1470 inclinare,
3938 1397 4015 1457 ut
4034 1391 4307 1456 comiter
4327 1394 4527 1474 porri·

2589 1486 2821 1561 gerent
2843 1496 3008 1560 quae
3041 1476 3224 1560 prius
3249 1498 3480 1561 aspere
3517 1487 3885 1561 negassent,
3923 1497 4051 1542 non
4078 1478 4221 1543 sine
4256 1478 4448 1542 minis
4468 1486 4531 1542 et

2594 1562 2991 1629 verberibus.
3080 1562 3402 1630 Doctrina
3459 1564 3753 1646 apprime
3798 1563 4063 1647 cognitu
4111 1562 4324 1641 utilis,
4385 1564 4531 1646 quia

2590 1649 2701 1715 ubi
2748 1648 3000 1714 duriter
3033 1649 3105 1713 in
3141 1671 3261 1714 nos
3297 1650 3603 1714 saeviunt
3635 1648 3958 1733 homines,
4003 1647 4084 1714 ad
4127 1649 4530 1714 tolerantiam

2593 1754 2712 1802 nos
2777 1733 3020 1815 erudit,
3099 1733 3254 1800 dum
3321 1736 3563 1801 scimus
3647 1733 3980 1799 libidinem
4060 1733 4531 1818 improbrorum

2594 1842 2726 1886 non
2773 1821 2865 1885 ita
2908 1821 3192 1904 grassari
3236 1820 3395 1904 quin
3438 1841 3557 1903 per
3590 1821 3768 1903 ipsos
3794 1822 3975 1886 Deus
4013 1834 4278 1904 peccata
4313 1828 4533 1887 nostra

2593 1906 2886 1987 castiget,
2953 1927 3198 1988 nosque
3263 1916 3566 1973 exerceat
3591 1958 3605 1985 ,
3681 1907 3783 1971 vel
3855 1906 4177 1972 humiliet.
4288 1906 4530 1971 Eadem

2592 2012 2849 2075 quoque
2910 2011 3039 2056 non
3106 2011 3312 2075 parvo
3369 1992 3601 2058 solatio
3646 1992 3905 2076 mitigat
3949 1991 4202 2059 dolores
4260 2002 4531 2071 nostros,

2593 2087 2660 2143 et
2712 2078 2793 2142 ad
2839 2075 3058 2142 Deum
3116 2078 3556 2144 invocandum
3616 2088 3980 2161 opportune
4039 2100 4156 2143 nos
4213 2079 4532 2157 sollicitat,

2592 2172 2671 2228 ut
2726 2183 2765 2227 a
2809 2162 3070 2228 feritate
3113 2175 3179 2228 et
3221 2164 3500 2230 saevitia
3542 2164 3829 2230 hostium
3875 2173 4241 2230 nostrorum
4288 2169 4535 2230 animos

2592 2247 2676 2315 ad
2722 2248 3197 2314 humanitatem
3246 2258 3602 2317 convertat.
3667 2250 3816 2315 Hoc
3861 2251 3987 2333 piis
4031 2251 4338 2316 omnibus
4372 2272 4533 2317 sem·

2590 2356 2710 2420 per
2754 2334 2955 2401 fuisse
2998 2355 3408 2418 persuasum,
3456 2357 3538 2401 ex
3575 2336 3872 2420 pluribus
3914 2335 4074 2401 loeis
4096 2346 4376 2404 constat.
4419 2339 4536 2402 At-

2591 2442 2719 2505 que
2762 2441 2844 2485 ex
2887 2422 3221 2487 communi
3268 2442 3445 2487 more
3493 2422 3667 2487 haud
3715 2422 3908 2487 dubie
3953 2422 4064 2487 ille
4100 2443 4310 2487 sermo
4349 2421 4535 2489 Iacob

2592 2505 2673 2572 ad
2699 2506 2892 2572 filios:
2931 2506 3137 2571 Dabit
3172 2508 3358 2574 vobis
3385 2509 3564 2574 Deus
3593 2510 3873 2591 grat-iam
3894 2509 3965 2572 in
3989 2509 4194 2575 oculis
4220 2511 4345 2573 viri
4367 2509 4536 2575 illius

2592 2591 2789 2679 (Gen.
2826 2591 2931 2671 43,
2987 2591 3112 2679 14).
3202 2592 3336 2659 Sed
3382 2595 3533 2677 quia
3579 2593 3818 2660 talibus
3864 2594 4256 2660 testimoniis
4301 2596 4538 2661 referta

2593 2687 2691 2746 est
2725 2679 3065 2761 scriptura,
3103 2699 3308 2744 unum
3347 2679 3509 2744 illud
3548 2679 3783 2747 citasse
3819 2679 4123 2748 sufficiat.
4186 2679 4536 2746 Caeterum

2593 2785 2725 2830 non
2764 2785 3022 2846 semper
3058 2761 3242 2830 Deus
3278 2765 3516 2849 spiritu
3562 2765 4073 2849 regenerationis
4117 2767 4196 2831 ad
4237 2788 4536 2832 mansue-

2593 2849 2888 2916 tudinem
2931 2851 3170 2915 format
3213 2852 3539 2931 homines,
3598 2865 3674 2917 ut
3719 2873 3801 2917 ex
3846 2851 4017 2935 lupis
4061 2854 4213 2936 agni
4261 2854 4535 2918 reddan-

2593 2945 2729 3002 tur:
2785 2934 2899 3002 sed
2956 2935 3285 3002 interdum
3345 2938 3715 3004 nescientes
3772 2939 4025 3006 occulto
4078 2939 4401 3004 instinctu
4459 2938 4537 3003 ad

2594 3022 2791 3089 breve
2838 3032 3096 3105 tempus
3141 3022 3414 3089 emollit:
3470 3025 3660 3090 sicuti
3707 3024 3786 3090 de
3834 3024 4181 3111 Aegyptiis
4227 3025 4338 3092 hic
4380 3024 4537 3109 legi-

2593 3130 2759 3174 mus.
2868 3106 2954 3173 In
3030 3109 3316 3176 seeundo
3381 3112 3676 3177 membro
3755 3133 4011 3189 versus,
4096 3111 4201 3177 ubi
4269 3111 4536 3177 dicitur:

2591 3195 2817 3260 Etiam
2861 3194 2963 3261 vir
3003 3193 3118 3260 ille
3154 3195 3406 3277 Moses,
3460 3204 3603 3275 etc„
3654 3206 3924 3263 notatur
3981 3196 4256 3263 inferior
4303 3208 4374 3262 et
4421 3194 4538 3263 sub

2593 3280 2849 3347 alterna
2881 3301 3097 3362 causa,
3137 3302 3303 3364 quae
3338 3288 3475 3348 tam
3511 3282 3594 3347 ad
3629 3282 3986 3350 flectendos
4023 3284 4392 3369 Aegyptios
4429 3304 4540 3350 va-

2592 3366 2717 3433 luit
2770 3387 2967 3449 quam
3025 3366 3109 3432 ad
3166 3367 3501 3434 Israelitas
3558 3368 3971 3448 animandos,
4031 3377 4108 3434 ut
4165 3380 4540 3436 reverenter

2593 3454 2854 3536 utrique
2888 3451 3067 3518 illius
3103 3453 3294 3520 dictis
3330 3474 3580 3519 morem
3617 3465 3941 3541 gererent.
4002 3455 4149 3521 Etsi
4186 3455 4370 3522 enim
4406 3455 4540 3522 sola

2594 3539 2721 3604 Dei
2761 3538 3007 3604 virtute
3042 3546 3180 3605 tota
3215 3539 3377 3608 haec
3413 3561 3516 3607 res
3553 3542 3920 3625 gubernata
3962 3542 4108 3622 fuit,
4151 3562 4284 3607 non
4324 3551 4539 3608 tamen

2593 3623 2979 3707 simpliciter
3024 3627 3159 3709 egit
3202 3647 3317 3709 per
3362 3648 3432 3691 se
3475 3627 3723 3710 ipsum:
3769 3627 3882 3692 sed
3930 3628 4083 3710 quia
4127 3627 4366 3694 Mosen
4411 3627 4538 3693 ele-

2592 3719 2780 3793 gerat
2822 3711 3231 3792 ministrum,
3290 3713 3540 3795 aliquas
3585 3714 3644 3778 ei
3690 3722 3909 3798 partes
3952 3712 4270 3779 attribuit.
4363 3713 4538 3779 Hinc

2592 3796 2929 3863 veneratio
2972 3818 3138 3880 quae
3191 3806 3326 3863 tam
3373 3800 3735 3885 Aegyptios
3777 3820 3970 3883 quam
4017 3800 4352 3865 Israelitas
4396 3797 4538 3865 red-

2594 3880 2758 3949 didit
2801 3882 3264 3965 obsequentes,
3334 3905 3417 3949 ne
3482 3906 3699 3952 vanus
3742 3894 3916 3952 esset
3959 3887 4102 3951 eius
4146 3884 4349 3951 labor.
4437 3882 4538 3949 De

2592 3968 2733 4035 sola
2790 3966 3050 4051 quidem
3109 3979 3307 4055 gente
3348 3972 3754 4056 Aegyptiace
3801 3971 4120 4055 loquitur:
4165 3969 4537 4057 (postquam

2593 4055 2767 4120 enim
2816 4055 3034 4137 posuit
3091 4060 3333 4121 terram
3393 4057 3631 4140 ipsam,
3689 4058 4020 4125 subnectit
4076 4057 4240 4123 duas
4300 4065 4538 4141 partes,

2594 4161 2818 4207 servos
2838 4139 3224 4222 Pharaonis,
3269 4141 3391 4209 hoc
3426 4155 3526 4209 est
3563 4165 3862 4228 proceres
3895 4153 3962 4210 et
3995 4142 4259 4224 aulicos,
4304 4141 4540 4208 deinde

2595 4227 2837 4311 vulgus
2900 4227 3376 4312 promiscuum,
3436 4227 3557 4316 (sic
3620 4229 3796 4295 enim
3863 4232 4257 4313 interpretor
4317 4226 4537 4312 populi

2597 4334 2834 4379 nomen
2902 4315 3234 4396 praesenti
3298 4313 3466 4403 loco)
3529 4315 3643 4381 sed
3710 4315 3903 4399 paulo
3968 4324 4116 4400 post
4153 4313 4537 4393 videbimus,

2597 4398 2770 4484 apud
2814 4398 3150 4466 Israelitas
3191 4421 3444 4484 quoque
3485 4402 3808 4486 profuisse
3851 4401 4186 4481 miracula,
4228 4408 4309 4467 ut
4343 4400 4541 4466 liben-

2596 4485 2728 4551 tius
2770 4483 3113 4553 crederent
3155 4494 3221 4552 et
3263 4496 3588 4571 parerent.
3679 4488 3890 4556 Docet
3927 4495 4152 4554 autem
4196 4487 4306 4553 hic
4340 4486 4536 4563 locus,

2596 4591 2792 4655 saepe
2858 4570 2931 4636 in
2996 4570 3248 4638 honore
3325 4582 3393 4639 et
3458 4573 3667 4657 pretio
3732 4595 3878 4641 esse
3927 4573 4061 4640 Dei
4116 4593 4364 4654 servos,
4431 4571 4537 4638 ubi

2596 4667 2814 4723 tamen
2855 4656 3016 4723 fides
3052 4679 3183 4724 non
3221 4657 3503 4726 habetur
3536 4681 3761 4726 eorum
3809 4660 4158 4726 doctrinae.
4217 4656 4538 4741 Quamvis

2596 4744 2771 4810 enim
2815 4744 3051 4810 Mosen
3106 4753 3539 4812 revereantur
3581 4755 3647 4811 et
3683 4745 4161 4830 magnifaciant
4207 4743 4535 4830 Aegyptii,

2595 4851 2729 4896 non
2772 4829 2920 4895 ideo
2963 4831 3044 4895 ad
3081 4828 3372 4896 studium
3406 4832 3673 4916 pietatis
3705 4833 4047 4899 inclinant.
4092 4831 4199 4898 Ita
4232 4838 4302 4897 et
4322 4831 4535 4896 Deum

2594 4916 2806 5000 ipsum
2841 4916 3221 5001 particulari
3257 4917 3495 4986 affectu
3530 4937 3725 5002 saepe
3747 4926 4052 4985 metuunt
4084 4917 4291 5002 impii,
4328 4934 4538 5000 neque

2595 5001 2813 5068 tamen
2859 5022 2929 5068 se
2972 5001 3113 5069 eius
3156 5003 3434 5085 imperio
3479 5003 3811 5071 addicunt.

2766 5088 2826 5154 5.
2873 5087 2962 5154 Et
3001 5088 3166 5155 dixit
3210 5088 3453 5157 Moses.-
3499 5089 3607 5156 Sic
3647 5090 3801 5158 dicit
3843 5089 4094 5156 Iehova.
4141 5087 4303 5154 Dixi
4326 5106 4536 5172 nuper

2594 5195 2724 5241 non
2776 5183 2931 5241 ante
2975 5174 3342 5258 digressum
3377 5176 3580 5243 fuisse
3608 5176 3847 5242 Mosen
3883 5198 3924 5243 a
3948 5174 4296 5244 Pharaone
4333 5173 4533 5238 donec

2594 5261 2868 5327 ultimae
2912 5259 3114 5327 cladis
3159 5262 3471 5328 nuncium
3509 5262 3903 5347 pertulisset.
3970 5261 4158 5327 Haec
4191 5260 4397 5345 igitur
4429 5258 4532 5325 de-

2597 5345 2931 5414 nunciatio
2957 5367 3106 5413 eum
3139 5349 3473 5430 superiore
3500 5368 3804 5415 sermone
3827 5368 3956 5415 nno
3984 5354 4202 5414 tractu
4230 5354 4536 5412 contexta
