<?xml version="1.0" encoding="UTF-8"?>
<!DOCTYPE html PUBLIC "-//W3C//DTD XHTML 1.0 Transitional//EN"
    "http://www.w3.org/TR/xhtml1/DTD/xhtml1-transitional.dtd">
<html xmlns="http://www.w3.org/1999/xhtml" xml:lang="en" lang="en">
 <head>
  <title>
</title>
<meta http-equiv="Content-Type" content="text/html;charset=utf-8" />
  <meta name='ocr-system' content='tesseract 3.04.00' />
  <meta name='ocr-capabilities' content='ocr_page ocr_carea ocr_par ocr_line ocrx_word'/>
</head>
<body>
  <div class='ocr_page' id='page_1' title='image "./ioanniscalvinio04unkngoog_0071.png"; bbox 0 0 4867 6150; ppageno 0'>
   <div class='ocr_carea' id='block_1_1' title="bbox 351 460 466 526">
    <p class='ocr_par' dir='ltr' id='par_1_1' title="bbox 351 460 466 526">
     <span class='ocr_line' id='line_1_1' title="bbox 351 460 466 526; baseline 0 0"><span class='ocrx_word' id='word_1_1' title='bbox 351 460 466 526; x_wconf 88' lang='lat'>113</span> 
     </span>
    </p>
   </div>
   <div class='ocr_carea' id='block_1_2' title="bbox 330 643 2289 5547">
    <p class='ocr_par' dir='ltr' id='par_1_2' title="bbox 332 643 2289 3210">
     <span class='ocr_line' id='line_1_2' title="bbox 346 643 2284 732; baseline -0.005 -15"><span class='ocrx_word' id='word_1_2' title='bbox 346 649 651 732; x_wconf 76' lang='lat' dir='ltr'><strong>assignat,</strong></span> <span class='ocrx_word' id='word_1_3' title='bbox 698 646 851 730; x_wconf 89' lang='lat' dir='ltr'>quia</span> <span class='ocrx_word' id='word_1_4' title='bbox 894 649 949 713; x_wconf 90' lang='lat' dir='ltr'>si</span> <span class='ocrx_word' id='word_1_5' title='bbox 993 669 1127 713; x_wconf 92' lang='lat' dir='ltr'>uno</span> <span class='ocrx_word' id='word_1_6' title='bbox 1171 647 1298 713; x_wconf 83' lang='lat' dir='ltr'>levi</span> <span class='ocrx_word' id='word_1_7' title='bbox 1346 648 1594 732; x_wconf 87' lang='lat' dir='ltr'>praelio</span> <span class='ocrx_word' id='word_1_8' title='bbox 1630 645 1970 713; x_wconf 75' lang='lat' dir='ltr'><strong>cecidisset</strong></span> <span class='ocrx_word' id='word_1_9' title='bbox 2005 643 2284 722; x_wconf 78' lang='lat' dir='ltr'><strong>Pharao,</strong></span> 
     </span>
     <span class='ocr_line' id='line_1_3' title="bbox 344 730 2283 817; baseline -0.005 -15"><span class='ocrx_word' id='word_1_10' title='bbox 344 736 556 802; x_wconf 89' lang='lat' dir='ltr'>minus</span> <span class='ocrx_word' id='word_1_11' title='bbox 595 733 870 799; x_wconf 91' lang='lat' dir='ltr'>celebris</span> <span class='ocrx_word' id='word_1_12' title='bbox 913 734 1148 799; x_wconf 84' lang='lat' dir='ltr'>fuisset</span> <span class='ocrx_word' id='word_1_13' title='bbox 1209 735 1516 801; x_wconf 89' lang='lat' dir='ltr'>victoriae</span> <span class='ocrx_word' id='word_1_14' title='bbox 1560 734 1788 817; x_wconf 90' lang='lat' dir='ltr'>gloria.</span> <span class='ocrx_word' id='word_1_15' title='bbox 1876 730 1960 797; x_wconf 93' lang='lat' dir='ltr'>In</span> <span class='ocrx_word' id='word_1_16' title='bbox 2005 750 2283 804; x_wconf 89' lang='lat' dir='ltr'>summa,</span> 
     </span>
     <span class='ocr_line' id='line_1_4' title="bbox 348 816 2289 898; baseline -0.004 -11"><span class='ocrx_word' id='word_1_17' title='bbox 348 844 429 887; x_wconf 93' lang='lat' dir='ltr'>ne</span> <span class='ocrx_word' id='word_1_18' title='bbox 470 820 593 886; x_wconf 83' lang='lat' dir='ltr'>sibi</span> <span class='ocrx_word' id='word_1_19' title='bbox 628 819 980 885; x_wconf 90' lang='lat' dir='ltr'>blanditias</span> <span class='ocrx_word' id='word_1_20' title='bbox 1014 820 1229 898; x_wconf 82' lang='lat' dir='ltr'>faciat,</span> <span class='ocrx_word' id='word_1_21' title='bbox 1265 820 1370 887; x_wconf 81' lang='lat' dir='ltr'>vel</span> <span class='ocrx_word' id='word_1_22' title='bbox 1414 821 1598 886; x_wconf 89' lang='lat' dir='ltr'>inani</span> <span class='ocrx_word' id='word_1_23' title='bbox 1636 818 1871 884; x_wconf 90' lang='lat' dir='ltr'>fiducia</span> <span class='ocrx_word' id='word_1_24' title='bbox 1906 838 1977 883; x_wconf 91' lang='lat' dir='ltr'>se</span> <span class='ocrx_word' id='word_1_25' title='bbox 2012 816 2289 883; x_wconf 90' lang='lat' dir='ltr'>obduret</span> 
     </span>
     <span class='ocr_line' id='line_1_5' title="bbox 343 900 2285 990; baseline -0.005 -16"><span class='ocrx_word' id='word_1_26' title='bbox 343 907 624 981; x_wconf 89' lang='lat' dir='ltr'>Pharao,</span> <span class='ocrx_word' id='word_1_27' title='bbox 670 915 869 990; x_wconf 84' lang='lat' dir='ltr'>negat</span> <span class='ocrx_word' id='word_1_28' title='bbox 912 906 1095 971; x_wconf 90' lang='lat' dir='ltr'>Deus</span> <span class='ocrx_word' id='word_1_29' title='bbox 1141 905 1263 972; x_wconf 91' lang='lat' dir='ltr'>sibi</span> <span class='ocrx_word' id='word_1_30' title='bbox 1310 906 1390 971; x_wconf 93' lang='lat' dir='ltr'>ad</span> <span class='ocrx_word' id='word_1_31' title='bbox 1439 928 1588 972; x_wconf 91' lang='lat' dir='ltr'>eum</span> <span class='ocrx_word' id='word_1_32' title='bbox 1634 904 1965 989; x_wconf 86' lang='lat' dir='ltr'>extemplo</span> <span class='ocrx_word' id='word_1_33' title='bbox 2009 900 2285 987; x_wconf 89' lang='lat' dir='ltr'>perden-</span> 
     </span>
     <span class='ocr_line' id='line_1_6' title="bbox 343 989 2286 1070; baseline -0.005 -10"><span class='ocrx_word' id='word_1_34' title='bbox 343 993 491 1060; x_wconf 92' lang='lat' dir='ltr'>dum</span> <span class='ocrx_word' id='word_1_35' title='bbox 538 992 711 1058; x_wconf 81' lang='lat' dir='ltr'>vires</span> <span class='ocrx_word' id='word_1_36' title='bbox 756 991 1076 1070; x_wconf 80' lang='lat' dir='ltr'>defuisse,</span> <span class='ocrx_word' id='word_1_37' title='bbox 1143 991 1255 1058; x_wconf 91' lang='lat' dir='ltr'>sed</span> <span class='ocrx_word' id='word_1_38' title='bbox 1316 993 1397 1058; x_wconf 91' lang='lat' dir='ltr'>ob</span> <span class='ocrx_word' id='word_1_39' title='bbox 1441 993 1641 1058; x_wconf 91' lang='lat' dir='ltr'>alium</span> <span class='ocrx_word' id='word_1_40' title='bbox 1698 992 1896 1056; x_wconf 89' lang='lat' dir='ltr'><strong>finem</strong></span> <span class='ocrx_word' id='word_1_41' title='bbox 1957 989 2286 1054; x_wconf 86' lang='lat' dir='ltr'>distulisse</span> 
     </span>
     <span class='ocr_line' id='line_1_7' title="bbox 339 1072 2284 1162; baseline -0.004 -17"><span class='ocrx_word' id='word_1_42' title='bbox 339 1079 603 1146; x_wconf 88' lang='lat' dir='ltr'>ultimas</span> <span class='ocrx_word' id='word_1_43' title='bbox 646 1098 919 1162; x_wconf 89' lang='lat' dir='ltr'>poenas:</span> <span class='ocrx_word' id='word_1_44' title='bbox 989 1098 1114 1161; x_wconf 93' lang='lat' dir='ltr'>quo</span> <span class='ocrx_word' id='word_1_45' title='bbox 1169 1078 1416 1144; x_wconf 89' lang='lat' dir='ltr'>scilicet</span> <span class='ocrx_word' id='word_1_46' title='bbox 1456 1072 1637 1142; x_wconf 79' lang='lat' dir='ltr'>lente&#39;</span> <span class='ocrx_word' id='word_1_47' title='bbox 1681 1075 1958 1142; x_wconf 91' lang='lat' dir='ltr'>disceret</span> <span class='ocrx_word' id='word_1_48' title='bbox 2002 1075 2284 1153; x_wconf 90' lang='lat' dir='ltr'>Pharao,</span> 
     </span>
     <span class='ocr_line' id='line_1_8' title="bbox 341 1161 2285 1247; baseline -0.005 -15"><span class='ocrx_word' id='word_1_49' title='bbox 341 1165 583 1231; x_wconf 88' lang='lat' dir='ltr'>frustra</span> <span class='ocrx_word' id='word_1_50' title='bbox 617 1186 687 1229; x_wconf 91' lang='lat' dir='ltr'>se</span> <span class='ocrx_word' id='word_1_51' title='bbox 721 1164 958 1230; x_wconf 89' lang='lat' dir='ltr'>luctari</span> <span class='ocrx_word' id='word_1_52' title='bbox 995 1185 1141 1229; x_wconf 90' lang='lat' dir='ltr'>cum</span> <span class='ocrx_word' id='word_1_53' title='bbox 1179 1164 1676 1247; x_wconf 79' lang='lat' dir='ltr'>incomparabili</span> <span class='ocrx_word' id='word_1_54' title='bbox 1722 1161 2041 1245; x_wconf 89' lang='lat' dir='ltr'>potentia:</span> <span class='ocrx_word' id='word_1_55' title='bbox 2087 1172 2285 1242; x_wconf 88' lang='lat' dir='ltr'>atque</span> 
     </span>
     <span class='ocr_line' id='line_1_9' title="bbox 341 1245 2285 1329; baseline -0.003 -12"><span class='ocrx_word' id='word_1_56' title='bbox 341 1253 431 1317; x_wconf 93' lang='lat' dir='ltr'>ita</span> <span class='ocrx_word' id='word_1_57' title='bbox 518 1249 818 1316; x_wconf 90' lang='lat' dir='ltr'>omnibus</span> <span class='ocrx_word' id='word_1_58' title='bbox 904 1251 1179 1316; x_wconf 88' lang='lat' dir='ltr'>saeculis</span> <span class='ocrx_word' id='word_1_59' title='bbox 1261 1251 1706 1315; x_wconf 89' lang='lat' dir='ltr'>celebraretur</span> <span class='ocrx_word' id='word_1_60' title='bbox 1794 1260 1926 1313; x_wconf 89' lang='lat' dir='ltr'>tam</span> <span class='ocrx_word' id='word_1_61' title='bbox 2002 1245 2285 1329; x_wconf 90' lang='lat' dir='ltr'>insignis</span> 
     </span>
     <span class='ocr_line' id='line_1_10' title="bbox 341 1335 2282 1422; baseline -0.005 -18"><span class='ocrx_word' id='word_1_62' title='bbox 341 1338 632 1404; x_wconf 85' lang='lat' dir='ltr'>historia.</span> <span class='ocrx_word' id='word_1_63' title='bbox 722 1336 873 1401; x_wconf 89' lang='lat' dir='ltr'>Etsi</span> <span class='ocrx_word' id='word_1_64' title='bbox 930 1345 1149 1401; x_wconf 89' lang='lat' dir='ltr'>autem</span> <span class='ocrx_word' id='word_1_65' title='bbox 1194 1336 1443 1403; x_wconf 89' lang='lat' dir='ltr'>Paulus</span> <span class='ocrx_word' id='word_1_66' title='bbox 1503 1354 1808 1422; x_wconf 88' lang='lat' dir='ltr'>graecum</span> <span class='ocrx_word' id='word_1_67' title='bbox 1854 1335 2282 1416; x_wconf 81' lang='lat' dir='ltr'>interpretem</span> 
     </span>
     <span class='ocr_line' id='line_1_11' title="bbox 341 1418 2283 1508; baseline -0.005 -20"><span class='ocrx_word' id='word_1_68' title='bbox 341 1424 668 1508; x_wconf 88' lang='lat' dir='ltr'>sequitur,</span> <span class='ocrx_word' id='word_1_69' title='bbox 728 1422 897 1486; x_wconf 88' lang='lat' dir='ltr'>nihil</span> <span class='ocrx_word' id='word_1_70' title='bbox 956 1431 1172 1487; x_wconf 89' lang='lat' dir='ltr'>tamen</span> <span class='ocrx_word' id='word_1_71' title='bbox 1220 1421 1438 1488; x_wconf 84' lang='lat' dir='ltr'>obstat</span> <span class='ocrx_word' id='word_1_72' title='bbox 1482 1422 1830 1506; x_wconf 91' lang='lat' dir='ltr'>quominus</span> <span class='ocrx_word' id='word_1_73' title='bbox 1872 1419 2150 1486; x_wconf 89' lang='lat' dir='ltr'>liberum</span> <span class='ocrx_word' id='word_1_74' title='bbox 2198 1418 2283 1481; x_wconf 89' lang='lat' dir='ltr'>sit</span> 
     </span>
     <span class='ocr_line' id='line_1_12' title="bbox 341 1503 2282 1595; baseline -0.005 -20"><span class='ocrx_word' id='word_1_75' title='bbox 341 1517 741 1595; x_wconf 89' lang='lat' dir='ltr'>postremum</span> <span class='ocrx_word' id='word_1_76' title='bbox 798 1507 973 1574; x_wconf 90' lang='lat' dir='ltr'>hunc</span> <span class='ocrx_word' id='word_1_77' title='bbox 1029 1528 1293 1573; x_wconf 90' lang='lat' dir='ltr'>sensum</span> <span class='ocrx_word' id='word_1_78' title='bbox 1363 1508 1685 1592; x_wconf 73' lang='lat' dir='ltr'>amplecti.</span> <span class='ocrx_word' id='word_1_79' title='bbox 1790 1504 2052 1572; x_wconf 84' lang='lat' dir='ltr'>Scimus</span> <span class='ocrx_word' id='word_1_80' title='bbox 2103 1503 2282 1568; x_wconf 91' lang='lat' dir='ltr'>enim</span> 
     </span>
     <span class='ocr_line' id='line_1_13' title="bbox 344 1588 2278 1679; baseline -0.005 -18"><span class='ocrx_word' id='word_1_81' title='bbox 344 1593 666 1679; x_wconf 88' lang='lat' dir='ltr'>apostolos</span> <span class='ocrx_word' id='word_1_82' title='bbox 710 1615 841 1658; x_wconf 90' lang='lat' dir='ltr'>non</span> <span class='ocrx_word' id='word_1_83' title='bbox 887 1595 1089 1659; x_wconf 87' lang='lat' dir='ltr'>fuisse</span> <span class='ocrx_word' id='word_1_84' title='bbox 1131 1594 1201 1659; x_wconf 89' lang='lat' dir='ltr'>in</span> <span class='ocrx_word' id='word_1_85' title='bbox 1247 1593 1468 1659; x_wconf 83' lang='lat' dir='ltr'>verbis</span> <span class='ocrx_word' id='word_1_86' title='bbox 1531 1592 1887 1659; x_wconf 76' lang='lat' dir='ltr'>recitandis</span> <span class='ocrx_word' id='word_1_87' title='bbox 1932 1588 2278 1656; x_wconf 86' lang='lat' dir='ltr'>admodum</span> 
     </span>
     <span class='ocr_line' id='line_1_14' title="bbox 345 1677 2285 1764; baseline -0.005 -18"><span class='ocrx_word' id='word_1_88' title='bbox 345 1682 590 1761; x_wconf 84' lang='lat' dir='ltr'>anxios,</span> <span class='ocrx_word' id='word_1_89' title='bbox 636 1678 748 1745; x_wconf 89' lang='lat' dir='ltr'>sed</span> <span class='ocrx_word' id='word_1_90' title='bbox 794 1701 933 1745; x_wconf 92' lang='lat' dir='ltr'>rem</span> <span class='ocrx_word' id='word_1_91' title='bbox 977 1680 1196 1764; x_wconf 90' lang='lat' dir='ltr'>potius</span> <span class='ocrx_word' id='word_1_92' title='bbox 1239 1692 1582 1764; x_wconf 88' lang='lat' dir='ltr'>spectasse.</span> <span class='ocrx_word' id='word_1_93' title='bbox 1651 1680 1793 1744; x_wconf 90' lang='lat' dir='ltr'>Iam</span> <span class='ocrx_word' id='word_1_94' title='bbox 1842 1688 1918 1742; x_wconf 91' lang='lat' dir='ltr'>ut</span> <span class='ocrx_word' id='word_1_95' title='bbox 1960 1677 2285 1741; x_wconf 84' lang='lat' dir='ltr'>fateamur</span> 
     </span>
     <span class='ocr_line' id='line_1_15' title="bbox 344 1761 2280 1850; baseline -0.005 -17"><span class='ocrx_word' id='word_1_96' title='bbox 344 1768 463 1833; x_wconf 92' lang='lat' dir='ltr'>Dei</span> <span class='ocrx_word' id='word_1_97' title='bbox 548 1766 866 1850; x_wconf 90' lang='lat' dir='ltr'>patientia</span> <span class='ocrx_word' id='word_1_98' title='bbox 944 1787 1229 1849; x_wconf 86' lang='lat' dir='ltr'>eousque</span> <span class='ocrx_word' id='word_1_99' title='bbox 1309 1764 1579 1831; x_wconf 90' lang='lat' dir='ltr'>durasse</span> <span class='ocrx_word' id='word_1_100' title='bbox 1646 1763 2057 1829; x_wconf 85' lang='lat' dir='ltr'>Pharaonem</span> <span class='ocrx_word' id='word_1_101' title='bbox 2128 1761 2280 1825; x_wconf 91' lang='lat' dir='ltr'>dum</span> 
     </span>
     <span class='ocr_line' id='line_1_16' title="bbox 342 1850 2282 1930; baseline -0.004 -12"><span class='ocrx_word' id='word_1_102' title='bbox 342 1853 642 1918; x_wconf 90' lang='lat' dir='ltr'>omnibus</span> <span class='ocrx_word' id='word_1_103' title='bbox 686 1852 934 1917; x_wconf 88' lang='lat' dir='ltr'>clarum</span> <span class='ocrx_word' id='word_1_104' title='bbox 981 1862 1044 1916; x_wconf 89' lang='lat' dir='ltr'>et</span> <span class='ocrx_word' id='word_1_105' title='bbox 1088 1850 1305 1916; x_wconf 88' lang='lat' dir='ltr'>nobile</span> <span class='ocrx_word' id='word_1_106' title='bbox 1349 1851 1812 1917; x_wconf 85' lang='lat' dir='ltr'>documentum</span> <span class='ocrx_word' id='word_1_107' title='bbox 1871 1851 2042 1914; x_wconf 88' lang='lat' dir='ltr'>foret</span> <span class='ocrx_word' id='word_1_108' title='bbox 2086 1867 2282 1930; x_wconf 92' lang='lat' dir='ltr'>quam</span> 
     </span>
     <span class='ocr_line' id='line_1_17' title="bbox 340 1935 2282 2037; baseline -0.005 -33"><span class='ocrx_word' id='word_1_109' title='bbox 340 1940 566 2004; x_wconf 87' lang='lat' dir='ltr'>vesani</span> <span class='ocrx_word' id='word_1_110' title='bbox 611 1939 747 2004; x_wconf 90' lang='lat' dir='ltr'>sint</span> <span class='ocrx_word' id='word_1_111' title='bbox 786 1948 980 2021; x_wconf 89' lang='lat' dir='ltr'>atque</span> <span class='ocrx_word' id='word_1_112' title='bbox 1015 1946 1310 2002; x_wconf 88' lang='lat' dir='ltr'>amentes</span> <span class='ocrx_word' id='word_1_113' title='bbox 1354 1938 1720 2037; x_wconf 74' lang='lat' dir='ltr'>quicunque</span> <span class='ocrx_word' id='word_1_114' title='bbox 1745 1935 1888 2001; x_wconf 92' lang='lat' dir='ltr'>Deo</span> <span class='ocrx_word' id='word_1_115' title='bbox 1933 1935 2282 1999; x_wconf 90' lang='lat' dir='ltr'>resistunt:</span> 
     </span>
     <span class='ocr_line' id='line_1_18' title="bbox 341 2021 2281 2106; baseline -0.004 -16"><span class='ocrx_word' id='word_1_116' title='bbox 341 2025 458 2091; x_wconf 90' lang='lat' dir='ltr'>hoc</span> <span class='ocrx_word' id='word_1_117' title='bbox 506 2025 708 2089; x_wconf 90' lang='lat' dir='ltr'>etiam</span> <span class='ocrx_word' id='word_1_118' title='bbox 753 2022 835 2088; x_wconf 90' lang='lat' dir='ltr'>ad</span> <span class='ocrx_word' id='word_1_119' title='bbox 883 2033 1217 2088; x_wconf 85' lang='lat' dir='ltr'>aeternam</span> <span class='ocrx_word' id='word_1_120' title='bbox 1267 2022 1396 2088; x_wconf 76' lang='lat' dir='ltr'>Del</span> <span class='ocrx_word' id='word_1_121' title='bbox 1440 2022 1924 2106; x_wconf 82' lang='lat' dir='ltr'>providentiam</span> <span class='ocrx_word' id='word_1_122' title='bbox 1974 2021 2281 2104; x_wconf 87' lang='lat' dir='ltr'>pertinet.</span> 
     </span>
     <span class='ocr_line' id='line_1_19' title="bbox 339 2107 2285 2193; baseline -0.004 -17"><span class='ocrx_word' id='word_1_123' title='bbox 339 2110 489 2176; x_wconf 91' lang='lat' dir='ltr'>Ideo</span> <span class='ocrx_word' id='word_1_124' title='bbox 552 2113 727 2175; x_wconf 91' lang='lat' dir='ltr'>enim</span> <span class='ocrx_word' id='word_1_125' title='bbox 788 2111 1079 2193; x_wconf 81' lang='lat' dir='ltr'>pepercit</span> <span class='ocrx_word' id='word_1_126' title='bbox 1135 2108 1464 2175; x_wconf 87' lang='lat' dir='ltr'>Pharaoni</span> <span class='ocrx_word' id='word_1_127' title='bbox 1510 2107 1696 2174; x_wconf 92' lang='lat' dir='ltr'>Deus</span> <span class='ocrx_word' id='word_1_128' title='bbox 1751 2120 1826 2172; x_wconf 89' lang='lat' dir='ltr'>ut</span> <span class='ocrx_word' id='word_1_129' title='bbox 1883 2108 1962 2171; x_wconf 82' lang='lat' dir='ltr'>ad</span> <span class='ocrx_word' id='word_1_130' title='bbox 2026 2116 2285 2187; x_wconf 88' lang='lat' dir='ltr'>tempus</span> 
     </span>
     <span class='ocr_line' id='line_1_20' title="bbox 340 2191 2282 2279; baseline -0.006 -16"><span class='ocrx_word' id='word_1_131' title='bbox 340 2206 569 2263; x_wconf 86' lang='lat' dir='ltr'>staret:</span> <span class='ocrx_word' id='word_1_132' title='bbox 641 2195 796 2279; x_wconf 88' lang='lat' dir='ltr'>quia</span> <span class='ocrx_word' id='word_1_133' title='bbox 862 2205 1211 2278; x_wconf 87' lang='lat' dir='ltr'>antequam</span> <span class='ocrx_word' id='word_1_134' title='bbox 1280 2205 1690 2271; x_wconf 88' lang='lat' dir='ltr'>nasceretur,</span> <span class='ocrx_word' id='word_1_135' title='bbox 1757 2195 1824 2257; x_wconf 89' lang='lat' dir='ltr'>in</span> <span class='ocrx_word' id='word_1_136' title='bbox 1872 2191 2048 2257; x_wconf 90' lang='lat' dir='ltr'>hunc</span> <span class='ocrx_word' id='word_1_137' title='bbox 2091 2211 2282 2257; x_wconf 91' lang='lat' dir='ltr'>usum</span> 
     </span>
     <span class='ocr_line' id='line_1_21' title="bbox 383 2276 2285 2349; baseline -0.005 0"><span class='ocrx_word' id='word_1_138' title='bbox 383 2282 862 2349; x_wconf 88' lang='lat' dir='ltr'>raedestinatus</span> <span class='ocrx_word' id='word_1_139' title='bbox 925 2283 1155 2347; x_wconf 87' lang='lat' dir='ltr'>fuerat.</span> <span class='ocrx_word' id='word_1_140' title='bbox 1267 2279 1461 2347; x_wconf 90' lang='lat' dir='ltr'>Unde</span> <span class='ocrx_word' id='word_1_141' title='bbox 1529 2281 1728 2344; x_wconf 88' lang='lat' dir='ltr'>etiam</span> <span class='ocrx_word' id='word_1_142' title='bbox 1794 2288 1970 2345; x_wconf 90' lang='lat' dir='ltr'>recte</span> <span class='ocrx_word' id='word_1_143' title='bbox 2035 2276 2285 2344; x_wconf 89' lang='lat' dir='ltr'>Paulus</span> 
     </span>
     <span class='ocr_line' id='line_1_22' title="bbox 336 2305 2287 2455; baseline -0.004 -20"><span class='ocrx_word' id='word_1_144' title='bbox 336 2305 558 2455; x_wconf 49' lang='lat' dir='ltr'>flium.</span> <span class='ocrx_word' id='word_1_145' title='bbox 603 2368 663 2448; x_wconf 86' lang='lat'>9,</span> <span class='ocrx_word' id='word_1_146' title='bbox 713 2365 822 2455; x_wconf 87' lang='grc'>16)</span> <span class='ocrx_word' id='word_1_147' title='bbox 865 2368 1129 2452; x_wconf 80' lang='lat' dir='ltr'>colligit,</span> <span class='ocrx_word' id='word_1_148' title='bbox 1175 2386 1309 2431; x_wconf 92' lang='lat' dir='ltr'>non</span> <span class='ocrx_word' id='word_1_149' title='bbox 1355 2387 1498 2432; x_wconf 92' lang='lat' dir='ltr'>esse</span> <span class='ocrx_word' id='word_1_150' title='bbox 1543 2365 1840 2445; x_wconf 84' lang='lat' dir='ltr'>volentis,</span> <span class='ocrx_word' id='word_1_151' title='bbox 1887 2385 2099 2447; x_wconf 89' lang='lat' dir='ltr'>neque</span> <span class='ocrx_word' id='word_1_152' title='bbox 2143 2384 2287 2429; x_wconf 91' lang='lat' dir='ltr'>cur-</span> 
     </span>
     <span class='ocr_line' id='line_1_23' title="bbox 339 2452 2282 2537; baseline -0.004 -18"><span class='ocrx_word' id='word_1_153' title='bbox 339 2457 560 2521; x_wconf 89' lang='lat' dir='ltr'>rentis.</span> <span class='ocrx_word' id='word_1_154' title='bbox 652 2454 813 2520; x_wconf 82' lang='lat' dir='ltr'>Sive</span> <span class='ocrx_word' id='word_1_155' title='bbox 857 2455 1031 2519; x_wconf 88' lang='lat' dir='ltr'>enim</span> <span class='ocrx_word' id='word_1_156' title='bbox 1079 2455 1291 2537; x_wconf 89' lang='lat' dir='ltr'>erigat</span> <span class='ocrx_word' id='word_1_157' title='bbox 1337 2452 1550 2533; x_wconf 88' lang='lat' dir='ltr'>Deus,</span> <span class='ocrx_word' id='word_1_158' title='bbox 1612 2452 1752 2517; x_wconf 84' lang='lat' dir='ltr'>sive</span> <span class='ocrx_word' id='word_1_159' title='bbox 1811 2458 2140 2516; x_wconf 87' lang='lat' dir='ltr'>sustentet</span> <span class='ocrx_word' id='word_1_160' title='bbox 2181 2470 2282 2513; x_wconf 91' lang='lat' dir='ltr'>re—</span> 
     </span>
     <span class='ocr_line' id='line_1_24' title="bbox 339 2535 2285 2626; baseline -0.004 -19"><span class='ocrx_word' id='word_1_161' title='bbox 339 2541 605 2626; x_wconf 90' lang='lat' dir='ltr'>probos,</span> <span class='ocrx_word' id='word_1_162' title='bbox 673 2540 1058 2605; x_wconf 86' lang='lat' dir='ltr'>mirabiliter</span> <span class='ocrx_word' id='word_1_163' title='bbox 1114 2541 1180 2603; x_wconf 92' lang='lat' dir='ltr'>in</span> <span class='ocrx_word' id='word_1_164' title='bbox 1248 2540 1506 2604; x_wconf 86' lang='lat' dir='ltr'>illorum</span> <span class='ocrx_word' id='word_1_165' title='bbox 1576 2537 1944 2621; x_wconf 85' lang='lat' dir='ltr'>pervicacia</span> <span class='ocrx_word' id='word_1_166' title='bbox 2009 2535 2285 2620; x_wconf 85' lang='lat' dir='ltr'>gloriam</span> 
     </span>
     <span class='ocr_line' id='line_1_25' title="bbox 340 2621 2284 2707; baseline -0.004 -15"><span class='ocrx_word' id='word_1_167' title='bbox 340 2648 520 2692; x_wconf 89' lang='lat' dir='ltr'>suam</span> <span class='ocrx_word' id='word_1_168' title='bbox 570 2627 874 2691; x_wconf 82' lang='lat' dir='ltr'>illustrat.</span> <span class='ocrx_word' id='word_1_169' title='bbox 965 2624 1115 2707; x_wconf 79' lang='lat' dir='ltr'>Quo</span> <span class='ocrx_word' id='word_1_170' title='bbox 1160 2625 1480 2688; x_wconf 87' lang='lat' dir='ltr'>refellitur</span> <span class='ocrx_word' id='word_1_171' title='bbox 1537 2645 1762 2689; x_wconf 87' lang='lat' dir='ltr'>eorum</span> <span class='ocrx_word' id='word_1_172' title='bbox 1823 2623 2113 2695; x_wconf 86' lang='lat' dir='ltr'>inscitia,</span> <span class='ocrx_word' id='word_1_173' title='bbox 2173 2621 2284 2704; x_wconf 89' lang='lat' dir='ltr'>qui</span> 
     </span>
     <span class='ocr_line' id='line_1_26' title="bbox 338 2709 2285 2794; baseline -0.004 -17"><span class='ocrx_word' id='word_1_174' title='bbox 338 2714 455 2780; x_wconf 92' lang='lat' dir='ltr'>hoc</span> <span class='ocrx_word' id='word_1_175' title='bbox 499 2712 736 2777; x_wconf 85' lang='lat' dir='ltr'>cavillo</span> <span class='ocrx_word' id='word_1_176' title='bbox 771 2720 1104 2777; x_wconf 89' lang='lat' dir='ltr'>aeternam</span> <span class='ocrx_word' id='word_1_177' title='bbox 1127 2711 1254 2775; x_wconf 90' lang='lat' dir='ltr'>Dei</span> <span class='ocrx_word' id='word_1_178' title='bbox 1288 2709 1951 2794; x_wconf 86' lang='lat' dir='ltr'>praedestinationem</span> <span class='ocrx_word' id='word_1_179' title='bbox 1987 2716 2285 2773; x_wconf 82' lang='lat' dir='ltr'>evertere</span> 
     </span>
     <span class='ocr_line' id='line_1_27' title="bbox 337 2794 2283 2880; baseline -0.004 -15"><span class='ocrx_word' id='word_1_180' title='bbox 337 2808 687 2865; x_wconf 82' lang='lat' dir='ltr'>conantur:</span> <span class='ocrx_word' id='word_1_181' title='bbox 735 2799 887 2880; x_wconf 88' lang='lat' dir='ltr'>quia</span> <span class='ocrx_word' id='word_1_182' title='bbox 931 2819 1063 2862; x_wconf 91' lang='lat' dir='ltr'>non</span> <span class='ocrx_word' id='word_1_183' title='bbox 1110 2796 1366 2862; x_wconf 89' lang='lat' dir='ltr'>dicatur</span> <span class='ocrx_word' id='word_1_184' title='bbox 1401 2795 1816 2860; x_wconf 87' lang='lat' dir='ltr'>Pharaonem</span> <span class='ocrx_word' id='word_1_185' title='bbox 1863 2814 2116 2860; x_wconf 86' lang='lat' dir='ltr'>creasse</span> <span class='ocrx_word' id='word_1_186' title='bbox 2160 2794 2283 2858; x_wconf 90' lang='lat' dir='ltr'>hoc</span> 
     </span>
     <span class='ocr_line' id='line_1_28' title="bbox 337 2880 2281 2966; baseline -0.004 -15"><span class='ocrx_word' id='word_1_187' title='bbox 337 2885 627 2965; x_wconf 88' lang='lat' dir='ltr'>consilio,</span> <span class='ocrx_word' id='word_1_188' title='bbox 672 2883 787 2950; x_wconf 92' lang='lat' dir='ltr'>sed</span> <span class='ocrx_word' id='word_1_189' title='bbox 832 2883 913 2947; x_wconf 90' lang='lat' dir='ltr'>ad</span> <span class='ocrx_word' id='word_1_190' title='bbox 959 2892 1218 2966; x_wconf 89' lang='lat' dir='ltr'>tempus</span> <span class='ocrx_word' id='word_1_191' title='bbox 1263 2880 1678 2964; x_wconf 90' lang='lat' dir='ltr'>suspendisse</span> <span class='ocrx_word' id='word_1_192' title='bbox 1722 2901 1917 2946; x_wconf 90' lang='lat' dir='ltr'>suum</span> <span class='ocrx_word' id='word_1_193' title='bbox 1951 2880 2281 2945; x_wconf 83' lang='lat' dir='ltr'>iudicium.</span> 
     </span>
     <span class='ocr_line' id='line_1_29' title="bbox 337 2965 2282 3053; baseline -0.003 -18"><span class='ocrx_word' id='word_1_194' title='bbox 337 2971 505 3037; x_wconf 90' lang='lat' dir='ltr'>Nam</span> <span class='ocrx_word' id='word_1_195' title='bbox 557 2970 715 3036; x_wconf 88' lang='lat' dir='ltr'>haec</span> <span class='ocrx_word' id='word_1_196' title='bbox 750 2967 966 3035; x_wconf 89' lang='lat' dir='ltr'>media</span> <span class='ocrx_word' id='word_1_197' title='bbox 1010 2968 1247 3053; x_wconf 89' lang='lat' dir='ltr'>agendi</span> <span class='ocrx_word' id='word_1_198' title='bbox 1291 2971 1459 3033; x_wconf 89' lang='lat' dir='ltr'>ratio</span> <span class='ocrx_word' id='word_1_199' title='bbox 1494 2975 1560 3031; x_wconf 91' lang='lat' dir='ltr'>et</span> <span class='ocrx_word' id='word_1_200' title='bbox 1604 2965 1917 3032; x_wconf 90' lang='lat' dir='ltr'>continua</span> <span class='ocrx_word' id='word_1_201' title='bbox 1961 2967 2164 3031; x_wconf 89' lang='lat' dir='ltr'>series</span> <span class='ocrx_word' id='word_1_202' title='bbox 2201 2965 2282 3030; x_wconf 91' lang='lat' dir='ltr'>ab</span> 
     </span>
     <span class='ocr_line' id='line_1_30' title="bbox 332 3051 2281 3138; baseline -0.003 -16"><span class='ocrx_word' id='word_1_203' title='bbox 332 3057 527 3124; x_wconf 89' lang='lat' dir='ltr'>initio</span> <span class='ocrx_word' id='word_1_204' title='bbox 570 3056 684 3124; x_wconf 90' lang='lat' dir='ltr'>illo</span> <span class='ocrx_word' id='word_1_205' title='bbox 726 3055 1041 3135; x_wconf 86' lang='lat' dir='ltr'>manavit,</span> <span class='ocrx_word' id='word_1_206' title='bbox 1086 3054 1256 3138; x_wconf 90' lang='lat' dir='ltr'>quod</span> <span class='ocrx_word' id='word_1_207' title='bbox 1303 3054 1567 3120; x_wconf 90' lang='lat' dir='ltr'>Pharao</span> <span class='ocrx_word' id='word_1_208' title='bbox 1611 3055 1748 3119; x_wconf 90' lang='lat' dir='ltr'>irae</span> <span class='ocrx_word' id='word_1_209' title='bbox 1788 3051 1916 3119; x_wconf 92' lang='lat' dir='ltr'>Dei</span> <span class='ocrx_word' id='word_1_210' title='bbox 1961 3071 2281 3137; x_wconf 89' lang='lat' dir='ltr'>organum</span> 
     </span>
     <span class='ocr_line' id='line_1_31' title="bbox 336 3152 487 3210; baseline 0 0"><span class='ocrx_word' id='word_1_211' title='bbox 336 3152 487 3210; x_wconf 88' lang='lat' dir='ltr'>erat.</span> 
     </span>
    </p>

    <p class='ocr_par' dir='ltr' id='par_1_3' title="bbox 330 3224 2285 4427">
     <span class='ocr_line' id='line_1_32' title="bbox 505 3224 2284 3308; baseline -0.005 -13"><span class='ocrx_word' id='word_1_212' title='bbox 505 3230 612 3295; x_wconf 84' lang='lat'>17.</span> <span class='ocrx_word' id='word_1_213' title='bbox 675 3228 776 3293; x_wconf 83' lang='lat' dir='ltr'>Tu</span> <span class='ocrx_word' id='word_1_214' title='bbox 830 3227 1034 3293; x_wconf 75' lang='lat' dir='ltr'>adhuc</span> <span class='ocrx_word' id='word_1_215' title='bbox 1087 3230 1142 3293; x_wconf 76' lang='lat' dir='ltr'>te</span> <span class='ocrx_word' id='word_1_216' title='bbox 1194 3225 1451 3292; x_wconf 74' lang='lat' dir='ltr'>extollis.</span> <span class='ocrx_word' id='word_1_217' title='bbox 1538 3224 1837 3291; x_wconf 82' lang='lat' dir='ltr'>Verbum</span> <span class='ocrx_word' id='word_1_218' title='bbox 1893 3245 2020 3308; x_wconf 91' lang='lat' dir='ltr'>quo</span> <span class='ocrx_word' id='word_1_219' title='bbox 2070 3224 2284 3287; x_wconf 88' lang='lat' dir='ltr'>utitur</span> 
     </span>
     <span class='ocr_line' id='line_1_33' title="bbox 332 3309 2284 3396; baseline -0.005 -14"><span class='ocrx_word' id='word_1_220' title='bbox 332 3316 576 3396; x_wconf 81' lang='lat' dir='ltr'>Moses,</span> <span class='ocrx_word' id='word_1_221' title='bbox 619 3316 857 3379; x_wconf 88' lang='lat' dir='ltr'>fastum</span> <span class='ocrx_word' id='word_1_222' title='bbox 895 3314 1196 3378; x_wconf 89' lang='lat' dir='ltr'>denotat:</span> <span class='ocrx_word' id='word_1_223' title='bbox 1242 3314 1412 3396; x_wconf 91' lang='lat' dir='ltr'>quod</span> <span class='ocrx_word' id='word_1_224' title='bbox 1450 3311 1755 3395; x_wconf 90' lang='lat' dir='ltr'>populum</span> <span class='ocrx_word' id='word_1_225' title='bbox 1792 3309 2104 3376; x_wconf 88' lang='lat' dir='ltr'>calcando</span> <span class='ocrx_word' id='word_1_226' title='bbox 2140 3330 2284 3374; x_wconf 89' lang='lat' dir='ltr'>sese</span> 
     </span>
     <span class='ocr_line' id='line_1_34' title="bbox 332 3396 2285 3482; baseline -0.005 -14"><span class='ocrx_word' id='word_1_227' title='bbox 332 3403 533 3468; x_wconf 86' lang='lat' dir='ltr'>nimis</span> <span class='ocrx_word' id='word_1_228' title='bbox 610 3400 969 3466; x_wconf 89' lang='lat' dir='ltr'>insolenter</span> <span class='ocrx_word' id='word_1_229' title='bbox 1045 3399 1325 3464; x_wconf 86' lang='lat' dir='ltr'>efferret.</span> <span class='ocrx_word' id='word_1_230' title='bbox 1437 3399 1622 3463; x_wconf 91' lang='lat' dir='ltr'>Deus</span> <span class='ocrx_word' id='word_1_231' title='bbox 1688 3418 1845 3482; x_wconf 87' lang='lat' dir='ltr'>ergo</span> <span class='ocrx_word' id='word_1_232' title='bbox 1913 3396 2100 3479; x_wconf 88' lang='lat' dir='ltr'>quasi</span> <span class='ocrx_word' id='word_1_233' title='bbox 2165 3416 2285 3479; x_wconf 89' lang='lat' dir='ltr'>per</span> 
     </span>
     <span class='ocr_line' id='line_1_35' title="bbox 333 3483 2283 3568; baseline -0.003 -16"><span class='ocrx_word' id='word_1_234' title='bbox 333 3487 832 3553; x_wconf 86' lang='lat' dir='ltr'>admirationem</span> <span class='ocrx_word' id='word_1_235' title='bbox 876 3487 1242 3568; x_wconf 89' lang='lat' dir='ltr'>interrogat</span> <span class='ocrx_word' id='word_1_236' title='bbox 1297 3483 1455 3567; x_wconf 89' lang='lat' dir='ltr'>quid</span> <span class='ocrx_word' id='word_1_237' title='bbox 1500 3483 1622 3549; x_wconf 90' lang='lat' dir='ltr'>sibi</span> <span class='ocrx_word' id='word_1_238' title='bbox 1669 3484 1827 3548; x_wconf 88' lang='lat' dir='ltr'>velit</span> <span class='ocrx_word' id='word_1_239' title='bbox 1869 3490 2007 3547; x_wconf 88' lang='lat' dir='ltr'>tam</span> <span class='ocrx_word' id='word_1_240' title='bbox 2053 3501 2283 3548; x_wconf 91' lang='lat' dir='ltr'>caecus</span> 
     </span>
     <span class='ocr_line' id='line_1_36' title="bbox 332 3570 2283 3658; baseline -0.003 -20"><span class='ocrx_word' id='word_1_241' title='bbox 332 3574 551 3652; x_wconf 88' lang='lat' dir='ltr'>furor,</span> <span class='ocrx_word' id='word_1_242' title='bbox 606 3573 776 3658; x_wconf 93' lang='lat' dir='ltr'>quod</span> <span class='ocrx_word' id='word_1_243' title='bbox 837 3578 1058 3654; x_wconf 87' lang='lat' dir='ltr'>speret</span> <span class='ocrx_word' id='word_1_244' title='bbox 1112 3580 1437 3655; x_wconf 84' lang='lat' dir='ltr'>tyrannus</span> <span class='ocrx_word' id='word_1_245' title='bbox 1490 3570 1762 3654; x_wconf 90' lang='lat' dir='ltr'>impune</span> <span class='ocrx_word' id='word_1_246' title='bbox 1819 3570 1942 3635; x_wconf 90' lang='lat' dir='ltr'>sibi</span> <span class='ocrx_word' id='word_1_247' title='bbox 1986 3589 2283 3633; x_wconf 90' lang='lat' dir='ltr'>cessuras</span> 
     </span>
     <span class='ocr_line' id='line_1_37' title="bbox 334 3654 2281 3742; baseline -0.003 -18"><span class='ocrx_word' id='word_1_248' title='bbox 334 3681 471 3725; x_wconf 86' lang='lat' dir='ltr'>esse</span> <span class='ocrx_word' id='word_1_249' title='bbox 496 3658 927 3726; x_wconf 83' lang='lat' dir='ltr'>contumelias</span> <span class='ocrx_word' id='word_1_250' title='bbox 950 3656 1183 3740; x_wconf 90' lang='lat' dir='ltr'>quibus</span> <span class='ocrx_word' id='word_1_251' title='bbox 1211 3656 1485 3742; x_wconf 87' lang='lat' dir='ltr'>indigne</span> <span class='ocrx_word' id='word_1_252' title='bbox 1520 3656 1835 3740; x_wconf 88' lang='lat' dir='ltr'>populum</span> <span class='ocrx_word' id='word_1_253' title='bbox 1864 3655 1989 3720; x_wconf 91' lang='lat' dir='ltr'>Dei</span> <span class='ocrx_word' id='word_1_254' title='bbox 2028 3654 2281 3738; x_wconf 83' lang='lat' dir='ltr'>affligit.</span> 
     </span>
     <span class='ocr_line' id='line_1_38' title="bbox 332 3740 2277 3828; baseline -0.004 -19"><span class='ocrx_word' id='word_1_255' title='bbox 332 3745 471 3810; x_wconf 89' lang='lat' dir='ltr'>Iam</span> <span class='ocrx_word' id='word_1_256' title='bbox 518 3748 696 3811; x_wconf 91' lang='lat' dir='ltr'>enim</span> <span class='ocrx_word' id='word_1_257' title='bbox 743 3745 967 3808; x_wconf 92' lang='lat' dir='ltr'>multis</span> <span class='ocrx_word' id='word_1_258' title='bbox 1012 3744 1218 3828; x_wconf 91' lang='lat' dir='ltr'>signis</span> <span class='ocrx_word' id='word_1_259' title='bbox 1262 3740 1527 3808; x_wconf 89' lang='lat' dir='ltr'>edoctus</span> <span class='ocrx_word' id='word_1_260' title='bbox 1571 3743 1814 3821; x_wconf 85' lang='lat' dir='ltr'>fuerat,</span> <span class='ocrx_word' id='word_1_261' title='bbox 1858 3761 2119 3807; x_wconf 89' lang='lat' dir='ltr'>causam</span> <span class='ocrx_word' id='word_1_262' title='bbox 2167 3760 2277 3823; x_wconf 88' lang='lat' dir='ltr'>po-</span> 
     </span>
     <span class='ocr_line' id='line_1_39' title="bbox 332 3826 2279 3915; baseline -0.004 -19"><span class='ocrx_word' id='word_1_263' title='bbox 332 3833 467 3915; x_wconf 90' lang='lat' dir='ltr'>puli</span> <span class='ocrx_word' id='word_1_264' title='bbox 515 3834 619 3896; x_wconf 92' lang='lat' dir='ltr'>sui</span> <span class='ocrx_word' id='word_1_265' title='bbox 647 3833 862 3896; x_wconf 91' lang='lat' dir='ltr'>Deum</span> <span class='ocrx_word' id='word_1_266' title='bbox 899 3829 1240 3913; x_wconf 87' lang='lat' dir='ltr'>patrocinii</span> <span class='ocrx_word' id='word_1_267' title='bbox 1279 3830 1418 3893; x_wconf 88' lang='lat' dir='ltr'>iure</span> <span class='ocrx_word' id='word_1_268' title='bbox 1454 3829 1831 3910; x_wconf 89' lang='lat' dir='ltr'>suscepisse,</span> <span class='ocrx_word' id='word_1_269' title='bbox 1877 3836 1956 3892; x_wconf 90' lang='lat' dir='ltr'>ut</span> <span class='ocrx_word' id='word_1_270' title='bbox 1989 3826 2279 3890; x_wconf 89' lang='lat' dir='ltr'>omnium</span> 
     </span>
     <span class='ocr_line' id='line_1_40' title="bbox 335 3911 2281 3983; baseline -0.002 -3"><span class='ocrx_word' id='word_1_271' title='bbox 335 3918 720 3983; x_wconf 87' lang='lat' dir='ltr'>iniuriarum</span> <span class='ocrx_word' id='word_1_272' title='bbox 802 3915 1047 3980; x_wconf 85' lang='lat' dir='ltr'>vindex</span> <span class='ocrx_word' id='word_1_273' title='bbox 1116 3925 1305 3981; x_wconf 89' lang='lat' dir='ltr'>esset.</span> <span class='ocrx_word' id='word_1_274' title='bbox 1418 3915 1684 3979; x_wconf 89' lang='lat' dir='ltr'>Interea</span> <span class='ocrx_word' id='word_1_275' title='bbox 1751 3921 1970 3978; x_wconf 91' lang='lat' dir='ltr'>autem</span> <span class='ocrx_word' id='word_1_276' title='bbox 2034 3911 2281 3976; x_wconf 88' lang='lat' dir='ltr'>ironice</span> 
     </span>
     <span class='ocr_line' id='line_1_41' title="bbox 332 3998 2279 4086; baseline -0.003 -17"><span class='ocrx_word' id='word_1_277' title='bbox 332 4004 720 4086; x_wconf 81' lang='lat' dir='ltr'>perstringit</span> <span class='ocrx_word' id='word_1_278' title='bbox 753 4002 1019 4086; x_wconf 80' lang='lat' dir='ltr'>tyranni</span> <span class='ocrx_word' id='word_1_279' title='bbox 1058 4001 1425 4081; x_wconf 85' lang='lat' dir='ltr'>stultitiam,</span> <span class='ocrx_word' id='word_1_280' title='bbox 1470 4001 1583 4083; x_wconf 91' lang='lat' dir='ltr'>qui</span> <span class='ocrx_word' id='word_1_281' title='bbox 1618 4008 1713 4065; x_wconf 90' lang='lat' dir='ltr'>tot</span> <span class='ocrx_word' id='word_1_282' title='bbox 1748 3998 2279 4082; x_wconf 88' lang='lat' dir='ltr'>castigat-ionibus</span> 
     </span>
     <span class='ocr_line' id='line_1_42' title="bbox 332 4084 2278 4166; baseline -0.002 -14"><span class='ocrx_word' id='word_1_283' title='bbox 332 4091 627 4154; x_wconf 90' lang='lat' dir='ltr'>nondum</span> <span class='ocrx_word' id='word_1_284' title='bbox 689 4087 1068 4152; x_wconf 86' lang='lat' dir='ltr'>humiliatus</span> <span class='ocrx_word' id='word_1_285' title='bbox 1132 4086 1378 4151; x_wconf 84' lang='lat' dir='ltr'>fuerat:</span> <span class='ocrx_word' id='word_1_286' title='bbox 1446 4106 1521 4152; x_wconf 90' lang='lat' dir='ltr'>ac</span> <span class='ocrx_word' id='word_1_287' title='bbox 1575 4086 1633 4150; x_wconf 90' lang='lat' dir='ltr'>si</span> <span class='ocrx_word' id='word_1_288' title='bbox 1691 4085 1935 4150; x_wconf 89' lang='lat' dir='ltr'>diceret</span> <span class='ocrx_word' id='word_1_289' title='bbox 1978 4084 2278 4166; x_wconf 86' lang='lat' dir='ltr'>quamvis</span> 
     </span>
     <span class='ocr_line' id='line_1_43' title="bbox 330 4170 2279 4258; baseline -0.002 -20"><span class='ocrx_word' id='word_1_290' title='bbox 330 4176 525 4241; x_wconf 92' lang='lat' dir='ltr'>rebus</span> <span class='ocrx_word' id='word_1_291' title='bbox 549 4174 878 4258; x_wconf 88' lang='lat' dir='ltr'>prosperis</span> <span class='ocrx_word' id='word_1_292' title='bbox 902 4173 1124 4238; x_wconf 91' lang='lat' dir='ltr'>ebrius</span> <span class='ocrx_word' id='word_1_293' title='bbox 1160 4172 1506 4257; x_wconf 81' lang='lat' dir='ltr'>tyrannica</span> <span class='ocrx_word' id='word_1_294' title='bbox 1527 4181 1592 4235; x_wconf 91' lang='lat' dir='ltr'>et</span> <span class='ocrx_word' id='word_1_295' title='bbox 1613 4173 1990 4254; x_wconf 90' lang='lat' dir='ltr'>importuna</span> <span class='ocrx_word' id='word_1_296' title='bbox 2011 4170 2279 4235; x_wconf 91' lang='lat' dir='ltr'>licentia</span> 
     </span>
     <span class='ocr_line' id='line_1_44' title="bbox 336 4255 2279 4340; baseline -0.004 -14"><span class='ocrx_word' id='word_1_297' title='bbox 336 4262 681 4326; x_wconf 83' lang='lat' dir='ltr'>saeviisset</span> <span class='ocrx_word' id='word_1_298' title='bbox 737 4260 808 4323; x_wconf 91' lang='lat' dir='ltr'>in</span> <span class='ocrx_word' id='word_1_299' title='bbox 875 4261 1179 4328; x_wconf 81' lang='lat' dir='ltr'>miseros.</span> <span class='ocrx_word' id='word_1_300' title='bbox 1250 4265 1468 4322; x_wconf 90' lang='lat' dir='ltr'>tamen</span> <span class='ocrx_word' id='word_1_301' title='bbox 1537 4259 1819 4340; x_wconf 88' lang='lat' dir='ltr'>acceptis</span> <span class='ocrx_word' id='word_1_302' title='bbox 1884 4265 1982 4321; x_wconf 91' lang='lat' dir='ltr'>tot</span> <span class='ocrx_word' id='word_1_303' title='bbox 2049 4255 2279 4340; x_wconf 91' lang='lat' dir='ltr'>plagis,</span> 
     </span>
     <span class='ocr_line' id='line_1_45' title="bbox 332 4345 1471 4427; baseline -0.006 -13"><span class='ocrx_word' id='word_1_304' title='bbox 332 4346 629 4414; x_wconf 88' lang='lat' dir='ltr'>cessandi</span> <span class='ocrx_word' id='word_1_305' title='bbox 673 4347 905 4412; x_wconf 86' lang='lat' dir='ltr'>saltem</span> <span class='ocrx_word' id='word_1_306' title='bbox 949 4345 1149 4410; x_wconf 87' lang='lat' dir='ltr'>fuisse</span> <span class='ocrx_word' id='word_1_307' title='bbox 1193 4353 1471 4427; x_wconf 89' lang='lat' dir='ltr'>tempus.</span> 
     </span>
    </p>

    <p class='ocr_par' dir='ltr' id='par_1_4' title="bbox 331 4426 2277 5461">
     <span class='ocr_line' id='line_1_46' title="bbox 508 4426 2277 4515; baseline -0.003 -18"><span class='ocrx_word' id='word_1_308' title='bbox 508 4434 609 4501; x_wconf 89' lang='lat'>18.</span> <span class='ocrx_word' id='word_1_309' title='bbox 669 4431 829 4499; x_wconf 84' lang='lat' dir='ltr'>Ecce</span> <span class='ocrx_word' id='word_1_310' title='bbox 885 4452 990 4515; x_wconf 75' lang='lat'>690</span> <span class='ocrx_word' id='word_1_311' title='bbox 1033 4430 1280 4512; x_wconf 76' lang='lat' dir='ltr'>pluam.</span> <span class='ocrx_word' id='word_1_312' title='bbox 1370 4429 1566 4495; x_wconf 90' lang='lat' dir='ltr'>Nunc</span> <span class='ocrx_word' id='word_1_313' title='bbox 1610 4429 1793 4493; x_wconf 89' lang='lat' dir='ltr'>Deus</span> <span class='ocrx_word' id='word_1_314' title='bbox 1848 4447 2126 4511; x_wconf 91' lang='lat' dir='ltr'>poenae,</span> <span class='ocrx_word' id='word_1_315' title='bbox 2194 4426 2277 4492; x_wconf 89' lang='lat' dir='ltr'>ad</span> 
     </span>
     <span class='ocr_line' id='line_1_47' title="bbox 333 4512 2274 4601; baseline -0.004 -18"><span class='ocrx_word' id='word_1_316' title='bbox 333 4539 526 4600; x_wconf 89' lang='lat' dir='ltr'>quam</span> <span class='ocrx_word' id='word_1_317' title='bbox 573 4515 989 4601; x_wconf 85' lang='lat' dir='ltr'>irrogandam</span> <span class='ocrx_word' id='word_1_318' title='bbox 1038 4526 1182 4580; x_wconf 88' lang='lat' dir='ltr'>erat</span> <span class='ocrx_word' id='word_1_319' title='bbox 1226 4515 1571 4595; x_wconf 87' lang='lat' dir='ltr'>accinctus,</span> <span class='ocrx_word' id='word_1_320' title='bbox 1613 4516 1892 4596; x_wconf 89' lang='lat' dir='ltr'>speciem</span> <span class='ocrx_word' id='word_1_321' title='bbox 1940 4512 2274 4598; x_wconf 91' lang='lat' dir='ltr'>designat:</span> 
     </span>
     <span class='ocr_line' id='line_1_48' title="bbox 333 4598 2271 4689; baseline -0.002 -23"><span class='ocrx_word' id='word_1_322' title='bbox 333 4624 570 4689; x_wconf 89' lang='lat' dir='ltr'>nempe</span> <span class='ocrx_word' id='word_1_323' title='bbox 614 4604 782 4688; x_wconf 90' lang='lat' dir='ltr'>quod</span> <span class='ocrx_word' id='word_1_324' title='bbox 828 4603 1148 4686; x_wconf 89' lang='lat' dir='ltr'>percutiet</span> <span class='ocrx_word' id='word_1_325' title='bbox 1191 4602 1510 4684; x_wconf 86' lang='lat' dir='ltr'>grandine</span> <span class='ocrx_word' id='word_1_326' title='bbox 1554 4613 1685 4664; x_wconf 90' lang='lat' dir='ltr'>tam</span> <span class='ocrx_word' id='word_1_327' title='bbox 1733 4598 2032 4665; x_wconf 88' lang='lat' dir='ltr'>homines</span> <span class='ocrx_word' id='word_1_328' title='bbox 2077 4620 2271 4682; x_wconf 89' lang='lat' dir='ltr'>quam</span> 
     </span>
     <span class='ocr_line' id='line_1_49' title="bbox 331 4685 2274 4772; baseline -0.001 -20"><span class='ocrx_word' id='word_1_329' title='bbox 331 4690 626 4755; x_wconf 89' lang='lat' dir='ltr'>iumenta</span> <span class='ocrx_word' id='word_1_330' title='bbox 669 4699 734 4754; x_wconf 90' lang='lat' dir='ltr'>et</span> <span class='ocrx_word' id='word_1_331' title='bbox 769 4697 1019 4772; x_wconf 87' lang='lat' dir='ltr'>partem</span> <span class='ocrx_word' id='word_1_332' title='bbox 1064 4688 1350 4772; x_wconf 86' lang='lat' dir='ltr'>frugum.</span> <span class='ocrx_word' id='word_1_333' title='bbox 1407 4687 1752 4769; x_wconf 81' lang='lat' dir='ltr'>Contingit</span> <span class='ocrx_word' id='word_1_334' title='bbox 1787 4685 2044 4769; x_wconf 76' lang='lat' dir='ltr'>quidem</span> <span class='ocrx_word' id='word_1_335' title='bbox 2083 4705 2274 4768; x_wconf 89' lang='lat' dir='ltr'>saepe</span> 
     </span>
     <span class='ocr_line' id='line_1_50' title="bbox 334 4773 2274 4859; baseline -0.003 -17"><span class='ocrx_word' id='word_1_336' title='bbox 334 4775 657 4859; x_wconf 85' lang='lat' dir='ltr'>grandine</span> <span class='ocrx_word' id='word_1_337' title='bbox 701 4774 1031 4858; x_wconf 89' lang='lat' dir='ltr'>corrumpi</span> <span class='ocrx_word' id='word_1_338' title='bbox 1076 4790 1351 4857; x_wconf 83' lang='lat' dir='ltr'>segetes,</span> <span class='ocrx_word' id='word_1_339' title='bbox 1395 4773 1726 4837; x_wconf 89' lang='lat' dir='ltr'>interdum</span> <span class='ocrx_word' id='word_1_340' title='bbox 1767 4773 1963 4836; x_wconf 86' lang='lat' dir='ltr'>etiam</span> <span class='ocrx_word' id='word_1_341' title='bbox 2003 4792 2274 4854; x_wconf 88' lang='lat' dir='ltr'>magnas</span> 
     </span>
     <span class='ocr_line' id='line_1_51' title="bbox 333 4856 2270 4947; baseline -0.003 -22"><span class='ocrx_word' id='word_1_342' title='bbox 333 4873 586 4947; x_wconf 89' lang='lat' dir='ltr'>strages</span> <span class='ocrx_word' id='word_1_343' title='bbox 630 4863 770 4926; x_wconf 88' lang='lat' dir='ltr'>fieri</span> <span class='ocrx_word' id='word_1_344' title='bbox 807 4860 1144 4925; x_wconf 90' lang='lat' dir='ltr'>hominum</span> <span class='ocrx_word' id='word_1_345' title='bbox 1183 4869 1249 4923; x_wconf 89' lang='lat' dir='ltr'>et</span> <span class='ocrx_word' id='word_1_346' title='bbox 1284 4859 1688 4934; x_wconf 89' lang='lat' dir='ltr'>animalium,</span> <span class='ocrx_word' id='word_1_347' title='bbox 1732 4858 1866 4922; x_wconf 93' lang='lat' dir='ltr'>imo</span> <span class='ocrx_word' id='word_1_348' title='bbox 1909 4858 2039 4922; x_wconf 91' lang='lat' dir='ltr'>rari</span> <span class='ocrx_word' id='word_1_349' title='bbox 2078 4856 2270 4920; x_wconf 89' lang='lat' dir='ltr'>bene·</span> 
     </span>
     <span class='ocr_line' id='line_1_52' title="bbox 332 4942 2270 5026; baseline -0.002 -15"><span class='ocrx_word' id='word_1_350' title='bbox 332 4948 459 5012; x_wconf 89' lang='lat' dir='ltr'>ficii</span> <span class='ocrx_word' id='word_1_351' title='bbox 505 4948 648 5013; x_wconf 92' lang='lat' dir='ltr'>loco</span> <span class='ocrx_word' id='word_1_352' title='bbox 692 4947 951 5012; x_wconf 90' lang='lat' dir='ltr'>ducitur</span> <span class='ocrx_word' id='word_1_353' title='bbox 986 4947 1039 5011; x_wconf 91' lang='lat' dir='ltr'>si</span> <span class='ocrx_word' id='word_1_354' title='bbox 1079 4946 1234 5011; x_wconf 89' lang='lat' dir='ltr'>anni</span> <span class='ocrx_word' id='word_1_355' title='bbox 1280 4944 1501 5010; x_wconf 88' lang='lat' dir='ltr'>decem</span> <span class='ocrx_word' id='word_1_356' title='bbox 1538 4946 1638 5009; x_wconf 88' lang='lat' dir='ltr'>vel</span> <span class='ocrx_word' id='word_1_357' title='bbox 1676 4943 2044 5026; x_wconf 90' lang='lat' dir='ltr'>quindecim</span> <span class='ocrx_word' id='word_1_358' title='bbox 2079 4963 2118 5007; x_wconf 87' lang='lat' dir='ltr'>a</span> <span class='ocrx_word' id='word_1_359' title='bbox 2153 4942 2270 5007; x_wconf 88' lang='lat' dir='ltr'>tali</span> 
     </span>
     <span class='ocr_line' id='line_1_53' title="bbox 332 5027 2268 5117; baseline -0.003 -21"><span class='ocrx_word' id='word_1_360' title='bbox 332 5053 507 5098; x_wconf 86' lang='lat' dir='ltr'>noxa</span> <span class='ocrx_word' id='word_1_361' title='bbox 572 5036 899 5098; x_wconf 90' lang='lat' dir='ltr'>immunes</span> <span class='ocrx_word' id='word_1_362' title='bbox 960 5039 1397 5117; x_wconf 87' lang='lat' dir='ltr'>praetereant.</span> <span class='ocrx_word' id='word_1_363' title='bbox 1509 5029 1640 5097; x_wconf 90' lang='lat' dir='ltr'>Sed</span> <span class='ocrx_word' id='word_1_364' title='bbox 1709 5028 1894 5094; x_wconf 92' lang='lat' dir='ltr'>Deus</span> <span class='ocrx_word' id='word_1_365' title='bbox 1956 5027 2268 5092; x_wconf 89' lang='lat' dir='ltr'>iudicium</span> 
     </span>
     <span class='ocr_line' id='line_1_54' title="bbox 335 5115 2272 5201; baseline -0.003 -17"><span class='ocrx_word' id='word_1_366' title='bbox 335 5120 506 5199; x_wconf 88' lang='lat' dir='ltr'>quod</span> <span class='ocrx_word' id='word_1_367' title='bbox 574 5120 839 5201; x_wconf 82' lang='lat' dir='ltr'>exsequi</span> <span class='ocrx_word' id='word_1_368' title='bbox 904 5126 1252 5192; x_wconf 85' lang='lat' dir='ltr'>statuerat,</span> <span class='ocrx_word' id='word_1_369' title='bbox 1316 5118 1511 5182; x_wconf 89' lang='lat' dir='ltr'>certis</span> <span class='ocrx_word' id='word_1_370' title='bbox 1553 5115 1730 5181; x_wconf 91' lang='lat' dir='ltr'>notis</span> <span class='ocrx_word' id='word_1_371' title='bbox 1784 5115 2063 5199; x_wconf 87' lang='lat' dir='ltr'>insignit</span> <span class='ocrx_word' id='word_1_372' title='bbox 2105 5135 2272 5197; x_wconf 91' lang='lat' dir='ltr'>quae</span> 
     </span>
     <span class='ocr_line' id='line_1_55' title="bbox 335 5201 2269 5288; baseline -0.002 -19"><span class='ocrx_word' id='word_1_373' title='bbox 335 5204 787 5270; x_wconf 90' lang='lat' dir='ltr'>demonstrent</span> <span class='ocrx_word' id='word_1_374' title='bbox 839 5205 1222 5288; x_wconf 84' lang='lat' dir='ltr'>grandinem</span> <span class='ocrx_word' id='word_1_375' title='bbox 1287 5225 1415 5268; x_wconf 92' lang='lat' dir='ltr'>non</span> <span class='ocrx_word' id='word_1_376' title='bbox 1475 5224 1615 5267; x_wconf 91' lang='lat' dir='ltr'>esse</span> <span class='ocrx_word' id='word_1_377' title='bbox 1665 5211 1882 5266; x_wconf 90' lang='lat' dir='ltr'>natam</span> <span class='ocrx_word' id='word_1_378' title='bbox 1930 5221 2014 5265; x_wconf 89' lang='lat' dir='ltr'>ex</span> <span class='ocrx_word' id='word_1_379' title='bbox 2058 5201 2269 5266; x_wconf 90' lang='lat' dir='ltr'>causis</span> 
     </span>
     <span class='ocr_line' id='line_1_56' title="bbox 333 5286 2268 5366; baseline -0.002 -12"><span class='ocrx_word' id='word_1_380' title='bbox 333 5291 754 5366; x_wconf 89' lang='lat' dir='ltr'>naturalibus,</span> <span class='ocrx_word' id='word_1_381' title='bbox 800 5290 909 5355; x_wconf 86' lang='lat' dir='ltr'>sed</span> <span class='ocrx_word' id='word_1_382' title='bbox 948 5304 1161 5355; x_wconf 72' lang='lat' dir='ltr'>aerem</span> <span class='ocrx_word' id='word_1_383' title='bbox 1203 5289 1517 5354; x_wconf 85' lang='lat' dir='ltr'>divinitus</span> <span class='ocrx_word' id='word_1_384' title='bbox 1553 5298 1876 5352; x_wconf 89' lang='lat' dir='ltr'>armatum</span> <span class='ocrx_word' id='word_1_385' title='bbox 1923 5286 2268 5353; x_wconf 87' lang='lat' dir='ltr'>manifeste</span> 
     </span>
     <span class='ocr_line' id='line_1_57' title="bbox 333 5375 2267 5461; baseline -0.001 -21"><span class='ocrx_word' id='word_1_386' title='bbox 333 5396 649 5461; x_wconf 86' lang='lat' dir='ltr'>pugnare.</span> <span class='ocrx_word' id='word_1_387' title='bbox 718 5377 1013 5441; x_wconf 90' lang='lat' dir='ltr'>Primum</span> <span class='ocrx_word' id='word_1_388' title='bbox 1053 5376 1190 5440; x_wconf 83' lang='lat' dir='ltr'>dies</span> <span class='ocrx_word' id='word_1_389' title='bbox 1235 5377 1559 5440; x_wconf 87' lang='lat' dir='ltr'>crastinus</span> <span class='ocrx_word' id='word_1_390' title='bbox 1603 5375 2006 5458; x_wconf 87' lang='lat' dir='ltr'>praefigitur:</span> <span class='ocrx_word' id='word_1_391' title='bbox 2053 5393 2267 5456; x_wconf 91' lang='lat' dir='ltr'>neque</span> 
     </span>
    </p>

    <p class='ocr_par' dir='ltr' id='par_1_5' title="bbox 537 5475 1477 5547">
     <span class='ocr_line' id='line_1_58' title="bbox 537 5475 1477 5547; baseline 0 -15"><span class='ocrx_word' id='word_1_392' title='bbox 537 5476 760 5534; x_wconf 60' lang='lat' dir='ltr'>Calvia&amp;</span> <span class='ocrx_word' id='word_1_393' title='bbox 790 5493 978 5547; x_wconf 75' lang='lat' dir='ltr'>opera.</span> <span class='ocrx_word' id='word_1_394' title='bbox 1056 5477 1174 5533; x_wconf 79' lang='lat' dir='ltr'>Vol.</span> <span class='ocrx_word' id='word_1_395' title='bbox 1247 5475 1477 5534; x_wconf 83' lang='lat' dir='ltr'>XXIV.</span> 
     </span>
    </p>
   </div>
   <div class='ocr_carea' id='block_1_3' title="bbox 1505 453 3159 524">
    <p class='ocr_par' dir='ltr' id='par_1_6' title="bbox 1505 453 3159 524">
     <span class='ocr_line' id='line_1_59' title="bbox 1505 453 3159 524; baseline -0.001 0"><span class='ocrx_word' id='word_1_396' title='bbox 1505 453 2248 524; x_wconf 76' lang='lat' dir='ltr'><strong>COMMENTARIUS</strong></span> <span class='ocrx_word' id='word_1_397' title='bbox 2294 453 2394 520; x_wconf 89' lang='lat' dir='ltr'>IN</span> <span class='ocrx_word' id='word_1_398' title='bbox 2439 454 2740 522; x_wconf 84' lang='lat' dir='ltr'>EXODI</span> <span class='ocrx_word' id='word_1_399' title='bbox 2785 455 2986 522; x_wconf 83' lang='lat' dir='ltr'>OAP.</span> <span class='ocrx_word' id='word_1_400' title='bbox 3031 454 3159 522; x_wconf 84' lang='lat' dir='ltr'>IX.</span> 
     </span>
    </p>
   </div>
   <div class='ocr_carea' id='block_1_4' title="bbox 2320 657 2351 5438">
    <p class='ocr_par' dir='ltr' id='par_1_7' title="bbox 2320 657 2351 5438">
     <span class='ocr_line' id='line_1_60' title="bbox 2320 657 2351 5438; baseline 0 0"><span class='ocrx_word' id='word_1_401' title='bbox 2320 657 2351 5438; x_wconf 95' lang='lat' dir='ltr'> </span> 
     </span>
    </p>
   </div>
   <div class='ocr_carea' id='block_1_5' title="bbox 4218 456 4349 523">
    <p class='ocr_par' dir='ltr' id='par_1_8' title="bbox 4218 456 4349 523">
     <span class='ocr_line' id='line_1_61' title="bbox 4218 456 4349 523; baseline 0 0"><span class='ocrx_word' id='word_1_402' title='bbox 4218 456 4349 523; x_wconf 76' lang='lat'>114</span> 
     </span>
    </p>
   </div>
   <div class='ocr_carea' id='block_1_6' title="bbox 2361 643 4350 5453">
    <p class='ocr_par' dir='ltr' id='par_1_9' title="bbox 2383 643 4350 1913">
     <span class='ocr_line' id='line_1_62' title="bbox 2388 643 4348 726; baseline 0.002 -19"><span class='ocrx_word' id='word_1_403' title='bbox 2388 643 2512 709; x_wconf 93' lang='lat' dir='ltr'>hoc</span> <span class='ocrx_word' id='word_1_404' title='bbox 2578 643 2737 709; x_wconf 91' lang='lat' dir='ltr'>satis</span> <span class='ocrx_word' id='word_1_405' title='bbox 2803 651 2931 721; x_wconf 89' lang='lat' dir='ltr'>est,</span> <span class='ocrx_word' id='word_1_406' title='bbox 3001 643 3264 710; x_wconf 86' lang='lat' dir='ltr'>additur</span> <span class='ocrx_word' id='word_1_407' title='bbox 3329 645 3523 710; x_wconf 90' lang='lat' dir='ltr'>etiam</span> <span class='ocrx_word' id='word_1_408' title='bbox 3596 645 3776 711; x_wconf 90' lang='lat' dir='ltr'>hora.</span> <span class='ocrx_word' id='word_1_409' title='bbox 3878 644 4049 726; x_wconf 78' lang='lat' dir='ltr'>Quis</span> <span class='ocrx_word' id='word_1_410' title='bbox 4116 652 4348 711; x_wconf 85' lang='lat' dir='ltr'>autem</span> 
     </span>
     <span class='ocr_line' id='line_1_63' title="bbox 2388 729 4340 814; baseline 0.002 -21"><span class='ocrx_word' id='word_1_411' title='bbox 2388 729 2755 813; x_wconf 87' lang='lat' dir='ltr'>astrologus</span> <span class='ocrx_word' id='word_1_412' title='bbox 2792 737 2906 794; x_wconf 90' lang='lat' dir='ltr'>aut</span> <span class='ocrx_word' id='word_1_413' title='bbox 2942 730 3369 814; x_wconf 89' lang='lat' dir='ltr'>philosophus</span> <span class='ocrx_word' id='word_1_414' title='bbox 3414 731 3482 796; x_wconf 93' lang='lat' dir='ltr'>in</span> <span class='ocrx_word' id='word_1_415' title='bbox 3522 731 3897 797; x_wconf 89' lang='lat' dir='ltr'>turbinibus</span> <span class='ocrx_word' id='word_1_416' title='bbox 3932 739 3998 796; x_wconf 91' lang='lat' dir='ltr'>et</span> <span class='ocrx_word' id='word_1_417' title='bbox 4033 730 4340 814; x_wconf 89' lang='lat' dir='ltr'>procellis</span> 
     </span>
     <span class='ocr_line' id='line_1_64' title="bbox 2386 814 4350 901; baseline 0.002 -23"><span class='ocrx_word' id='word_1_418' title='bbox 2386 814 2699 881; x_wconf 88' lang='lat' dir='ltr'>articulos</span> <span class='ocrx_word' id='word_1_419' title='bbox 2729 825 3099 900; x_wconf 88' lang='lat' dir='ltr'>temporum</span> <span class='ocrx_word' id='word_1_420' title='bbox 3130 817 3225 883; x_wconf 91' lang='lat' dir='ltr'>sic</span> <span class='ocrx_word' id='word_1_421' title='bbox 3261 817 3482 883; x_wconf 89' lang='lat' dir='ltr'>metiri</span> <span class='ocrx_word' id='word_1_422' title='bbox 3516 816 3759 901; x_wconf 78' lang='lat' dir='ltr'>queat?</span> <span class='ocrx_word' id='word_1_423' title='bbox 3804 817 4025 882; x_wconf 77' lang='lat' dir='ltr'>Tertio</span> <span class='ocrx_word' id='word_1_424' title='bbox 4069 817 4350 900; x_wconf 82' lang='lat' dir='ltr'>ponitur</span> 
     </span>
     <span class='ocr_line' id='line_1_65' title="bbox 2386 900 4337 986; baseline 0.002 -21"><span class='ocrx_word' id='word_1_425' title='bbox 2386 900 2652 967; x_wconf 89' lang='lat' dir='ltr'>insolita</span> <span class='ocrx_word' id='word_1_426' title='bbox 2695 900 3026 979; x_wconf 81' lang='lat' dir='ltr'>violentia,</span> <span class='ocrx_word' id='word_1_427' title='bbox 3077 901 3288 985; x_wconf 89' lang='lat' dir='ltr'>qualis</span> <span class='ocrx_word' id='word_1_428' title='bbox 3333 924 3668 986; x_wconf 90' lang='lat' dir='ltr'>nunquam</span> <span class='ocrx_word' id='word_1_429' title='bbox 3713 924 3867 969; x_wconf 90' lang='lat' dir='ltr'>cons</span> <span class='ocrx_word' id='word_1_430' title='bbox 3914 913 4058 968; x_wconf 90' lang='lat' dir='ltr'>ecta</span> <span class='ocrx_word' id='word_1_431' title='bbox 4100 902 4337 969; x_wconf 81' lang='lat' dir='ltr'>fuerat.</span> 
     </span>
     <span class='ocr_line' id='line_1_66' title="bbox 2388 984 4338 1067; baseline 0 -15"><span class='ocrx_word' id='word_1_432' title='bbox 2388 984 2643 1067; x_wconf 83' lang='lat' dir='ltr'>Quarto</span> <span class='ocrx_word' id='word_1_433' title='bbox 2685 987 3036 1053; x_wconf 89' lang='lat' dir='ltr'>continuus</span> <span class='ocrx_word' id='word_1_434' title='bbox 3081 995 3334 1054; x_wconf 89' lang='lat' dir='ltr'>tractus</span> <span class='ocrx_word' id='word_1_435' title='bbox 3376 989 3457 1055; x_wconf 90' lang='lat' dir='ltr'>ab</span> <span class='ocrx_word' id='word_1_436' title='bbox 3503 990 3816 1055; x_wconf 88' lang='lat' dir='ltr'>extremis</span> <span class='ocrx_word' id='word_1_437' title='bbox 3916 1011 3952 1053; x_wconf 91' lang='lat' dir='ltr'>e</span> <span class='ocrx_word' id='word_1_438' title='bbox 4091 989 4138 1051; x_wconf 90' lang='lat' dir='ltr'>ti</span> <span class='ocrx_word' id='word_1_439' title='bbox 4184 987 4338 1052; x_wconf 88' lang='lat' dir='ltr'>fini-</span> 
     </span>
     <span class='ocr_line' id='line_1_67' title="bbox 2384 1071 4337 1158; baseline 0.002 -22"><span class='ocrx_word' id='word_1_440' title='bbox 2384 1071 2509 1139; x_wconf 85' lang='lat' dir='ltr'>bus</span> <span class='ocrx_word' id='word_1_441' title='bbox 2542 1093 2752 1157; x_wconf 89' lang='lat' dir='ltr'>usque</span> <span class='ocrx_word' id='word_1_442' title='bbox 2783 1073 2863 1137; x_wconf 88' lang='lat' dir='ltr'>ad</span> <span class='ocrx_word' id='word_1_443' title='bbox 2903 1073 3064 1138; x_wconf 91' lang='lat' dir='ltr'>alios</span> <span class='ocrx_word' id='word_1_444' title='bbox 3099 1075 3265 1140; x_wconf 89' lang='lat' dir='ltr'>fines</span> <span class='ocrx_word' id='word_1_445' title='bbox 3299 1077 3646 1158; x_wconf 89' lang='lat' dir='ltr'>oppositos,</span> <span class='ocrx_word' id='word_1_446' title='bbox 3686 1086 3754 1141; x_wconf 91' lang='lat' dir='ltr'>et</span> <span class='ocrx_word' id='word_1_447' title='bbox 3787 1076 3956 1139; x_wconf 89' lang='lat' dir='ltr'>simu</span> <span class='ocrx_word' id='word_1_448' title='bbox 4021 1075 4337 1158; x_wconf 86' lang='lat' dir='ltr'>expansio</span> 
     </span>
     <span class='ocr_line' id='line_1_68' title="bbox 2384 1158 4334 1245; baseline 0.001 -23"><span class='ocrx_word' id='word_1_449' title='bbox 2384 1159 2457 1223; x_wconf 90' lang='lat' dir='ltr'>in</span> <span class='ocrx_word' id='word_1_450' title='bbox 2502 1167 2710 1224; x_wconf 89' lang='lat' dir='ltr'>totam</span> <span class='ocrx_word' id='word_1_451' title='bbox 2755 1158 3191 1225; x_wconf 89' lang='lat' dir='ltr'>latitudinem.</span> <span class='ocrx_word' id='word_1_452' title='bbox 3262 1160 3395 1225; x_wconf 87' lang='lat' dir='ltr'>Vix</span> <span class='ocrx_word' id='word_1_453' title='bbox 3439 1162 3617 1227; x_wconf 90' lang='lat' dir='ltr'>intra</span> <span class='ocrx_word' id='word_1_454' title='bbox 3661 1182 3869 1226; x_wconf 91' lang='lat' dir='ltr'>annos</span> <span class='ocrx_word' id='word_1_455' title='bbox 3916 1160 4154 1245; x_wconf 83' lang='lat' dir='ltr'>viginti</span> <span class='ocrx_word' id='word_1_456' title='bbox 4198 1168 4334 1225; x_wconf 89' lang='lat' dir='ltr'>tam</span> 
     </span>
     <span class='ocr_line' id='line_1_69' title="bbox 2384 1244 4340 1331; baseline 0.002 -23"><span class='ocrx_word' id='word_1_457' title='bbox 2384 1245 2580 1326; x_wconf 84' lang='lat' dir='ltr'>longe</span> <span class='ocrx_word' id='word_1_458' title='bbox 2624 1246 3029 1328; x_wconf 87' lang='lat' dir='ltr'>grassabitur</span> <span class='ocrx_word' id='word_1_459' title='bbox 3086 1244 3426 1311; x_wconf 87' lang='lat' dir='ltr'>calamitas</span> <span class='ocrx_word' id='word_1_460' title='bbox 3487 1256 3562 1312; x_wconf 91' lang='lat' dir='ltr'>ut</span> <span class='ocrx_word' id='word_1_461' title='bbox 3605 1257 3763 1312; x_wconf 88' lang='lat' dir='ltr'>tunc</span> <span class='ocrx_word' id='word_1_462' title='bbox 3803 1246 4013 1311; x_wconf 89' lang='lat' dir='ltr'>instar</span> <span class='ocrx_word' id='word_1_463' title='bbox 4055 1246 4340 1331; x_wconf 88' lang='lat' dir='ltr'>sagittae</span> 
     </span>
     <span class='ocr_line' id='line_1_70' title="bbox 2387 1331 4336 1415; baseline 0.001 -20"><span class='ocrx_word' id='word_1_464' title='bbox 2387 1331 2709 1407; x_wconf 69' lang='lat' dir='ltr'>volitavit,</span> <span class='ocrx_word' id='word_1_465' title='bbox 2756 1339 2822 1396; x_wconf 89' lang='lat' dir='ltr'>et</span> <span class='ocrx_word' id='word_1_466' title='bbox 2865 1331 3193 1415; x_wconf 83' lang='lat' dir='ltr'>angustiis</span> <span class='ocrx_word' id='word_1_467' title='bbox 3235 1332 3374 1397; x_wconf 90' lang='lat' dir='ltr'>suis</span> <span class='ocrx_word' id='word_1_468' title='bbox 3418 1343 3741 1411; x_wconf 88' lang='lat' dir='ltr'>contenta,</span> <span class='ocrx_word' id='word_1_469' title='bbox 3789 1353 3922 1398; x_wconf 91' lang='lat' dir='ltr'>non</span> <span class='ocrx_word' id='word_1_470' title='bbox 3965 1332 4062 1397; x_wconf 90' lang='lat' dir='ltr'>ita</span> <span class='ocrx_word' id='word_1_471' title='bbox 4095 1332 4228 1397; x_wconf 90' lang='lat' dir='ltr'>late</span> <span class='ocrx_word' id='word_1_472' title='bbox 4264 1352 4336 1397; x_wconf 92' lang='lat' dir='ltr'>se</span> 
     </span>
     <span class='ocr_line' id='line_1_71' title="bbox 2386 1414 4335 1485; baseline 0.001 -5"><span class='ocrx_word' id='word_1_473' title='bbox 2386 1414 2725 1482; x_wconf 87' lang='lat' dir='ltr'>diffundet.</span> <span class='ocrx_word' id='word_1_474' title='bbox 2812 1417 3155 1482; x_wconf 89' lang='lat' dir='ltr'>Postremo</span> <span class='ocrx_word' id='word_1_475' title='bbox 3201 1417 3450 1483; x_wconf 88' lang='lat' dir='ltr'>accedit</span> <span class='ocrx_word' id='word_1_476' title='bbox 3493 1418 3825 1485; x_wconf 88' lang='lat' dir='ltr'>distinctio</span> <span class='ocrx_word' id='word_1_477' title='bbox 3869 1421 4043 1483; x_wconf 89' lang='lat' dir='ltr'>inter</span> <span class='ocrx_word' id='word_1_478' title='bbox 4087 1428 4335 1482; x_wconf 89' lang='lat' dir='ltr'>terram</span> 
     </span>
     <span class='ocr_line' id='line_1_72' title="bbox 2386 1502 4338 1588; baseline 0 -21"><span class='ocrx_word' id='word_1_479' title='bbox 2386 1502 2612 1568; x_wconf 84' lang='lat' dir='ltr'>Gosen</span> <span class='ocrx_word' id='word_1_480' title='bbox 2692 1510 2760 1566; x_wconf 90' lang='lat' dir='ltr'>et</span> <span class='ocrx_word' id='word_1_481' title='bbox 2835 1502 3153 1586; x_wconf 89' lang='lat' dir='ltr'>reliquam</span> <span class='ocrx_word' id='word_1_482' title='bbox 3221 1502 3622 1588; x_wconf 84' lang='lat' dir='ltr'>Aegyptum.</span> <span class='ocrx_word' id='word_1_483' title='bbox 3732 1503 3909 1570; x_wconf 92' lang='lat' dir='ltr'>Hinc</span> <span class='ocrx_word' id='word_1_484' title='bbox 3974 1503 4191 1586; x_wconf 88' lang='lat' dir='ltr'>palam</span> <span class='ocrx_word' id='word_1_485' title='bbox 4258 1505 4338 1568; x_wconf 89' lang='lat' dir='ltr'>fit</span> 
     </span>
     <span class='ocr_line' id='line_1_73' title="bbox 2384 1587 4338 1673; baseline 0.001 -21"><span class='ocrx_word' id='word_1_486' title='bbox 2384 1587 2777 1672; x_wconf 86' lang='lat' dir='ltr'>grandinem</span> <span class='ocrx_word' id='word_1_487' title='bbox 2822 1609 2954 1653; x_wconf 91' lang='lat' dir='ltr'>non</span> <span class='ocrx_word' id='word_1_488' title='bbox 3000 1589 3154 1653; x_wconf 90' lang='lat' dir='ltr'>ferri</span> <span class='ocrx_word' id='word_1_489' title='bbox 3200 1610 3471 1655; x_wconf 89' lang='lat' dir='ltr'>erroneo</span> <span class='ocrx_word' id='word_1_490' title='bbox 3515 1590 3788 1673; x_wconf 87' lang='lat' dir='ltr'>impetu,</span> <span class='ocrx_word' id='word_1_491' title='bbox 3832 1589 3945 1654; x_wconf 89' lang='lat' dir='ltr'>sed</span> <span class='ocrx_word' id='word_1_492' title='bbox 3982 1610 4182 1654; x_wconf 87' lang='lat' dir='ltr'>manu</span> <span class='ocrx_word' id='word_1_493' title='bbox 4206 1588 4338 1653; x_wconf 91' lang='lat' dir='ltr'>Dei</span> 
     </span>
     <span class='ocr_line' id='line_1_74' title="bbox 2386 1673 4336 1759; baseline 0.002 -21"><span class='ocrx_word' id='word_1_494' title='bbox 2386 1675 2640 1758; x_wconf 89' lang='lat' dir='ltr'>spargi:</span> <span class='ocrx_word' id='word_1_495' title='bbox 2699 1673 2935 1740; x_wconf 91' lang='lat' dir='ltr'>deinde</span> <span class='ocrx_word' id='word_1_496' title='bbox 2995 1696 3128 1740; x_wconf 89' lang='lat' dir='ltr'>non</span> <span class='ocrx_word' id='word_1_497' title='bbox 3183 1696 3327 1741; x_wconf 92' lang='lat' dir='ltr'>esse</span> <span class='ocrx_word' id='word_1_498' title='bbox 3383 1687 3717 1741; x_wconf 88' lang='lat' dir='ltr'>concretas</span> <span class='ocrx_word' id='word_1_499' title='bbox 3768 1674 3992 1759; x_wconf 86' lang='lat' dir='ltr'>frigidi</span> <span class='ocrx_word' id='word_1_500' title='bbox 4038 1676 4336 1742; x_wconf 90' lang='lat' dir='ltr'>humoris</span> 
     </span>
     <span class='ocr_line' id='line_1_75' title="bbox 2383 1760 4328 1846; baseline 0.002 -22"><span class='ocrx_word' id='word_1_501' title='bbox 2383 1768 2609 1844; x_wconf 90' lang='lat' dir='ltr'>guttas</span> <span class='ocrx_word' id='word_1_502' title='bbox 2653 1760 2724 1824; x_wconf 90' lang='lat' dir='ltr'>in</span> <span class='ocrx_word' id='word_1_503' title='bbox 2769 1760 2987 1826; x_wconf 89' lang='lat' dir='ltr'>media</span> <span class='ocrx_word' id='word_1_504' title='bbox 3029 1760 3295 1844; x_wconf 87' lang='lat' dir='ltr'>regione</span> <span class='ocrx_word' id='word_1_505' title='bbox 3340 1762 3530 1839; x_wconf 82' lang='lat' dir='ltr'>aeris,</span> <span class='ocrx_word' id='word_1_506' title='bbox 3582 1760 3695 1825; x_wconf 91' lang='lat' dir='ltr'>sed</span> <span class='ocrx_word' id='word_1_507' title='bbox 3738 1770 4109 1846; x_wconf 90' lang='lat' dir='ltr'>portentum</span> <span class='ocrx_word' id='word_1_508' title='bbox 4158 1761 4328 1845; x_wconf 87' lang='lat' dir='ltr'>quod</span> 
     </span>
     <span class='ocr_line' id='line_1_76' title="bbox 2386 1845 3456 1913; baseline 0.002 -4"><span class='ocrx_word' id='word_1_509' title='bbox 2386 1856 2665 1911; x_wconf 90' lang='lat' dir='ltr'>naturae</span> <span class='ocrx_word' id='word_1_510' title='bbox 2708 1845 2952 1911; x_wconf 88' lang='lat' dir='ltr'>limites</span> <span class='ocrx_word' id='word_1_511' title='bbox 2998 1847 3456 1913; x_wconf 89' lang='lat' dir='ltr'>transscendit.</span> 
     </span>
    </p>

    <p class='ocr_par' dir='ltr' id='par_1_10' title="bbox 2385 1932 4341 2944">
     <span class='ocr_line' id='line_1_77' title="bbox 2561 1932 4334 2016; baseline 0.001 -20"><span class='ocrx_word' id='word_1_512' title='bbox 2561 1932 2662 1998; x_wconf 83' lang='lat'>19.</span> <span class='ocrx_word' id='word_1_513' title='bbox 2713 1932 2900 1997; x_wconf 74' lang='lat' dir='ltr'>Nunc</span> <span class='ocrx_word' id='word_1_514' title='bbox 2942 1952 3084 2015; x_wconf 73' lang='lat' dir='ltr'>erqo</span> <span class='ocrx_word' id='word_1_515' title='bbox 3125 1933 3311 1998; x_wconf 76' lang='lat' dir='ltr'>mitte.</span> <span class='ocrx_word' id='word_1_516' title='bbox 3401 1933 3550 1998; x_wconf 89' lang='lat' dir='ltr'>Non</span> <span class='ocrx_word' id='word_1_517' title='bbox 3597 1932 3712 1997; x_wconf 91' lang='lat' dir='ltr'>dat</span> <span class='ocrx_word' id='word_1_518' title='bbox 3755 1933 4100 1999; x_wconf 89' lang='lat' dir='ltr'>consilium</span> <span class='ocrx_word' id='word_1_519' title='bbox 4146 1933 4334 2016; x_wconf 91' lang='lat' dir='ltr'>quasi</span> 
     </span>
     <span class='ocr_line' id='line_1_78' title="bbox 2385 2017 4341 2102; baseline 0 -19"><span class='ocrx_word' id='word_1_520' title='bbox 2385 2017 2547 2083; x_wconf 83' lang='lat' dir='ltr'>velit</span> <span class='ocrx_word' id='word_1_521' title='bbox 2592 2038 2860 2102; x_wconf 88' lang='lat' dir='ltr'>parcere</span> <span class='ocrx_word' id='word_1_522' title='bbox 2904 2018 3078 2082; x_wconf 92' lang='lat' dir='ltr'>hosti</span> <span class='ocrx_word' id='word_1_523' title='bbox 3121 2020 3429 2102; x_wconf 86' lang='lat' dir='ltr'>profess0,</span> <span class='ocrx_word' id='word_1_524' title='bbox 3471 2018 3585 2084; x_wconf 89' lang='lat' dir='ltr'>sed</span> <span class='ocrx_word' id='word_1_525' title='bbox 3631 2040 3911 2084; x_wconf 87' lang='lat' dir='ltr'>vesanae</span> <span class='ocrx_word' id='word_1_526' title='bbox 3954 2019 4095 2083; x_wconf 91' lang='lat' dir='ltr'>eius</span> <span class='ocrx_word' id='word_1_527' title='bbox 4139 2020 4341 2085; x_wconf 87' lang='lat' dir='ltr'>confi-</span> 
     </span>
     <span class='ocr_line' id='line_1_79' title="bbox 2388 2103 4339 2188; baseline 0.002 -21"><span class='ocrx_word' id='word_1_528' title='bbox 2388 2103 2648 2169; x_wconf 89' lang='lat' dir='ltr'>dentiae</span> <span class='ocrx_word' id='word_1_529' title='bbox 2706 2104 3013 2182; x_wconf 87' lang='lat' dir='ltr'>insultat,</span> <span class='ocrx_word' id='word_1_530' title='bbox 3081 2105 3251 2187; x_wconf 91' lang='lat' dir='ltr'>quod</span> <span class='ocrx_word' id='word_1_531' title='bbox 3311 2104 3631 2171; x_wconf 88' lang='lat' dir='ltr'>hactenus</span> <span class='ocrx_word' id='word_1_532' title='bbox 3697 2105 3931 2188; x_wconf 90' lang='lat' dir='ltr'>supina</span> <span class='ocrx_word' id='word_1_533' title='bbox 3987 2105 4339 2170; x_wconf 88' lang='lat' dir='ltr'>securitate</span> 
     </span>
     <span class='ocr_line' id='line_1_80' title="bbox 2385 2189 4338 2273; baseline 0.001 -19"><span class='ocrx_word' id='word_1_534' title='bbox 2385 2191 2853 2273; x_wconf 87' lang='lat' dir='ltr'>contempserit</span> <span class='ocrx_word' id='word_1_535' title='bbox 2895 2189 3208 2273; x_wconf 89' lang='lat' dir='ltr'>quidquid</span> <span class='ocrx_word' id='word_1_536' title='bbox 3265 2210 3616 2273; x_wconf 89' lang='lat' dir='ltr'>poenarum</span> <span class='ocrx_word' id='word_1_537' title='bbox 3661 2190 4124 2256; x_wconf 89' lang='lat' dir='ltr'>denunciatum</span> <span class='ocrx_word' id='word_1_538' title='bbox 4172 2198 4338 2257; x_wconf 86' lang='lat' dir='ltr'>erat.</span> 
     </span>
     <span class='ocr_line' id='line_1_81' title="bbox 2386 2275 4334 2361; baseline 0.001 -20"><span class='ocrx_word' id='word_1_539' title='bbox 2386 2275 2669 2359; x_wconf 89' lang='lat' dir='ltr'>Oblique</span> <span class='ocrx_word' id='word_1_540' title='bbox 2706 2297 2860 2361; x_wconf 90' lang='lat' dir='ltr'>ergo</span> <span class='ocrx_word' id='word_1_541' title='bbox 2896 2276 3263 2341; x_wconf 89' lang='lat' dir='ltr'>subindicat</span> <span class='ocrx_word' id='word_1_542' title='bbox 3285 2297 3465 2342; x_wconf 91' lang='lat' dir='ltr'>nunc</span> <span class='ocrx_word' id='word_1_543' title='bbox 3501 2297 3643 2341; x_wconf 90' lang='lat' dir='ltr'>esse</span> <span class='ocrx_word' id='word_1_544' title='bbox 3676 2277 4015 2341; x_wconf 88' lang='lat' dir='ltr'>metuendi</span> <span class='ocrx_word' id='word_1_545' title='bbox 4050 2284 4334 2361; x_wconf 88' lang='lat' dir='ltr'>tempus.</span> 
     </span>
     <span class='ocr_line' id='line_1_82' title="bbox 2386 2360 4334 2445; baseline -0.001 -18"><span class='ocrx_word' id='word_1_546' title='bbox 2386 2360 2722 2442; x_wconf 81' lang='lat' dir='ltr'>SecundO,</span> <span class='ocrx_word' id='word_1_547' title='bbox 2767 2363 2981 2428; x_wconf 89' lang='lat' dir='ltr'>Deum</span> <span class='ocrx_word' id='word_1_548' title='bbox 3030 2382 3161 2426; x_wconf 92' lang='lat' dir='ltr'>non</span> <span class='ocrx_word' id='word_1_549' title='bbox 3220 2372 3474 2427; x_wconf 89' lang='lat' dir='ltr'>certare</span> <span class='ocrx_word' id='word_1_550' title='bbox 3532 2364 3716 2445; x_wconf 87' lang='lat' dir='ltr'>quasi</span> <span class='ocrx_word' id='word_1_551' title='bbox 3775 2360 3999 2426; x_wconf 89' lang='lat' dir='ltr'>dubito</span> <span class='ocrx_word' id='word_1_552' title='bbox 4057 2370 4334 2428; x_wconf 88' lang='lat' dir='ltr'>eventu:</span> 
     </span>
     <span class='ocr_line' id='line_1_83' title="bbox 2386 2446 4334 2532; baseline 0.001 -21"><span class='ocrx_word' id='word_1_553' title='bbox 2386 2447 2693 2531; x_wconf 89' lang='lat' dir='ltr'>quianon</span> <span class='ocrx_word' id='word_1_554' title='bbox 2729 2456 2992 2513; x_wconf 88' lang='lat' dir='ltr'>tantum</span> <span class='ocrx_word' id='word_1_555' title='bbox 3030 2456 3257 2531; x_wconf 89' lang='lat' dir='ltr'>aperte</span> <span class='ocrx_word' id='word_1_556' title='bbox 3283 2456 3597 2532; x_wconf 87' lang='lat' dir='ltr'>provocat</span> <span class='ocrx_word' id='word_1_557' title='bbox 3628 2468 3778 2511; x_wconf 89' lang='lat' dir='ltr'>eum</span> <span class='ocrx_word' id='word_1_558' title='bbox 3816 2446 3898 2513; x_wconf 89' lang='lat' dir='ltr'>ad</span> <span class='ocrx_word' id='word_1_559' title='bbox 3935 2448 4334 2529; x_wconf 90' lang='lat' dir='ltr'>conflictum,</span> 
     </span>
     <span class='ocr_line' id='line_1_84' title="bbox 2387 2532 4338 2618; baseline 0.001 -20"><span class='ocrx_word' id='word_1_560' title='bbox 2387 2532 2503 2598; x_wconf 86' lang='lat' dir='ltr'>sed</span> <span class='ocrx_word' id='word_1_561' title='bbox 2546 2534 2892 2600; x_wconf 90' lang='lat' dir='ltr'>confirmat</span> <span class='ocrx_word' id='word_1_562' title='bbox 2951 2533 3113 2598; x_wconf 91' lang='lat' dir='ltr'>nihil</span> <span class='ocrx_word' id='word_1_563' title='bbox 3172 2533 3298 2599; x_wconf 88' lang='lat' dir='ltr'>sibi</span> <span class='ocrx_word' id='word_1_564' title='bbox 3353 2534 3494 2598; x_wconf 87' lang='lat' dir='ltr'>fore</span> <span class='ocrx_word' id='word_1_565' title='bbox 3552 2534 3797 2617; x_wconf 88' lang='lat' dir='ltr'>negotii</span> <span class='ocrx_word' id='word_1_566' title='bbox 3860 2535 3927 2598; x_wconf 91' lang='lat' dir='ltr'>in</span> <span class='ocrx_word' id='word_1_567' title='bbox 3985 2535 4127 2617; x_wconf 92' lang='lat' dir='ltr'>ipso</span> <span class='ocrx_word' id='word_1_568' title='bbox 4187 2555 4338 2618; x_wconf 90' lang='lat' dir='ltr'>pro·</span> 
     </span>
     <span class='ocr_line' id='line_1_85' title="bbox 2387 2618 4339 2703; baseline 0.002 -20"><span class='ocrx_word' id='word_1_569' title='bbox 2387 2619 2691 2703; x_wconf 90' lang='lat' dir='ltr'>fligando.</span> <span class='ocrx_word' id='word_1_570' title='bbox 2781 2619 2865 2684; x_wconf 91' lang='lat' dir='ltr'>In</span> <span class='ocrx_word' id='word_1_571' title='bbox 2909 2641 3197 2697; x_wconf 89' lang='lat' dir='ltr'>summa,</span> <span class='ocrx_word' id='word_1_572' title='bbox 3251 2618 3440 2685; x_wconf 89' lang='lat' dir='ltr'>docet</span> <span class='ocrx_word' id='word_1_573' title='bbox 3483 2640 3693 2702; x_wconf 90' lang='lat' dir='ltr'>neque</span> <span class='ocrx_word' id='word_1_574' title='bbox 3739 2630 3886 2686; x_wconf 90' lang='lat' dir='ltr'>astu</span> <span class='ocrx_word' id='word_1_575' title='bbox 3931 2641 4139 2703; x_wconf 91' lang='lat' dir='ltr'>neque</span> <span class='ocrx_word' id='word_1_576' title='bbox 4182 2620 4339 2687; x_wconf 90' lang='lat' dir='ltr'>ullis</span> 
     </span>
     <span class='ocr_line' id='line_1_86' title="bbox 2387 2704 4337 2789; baseline 0.001 -19"><span class='ocrx_word' id='word_1_577' title='bbox 2387 2705 2641 2771; x_wconf 89' lang='lat' dir='ltr'>artibus</span> <span class='ocrx_word' id='word_1_578' title='bbox 2676 2727 2843 2789; x_wconf 91' lang='lat' dir='ltr'>opus</span> <span class='ocrx_word' id='word_1_579' title='bbox 2880 2726 3040 2783; x_wconf 89' lang='lat' dir='ltr'>esse,</span> <span class='ocrx_word' id='word_1_580' title='bbox 3085 2716 3163 2770; x_wconf 91' lang='lat' dir='ltr'>ut</span> <span class='ocrx_word' id='word_1_581' title='bbox 3198 2704 3646 2788; x_wconf 88' lang='lat' dir='ltr'>deprehendat</span> <span class='ocrx_word' id='word_1_582' title='bbox 3682 2706 3930 2771; x_wconf 89' lang='lat' dir='ltr'>hostem</span> <span class='ocrx_word' id='word_1_583' title='bbox 3971 2727 4185 2784; x_wconf 89' lang='lat' dir='ltr'>suum,</span> <span class='ocrx_word' id='word_1_584' title='bbox 4221 2706 4337 2772; x_wconf 90' lang='lat' dir='ltr'>sed</span> 
     </span>
     <span class='ocr_line' id='line_1_87' title="bbox 2388 2790 4338 2874; baseline 0.001 -19"><span class='ocrx_word' id='word_1_585' title='bbox 2388 2793 2691 2874; x_wconf 82' lang='lat' dir='ltr'>quamvis</span> <span class='ocrx_word' id='word_1_586' title='bbox 2735 2790 3002 2857; x_wconf 90' lang='lat' dir='ltr'>modum</span> <span class='ocrx_word' id='word_1_587' title='bbox 3049 2791 3351 2858; x_wconf 88' lang='lat' dir='ltr'>elabendi</span> <span class='ocrx_word' id='word_1_588' title='bbox 3406 2790 3750 2870; x_wconf 87' lang='lat' dir='ltr'>concedat,</span> <span class='ocrx_word' id='word_1_589' title='bbox 3812 2812 3883 2857; x_wconf 89' lang='lat' dir='ltr'>se</span> <span class='ocrx_word' id='word_1_590' title='bbox 3927 2804 4149 2857; x_wconf 88' lang='lat' dir='ltr'>tamen</span> <span class='ocrx_word' id='word_1_591' title='bbox 4193 2792 4338 2858; x_wconf 84' lang='lat' dir='ltr'>sore</span> 
     </span>
     <span class='ocr_line' id='line_1_88' title="bbox 2390 2878 2723 2944; baseline 0 0"><span class='ocrx_word' id='word_1_592' title='bbox 2390 2878 2723 2944; x_wconf 88' lang='lat' dir='ltr'>victorem.</span> 
     </span>
    </p>

    <p class='ocr_par' dir='ltr' id='par_1_11' title="bbox 2363 2961 4340 5093">
     <span class='ocr_line' id='line_1_89' title="bbox 2562 2961 4339 3046; baseline 0 -17"><span class='ocrx_word' id='word_1_593' title='bbox 2562 2963 2665 3029; x_wconf 92' lang='grc'>20.</span> <span class='ocrx_word' id='word_1_594' title='bbox 2743 2964 2868 3046; x_wconf 75' lang='lat' dir='ltr'>Qui</span> <span class='ocrx_word' id='word_1_595' title='bbox 2929 2964 3142 3028; x_wconf 75' lang='lat' dir='ltr'>timuit</span> <span class='ocrx_word' id='word_1_596' title='bbox 3215 2963 3467 3030; x_wconf 84' lang='lat' dir='ltr'>verbwm</span> <span class='ocrx_word' id='word_1_597' title='bbox 3531 2962 3813 3028; x_wconf 77' lang='lat' dir='ltr'>Iehovae.</span> <span class='ocrx_word' id='word_1_598' title='bbox 3924 2963 4055 3028; x_wconf 89' lang='lat' dir='ltr'>His</span> <span class='ocrx_word' id='word_1_599' title='bbox 4117 2961 4339 3029; x_wconf 83' lang='lat' dir='ltr'>verbis</span> 
     </span>
     <span class='ocr_line' id='line_1_90' title="bbox 2389 3048 4338 3134; baseline 0.001 -19"><span class='ocrx_word' id='word_1_600' title='bbox 2389 3049 2676 3116; x_wconf 88' lang='lat' dir='ltr'>ostendit</span> <span class='ocrx_word' id='word_1_601' title='bbox 2701 3050 2921 3117; x_wconf 90' lang='lat' dir='ltr'>Moses</span> <span class='ocrx_word' id='word_1_602' title='bbox 2956 3048 3272 3134; x_wconf 89' lang='lat' dir='ltr'>quosdam</span> <span class='ocrx_word' id='word_1_603' title='bbox 3308 3048 3717 3133; x_wconf 87' lang='lat' dir='ltr'>experientia</span> <span class='ocrx_word' id='word_1_604' title='bbox 3752 3048 4087 3134; x_wconf 90' lang='lat' dir='ltr'>hucusque</span> <span class='ocrx_word' id='word_1_605' title='bbox 4130 3049 4338 3117; x_wconf 77' lang='lat' dir='ltr'>fuisse</span> 
     </span>
     <span class='ocr_line' id='line_1_91' title="bbox 2389 3134 4340 3219; baseline 0.001 -18"><span class='ocrx_word' id='word_1_606' title='bbox 2389 3135 2648 3203; x_wconf 90' lang='lat' dir='ltr'>edoctos</span> <span class='ocrx_word' id='word_1_607' title='bbox 2709 3147 2781 3201; x_wconf 91' lang='lat' dir='ltr'>ut</span> <span class='ocrx_word' id='word_1_608' title='bbox 2835 3157 2967 3201; x_wconf 89' lang='lat' dir='ltr'>non</span> <span class='ocrx_word' id='word_1_609' title='bbox 3028 3136 3297 3202; x_wconf 90' lang='lat' dir='ltr'>omnino</span> <span class='ocrx_word' id='word_1_610' title='bbox 3363 3144 3750 3219; x_wconf 88' lang='lat' dir='ltr'>spernerent</span> <span class='ocrx_word' id='word_1_611' title='bbox 3806 3135 3980 3219; x_wconf 90' lang='lat' dir='ltr'>quod</span> <span class='ocrx_word' id='word_1_612' title='bbox 4037 3134 4340 3202; x_wconf 86' lang='lat' dir='ltr'>edixerat</span> 
     </span>
     <span class='ocr_line' id='line_1_92' title="bbox 2389 3221 4336 3304; baseline -0.001 -17"><span class='ocrx_word' id='word_1_613' title='bbox 2389 3223 2625 3287; x_wconf 83' lang='lat' dir='ltr'>Moses.</span> <span class='ocrx_word' id='word_1_614' title='bbox 2705 3222 2871 3288; x_wconf 88' lang='lat' dir='ltr'>Inde</span> <span class='ocrx_word' id='word_1_615' title='bbox 2921 3223 3097 3286; x_wconf 89' lang='lat' dir='ltr'>enim</span> <span class='ocrx_word' id='word_1_616' title='bbox 3135 3223 3334 3286; x_wconf 90' lang='lat' dir='ltr'>timor</span> <span class='ocrx_word' id='word_1_617' title='bbox 3377 3243 3457 3287; x_wconf 87' lang='lat' dir='ltr'>ex</span> <span class='ocrx_word' id='word_1_618' title='bbox 3505 3221 4006 3287; x_wconf 88' lang='lat' dir='ltr'>denunciatione</span> <span class='ocrx_word' id='word_1_619' title='bbox 4066 3242 4336 3304; x_wconf 89' lang='lat' dir='ltr'>poenae,</span> 
     </span>
     <span class='ocr_line' id='line_1_93' title="bbox 2386 3307 4336 3392; baseline 0 -19"><span class='ocrx_word' id='word_1_620' title='bbox 2386 3310 2540 3391; x_wconf 91' lang='lat' dir='ltr'>quia</span> <span class='ocrx_word' id='word_1_621' title='bbox 2569 3310 2859 3392; x_wconf 84' lang='lat' dir='ltr'>persuasi</span> <span class='ocrx_word' id='word_1_622' title='bbox 2885 3309 3313 3374; x_wconf 88' lang='lat' dir='ltr'>erantMosen</span> <span class='ocrx_word' id='word_1_623' title='bbox 3343 3329 3607 3373; x_wconf 85' lang='lat' dir='ltr'>servum</span> <span class='ocrx_word' id='word_1_624' title='bbox 3635 3329 3775 3372; x_wconf 91' lang='lat' dir='ltr'>esse</span> <span class='ocrx_word' id='word_1_625' title='bbox 3802 3308 3926 3372; x_wconf 90' lang='lat' dir='ltr'>Dei</span> <span class='ocrx_word' id='word_1_626' title='bbox 3953 3330 4027 3373; x_wconf 89' lang='lat' dir='ltr'>ac</span> <span class='ocrx_word' id='word_1_627' title='bbox 4051 3307 4336 3391; x_wconf 87' lang='lat' dir='ltr'>prophe·</span> 
     </span>
     <span class='ocr_line' id='line_1_94' title="bbox 2385 3392 4333 3477; baseline -0.001 -20"><span class='ocrx_word' id='word_1_628' title='bbox 2385 3403 2556 3468; x_wconf 86' lang='lat' dir='ltr'>tam,</span> <span class='ocrx_word' id='word_1_629' title='bbox 2614 3397 2747 3459; x_wconf 90' lang='lat' dir='ltr'>imo</span> <span class='ocrx_word' id='word_1_630' title='bbox 2802 3395 3099 3460; x_wconf 88' lang='lat' dir='ltr'>coelestis</span> <span class='ocrx_word' id='word_1_631' title='bbox 3156 3392 3375 3459; x_wconf 89' lang='lat' dir='ltr'>iudicii</span> <span class='ocrx_word' id='word_1_632' title='bbox 3433 3414 3838 3477; x_wconf 89' lang='lat' dir='ltr'>praeconem.</span> <span class='ocrx_word' id='word_1_633' title='bbox 3940 3393 4333 3476; x_wconf 77' lang='lat' dir='ltr'>Quanquam</span> 
     </span>
     <span class='ocr_line' id='line_1_95' title="bbox 2383 3480 4336 3564; baseline 0 -20"><span class='ocrx_word' id='word_1_634' title='bbox 2383 3481 2575 3545; x_wconf 87' lang='lat' dir='ltr'>simul</span> <span class='ocrx_word' id='word_1_635' title='bbox 2649 3491 2921 3564; x_wconf 89' lang='lat' dir='ltr'>apparet</span> <span class='ocrx_word' id='word_1_636' title='bbox 2986 3501 3115 3545; x_wconf 92' lang='lat' dir='ltr'>non</span> <span class='ocrx_word' id='word_1_637' title='bbox 3188 3481 3355 3545; x_wconf 91' lang='lat' dir='ltr'>serio</span> <span class='ocrx_word' id='word_1_638' title='bbox 3425 3480 3772 3563; x_wconf 91' lang='lat' dir='ltr'>resipuisse</span> <span class='ocrx_word' id='word_1_639' title='bbox 3841 3488 3919 3543; x_wconf 89' lang='lat' dir='ltr'>ut</span> <span class='ocrx_word' id='word_1_640' title='bbox 3990 3480 4336 3545; x_wconf 87' lang='lat' dir='ltr'>obedirent</span> 
     </span>
     <span class='ocr_line' id='line_1_96' title="bbox 2383 3566 4333 3649; baseline 0 -19"><span class='ocrx_word' id='word_1_641' title='bbox 2383 3567 2547 3639; x_wconf 82' lang='lat' dir='ltr'>Deo.</span> <span class='ocrx_word' id='word_1_642' title='bbox 2593 3566 2707 3630; x_wconf 90' lang='lat' dir='ltr'>sed</span> <span class='ocrx_word' id='word_1_643' title='bbox 2745 3568 3073 3649; x_wconf 87' lang='lat' dir='ltr'>praesenti</span> <span class='ocrx_word' id='word_1_644' title='bbox 3119 3586 3194 3631; x_wconf 90' lang='lat' dir='ltr'>ac</span> <span class='ocrx_word' id='word_1_645' title='bbox 3232 3575 3687 3630; x_wconf 88' lang='lat' dir='ltr'>momentaneo</span> <span class='ocrx_word' id='word_1_646' title='bbox 3725 3577 3975 3629; x_wconf 89' lang='lat' dir='ltr'>terrore</span> <span class='ocrx_word' id='word_1_647' title='bbox 4018 3566 4333 3649; x_wconf 88' lang='lat' dir='ltr'>impulsos</span> 
     </span>
     <span class='ocr_line' id='line_1_97' title="bbox 2380 3651 4330 3735; baseline 0.002 -20"><span class='ocrx_word' id='word_1_648' title='bbox 2380 3652 2581 3718; x_wconf 84' lang='lat' dir='ltr'>fuisse</span> <span class='ocrx_word' id='word_1_649' title='bbox 2640 3654 2718 3717; x_wconf 92' lang='lat' dir='ltr'>ad</span> <span class='ocrx_word' id='word_1_650' title='bbox 2779 3651 3162 3719; x_wconf 86' lang='lat' dir='ltr'>cavendum.</span> <span class='ocrx_word' id='word_1_651' title='bbox 3254 3651 3367 3719; x_wconf 90' lang='lat' dir='ltr'>Sic</span> <span class='ocrx_word' id='word_1_652' title='bbox 3418 3651 3830 3734; x_wconf 83' lang='lat' dir='ltr'>particularis</span> <span class='ocrx_word' id='word_1_653' title='bbox 3876 3660 4089 3716; x_wconf 90' lang='lat' dir='ltr'>metus</span> <span class='ocrx_word' id='word_1_654' title='bbox 4133 3672 4330 3735; x_wconf 90' lang='lat' dir='ltr'>saepe</span> 
     </span>
     <span class='ocr_line' id='line_1_98' title="bbox 2381 3735 4330 3822; baseline 0.001 -21"><span class='ocrx_word' id='word_1_655' title='bbox 2381 3738 2691 3822; x_wconf 90' lang='lat' dir='ltr'>reprobos</span> <span class='ocrx_word' id='word_1_656' title='bbox 2715 3740 3017 3804; x_wconf 88' lang='lat' dir='ltr'>sollicitat</span> <span class='ocrx_word' id='word_1_657' title='bbox 3054 3738 3158 3802; x_wconf 89' lang='lat' dir='ltr'>vel</span> <span class='ocrx_word' id='word_1_658' title='bbox 3195 3737 3276 3802; x_wconf 89' lang='lat' dir='ltr'>ad</span> <span class='ocrx_word' id='word_1_659' title='bbox 3302 3735 3776 3819; x_wconf 85' lang='lat' dir='ltr'>deprecandam</span> <span class='ocrx_word' id='word_1_660' title='bbox 3808 3737 3912 3800; x_wconf 86' lang='lat' dir='ltr'>vel</span> <span class='ocrx_word' id='word_1_661' title='bbox 3950 3736 4030 3801; x_wconf 90' lang='lat' dir='ltr'>ad</span> <span class='ocrx_word' id='word_1_662' title='bbox 4068 3736 4330 3821; x_wconf 88' lang='lat' dir='ltr'>fugien-</span> 
     </span>
     <span class='ocr_line' id='line_1_99' title="bbox 2380 3821 4328 3890; baseline 0 -2"><span class='ocrx_word' id='word_1_663' title='bbox 2380 3822 2528 3888; x_wconf 90' lang='lat' dir='ltr'>dam</span> <span class='ocrx_word' id='word_1_664' title='bbox 2579 3825 2704 3890; x_wconf 91' lang='lat' dir='ltr'>Dei</span> <span class='ocrx_word' id='word_1_665' title='bbox 2761 3824 3143 3889; x_wconf 83' lang='lat' dir='ltr'>vindictam.</span> <span class='ocrx_word' id='word_1_666' title='bbox 3236 3821 3419 3887; x_wconf 90' lang='lat' dir='ltr'>Dicit</span> <span class='ocrx_word' id='word_1_667' title='bbox 3476 3837 3691 3887; x_wconf 84' lang='lat' dir='ltr'>tamen</span> <span class='ocrx_word' id='word_1_668' title='bbox 3752 3822 3969 3888; x_wconf 87' lang='lat' dir='ltr'>Moses</span> <span class='ocrx_word' id='word_1_669' title='bbox 4027 3825 4328 3888; x_wconf 90' lang='lat' dir='ltr'>timorem</span> 
     </span>
     <span class='ocr_line' id='line_1_100' title="bbox 2378 3908 4331 3994; baseline 0 -20"><span class='ocrx_word' id='word_1_670' title='bbox 2378 3910 2512 3975; x_wconf 90' lang='lat' dir='ltr'>illis</span> <span class='ocrx_word' id='word_1_671' title='bbox 2556 3910 2906 3994; x_wconf 86' lang='lat' dir='ltr'>profuisse,</span> <span class='ocrx_word' id='word_1_672' title='bbox 2960 3912 3112 3993; x_wconf 89' lang='lat' dir='ltr'>quia</span> <span class='ocrx_word' id='word_1_673' title='bbox 3170 3931 3298 3974; x_wconf 87' lang='lat' dir='ltr'>non</span> <span class='ocrx_word' id='word_1_674' title='bbox 3359 3909 3631 3974; x_wconf 88' lang='lat' dir='ltr'>eandem</span> <span class='ocrx_word' id='word_1_675' title='bbox 3693 3928 3886 3990; x_wconf 90' lang='lat' dir='ltr'>quam</span> <span class='ocrx_word' id='word_1_676' title='bbox 3949 3908 4061 3972; x_wconf 89' lang='lat' dir='ltr'>alii</span> <span class='ocrx_word' id='word_1_677' title='bbox 4120 3912 4331 3993; x_wconf 87' lang='lat' dir='ltr'>magis</span> 
     </span>
     <span class='ocr_line' id='line_1_101' title="bbox 2380 3995 4330 4078; baseline 0.001 -19"><span class='ocrx_word' id='word_1_678' title='bbox 2380 3997 2628 4078; x_wconf 91' lang='lat' dir='ltr'>stupidi</span> <span class='ocrx_word' id='word_1_679' title='bbox 2686 3997 3118 4061; x_wconf 88' lang='lat' dir='ltr'>calamitatem</span> <span class='ocrx_word' id='word_1_680' title='bbox 3181 3997 3522 4061; x_wconf 88' lang='lat' dir='ltr'>senserint.</span> <span class='ocrx_word' id='word_1_681' title='bbox 3612 3995 3758 4058; x_wconf 90' lang='lat' dir='ltr'>Hoc</span> <span class='ocrx_word' id='word_1_682' title='bbox 3813 3995 4005 4058; x_wconf 85' lang='lat' dir='ltr'>modo</span> <span class='ocrx_word' id='word_1_683' title='bbox 4049 4004 4330 4060; x_wconf 86' lang='lat' dir='ltr'>testatus</span> 
     </span>
     <span class='ocr_line' id='line_1_102' title="bbox 2379 4081 4326 4165; baseline 0 -19"><span class='ocrx_word' id='word_1_684' title='bbox 2379 4091 2483 4146; x_wconf 91' lang='lat' dir='ltr'>est</span> <span class='ocrx_word' id='word_1_685' title='bbox 2548 4083 2729 4147; x_wconf 90' lang='lat' dir='ltr'>Deus</span> <span class='ocrx_word' id='word_1_686' title='bbox 2794 4104 2920 4165; x_wconf 91' lang='lat' dir='ltr'>quo</span> <span class='ocrx_word' id='word_1_687' title='bbox 2998 4082 3272 4165; x_wconf 90' lang='lat' dir='ltr'>quisque</span> <span class='ocrx_word' id='word_1_688' title='bbox 3336 4082 3579 4144; x_wconf 89' lang='lat' dir='ltr'>maiore</span> <span class='ocrx_word' id='word_1_689' title='bbox 3645 4081 4052 4145; x_wconf 88' lang='lat' dir='ltr'>contumacia</span> <span class='ocrx_word' id='word_1_690' title='bbox 4118 4082 4326 4162; x_wconf 89' lang='lat' dir='ltr'>ipsius</span> 
     </span>
     <span class='ocr_line' id='line_1_103' title="bbox 2379 4165 4328 4249; baseline 0 -18"><span class='ocrx_word' id='word_1_691' title='bbox 2379 4167 2622 4232; x_wconf 90' lang='lat' dir='ltr'>iudicia</span> <span class='ocrx_word' id='word_1_692' title='bbox 2664 4169 3059 4245; x_wconf 84' lang='lat' dir='ltr'>contemnit,</span> <span class='ocrx_word' id='word_1_693' title='bbox 3129 4167 3358 4232; x_wconf 89' lang='lat' dir='ltr'>durius</span> <span class='ocrx_word' id='word_1_694' title='bbox 3404 4188 3477 4230; x_wconf 86' lang='lat' dir='ltr'>ac</span> <span class='ocrx_word' id='word_1_695' title='bbox 3534 4167 3804 4248; x_wconf 82' lang='lat' dir='ltr'>gravius</span> <span class='ocrx_word' id='word_1_696' title='bbox 3850 4165 4082 4249; x_wconf 87' lang='lat' dir='ltr'>affligi:</span> <span class='ocrx_word' id='word_1_697' title='bbox 4132 4187 4328 4247; x_wconf 90' lang='lat' dir='ltr'>quos-</span> 
     </span>
     <span class='ocr_line' id='line_1_104' title="bbox 2381 4251 4327 4335; baseline -0.001 -18"><span class='ocrx_word' id='word_1_698' title='bbox 2381 4252 2530 4317; x_wconf 89' lang='lat' dir='ltr'>dam</span> <span class='ocrx_word' id='word_1_699' title='bbox 2581 4273 2733 4319; x_wconf 85' lang='lat' dir='ltr'>vero</span> <span class='ocrx_word' id='word_1_700' title='bbox 2778 4254 3150 4319; x_wconf 88' lang='lat' dir='ltr'>incredulos</span> <span class='ocrx_word' id='word_1_701' title='bbox 3197 4254 3417 4335; x_wconf 86' lang='lat' dir='ltr'>aliqua</span> <span class='ocrx_word' id='word_1_702' title='bbox 3460 4273 3541 4316; x_wconf 85' lang='lat' dir='ltr'>ex</span> <span class='ocrx_word' id='word_1_703' title='bbox 3586 4263 3774 4334; x_wconf 90' lang='lat' dir='ltr'>parte</span> <span class='ocrx_word' id='word_1_704' title='bbox 3823 4251 4030 4316; x_wconf 90' lang='lat' dir='ltr'>levari</span> <span class='ocrx_word' id='word_1_705' title='bbox 4075 4253 4327 4317; x_wconf 90' lang='lat' dir='ltr'>incom-</span> 
     </span>
     <span class='ocr_line' id='line_1_105' title="bbox 2379 4334 4326 4422; baseline 0.001 -19"><span class='ocrx_word' id='word_1_706' title='bbox 2379 4339 2588 4404; x_wconf 91' lang='lat' dir='ltr'>modis</span> <span class='ocrx_word' id='word_1_707' title='bbox 2663 4349 2727 4404; x_wconf 88' lang='lat' dir='ltr'>et</span> <span class='ocrx_word' id='word_1_708' title='bbox 2787 4342 3012 4404; x_wconf 90' lang='lat' dir='ltr'>mitius</span> <span class='ocrx_word' id='word_1_709' title='bbox 3078 4339 3420 4422; x_wconf 86' lang='lat' dir='ltr'>castigari,</span> <span class='ocrx_word' id='word_1_710' title='bbox 3496 4340 3648 4420; x_wconf 91' lang='lat' dir='ltr'>quia</span> <span class='ocrx_word' id='word_1_711' title='bbox 3711 4334 3941 4401; x_wconf 87' lang='lat' dir='ltr'>saltem</span> <span class='ocrx_word' id='word_1_712' title='bbox 4022 4338 4326 4404; x_wconf 84' lang='lat' dir='ltr'>ferociter</span> 
     </span>
     <span class='ocr_line' id='line_1_106' title="bbox 2379 4422 4318 4507; baseline 0.001 -19"><span class='ocrx_word' id='word_1_713' title='bbox 2379 4446 2511 4490; x_wconf 90' lang='lat' dir='ltr'>non</span> <span class='ocrx_word' id='word_1_714' title='bbox 2572 4435 2937 4500; x_wconf 73' lang='lat' dir='ltr'>exsurgunt</span> <span class='ocrx_word' id='word_1_715' title='bbox 3016 4425 3097 4490; x_wconf 91' lang='lat' dir='ltr'>ad</span> <span class='ocrx_word' id='word_1_716' title='bbox 3166 4423 3650 4507; x_wconf 89' lang='lat' dir='ltr'>despiciendam</span> <span class='ocrx_word' id='word_1_717' title='bbox 3733 4422 3871 4486; x_wconf 88' lang='lat' dir='ltr'>eius</span> <span class='ocrx_word' id='word_1_718' title='bbox 3938 4426 4318 4505; x_wconf 82' lang='lat' dir='ltr'>potentiam.</span> 
     </span>
     <span class='ocr_line' id='line_1_107' title="bbox 2383 4508 4322 4594; baseline -0.001 -19"><span class='ocrx_word' id='word_1_719' title='bbox 2383 4511 2568 4576; x_wconf 90' lang='lat' dir='ltr'>Adde</span> <span class='ocrx_word' id='word_1_720' title='bbox 2623 4512 2788 4594; x_wconf 91' lang='lat' dir='ltr'>quod</span> <span class='ocrx_word' id='word_1_721' title='bbox 2851 4513 2917 4576; x_wconf 90' lang='lat' dir='ltr'>in</span> <span class='ocrx_word' id='word_1_722' title='bbox 2977 4512 3100 4577; x_wconf 90' lang='lat' dir='ltr'>hoc</span> <span class='ocrx_word' id='word_1_723' title='bbox 3160 4510 3534 4576; x_wconf 88' lang='lat' dir='ltr'>discrimine</span> <span class='ocrx_word' id='word_1_724' title='bbox 3591 4508 3833 4573; x_wconf 87' lang='lat' dir='ltr'>clarius</span> <span class='ocrx_word' id='word_1_725' title='bbox 3899 4511 4135 4573; x_wconf 87' lang='lat' dir='ltr'>enituit</span> <span class='ocrx_word' id='word_1_726' title='bbox 4193 4509 4322 4574; x_wconf 91' lang='lat' dir='ltr'>Dei</span> 
     </span>
     <span class='ocr_line' id='line_1_108' title="bbox 2374 4595 4322 4678; baseline -0.001 -18"><span class='ocrx_word' id='word_1_727' title='bbox 2374 4596 2723 4674; x_wconf 89' lang='lat' dir='ltr'>iudicium,</span> <span class='ocrx_word' id='word_1_728' title='bbox 2794 4598 2902 4662; x_wconf 91' lang='lat' dir='ltr'>ubi</span> <span class='ocrx_word' id='word_1_729' title='bbox 2968 4599 3139 4662; x_wconf 86' lang='lat' dir='ltr'>inter</span> <span class='ocrx_word' id='word_1_730' title='bbox 3203 4595 3590 4678; x_wconf 79' lang='lat' dir='ltr'>Aegyptios,</span> <span class='ocrx_word' id='word_1_731' title='bbox 3621 4597 3625 4602; x_wconf 84' lang='lat'>&#39;</span> <span class='ocrx_word' id='word_1_732' title='bbox 3658 4614 3788 4677; x_wconf 91' lang='lat' dir='ltr'>quo</span> <span class='ocrx_word' id='word_1_733' title='bbox 3854 4595 4129 4678; x_wconf 90' lang='lat' dir='ltr'>quisque</span> <span class='ocrx_word' id='word_1_734' title='bbox 4196 4597 4322 4660; x_wconf 89' lang='lat' dir='ltr'>fuit</span> 
     </span>
     <span class='ocr_line' id='line_1_109' title="bbox 2375 4680 4315 4763; baseline -0.001 -16"><span class='ocrx_word' id='word_1_735' title='bbox 2375 4684 2682 4761; x_wconf 89' lang='lat' dir='ltr'>ferocior,</span> <span class='ocrx_word' id='word_1_736' title='bbox 2736 4693 2980 4748; x_wconf 89' lang='lat' dir='ltr'>certam</span> <span class='ocrx_word' id='word_1_737' title='bbox 3041 4691 3455 4763; x_wconf 87' lang='lat' dir='ltr'>contemptus</span> <span class='ocrx_word' id='word_1_738' title='bbox 3513 4681 3614 4744; x_wconf 91' lang='lat' dir='ltr'>sui</span> <span class='ocrx_word' id='word_1_739' title='bbox 3659 4680 4021 4744; x_wconf 87' lang='lat' dir='ltr'>mercedem</span> <span class='ocrx_word' id='word_1_740' title='bbox 4072 4682 4315 4747; x_wconf 90' lang='lat' dir='ltr'>retulit.</span> 
     </span>
     <span class='ocr_line' id='line_1_110' title="bbox 2373 4765 4318 4849; baseline -0.001 -15"><span class='ocrx_word' id='word_1_741' title='bbox 2373 4769 2705 4834; x_wconf 90' lang='lat' dir='ltr'>Docemur</span> <span class='ocrx_word' id='word_1_742' title='bbox 2740 4781 2956 4834; x_wconf 89' lang='lat' dir='ltr'>tamen</span> <span class='ocrx_word' id='word_1_743' title='bbox 2995 4768 3116 4834; x_wconf 90' lang='lat' dir='ltr'>hoc</span> <span class='ocrx_word' id='word_1_744' title='bbox 3154 4766 3474 4849; x_wconf 86' lang='lat' dir='ltr'>exemplo,</span> <span class='ocrx_word' id='word_1_745' title='bbox 3517 4788 3650 4830; x_wconf 90' lang='lat' dir='ltr'>non</span> <span class='ocrx_word' id='word_1_746' title='bbox 3685 4765 3966 4830; x_wconf 87' lang='lat' dir='ltr'>multum</span> <span class='ocrx_word' id='word_1_747' title='bbox 4003 4769 4318 4848; x_wconf 89' lang='lat' dir='ltr'>proficere</span> 
     </span>
     <span class='ocr_line' id='line_1_111' title="bbox 2373 4850 4317 4954; baseline 0 -35"><span class='ocrx_word' id='word_1_748' title='bbox 2373 4855 2741 4920; x_wconf 89' lang='lat' dir='ltr'>incredulos</span> <span class='ocrx_word' id='word_1_749' title='bbox 2765 4857 2819 4922; x_wconf 93' lang='lat' dir='ltr'>si</span> <span class='ocrx_word' id='word_1_750' title='bbox 2858 4853 3127 4938; x_wconf 88' lang='lat' dir='ltr'>trepidis</span> <span class='ocrx_word' id='word_1_751' title='bbox 3164 4875 3238 4919; x_wconf 90' lang='lat' dir='ltr'>ac</span> <span class='ocrx_word' id='word_1_752' title='bbox 3275 4850 3679 4954; x_wconf 85' lang='lat' dir='ltr'>supplicibus</span> <span class='ocrx_word' id='word_1_753' title='bbox 3717 4851 3797 4914; x_wconf 90' lang='lat' dir='ltr'>ad</span> <span class='ocrx_word' id='word_1_754' title='bbox 3828 4850 4022 4916; x_wconf 86' lang='lat' dir='ltr'>breve</span> <span class='ocrx_word' id='word_1_755' title='bbox 4058 4863 4317 4936; x_wconf 91' lang='lat' dir='ltr'>tempus</span> 
     </span>
     <span class='ocr_line' id='line_1_112' title="bbox 2372 4939 4313 5093; baseline -0.001 -88"><span class='ocrx_word' id='word_1_756' title='bbox 2372 4939 2555 5093; x_wconf 48' lang='lat' dir='ltr'>zeus</span> <span class='ocrx_word' id='word_1_757' title='bbox 2600 4941 2925 5025; x_wconf 89' lang='lat' dir='ltr'>ignoscat:</span> <span class='ocrx_word' id='word_1_758' title='bbox 2973 4943 3123 5024; x_wconf 90' lang='lat' dir='ltr'>quia</span> <span class='ocrx_word' id='word_1_759' title='bbox 3165 4961 3425 5022; x_wconf 88' lang='lat' dir='ltr'>semper</span> <span class='ocrx_word' id='word_1_760' title='bbox 3458 4947 3730 5002; x_wconf 88' lang='lat' dir='ltr'>manent</span> <span class='ocrx_word' id='word_1_761' title='bbox 3772 4947 4076 5003; x_wconf 88' lang='lat' dir='ltr'>aeternae</span> <span class='ocrx_word' id='word_1_762' title='bbox 4117 4942 4313 5004; x_wconf 92' lang='lat' dir='ltr'>morti</span> 
     </span>
     <span class='ocr_line' id='line_1_113' title="bbox 2363 5048 2650 5093; baseline -0.007 0"><span class='ocrx_word' id='word_1_763' title='bbox 2363 5050 2402 5093; x_wconf 92' lang='lat' dir='ltr'>o</span> <span class='ocrx_word' id='word_1_764' title='bbox 2450 5048 2650 5092; x_wconf 88' lang='lat' dir='ltr'>noxn.</span> 
     </span>
    </p>

    <p class='ocr_par' dir='ltr' id='par_1_12' title="bbox 2361 5108 4320 5453">
     <span class='ocr_line' id='line_1_114' title="bbox 2539 5108 4315 5192; baseline -0.002 -14"><span class='ocrx_word' id='word_1_765' title='bbox 2539 5114 2643 5178; x_wconf 90' lang='grc'>22.</span> <span class='ocrx_word' id='word_1_766' title='bbox 2729 5112 2906 5178; x_wconf 78' lang='lat' dir='ltr'>Tunc</span> <span class='ocrx_word' id='word_1_767' title='bbox 2980 5112 3148 5177; x_wconf 68' lang='lat' dir='ltr'>discit</span> <span class='ocrx_word' id='word_1_768' title='bbox 3212 5111 3461 5175; x_wconf 77' lang='lat' dir='ltr'>Iehova.</span> <span class='ocrx_word' id='word_1_769' title='bbox 3569 5108 3763 5174; x_wconf 89' lang='lat' dir='ltr'>Nunc</span> <span class='ocrx_word' id='word_1_770' title='bbox 3829 5128 4058 5172; x_wconf 88' lang='lat' dir='ltr'>rursus</span> <span class='ocrx_word' id='word_1_771' title='bbox 4123 5108 4315 5192; x_wconf 83' lang='lat' dir='ltr'>virga</span> 
     </span>
     <span class='ocr_line' id='line_1_115' title="bbox 2368 5193 4304 5276; baseline -0.002 -13"><span class='ocrx_word' id='word_1_772' title='bbox 2368 5198 2574 5264; x_wconf 84' lang='lat' dir='ltr'>Mosis</span> <span class='ocrx_word' id='word_1_773' title='bbox 2634 5198 2814 5264; x_wconf 90' lang='lat' dir='ltr'>Deus</span> <span class='ocrx_word' id='word_1_774' title='bbox 2882 5199 3090 5263; x_wconf 89' lang='lat' dir='ltr'>utitur</span> <span class='ocrx_word' id='word_1_775' title='bbox 3153 5197 3236 5260; x_wconf 88' lang='lat' dir='ltr'>ad</span> <span class='ocrx_word' id='word_1_776' title='bbox 3292 5194 3678 5261; x_wconf 87' lang='lat' dir='ltr'>movendam</span> <span class='ocrx_word' id='word_1_777' title='bbox 3732 5193 4113 5276; x_wconf 92' lang='lat' dir='ltr'>procellam,</span> <span class='ocrx_word' id='word_1_778' title='bbox 4168 5214 4304 5260; x_wconf 91' lang='lat' dir='ltr'>non</span> 
     </span>
     <span class='ocr_line' id='line_1_116' title="bbox 2364 5280 4312 5364; baseline -0.001 -15"><span class='ocrx_word' id='word_1_779' title='bbox 2364 5296 2501 5349; x_wconf 91' lang='lat' dir='ltr'>tam</span> <span class='ocrx_word' id='word_1_780' title='bbox 2568 5285 2937 5349; x_wconf 87' lang='lat' dir='ltr'>Pharaonis</span> <span class='ocrx_word' id='word_1_781' title='bbox 3002 5305 3233 5361; x_wconf 86' lang='lat' dir='ltr'>causa,</span> <span class='ocrx_word' id='word_1_782' title='bbox 3314 5302 3510 5364; x_wconf 91' lang='lat' dir='ltr'>quam</span> <span class='ocrx_word' id='word_1_783' title='bbox 3587 5293 3667 5347; x_wconf 91' lang='lat' dir='ltr'>ut</span> <span class='ocrx_word' id='word_1_784' title='bbox 3731 5280 3950 5344; x_wconf 87' lang='lat' dir='ltr'>Moses</span> <span class='ocrx_word' id='word_1_785' title='bbox 4018 5280 4158 5361; x_wconf 90' lang='lat' dir='ltr'>ipse</span> <span class='ocrx_word' id='word_1_786' title='bbox 4223 5281 4312 5347; x_wconf 89' lang='lat' dir='ltr'>ad</span> 
     </span>
     <span class='ocr_line' id='line_1_117' title="bbox 2361 5365 4320 5453; baseline 0 -19"><span class='ocrx_word' id='word_1_787' title='bbox 2361 5370 2626 5436; x_wconf 89' lang='lat' dir='ltr'>residua</span> <span class='ocrx_word' id='word_1_788' title='bbox 2666 5372 3027 5438; x_wconf 89' lang='lat' dir='ltr'>certamina</span> <span class='ocrx_word' id='word_1_789' title='bbox 3058 5369 3269 5453; x_wconf 87' lang='lat' dir='ltr'>magis</span> <span class='ocrx_word' id='word_1_790' title='bbox 3313 5368 3657 5447; x_wconf 89' lang='lat' dir='ltr'>animetur,</span> <span class='ocrx_word' id='word_1_791' title='bbox 3696 5366 3811 5431; x_wconf 90' lang='lat' dir='ltr'>ubi</span> <span class='ocrx_word' id='word_1_792' title='bbox 3847 5365 4320 5434; x_wconf 89' lang='lat' dir='ltr'>documentum.</span> 
     </span>
    </p>
   </div>
  </div>
 </body>
</html>
