4867 6150
323 446 449 514 661

496 636 557 703 4.
603 635 859 703 Iudicia
898 654 1036 701 mea
1073 635 1278 717 facite.
1353 632 1530 716 Quia
1572 653 1706 698 non
1751 632 1975 698 minus
2015 630 2281 699 difficile

322 734 425 793 est
460 722 625 788 vitia
658 721 892 806 quibus
934 720 1345 788 assueverint
1369 719 1668 787 homines
1691 720 2037 802 corrigere,
2082 739 2282 803 quam

325 811 674 877 diuturnos
738 827 973 874 sanare
1053 805 1345 873 morbos:
1427 805 1817 891 praesertim
1897 825 2051 870 vero
2129 804 2282 888 quia

322 894 519 964 malis
559 894 878 976 exemplis
915 893 1151 979 vulgus
1187 893 1615 978 pertinaciter
1648 889 1991 957 adhaeret:
2028 898 2281 956 statuta

322 1004 445 1052 sua
489 981 561 1046 in
605 980 891 1045 medinm
938 979 1123 1045 Deus
1165 977 1433 1063 profert,
1478 999 1644 1063 quae
1689 975 2005 1060 populum
2049 977 2132 1043 ab
2177 997 2280 1041 er-

322 1089 476 1136 rore
518 1065 731 1132 malae
787 1064 1277 1132 consuetudinis
1341 1066 1413 1129 in
1454 1066 1633 1131 viam
1676 1072 2006 1129 revocent.
2098 1059 2284 1127 Nihil

324 1155 503 1223 enim
547 1151 894 1218 absurdius
935 1171 1129 1235 quam
1175 1150 1257 1215 ad
1302 1149 1647 1215 hominum
1711 1149 1883 1215 facta
1922 1146 2283 1228 attendere,

324 1261 463 1308 non
520 1250 745 1304 autem
801 1236 882 1303 ad
944 1238 1071 1303 Dei
1114 1258 1486 1303 sermonem
1504 1289 1519 1314 ,
1589 1234 1700 1301 ubi
1752 1232 2129 1318 quaerenda
2183 1240 2284 1299 est

323 1327 494 1394 bene
539 1322 810 1391 vivendi
854 1323 1100 1408 regula.
1188 1323 1474 1388 Perinde
1517 1322 1724 1407 igitur
1768 1332 1870 1387 est
1913 1342 1988 1387 ac
2032 1319 2087 1387 si
2131 1340 2282 1404 pro-

323 1419 653 1481 sterneret
710 1410 893 1475 Deus
955 1408 1270 1494 quidquid
1328 1409 1525 1493 longo
1570 1428 1695 1474 usu
1741 1418 2074 1492 receptum
2120 1414 2283 1489 erat,

326 1508 526 1584 atque
549 1497 884 1563 doctrinae
905 1516 1064 1561 suae
1107 1496 1456 1561 autoritate
1492 1492 1782 1559 aboleret
1815 1495 2018 1559 totins
2053 1491 2282 1558 mundi

326 1604 742 1653 consensum.
831 1581 979 1647 Hoc
1045 1580 1317 1647 consilio
1383 1600 1516 1645 non
1583 1578 1788 1645 semel
1848 1588 2146 1657 tantum,
2206 1585 2284 1642 ut

328 1679 484 1739 ante
527 1669 849 1745 vidimus,
891 1668 1103 1751 legem
1148 1688 1338 1733 suam
1376 1664 1780 1734 considerari
1823 1663 2025 1741 iubet,
2084 1685 2169 1730 ne
2212 1685 2284 1729 se

326 1757 412 1823 ad
477 1756 833 1823 obscoenas
899 1751 1201 1820 libidines
1265 1753 1671 1836 prostituant
1727 1749 2106 1817 Israelitae:
2168 1747 2282 1816 sed

330 1842 685 1927 diligenter
758 1839 1081 1916 inculcat,
1158 1847 1234 1904 ut
1298 1861 1368 1905 se
1432 1838 1613 1903 intra
1676 1849 1887 1904 metas
1951 1836 2285 1903 custodiae

327 1929 527 2014 legis,
600 1927 780 1993 omni
847 1926 1055 1991 abusu
1115 1923 1338 1990 valere
1393 1924 1573 1990 iusso
1631 1924 2029 1990 contineant.
2132 1921 2288 1988 Huc

328 2017 530 2081 etiam
573 2020 826 2097 spectat
866 2010 1039 2096 quod
1086 2010 1272 2077 dicit:
1317 2010 1466 2095 Ego
1502 2009 1755 2076 Iehova
1798 2009 1982 2074 Deus
2026 2015 2282 2075 vester:

329 2101 484 2186 quia
525 2100 751 2166 subest
792 2097 995 2164 tacita
1035 2097 1209 2162 inter
1251 2097 1466 2180 ipsum
1514 2095 1914 2180 comparatio
1958 2102 2027 2159 et
2069 2094 2284 2179 profa-

329 2208 452 2254 nas
510 2194 772 2270 gentes,
836 2204 877 2249 a
930 2182 1165 2267 quibus
1223 2182 1541 2268 populum
1604 2203 1797 2248 suum
1864 2179 2287 2261 subduxerat,

329 2272 518 2358 quasi
561 2269 950 2353 interposita
988 2269 1290 2335 maceria.

504 2358 564 2424 6.
614 2356 811 2423 Nemo
855 2356 941 2422 aa
971 2356 1419 2439 propinquam.
1508 2353 1659 2419 Non
1713 2373 1944 2419 omnes
2009 2372 2286 2418 consan-

330 2444 607 2531 guineas
650 2443 776 2509 hoe
817 2463 1054 2507 nomen
1098 2439 1574 2524 complectitur,
1641 2440 1797 2523 quia
1839 2437 2123 2522 patrueli
2175 2436 2287 2504 vel

329 2530 718 2597 consobrino
782 2527 1191 2611 permittitur
1254 2526 1599 2592 amitinam
1666 2525 1771 2592 vel
1831 2524 2285 2590 consobrinam

331 2616 599 2684 ducere:
658 2612 770 2681 sod
833 2613 1140 2696 restringi
1200 2609 1394 2678 debet
1452 2610 1535 2678 ad
1579 2610 1830 2695 species
1872 2631 2036 2694 quas
2079 2609 2285 2677 conti-

331 2724 464 2769 nuo
520 2712 668 2786 post
721 2708 1093 2765 enumerat:
1152 2719 1307 2764 nam
1361 2698 1655 2764 breviter
1709 2697 2044 2783 praefatur
2103 2695 2287 2763 Deus

332 2798 546 2855 certos
589 2807 732 2854 esse
774 2785 1188 2870 cognationis
1231 2783 1497 2869 gradus,
1563 2784 1676 2868 qui
1718 2785 2091 2849 incestuosa
2132 2802 2286 2848 con·

331 2874 514 2961 iugia
555 2873 820 2940 faciunt.
868 2872 1282 2955 Propinquas
1327 2891 1482 2955 ergo
1525 2870 1867 2955 sanguinis
1908 2878 2083 2933 recte
2128 2867 2287 2933 defi-

332 2961 494 3039 nies,
533 2958 614 3025 de
649 2959 886 3044 quibus
926 2956 1241 3024 continuo
1264 2966 1410 3041 post
1433 2956 1675 3041 agitur,
1710 2976 1968 3039 nempe,
2009 2974 2090 3020 ne
2112 2953 2287 3019 filius

332 3068 486 3116 cum
551 3054 792 3125 matre,
876 3043 1219 3129 privignus
1284 3063 1434 3111 cum
1501 3062 1817 3123 noverca,
1884 3050 2156 3126 patruus
2220 3046 2289 3106 et

332 3132 703 3201 avunculus
744 3152 892 3199 cum
939 3140 1150 3213 nepte,
1196 3151 1359 3196 avus
1403 3130 1601 3195 etiam
1638 3150 1791 3196 cum
1829 3135 2043 3212 nepte,
2087 3127 2289 3192 frater

332 3241 483 3288 cum
528 3239 750 3286 sorore
793 3237 1141 3303 germana,
1201 3236 1404 3299 nepos
1448 3236 1597 3281 cum
1643 3216 1847 3281 amita
1899 3213 2005 3281 vel
2050 3222 2288 3279 mater-

331 3315 498 3384 tera,
543 3304 654 3372 vel
697 3325 847 3371 cum
884 3322 1091 3368 uxore
1133 3302 1374 3386 patrui,
1420 3301 1522 3366 vel
1558 3320 1743 3367 socer
1777 3321 1925 3367 cum
1971 3321 2165 3375 nuru,
2201 3319 2287 3364 ne

331 3392 507 3459 levir
560 3412 708 3456 cum
769 3410 978 3454 uxore
1029 3388 1284 3466 fratris,
1341 3408 1426 3452 ne
1470 3386 1745 3452 vitricus
1789 3406 1935 3451 cum
1981 3386 2290 3470 privigna

335 3500 406 3545 se
446 3478 733 3543 misceat.
780 3474 1019 3542 Ordini
1062 3473 1381 3539 divinitus
1423 3472 1826 3557 praescripto
1869 3475 2290 3539 consentiunt

335 3584 645 3631 romanae
710 3561 772 3627 le
820 3582 908 3641 es,
976 3581 1050 3626 ac
1114 3561 1171 3625 si
1238 3582 1321 3625 ex
1366 3558 1555 3626 Mose
1620 3557 1998 3625 didicissent
2061 3578 2289 3623 earum

336 3659 601 3717 autores
667 3647 777 3732 qui
891 3646 1239 3712 honestum
1321 3646 1409 3711 sit
1473 3656 1540 3712 et
1603 3654 1877 3710 naturae
1944 3651 2289 3710 consenta-

336 3757 555 3803 neum.
643 3734 890 3800 Forma
957 3753 1113 3797 vero
1177 3729 1488 3816 loquendi
1552 3752 1685 3814 qua
1748 3729 2030 3797 subinde
2082 3731 2293 3795 utitur

336 3821 539 3899 Dens,
587 3820 882 3886 revelare
918 3816 1412 3903 turpitudinem,
1459 3814 1543 3881 ad
1576 3816 1974 3902 gignendam
2012 3815 2291 3882 detesta-

338 3910 582 3975 tionem
626 3906 834 3984 valet,
895 3923 1026 3988 quo
1082 3903 1467 3989 diligentius
1510 3902 1636 3969 sibi
1691 3910 1970 3968 caveant
2025 3901 2292 3968 Israeli-

337 4002 446 4061 tae
498 3992 580 4058 ab
636 3991 818 4057 omni
877 3990 1154 4056 incestu.
1256 3988 1410 4054 Vox
1456 3987 1718 4072 quidem
1774 3989 2082 4055 hebraica
2138 4001 2295 4060 ΠἸἾΠ

340 4079 707 4146 nuditatem
753 4076 1110 4162 significat,
1180 4073 1324 4140 ideo
1367 4073 1629 4159 quidam
1676 4075 1893 4141 active
1936 4082 2296 4158 exponunt,

338 4164 721 4232 Nuditatem
767 4164 1008 4247 patris:
1053 4169 1311 4227 uterum
1357 4182 1551 4246 quem
1597 4159 2030 4244 discooperuit
2072 4171 2297 4244 pater:

342 4271 577 4318 verum
642 4270 875 4315 sensus
940 4248 1051 4315 hic
1119 4267 1250 4312 non
1317 4246 1674 4330 quadraret
1738 4246 2021 4312 nuditati
2103 4246 2296 4325 filiae,

340 4338 450 4405 vel
495 4356 725 4415 nurus,
770 4335 879 4401 vel
923 4334 1183 4400 sororis.
1270 4333 1452 4418 Ergo
1495 4354 1631 4399 non
1677 4332 1951 4399 dubium
1995 4339 2098 4399 est
2138 4333 2301 4417 quin

342 4423 563 4492 Moses
621 4420 882 4486 foedum
940 4419 1026 4485 ali
1071 4418 1184 4485 uid
1243 4427 1307 4483 et
1360 4417 1741 4502 pudendum
1803 4426 1999 4485 notet.
2091 4419 2299 4484 Porro

343 4506 703 4576 tenendum
758 4516 862 4572 est
916 4527 1046 4591 quo
1149 4506 1276 4570 iam
1346 4505 1571 4589 attigi,
1637 4525 1765 4569 non
1814 4513 2071 4569 tantum
2115 4505 2298 4570 dam·

343 4594 488 4660 nari
523 4595 929 4659 incestuosos
970 4593 1183 4659 coitus
1222 4597 1412 4656 extra
1455 4590 1854 4675 coniugium,
1899 4588 2016 4656 sed
2174 4590 2299 4657 dus

345 4679 676 4764 designari
727 4680 799 4744 in
857 4679 1093 4764 quibus
1149 4676 1379 4743 illicita
1428 4685 1587 4742 sunt
1632 4676 1951 4760 coniugia.
2111 4697 2300 4742 erum

345 4766 609 4851 quidem
655 4775 756 4831 est
798 4763 968 4830 banc
1010 4784 1153 4829 esse
1198 4772 1453 4847 partem
1500 4760 1750 4827 ordinis
1806 4762 2056 4846 politici
2102 4784 2299 4846 quem

345 4855 413 4919 in
482 4852 693 4919 veteri
759 4849 999 4935 populo
1064 4851 1294 4915 statuit
1353 4849 1565 4914 Deus:
1648 4845 2010 4914 tenendum
2074 4856 2301 4914 tamen

346 4937 545 5005 simul
589 4947 706 5015 est,
752 4934 1064 5019 quidquid
1109 4934 1532 5018 praecipitur,
1577 4955 1659 4999 ex
1701 4934 1847 5018 ipso
1887 4934 2301 5001 rectitudinis

347 5025 530 5091 fonte
570 5042 896 5105 sensuque
955 5022 1138 5086 nobis
1185 5020 1504 5086 divinitus
1546 5018 1847 5104 ingenito
1891 5039 2035 5085 esse
2078 5043 2301 5104 sump-

349 5122 511 5177 tum.
612 5108 843 5193 Itaque
898 5115 1393 5191 praeposterum
1452 5127 1726 5172 acumen
1783 5106 2092 5171 affectant
2159 5110 2299 5191 qui-

350 5198 500 5262 dam
543 5195 612 5260 in
658 5195 985 5278 scriptura
1027 5193 1196 5257 male
1240 5192 1599 5273 exercitati,
1648 5191 1803 5258 dum
1846 5192 2109 5270 iactant,
2155 5193 2304 5280 lego

352 5284 665 5365 abrogata
713 5281 1000 5346 solutum
1058 5299 1201 5345 esse
1253 5279 1594 5345 vinculum
1639 5299 1764 5363 quo
1820 5298 1972 5344 suos
2017 5277 2303 5360 adstrinf

352 5370 454 5435 xit
497 5367 737 5433 Moses.
823 5367 1053 5450 Neque
1097 5364 1273 5431 enim
1318 5364 1705 5449 simpliciter
1763 5364 2097 5449 politicam
2155 5386 2299 5433 esse

1735 444 2225 513 SEPTIMUM
2268 444 2921 516 PRAEOEPTUM.

4222 453 4353 521 662

2382 633 2556 702 hanc
2599 634 2983 716 doctrinam,
3028 636 3133 703 vel
3177 636 3412 705 debere
3455 639 3710 706 censeri
3724 688 3741 721 ,
3800 660 3884 704 ex
3941 642 4351 724 praefatione

2382 741 2598 804 nuper
2650 723 2947 805 exposita
3019 723 3370 809 colligitur.
3473 723 3808 807 Quoniam
3873 726 4049 792 enim
4116 748 4351 796 omnes

2381 807 2635 873 vicinas
2679 817 2909 892 gentes
2955 808 3334 893 abripuerat
3377 811 3578 877 libido
3623 810 3708 875 ad
3749 811 4058 889 incestus,
4109 824 4181 878 ut
4228 837 4351 897 pu-

2383 891 2673 959 dicitiam
2729 891 2916 959 Deus
2972 914 3057 978 po
3104 896 3212 961 ulo
3280 916 3401 962 suo
3465 896 3909 963 commendet:
3998 899 4186 983 Ego,
4245 903 4351 967 in-

2381 979 2545 1061 quit,
2589 1000 2737 1044 sum
2780 978 3031 1048 Iehova
3121 1003 3237 1047 eus
3280 989 3522 1061 vester,
3567 992 3822 1049 statuta
3864 1005 4011 1049 mea
4067 997 4346 1066 servate,

2383 1065 2748 1131 secundum
2822 1086 3066 1132 morem
3131 1077 3346 1134 terrae
3402 1068 3696 1154 Aegypti
3755 1078 3823 1134 et
3880 1069 4202 1137 Chanaan
4259 1095 4349 1138 ne

2384 1150 2755 1217 ambuletis.
2845 1152 3009 1218 Mox
3052 1173 3212 1220 vero
3256 1152 3534 1234 subiicit,
3582 1155 3847 1239 quinam
3892 1167 3960 1220 et
4003 1169 4163 1240 quot
4199 1178 4351 1244 gra-

2385 1236 2512 1302 dus
2555 1238 2965 1321 cognationis
3010 1240 3115 1304 vel
3174 1238 3518 1306 affinitatis
3585 1241 3765 1307 viros
3808 1248 3875 1305 et
3914 1241 4197 1309 feminas
4240 1266 4349 1309 ar·-

2385 1333 2580 1390 ceant
2623 1344 2664 1388 a
2706 1323 3030 1408 coniugio.
3123 1322 3198 1391 Si
3245 1327 3388 1409 quis
3432 1348 3662 1393 rursus
3701 1326 4005 1411 excipiat,
4050 1350 4185 1394 non
4229 1330 4346 1396 ha-

2385 1407 2678 1476 bendum
2735 1429 2879 1475 esse
2933 1431 3053 1493 pro
3109 1411 3252 1477 iure
3297 1413 3594 1497 gentium
3639 1413 3814 1496 quod
3857 1412 3925 1478 in
3973 1415 4198 1480 multis
4242 1438 4346 1481 re·

2387 1495 2689 1580 gionibus
2746 1500 3189 1581 contemptum
3251 1498 3402 1579 fuit,
3457 1509 3763 1582 prompta
3820 1508 3923 1564 est
3980 1502 4345 1585 responsio:

2386 1580 2756 1647 barbariem
2801 1602 2968 1664 quae
3010 1583 3080 1647 in
3119 1583 3372 1648 oriente
3405 1596 3704 1668 grassata
3739 1585 3883 1662 fuit,
3929 1607 4064 1651 non
4101 1588 4350 1653 exstin-

2387 1687 2589 1752 guere
2649 1667 3111 1734 verecundiam
3160 1689 3337 1819 (quae
3392 1671 3693 1754 gentium
3753 1669 4346 1739 abominationibus

2386 1752 2770 1837 opponitur:
2831 1773 2982 1818 nam
3070 1774 3157 1819 uo
3247 1755 3549 1821 naturale
3607 1764 3725 1837 est,
3780 1756 3961 1823 nullo
4019 1779 4345 1825 consensu

2388 1839 2497 1904 vel
2541 1858 2721 1904 more
2765 1847 2982 1922 potest
3069 1839 3244 1906 eleri.
3333 1840 3415 1906 In
3472 1862 3767 1925 summa,
3833 1842 4188 1928 prohibitio
4244 1847 4346 1909 in-

2386 1935 2687 1991 cestuum
2733 1925 2812 1990 de
2855 1946 2986 2009 qua
3027 1947 3208 1993 nunc
3250 1926 3487 2011 agitur,
3532 1928 3806 1993 minime
3849 1941 3950 1994 est
3993 1951 4076 1995 ex
4126 1930 4346 2016 legum

2388 2030 2683 2090 numero,
2729 2032 2896 2094 quae
2938 2032 3057 2097 pro
3103 2021 3470 2097 temporum
3496 2022 3563 2078 et
3584 2014 3875 2081 locorum
3918 2016 4351 2082 circumstan-

2389 2098 2502 2162 tiis
2568 2096 2726 2162 abro
2812 2098 2870 2162 ri
2938 2097 3176 2163 solent:
3259 2097 3783 2184 quandoquidem
3847 2101 3997 2166 fluit
4061 2101 4144 2167 ab
4208 2104 4352 2185 ipso

2389 2192 2670 2248 naturae
2752 2194 2938 2265 onte,
2993 2193 3060 2249 et
3118 2182 3392 2249 fundata
3448 2194 3548 2250 est
3603 2185 3673 2249 in
3719 2186 4013 2269 generali
4057 2190 4350 2253 omnium

2388 2269 2608 2353 legum
2653 2268 2995 2353 principio,
3040 2269 3209 2353 quod
3253 2280 3648 2354 perpetuum
3684 2281 3785 2337 est
3821 2291 3897 2336 ao
3937 2273 4355 2341 inviolabile:

2389 2355 2576 2420 Deus
2637 2362 2816 2420 certe
2882 2375 3130 2422 morem
3192 2357 3303 2440 qui
3361 2377 3402 2421 a
3447 2354 3535 2422 ud
3593 2358 3900 2440 profanos
3961 2360 4027 2422 in
4041 2359 4349 2437 valuerat,

2388 2440 2514 2506 sibi
2559 2440 2905 2526 displicere
2947 2442 3200 2507 asserit.
3287 2440 3396 2509 Un
3446 2465 3483 2508 e
3526 2440 3642 2508 id?
3692 2444 3819 2508 nisi
3865 2444 4034 2528 quod
4079 2444 4351 2511 foedita-

2390 2537 2558 2606 tem,
2619 2526 2776 2593 licet
2829 2527 3178 2592 hominum
3237 2528 3568 2614 suffragiis
3612 2530 3951 2613 probatam
3972 2582 3988 2608 ,
4050 2531 4355 2615 repudiat

2388 2621 2632 2679 natura
2666 2613 2809 2697 ipsa
2850 2624 3044 2697 atque
3078 2614 3515 2698 aspernatur?
3564 2614 3745 2699 Ergo
3779 2637 3977 2699 quum
4003 2617 4188 2682 Deus
4229 2618 4353 2684 hae

2393 2706 2554 2764 nota
2609 2698 2886 2765 electum
2944 2699 3265 2783 populum
3335 2709 3597 2783 separet
3662 2723 3701 2766 a
3767 2702 4062 2786 profanis
4135 2703 4350 2787 genti-

2392 2783 2532 2864 bue,
2581 2794 2757 2851 certo
2802 2792 3096 2851 statuere
3139 2785 3308 2865 licet,
3353 2786 3664 2865 incestus,
3711 2807 3873 2870 quos
3911 2788 4104 2852 vitari
4148 2789 4352 2867 iubet,

2394 2891 2577 2936 mera
2620 2892 2763 2937 esse
2804 2870 3319 2954 inquinamenta.
3364 2871 3618 2938 Paulus
3639 2873 3711 2937 in
3746 2894 3819 2937 re
3858 2874 4129 2939 minima
4164 2874 4354 2941 nobis

2394 2956 2617 3023 obiicit
2638 2966 2792 3022 ante
2814 2956 3039 3022 oculos
3059 2957 3274 3040 ipsam
3298 2964 3572 3023 naturae
3594 2958 3840 3043 legem:
3868 2980 4018 3023 nam
4040 2958 4148 3024 ubi
4166 2959 4354 3025 docet

2393 3052 2591 3129 turpe
2632 3064 2774 3110 esse
2816 3050 2886 3109 et
2927 3041 3326 3123 indecorum,
3375 3043 3681 3111 mulieres
3715 3044 3784 3110 in
3829 3044 4163 3130 publicum
4198 3066 4351 3130 pro-

2392 3130 2536 3195 dire
2568 3130 2699 3195 nisi
2741 3130 3007 3210 velatas,
3051 3130 3391 3196 consulere
3421 3140 3731 3196 naturam
3765 3131 3963 3214 iubet,
4001 3153 4087 3197 an
4127 3132 4353 3199 deceat

2391 3216 2573 3301 ipsas
2586 3223 2776 3281 tonso
2798 3215 3013 3299 capite
3033 3215 3102 3280 in
3124 3215 3382 3298 publico
3405 3216 3656 3283 versari
3676 3216 3764 3304 (1.
3791 3216 3940 3284 Cor.
3967 3218 4068 3297 11,
4088 3216 4213 3305 14).
4260 3218 4355 3284 Et

2394 3301 2659 3367 tandem
2704 3301 2996 3368 subiicit:
3039 3299 3296 3367 Natura
3337 3300 3404 3366 id
3449 3324 3583 3367 non
3620 3304 3887 3386 patitur.
3949 3302 4174 3385 Quare
4218 3326 4349 3369 non

2393 3387 2589 3454 video
2611 3407 2730 3453 cur
2753 3394 3102 3471 praetextu
3137 3386 3302 3473 legis
3337 3387 3637 3471 politicae
3672 3387 3992 3455 abolenda
4027 3390 4117 3454 sit
4159 3398 4354 3456 natu-

2393 3495 2507 3541 rae
2541 3474 2906 3558 integritas,
2936 3493 3021 3539 ex
3058 3493 3186 3556 qua
3220 3474 3500 3558 emergit
3522 3472 3873 3540 discrimen
3898 3477 4071 3539 inter
4107 3484 4357 3542 statuta

2391 3559 2542 3637 Dei,
2575 3569 2644 3625 et
2670 3559 2969 3645 gentium
3017 3558 3440 3642 corruptelas.
3486 3557 3561 3626 Si
3607 3559 3903 3627 doctrina
3947 3560 4111 3626 haec
4154 3563 4259 3627 vel
4282 3562 4354 3627 in

2391 3647 2592 3711 unius
2636 3645 2857 3729 populi
2896 3643 3199 3724 utilitate,
3244 3645 3353 3712 vel
3393 3646 3464 3710 in
3504 3666 3631 3711 usu
3667 3647 3828 3712 certi
3872 3647 4204 3731 temporis,
4251 3646 4359 3713 vel

2390 3734 2462 3798 in
2518 3731 2849 3815 praesenti
2907 3732 3295 3797 necessitate
3310 3779 3324 3808 ‚
3393 3732 3496 3798 vel
3541 3732 3611 3797 in
3659 3732 3805 3799 aliis
3847 3733 4362 3800 circumstantiis

2395 3818 2675 3884 fundata
2729 3825 2933 3896 esset,
2993 3817 3295 3902 abrogari
3352 3825 3624 3901 possent
3680 3819 3860 3902 leges
3904 3818 4057 3883 inde
4100 3819 4357 3886 elicitae

2398 3905 2591 3970 novis
2636 3902 2716 3969 de
2760 3903 3009 3980 causis,
3068 3912 3185 3968 aut
3246 3903 3408 3968 solvi
3455 3912 3676 3988 posset
3718 3925 3944 3969 earum
3991 3904 4360 3971 observatio

2398 3991 2467 4055 in
2514 3991 2712 4055 certis
2754 3990 3073 4073 personis,
3118 3987 3464 4074 privilegio
3507 3990 3857 4073 singulari:
3925 4010 4157 4055 verum
4204 3991 4360 4075 quia

2401 4078 2470 4141 in
2508 4075 2639 4142 illis
2674 4074 2963 4140 ferendis
3009 4086 3268 4140 tantum
3312 4083 3604 4158 spectata
3648 4076 3774 4140 fuit
3819 4083 4132 4159 perpetua
4166 4085 4361 4142 natu-

2402 4185 2516 4228 rae
2537 4162 2866 4236 honestas,
2914 4181 2999 4225 ne
3035 4159 3436 4245 dispensatio
3472 4161 3731 4245 quidem
3762 4174 3935 4227 esset
3977 4162 4361 4229 tolerabilis.

2400 4248 2684 4333 Impune
2728 4247 2993 4331 quidem
3037 4258 3111 4311 ut
3154 4247 3346 4312 liceat
3387 4248 3585 4313 statui
3630 4255 3865 4332 potest,
3912 4247 4106 4314 sicuti
4151 4249 4219 4312 in
4259 4269 4364 4314 ar-

2402 4335 2599 4400 bitrio
2643 4333 2956 4417 principis
2993 4342 3094 4398 est
3128 4353 3374 4417 poenas
3398 4333 3763 4398 remittere:
3804 4333 4032 4397 verum
4067 4339 4144 4399 ut
4170 4336 4363 4400 vitio-

2402 4441 2551 4487 sum
2596 4441 2729 4485 non
2773 4419 2863 4485 sit
2904 4418 3078 4502 quod
3123 4419 3432 4485 vitiosum
3476 4440 3619 4485 esse
3657 4427 3901 4484 natura
3944 4418 4167 4500 dictat,
4211 4420 4363 4486 nul·

2399 4507 2509 4572 lus
2552 4506 2615 4572 le
2664 4505 2679 4520 ‘
2719 4505 2891 4570 lator
2935 4504 3205 4571 efficiet:
3250 4504 3423 4588 quod
3467 4505 3525 4569 si
3569 4504 3713 4588 quis
3758 4506 4099 4588 tyrannica
4143 4526 4365 4590 supen-

2400 4592 2511 4660 bia
2574 4593 2595 4657 i
2707 4589 2949 4656 audeat
3002 4599 3284 4671 tentare,
3350 4600 3644 4673 emerget
3696 4598 3919 4656 tamen
3975 4610 4362 4674 oppressum

2401 4688 2682 4744 naturae
2726 4677 2944 4742 lumen
2991 4696 3066 4742 ac
3106 4675 3525 4760 praevalebit.
3573 4674 3753 4742 Olim
3800 4697 4000 4760 quum
4043 4676 4363 4744 Claudius

2402 4766 2762 4848 imperator
2803 4782 3076 4828 uxorem
3123 4761 3247 4827 sibi
3292 4761 3680 4845 sumpsisset
3716 4763 4152 4847 Agrippinam
4199 4783 4359 4845 nep-

2403 4859 2541 4916 tem
2584 4870 2792 4925 suam‚
2837 4847 3109 4914 tollendi
3154 4848 3379 4932 probri
3421 4867 3637 4926 causa,
3682 4858 3952 4914 senatus
3984 4849 4360 4915 consultum

2400 4937 2545 5002 fieri
2588 4934 2867 5013 curavit,
2913 4955 3042 5017 quo
3087 4932 3364 4999 dabatur
3404 4934 3647 5001 talibus
3690 4935 3884 5001 coniu
3933 4935 4011 4999 iis
4055 4934 4360 5000 libertas:

2402 5042 2598 5088 nemo
2663 5033 2889 5086 tamen
2952 5029 3254 5104 repertus
3319 5026 3421 5086 est
3483 5021 3595 5104 qui
3663 5041 3901 5103 exemp
3928 5040 4042 5084 um
4113 5020 4360 5086 imitari

2401 5108 2618 5189 vellet,
2661 5114 2936 5190 excepto
2980 5106 3306 5172 duntaxat
3350 5106 3581 5172 liberto
3626 5127 3779 5171 uno.
3868 5103 4064 5172 Unde
4118 5125 4361 5190 agnos-

2401 5203 2554 5261 cent
2597 5192 2786 5276 aequi
2833 5201 2902 5258 et
2944 5192 3266 5259 moderati
3322 5193 3624 5258 homines
3642 5243 3659 5271 ‚
3716 5191 3915 5257 etiam
3975 5191 4149 5274 apud
4208 5213 4359 5275 pro·

2399 5280 2589 5346 fanas
2629 5287 2861 5365 gentes
2917 5278 3042 5345 hoc
3098 5279 3201 5345 ius
3260 5279 3459 5345 fuisse
3503 5277 3798 5343 habitum
3844 5275 4221 5358 insolubile,
4281 5298 4359 5346 ac

2401 5366 2460 5432 si
2513 5368 2721 5432 fixum
2786 5373 2958 5432 esset
3020 5371 3089 5431 et
3152 5364 3554 5450 insculptum
3617 5362 3965 5428 hominum
4030 5362 4360 5432 cordibus.

3843 5461 3948 5518 42*
