<?xml version="1.0" encoding="UTF-8"?>
<!DOCTYPE html PUBLIC "-//W3C//DTD XHTML 1.0 Transitional//EN"
    "http://www.w3.org/TR/xhtml1/DTD/xhtml1-transitional.dtd">
<html xmlns="http://www.w3.org/1999/xhtml" xml:lang="en" lang="en">
 <head>
  <title>
</title>
<meta http-equiv="Content-Type" content="text/html;charset=utf-8" />
  <meta name='ocr-system' content='tesseract 3.04.00' />
  <meta name='ocr-capabilities' content='ocr_page ocr_carea ocr_par ocr_line ocrx_word'/>
</head>
<body>
  <div class='ocr_page' id='page_1' title='image "./ioanniscalvinio04unkngoog_0256.png"; bbox 0 0 4867 6150; ppageno 0'>
   <div class='ocr_carea' id='block_1_1' title="bbox 510 433 639 498">
    <p class='ocr_par' dir='ltr' id='par_1_1' title="bbox 510 433 639 498">
     <span class='ocr_line' id='line_1_1' title="bbox 510 433 639 498; baseline -0.008 0"><span class='ocrx_word' id='word_1_1' title='bbox 510 433 639 498; x_wconf 84' lang='lat'>491</span> 
     </span>
    </p>
   </div>
   <div class='ocr_carea' id='block_1_2' title="bbox 509 619 2463 1050">
    <p class='ocr_par' dir='ltr' id='par_1_2' title="bbox 509 619 2463 1050">
     <span class='ocr_line' id='line_1_2' title="bbox 509 619 2458 704; baseline -0.001 -19"><span class='ocrx_word' id='word_1_2' title='bbox 509 620 681 685; x_wconf 88' lang='lat' dir='ltr'>nihil</span> <span class='ocrx_word' id='word_1_3' title='bbox 721 619 901 685; x_wconf 89' lang='lat' dir='ltr'>aliud</span> <span class='ocrx_word' id='word_1_4' title='bbox 945 621 1075 685; x_wconf 90' lang='lat' dir='ltr'>fuit</span> <span class='ocrx_word' id='word_1_5' title='bbox 1119 642 1310 704; x_wconf 92' lang='lat' dir='ltr'>quam</span> <span class='ocrx_word' id='word_1_6' title='bbox 1349 619 1708 703; x_wconf 87' lang='lat' dir='ltr'>spiritualis</span> <span class='ocrx_word' id='word_1_7' title='bbox 1747 619 2016 684; x_wconf 86' lang='lat' dir='ltr'>veritas:</span> <span class='ocrx_word' id='word_1_8' title='bbox 2065 627 2141 683; x_wconf 89' lang='lat' dir='ltr'>ut</span> <span class='ocrx_word' id='word_1_9' title='bbox 2179 619 2458 703; x_wconf 89' lang='lat' dir='ltr'>populus</span> 
     </span>
     <span class='ocr_line' id='line_1_3' title="bbox 511 705 2459 789; baseline 0 -18"><span class='ocrx_word' id='word_1_10' title='bbox 511 709 654 789; x_wconf 88' lang='lat' dir='ltr'>ipse</span> <span class='ocrx_word' id='word_1_11' title='bbox 702 707 990 772; x_wconf 89' lang='lat' dir='ltr'>vicissim</span> <span class='ocrx_word' id='word_1_12' title='bbox 1036 706 1233 771; x_wconf 90' lang='lat' dir='ltr'>fidem</span> <span class='ocrx_word' id='word_1_13' title='bbox 1272 716 1338 771; x_wconf 92' lang='lat' dir='ltr'>et</span> <span class='ocrx_word' id='word_1_14' title='bbox 1393 706 1866 789; x_wconf 89' lang='lat' dir='ltr'>poenitentiam</span> <span class='ocrx_word' id='word_1_15' title='bbox 1917 705 2184 769; x_wconf 87' lang='lat' dir='ltr'>afferret</span> <span class='ocrx_word' id='word_1_16' title='bbox 2227 705 2309 770; x_wconf 90' lang='lat' dir='ltr'>ad</span> <span class='ocrx_word' id='word_1_17' title='bbox 2354 727 2459 771; x_wconf 90' lang='lat' dir='ltr'>sa-</span> 
     </span>
     <span class='ocr_line' id='line_1_4' title="bbox 509 790 2461 860; baseline -0.003 0"><span class='ocrx_word' id='word_1_18' title='bbox 509 792 773 860; x_wconf 90' lang='lat' dir='ltr'>crificia.</span> <span class='ocrx_word' id='word_1_19' title='bbox 833 793 923 856; x_wconf 87' lang='lat' dir='ltr'>Et</span> <span class='ocrx_word' id='word_1_20' title='bbox 957 805 1132 858; x_wconf 89' lang='lat' dir='ltr'>certe</span> <span class='ocrx_word' id='word_1_21' title='bbox 1169 792 1458 857; x_wconf 81' lang='lat' dir='ltr'><strong>exterior</strong></span> <span class='ocrx_word' id='word_1_22' title='bbox 1493 791 1904 856; x_wconf 77' lang='lat' dir='ltr'>caeremonia</span> <span class='ocrx_word' id='word_1_23' title='bbox 1940 791 2081 856; x_wconf 92' lang='lat' dir='ltr'>sine</span> <span class='ocrx_word' id='word_1_24' title='bbox 2118 813 2188 856; x_wconf 89' lang='lat' dir='ltr'>re</span> <span class='ocrx_word' id='word_1_25' title='bbox 2223 790 2461 856; x_wconf 84' lang='lat' dir='ltr'>fuisset</span> 
     </span>
     <span class='ocr_line' id='line_1_5' title="bbox 509 877 2463 959; baseline -0.002 -16"><span class='ocrx_word' id='word_1_26' title='bbox 509 899 693 944; x_wconf 89' lang='lat' dir='ltr'>mera</span> <span class='ocrx_word' id='word_1_27' title='bbox 735 878 1022 944; x_wconf 86' lang='lat' dir='ltr'>fatuitas.</span> <span class='ocrx_word' id='word_1_28' title='bbox 1113 878 1314 944; x_wconf 88' lang='lat' dir='ltr'>Hunc</span> <span class='ocrx_word' id='word_1_29' title='bbox 1360 877 1561 943; x_wconf 91' lang='lat' dir='ltr'>ritum</span> <span class='ocrx_word' id='word_1_30' title='bbox 1607 898 1690 942; x_wconf 92' lang='lat' dir='ltr'>ex</span> <span class='ocrx_word' id='word_1_31' title='bbox 1737 889 1923 959; x_wconf 87' lang='lat' dir='ltr'>parte</span> <span class='ocrx_word' id='word_1_32' title='bbox 1965 877 2262 941; x_wconf 79' lang='lat' dir='ltr'><strong>imitatae</strong></span> <span class='ocrx_word' id='word_1_33' title='bbox 2305 885 2463 943; x_wconf 89' lang='lat' dir='ltr'>sunt</span> 
     </span>
     <span class='ocr_line' id='line_1_6' title="bbox 509 962 2203 1050; baseline -0.002 -21"><span class='ocrx_word' id='word_1_34' title='bbox 509 965 709 1030; x_wconf 90' lang='lat' dir='ltr'>etiam</span> <span class='ocrx_word' id='word_1_35' title='bbox 753 965 1063 1047; x_wconf 79' lang='lat' dir='ltr'>profanae</span> <span class='ocrx_word' id='word_1_36' title='bbox 1109 973 1372 1048; x_wconf 80' lang='lat' dir='ltr'>gentes:</span> <span class='ocrx_word' id='word_1_37' title='bbox 1425 963 1597 1028; x_wconf 89' lang='lat' dir='ltr'>unde</span> <span class='ocrx_word' id='word_1_38' title='bbox 1639 963 1807 1028; x_wconf 91' lang='lat' dir='ltr'>illud</span> <span class='ocrx_word' id='word_1_39' title='bbox 1849 963 2114 1028; x_wconf 82' lang='lat' dir='ltr'>Horatii</span> <span class='ocrx_word' id='word_1_40' title='bbox 2139 962 2203 1050; x_wconf 86' lang='lat'>¹),</span> 
     </span>
    </p>
   </div>
   <div class='ocr_carea' id='block_1_3' title="bbox 878 1099 2100 1168">
    <p class='ocr_par' dir='ltr' id='par_1_3' title="bbox 878 1099 2100 1168">
     <span class='ocr_line' id='line_1_7' title="bbox 878 1099 2100 1168; baseline -0.001 -15"><span class='ocrx_word' id='word_1_41' title='bbox 878 1099 1064 1168; x_wconf 92' lang='lat' dir='ltr'>thue</span> <span class='ocrx_word' id='word_1_42' title='bbox 1100 1099 1399 1153; x_wconf 86' lang='lat' dir='ltr'>sacerdotis</span> <span class='ocrx_word' id='word_1_43' title='bbox 1431 1099 1710 1168; x_wconf 79' lang='lat' dir='ltr'>fugitivus,</span> <span class='ocrx_word' id='word_1_44' title='bbox 1745 1099 1859 1152; x_wconf 88' lang='lat' dir='ltr'>liba</span> <span class='ocrx_word' id='word_1_45' title='bbox 1893 1116 2100 1152; x_wconf 86' lang='lat' dir='ltr'>recuso.</span> 
     </span>
    </p>
   </div>
   <div class='ocr_carea' id='block_1_4' title="bbox 511 1218 2473 4743">
    <p class='ocr_par' dir='ltr' id='par_1_4' title="bbox 511 1218 2473 4482">
     <span class='ocr_line' id='line_1_8' title="bbox 515 1218 2463 1305; baseline 0 -21"><span class='ocrx_word' id='word_1_46' title='bbox 515 1218 754 1303; x_wconf 88' lang='lat' dir='ltr'>quibus</span> <span class='ocrx_word' id='word_1_47' title='bbox 798 1219 1019 1286; x_wconf 86' lang='lat' dir='ltr'>verbis</span> <span class='ocrx_word' id='word_1_48' title='bbox 1063 1220 1396 1305; x_wconf 88' lang='lat' dir='ltr'>significat</span> <span class='ocrx_word' id='word_1_49' title='bbox 1436 1219 1774 1302; x_wconf 86' lang='lat' dir='ltr'>placentas</span> <span class='ocrx_word' id='word_1_50' title='bbox 1831 1220 2023 1285; x_wconf 89' lang='lat' dir='ltr'>idolis</span> <span class='ocrx_word' id='word_1_51' title='bbox 2067 1220 2268 1285; x_wconf 87' lang='lat' dir='ltr'>fuisse</span> <span class='ocrx_word' id='word_1_52' title='bbox 2312 1240 2463 1302; x_wconf 91' lang='lat' dir='ltr'>pas·</span> 
     </span>
     <span class='ocr_line' id='line_1_9' title="bbox 514 1303 2465 1388; baseline -0.001 -19"><span class='ocrx_word' id='word_1_53' title='bbox 514 1307 637 1370; x_wconf 91' lang='lat' dir='ltr'>sim</span> <span class='ocrx_word' id='word_1_54' title='bbox 675 1304 942 1371; x_wconf 75' lang='lat' dir='ltr'>oblatae.</span> <span class='ocrx_word' id='word_1_55' title='bbox 1010 1304 1270 1370; x_wconf 85' lang='lat' dir='ltr'>Verum</span> <span class='ocrx_word' id='word_1_56' title='bbox 1313 1326 1503 1371; x_wconf 91' lang='lat' dir='ltr'>caeca</span> <span class='ocrx_word' id='word_1_57' title='bbox 1547 1306 1675 1369; x_wconf 82' lang='lat' dir='ltr'>fuit</span> <span class='ocrx_word' id='word_1_58' title='bbox 1709 1305 1825 1370; x_wconf 89' lang='lat' dir='ltr'>illa</span> <span class='ocrx_word' id='word_1_59' title='bbox 1869 1307 2243 1383; x_wconf 81' lang='lat' dir='ltr'>aemulatiO,</span> <span class='ocrx_word' id='word_1_60' title='bbox 2291 1303 2465 1388; x_wconf 90' lang='lat' dir='ltr'>quod</span> 
     </span>
     <span class='ocr_line' id='line_1_10' title="bbox 512 1391 2464 1474; baseline 0.001 -18"><span class='ocrx_word' id='word_1_61' title='bbox 512 1392 713 1456; x_wconf 87' lang='lat' dir='ltr'>altius</span> <span class='ocrx_word' id='word_1_62' title='bbox 757 1412 888 1455; x_wconf 91' lang='lat' dir='ltr'>non</span> <span class='ocrx_word' id='word_1_63' title='bbox 934 1393 1367 1473; x_wconf 88' lang='lat' dir='ltr'>attenderent,</span> <span class='ocrx_word' id='word_1_64' title='bbox 1411 1391 1525 1457; x_wconf 90' lang='lat' dir='ltr'>sed</span> <span class='ocrx_word' id='word_1_65' title='bbox 1563 1391 1734 1474; x_wconf 91' lang='lat' dir='ltr'>quod</span> <span class='ocrx_word' id='word_1_66' title='bbox 1771 1402 2082 1474; x_wconf 87' lang='lat' dir='ltr'>putarent</span> <span class='ocrx_word' id='word_1_67' title='bbox 2119 1392 2273 1457; x_wconf 90' lang='lat' dir='ltr'>deos</span> <span class='ocrx_word' id='word_1_68' title='bbox 2308 1412 2464 1457; x_wconf 92' lang='grc'><strong>81108</strong></span> 
     </span>
     <span class='ocr_line' id='line_1_11' title="bbox 516 1477 2461 1560; baseline 0 -19"><span class='ocrx_word' id='word_1_69' title='bbox 516 1477 807 1542; x_wconf 83' lang='grc'><strong>1111111880</strong></span> <span class='ocrx_word' id='word_1_70' title='bbox 869 1498 1047 1541; x_wconf 91' lang='lat' dir='ltr'>more</span> <span class='ocrx_word' id='word_1_71' title='bbox 1108 1489 1416 1560; x_wconf 88' lang='lat' dir='ltr'>appetere</span> <span class='ocrx_word' id='word_1_72' title='bbox 1473 1500 1709 1543; x_wconf 78' lang='lat' dir='ltr'>suaves</span> <span class='ocrx_word' id='word_1_73' title='bbox 1766 1486 1832 1543; x_wconf 88' lang='lat' dir='ltr'>et</span> <span class='ocrx_word' id='word_1_74' title='bbox 1891 1477 2205 1544; x_wconf 88' lang='lat' dir='ltr'>delicatos</span> <span class='ocrx_word' id='word_1_75' title='bbox 2265 1478 2461 1544; x_wconf 90' lang='lat' dir='ltr'>cibos.</span> 
     </span>
     <span class='ocr_line' id='line_1_12' title="bbox 513 1562 2465 1646; baseline 0 -18"><span class='ocrx_word' id='word_1_76' title='bbox 513 1563 717 1645; x_wconf 81' lang='lat' dir='ltr'>Atqui</span> <span class='ocrx_word' id='word_1_77' title='bbox 780 1562 979 1646; x_wconf 89' lang='lat' dir='ltr'>longo</span> <span class='ocrx_word' id='word_1_78' title='bbox 1045 1562 1223 1627; x_wconf 85' lang='lat' dir='ltr'>alind</span> <span class='ocrx_word' id='word_1_79' title='bbox 1287 1564 1631 1630; x_wconf 88' lang='lat' dir='ltr'>consilium</span> <span class='ocrx_word' id='word_1_80' title='bbox 1703 1564 1827 1629; x_wconf 91' lang='lat' dir='ltr'>Dei</span> <span class='ocrx_word' id='word_1_81' title='bbox 1892 1564 2048 1643; x_wconf 86' lang='lat' dir='ltr'>fuit,</span> <span class='ocrx_word' id='word_1_82' title='bbox 2116 1576 2190 1628; x_wconf 90' lang='lat' dir='ltr'>ut</span> <span class='ocrx_word' id='word_1_83' title='bbox 2255 1584 2465 1646; x_wconf 88' lang='lat' dir='ltr'>nuper</span> 
     </span>
     <span class='ocr_line' id='line_1_13' title="bbox 514 1648 2464 1734; baseline 0 -20"><span class='ocrx_word' id='word_1_84' title='bbox 514 1650 721 1732; x_wconf 87' lang='lat' dir='ltr'>attigi.</span> <span class='ocrx_word' id='word_1_85' title='bbox 817 1649 1115 1714; x_wconf 88' lang='lat' dir='ltr'>Externo</span> <span class='ocrx_word' id='word_1_86' title='bbox 1160 1651 1334 1714; x_wconf 87' lang='lat' dir='ltr'>enim</span> <span class='ocrx_word' id='word_1_87' title='bbox 1379 1670 1609 1733; x_wconf 87' lang='lat' dir='ltr'>sapore</span> <span class='ocrx_word' id='word_1_88' title='bbox 1668 1652 2036 1734; x_wconf 86' lang='lat' dir='ltr'>expergisci</span> <span class='ocrx_word' id='word_1_89' title='bbox 2067 1648 2304 1717; x_wconf 82' lang='lat' dir='ltr'>‘voluit</span> <span class='ocrx_word' id='word_1_90' title='bbox 2349 1672 2464 1734; x_wconf 94' lang='lat' dir='ltr'>po-</span> 
     </span>
     <span class='ocr_line' id='line_1_14' title="bbox 513 1735 2466 1818; baseline 0 -19"><span class='ocrx_word' id='word_1_91' title='bbox 513 1735 744 1818; x_wconf 90' lang='lat' dir='ltr'>pulum</span> <span class='ocrx_word' id='word_1_92' title='bbox 789 1756 998 1815; x_wconf 90' lang='lat' dir='ltr'>suum,</span> <span class='ocrx_word' id='word_1_93' title='bbox 1046 1749 1121 1799; x_wconf 91' lang='lat' dir='ltr'>ut</span> <span class='ocrx_word' id='word_1_94' title='bbox 1164 1737 1332 1800; x_wconf 89' lang='lat' dir='ltr'>serio</span> <span class='ocrx_word' id='word_1_95' title='bbox 1378 1737 1819 1818; x_wconf 89' lang='lat' dir='ltr'>poenitentiae</span> <span class='ocrx_word' id='word_1_96' title='bbox 1864 1757 2062 1802; x_wconf 87' lang='lat' dir='ltr'>sensu</span> <span class='ocrx_word' id='word_1_97' title='bbox 2109 1746 2357 1815; x_wconf 89' lang='lat' dir='ltr'>tactus,</span> <span class='ocrx_word' id='word_1_98' title='bbox 2399 1744 2466 1799; x_wconf 92' lang='lat' dir='ltr'>et</span> 
     </span>
     <span class='ocr_line' id='line_1_15' title="bbox 513 1820 2463 1907; baseline -0.001 -22"><span class='ocrx_word' id='word_1_99' title='bbox 513 1841 682 1903; x_wconf 88' lang='lat' dir='ltr'>pura</span> <span class='ocrx_word' id='word_1_100' title='bbox 727 1820 885 1899; x_wconf 90' lang='lat' dir='ltr'>fide,</span> <span class='ocrx_word' id='word_1_101' title='bbox 945 1821 1263 1886; x_wconf 88' lang='lat' dir='ltr'>scelerum</span> <span class='ocrx_word' id='word_1_102' title='bbox 1309 1822 1750 1904; x_wconf 78' lang='lat' dir='ltr'>expiationem</span> <span class='ocrx_word' id='word_1_103' title='bbox 1793 1831 2165 1907; x_wconf 88' lang='lat' dir='ltr'>quaereret:</span> <span class='ocrx_word' id='word_1_104' title='bbox 2213 1844 2344 1887; x_wconf 91' lang='lat' dir='ltr'>non</span> <span class='ocrx_word' id='word_1_105' title='bbox 2390 1822 2463 1885; x_wconf 91' lang='lat' dir='ltr'>in</span> 
     </span>
     <span class='ocr_line' id='line_1_16' title="bbox 514 1906 2465 1990; baseline 0 -19"><span class='ocrx_word' id='word_1_106' title='bbox 514 1906 649 1971; x_wconf 91' lang='lat' dir='ltr'>illis</span> <span class='ocrx_word' id='word_1_107' title='bbox 695 1907 882 1990; x_wconf 89' lang='lat' dir='ltr'>agnis</span> <span class='ocrx_word' id='word_1_108' title='bbox 940 1927 1103 1989; x_wconf 89' lang='lat' dir='ltr'>quos</span> <span class='ocrx_word' id='word_1_109' title='bbox 1158 1908 1466 1973; x_wconf 77' lang='lat' dir='ltr'>cernebat</span> <span class='ocrx_word' id='word_1_110' title='bbox 1524 1910 1824 1985; x_wconf 87' lang='lat' dir='ltr'>mactari,</span> <span class='ocrx_word' id='word_1_111' title='bbox 1886 1908 2003 1974; x_wconf 89' lang='lat' dir='ltr'>sed</span> <span class='ocrx_word' id='word_1_112' title='bbox 2060 1910 2131 1974; x_wconf 91' lang='lat' dir='ltr'>in</span> <span class='ocrx_word' id='word_1_113' title='bbox 2198 1908 2465 1974; x_wconf 89' lang='lat' dir='ltr'>victima</span> 
     </span>
     <span class='ocr_line' id='line_1_17' title="bbox 516 1992 2464 2079; baseline 0 -21"><span class='ocrx_word' id='word_1_114' title='bbox 516 1993 644 2058; x_wconf 88' lang='lat' dir='ltr'>sibi</span> <span class='ocrx_word' id='word_1_115' title='bbox 679 1992 1013 2075; x_wconf 87' lang='lat' dir='ltr'>promissa.</span> <span class='ocrx_word' id='word_1_116' title='bbox 1093 1993 1423 2059; x_wconf 87' lang='lat' dir='ltr'>Vocarunt</span> <span class='ocrx_word' id='word_1_117' title='bbox 1458 1996 1609 2079; x_wconf 89' lang='lat' dir='ltr'>iuge</span> <span class='ocrx_word' id='word_1_118' title='bbox 1647 1996 2059 2074; x_wconf 88' lang='lat' dir='ltr'>sacrificium,</span> <span class='ocrx_word' id='word_1_119' title='bbox 2096 1996 2247 2078; x_wconf 87' lang='lat' dir='ltr'>quia</span> <span class='ocrx_word' id='word_1_120' title='bbox 2282 2014 2464 2077; x_wconf 85' lang='lat' dir='ltr'>prae-</span> 
     </span>
     <span class='ocr_line' id='line_1_18' title="bbox 515 2079 2462 2164; baseline -0.001 -20"><span class='ocrx_word' id='word_1_121' title='bbox 515 2079 689 2161; x_wconf 91' lang='lat' dir='ltr'>cepit</span> <span class='ocrx_word' id='word_1_122' title='bbox 749 2079 933 2144; x_wconf 91' lang='lat' dir='ltr'>Deus</span> <span class='ocrx_word' id='word_1_123' title='bbox 998 2079 1219 2145; x_wconf 88' lang='lat' dir='ltr'>offerri</span> <span class='ocrx_word' id='word_1_124' title='bbox 1279 2082 1523 2164; x_wconf 88' lang='lat' dir='ltr'>iugiter</span> <span class='ocrx_word' id='word_1_125' title='bbox 1635 2103 1706 2145; x_wconf 91' lang='lat' dir='ltr'>er</span> <span class='ocrx_word' id='word_1_126' title='bbox 1773 2083 2117 2147; x_wconf 90' lang='lat' dir='ltr'>continuas</span> <span class='ocrx_word' id='word_1_127' title='bbox 2181 2090 2462 2145; x_wconf 87' lang='lat' dir='ltr'>aetates:</span> 
     </span>
     <span class='ocr_line' id='line_1_19' title="bbox 517 2165 2466 2250; baseline -0.001 -19"><span class='ocrx_word' id='word_1_128' title='bbox 517 2185 749 2231; x_wconf 89' lang='lat' dir='ltr'>verum</span> <span class='ocrx_word' id='word_1_129' title='bbox 814 2186 898 2229; x_wconf 88' lang='lat' dir='ltr'>ex</span> <span class='ocrx_word' id='word_1_130' title='bbox 963 2165 1240 2231; x_wconf 85' lang='lat' dir='ltr'>Daniele</span> <span class='ocrx_word' id='word_1_131' title='bbox 1307 2167 1514 2250; x_wconf 90' lang='lat' dir='ltr'>liquet</span> <span class='ocrx_word' id='word_1_132' title='bbox 1605 2168 1777 2233; x_wconf 88' lang='grc'><strong>111880</strong></span> <span class='ocrx_word' id='word_1_133' title='bbox 1843 2167 2229 2250; x_wconf 88' lang='lat' dir='ltr'>temporale,</span> <span class='ocrx_word' id='word_1_134' title='bbox 2311 2168 2466 2250; x_wconf 89' lang='lat' dir='ltr'>quia</span> 
     </span>
     <span class='ocr_line' id='line_1_20' title="bbox 516 2250 2465 2336; baseline 0.001 -20"><span class='ocrx_word' id='word_1_135' title='bbox 516 2252 793 2316; x_wconf 88' lang='lat' dir='ltr'>cessavit</span> <span class='ocrx_word' id='word_1_136' title='bbox 861 2250 1113 2315; x_wconf 86' lang='lat' dir='ltr'>Christi</span> <span class='ocrx_word' id='word_1_137' title='bbox 1179 2252 1501 2317; x_wconf 89' lang='lat' dir='ltr'>adventu:</span> <span class='ocrx_word' id='word_1_138' title='bbox 1582 2253 1676 2319; x_wconf 89' lang='lat' dir='ltr'>sic</span> <span class='ocrx_word' id='word_1_139' title='bbox 1743 2253 1921 2317; x_wconf 88' lang='lat' dir='ltr'>enim</span> <span class='ocrx_word' id='word_1_140' title='bbox 1985 2253 2118 2319; x_wconf 92' lang='lat' dir='ltr'>illic</span> <span class='ocrx_word' id='word_1_141' title='bbox 2190 2252 2465 2336; x_wconf 85' lang='lat' dir='ltr'>angelus</span> 
     </span>
     <span class='ocr_line' id='line_1_21' title="bbox 511 2335 2466 2425; baseline 0.002 -25"><span class='ocrx_word' id='word_1_142' title='bbox 511 2338 799 2420; x_wconf 88' lang='lat' dir='ltr'>loquitur</span> <span class='ocrx_word' id='word_1_143' title='bbox 856 2335 1057 2421; x_wconf 91' lang='lat' dir='ltr'>(Dan.</span> <span class='ocrx_word' id='word_1_144' title='bbox 1117 2337 1179 2417; x_wconf 88' lang='lat'>9,</span> <span class='ocrx_word' id='word_1_145' title='bbox 1227 2337 1356 2425; x_wconf 82' lang='lat'>27).</span> <span class='ocrx_word' id='word_1_146' title='bbox 1447 2338 1807 2404; x_wconf 89' lang='lat' dir='ltr'>Roborabit</span> <span class='ocrx_word' id='word_1_147' title='bbox 1865 2338 2177 2405; x_wconf 87' lang='lat' dir='ltr'>Christus</span> <span class='ocrx_word' id='word_1_148' title='bbox 2238 2339 2466 2404; x_wconf 87' lang='lat' dir='ltr'>foedus</span> 
     </span>
     <span class='ocr_line' id='line_1_22' title="bbox 514 2422 2466 2504; baseline 0.001 -17"><span class='ocrx_word' id='word_1_149' title='bbox 514 2442 663 2487; x_wconf 94' lang='lat' dir='ltr'>cum</span> <span class='ocrx_word' id='word_1_150' title='bbox 708 2422 933 2487; x_wconf 87' lang='lat' dir='ltr'>multis</span> <span class='ocrx_word' id='word_1_151' title='bbox 979 2423 1384 2489; x_wconf 84' lang='lat' dir='ltr'>hebdomade</span> <span class='ocrx_word' id='word_1_152' title='bbox 1429 2445 1565 2489; x_wconf 90' lang='lat' dir='ltr'>una</span> <span class='ocrx_word' id='word_1_153' title='bbox 1608 2436 1673 2490; x_wconf 91' lang='lat' dir='ltr'>et</span> <span class='ocrx_word' id='word_1_154' title='bbox 1728 2423 2028 2504; x_wconf 89' lang='lat' dir='ltr'>dimidia,</span> <span class='ocrx_word' id='word_1_155' title='bbox 2089 2434 2156 2490; x_wconf 91' lang='lat' dir='ltr'>et</span> <span class='ocrx_word' id='word_1_156' title='bbox 2208 2445 2466 2491; x_wconf 89' lang='lat' dir='ltr'>cessare</span> 
     </span>
     <span class='ocr_line' id='line_1_23' title="bbox 513 2509 2465 2591; baseline 0.002 -18"><span class='ocrx_word' id='word_1_157' title='bbox 513 2509 706 2583; x_wconf 82' lang='lat' dir='ltr'>faciet</span> <span class='ocrx_word' id='word_1_158' title='bbox 743 2510 895 2591; x_wconf 90' lang='lat' dir='ltr'>iuge</span> <span class='ocrx_word' id='word_1_159' title='bbox 931 2509 1323 2574; x_wconf 88' lang='lat' dir='ltr'>sacrificium</span> <span class='ocrx_word' id='word_1_160' title='bbox 1362 2520 1429 2574; x_wconf 88' lang='lat' dir='ltr'>et</span> <span class='ocrx_word' id='word_1_161' title='bbox 1466 2510 1710 2575; x_wconf 90' lang='lat' dir='ltr'>minha.</span> <span class='ocrx_word' id='word_1_162' title='bbox 1775 2510 2048 2576; x_wconf 86' lang='lat' dir='ltr'>Certum</span> <span class='ocrx_word' id='word_1_163' title='bbox 2087 2519 2185 2576; x_wconf 86' lang='lat' dir='ltr'>est</span> <span class='ocrx_word' id='word_1_164' title='bbox 2225 2510 2303 2576; x_wconf 92' lang='lat' dir='ltr'>de</span> <span class='ocrx_word' id='word_1_165' title='bbox 2340 2510 2465 2577; x_wconf 89' lang='lat' dir='ltr'>hac</span> 
     </span>
     <span class='ocr_line' id='line_1_24' title="bbox 514 2594 2465 2679; baseline 0.001 -19"><span class='ocrx_word' id='word_1_166' title='bbox 514 2594 729 2676; x_wconf 89' lang='lat' dir='ltr'>speeie</span> <span class='ocrx_word' id='word_1_167' title='bbox 776 2594 973 2659; x_wconf 88' lang='lat' dir='ltr'>verba</span> <span class='ocrx_word' id='word_1_168' title='bbox 1015 2596 1179 2660; x_wconf 88' lang='lat' dir='ltr'>fieri.</span> <span class='ocrx_word' id='word_1_169' title='bbox 1268 2595 1462 2661; x_wconf 89' lang='lat' dir='ltr'>Unde</span> <span class='ocrx_word' id='word_1_170' title='bbox 1506 2609 1684 2661; x_wconf 90' lang='lat' dir='ltr'>certo</span> <span class='ocrx_word' id='word_1_171' title='bbox 1730 2597 2099 2679; x_wconf 83' lang='lat' dir='ltr'>colligimus</span> <span class='ocrx_word' id='word_1_172' title='bbox 2144 2597 2272 2664; x_wconf 88' lang='lat' dir='ltr'>hac</span> <span class='ocrx_word' id='word_1_173' title='bbox 2320 2619 2465 2663; x_wconf 90' lang='lat' dir='ltr'>cae-</span> 
     </span>
     <span class='ocr_line' id='line_1_25' title="bbox 515 2678 2464 2764; baseline 0.001 -19"><span class='ocrx_word' id='word_1_174' title='bbox 515 2679 809 2745; x_wconf 90' lang='lat' dir='ltr'>remonia</span> <span class='ocrx_word' id='word_1_175' title='bbox 853 2678 1130 2746; x_wconf 86' lang='lat' dir='ltr'>directas</span> <span class='ocrx_word' id='word_1_176' title='bbox 1176 2681 1378 2747; x_wconf 87' lang='lat' dir='ltr'>fuisse</span> <span class='ocrx_word' id='word_1_177' title='bbox 1421 2683 1642 2764; x_wconf 89' lang='lat' dir='ltr'>populi</span> <span class='ocrx_word' id='word_1_178' title='bbox 1687 2692 1943 2748; x_wconf 86' lang='lat' dir='ltr'>mentes</span> <span class='ocrx_word' id='word_1_179' title='bbox 1987 2682 2068 2747; x_wconf 88' lang='lat' dir='ltr'>ad</span> <span class='ocrx_word' id='word_1_180' title='bbox 2108 2682 2464 2748; x_wconf 83' lang='lat' dir='ltr'>Christum.</span> 
     </span>
     <span class='ocr_line' id='line_1_26' title="bbox 517 2765 2469 2850; baseline 0.002 -21"><span class='ocrx_word' id='word_1_181' title='bbox 517 2765 710 2846; x_wconf 78' lang='lat' dir='ltr'>Quod</span> <span class='ocrx_word' id='word_1_182' title='bbox 755 2766 810 2830; x_wconf 93' lang='lat' dir='ltr'>si</span> <span class='ocrx_word' id='word_1_183' title='bbox 853 2765 965 2830; x_wconf 90' lang='lat' dir='ltr'>ille</span> <span class='ocrx_word' id='word_1_184' title='bbox 1013 2767 1132 2831; x_wconf 87' lang='lat' dir='ltr'>fuit</span> <span class='ocrx_word' id='word_1_185' title='bbox 1177 2788 1335 2833; x_wconf 88' lang='lat' dir='ltr'>usus</span> <span class='ocrx_word' id='word_1_186' title='bbox 1376 2768 1548 2850; x_wconf 90' lang='lat' dir='ltr'>apud</span> <span class='ocrx_word' id='word_1_187' title='bbox 1595 2776 1847 2833; x_wconf 86' lang='lat' dir='ltr'>veteres</span> <span class='ocrx_word' id='word_1_188' title='bbox 1905 2778 1972 2833; x_wconf 88' lang='lat' dir='ltr'>et</span> <span class='ocrx_word' id='word_1_189' title='bbox 2030 2770 2211 2846; x_wconf 91' lang='lat' dir='ltr'>finis,</span> <span class='ocrx_word' id='word_1_190' title='bbox 2274 2769 2469 2833; x_wconf 90' lang='lat' dir='ltr'>hodio</span> 
     </span>
     <span class='ocr_line' id='line_1_27' title="bbox 516 2850 2468 2931; baseline 0.002 -16"><span class='ocrx_word' id='word_1_191' title='bbox 516 2851 678 2916; x_wconf 90' lang='lat' dir='ltr'>haec</span> <span class='ocrx_word' id='word_1_192' title='bbox 722 2850 806 2915; x_wconf 93' lang='lat' dir='ltr'>ad</span> <span class='ocrx_word' id='word_1_193' title='bbox 850 2872 971 2916; x_wconf 91' lang='lat' dir='ltr'>nos</span> <span class='ocrx_word' id='word_1_194' title='bbox 1029 2854 1200 2917; x_wconf 90' lang='lat' dir='ltr'>redit</span> <span class='ocrx_word' id='word_1_195' title='bbox 1259 2854 1544 2931; x_wconf 89' lang='lat' dir='ltr'>utilitas,</span> <span class='ocrx_word' id='word_1_196' title='bbox 1602 2862 1675 2918; x_wconf 90' lang='lat' dir='ltr'>ut</span> <span class='ocrx_word' id='word_1_197' title='bbox 1733 2855 2016 2919; x_wconf 87' lang='lat' dir='ltr'>sciamus</span> <span class='ocrx_word' id='word_1_198' title='bbox 2079 2856 2150 2919; x_wconf 90' lang='lat' dir='ltr'>in</span> <span class='ocrx_word' id='word_1_199' title='bbox 2197 2855 2468 2920; x_wconf 85' lang='lat' dir='ltr'>Christo</span> 
     </span>
     <span class='ocr_line' id='line_1_28' title="bbox 515 2937 2466 3024; baseline 0.003 -24"><span class='ocrx_word' id='word_1_200' title='bbox 515 2938 718 3002; x_wconf 87' lang='lat' dir='ltr'>fuisse</span> <span class='ocrx_word' id='word_1_201' title='bbox 740 2937 1136 3021; x_wconf 90' lang='lat' dir='ltr'>completum</span> <span class='ocrx_word' id='word_1_202' title='bbox 1173 2939 1486 3023; x_wconf 89' lang='lat' dir='ltr'>quidquid</span> <span class='ocrx_word' id='word_1_203' title='bbox 1525 2950 1684 3005; x_wconf 91' lang='lat' dir='ltr'>tunc</span> <span class='ocrx_word' id='word_1_204' title='bbox 1719 2940 1839 3005; x_wconf 92' lang='lat' dir='ltr'>sub</span> <span class='ocrx_word' id='word_1_205' title='bbox 1878 2941 2092 3024; x_wconf 89' lang='lat' dir='ltr'>figura</span> <span class='ocrx_word' id='word_1_206' title='bbox 2128 2950 2466 3006; x_wconf 90' lang='lat' dir='ltr'>ostensum</span> 
     </span>
     <span class='ocr_line' id='line_1_29' title="bbox 515 3022 2468 3093; baseline 0.002 -5"><span class='ocrx_word' id='word_1_207' title='bbox 515 3022 662 3090; x_wconf 87' lang='lat' dir='ltr'>fuit.</span> <span class='ocrx_word' id='word_1_208' title='bbox 751 3023 1088 3090; x_wconf 89' lang='lat' dir='ltr'>Promittit</span> <span class='ocrx_word' id='word_1_209' title='bbox 1145 3024 1328 3092; x_wconf 91' lang='lat' dir='ltr'>Deus</span> <span class='ocrx_word' id='word_1_210' title='bbox 1393 3027 1783 3093; x_wconf 89' lang='lat' dir='ltr'>sacrificinm</span> <span class='ocrx_word' id='word_1_211' title='bbox 1840 3027 1962 3092; x_wconf 92' lang='lat' dir='ltr'>hoc</span> <span class='ocrx_word' id='word_1_212' title='bbox 2018 3025 2140 3093; x_wconf 93' lang='lat' dir='ltr'>sibi</span> <span class='ocrx_word' id='word_1_213' title='bbox 2200 3028 2337 3093; x_wconf 88' lang='lat' dir='ltr'>fore</span> <span class='ocrx_word' id='word_1_214' title='bbox 2396 3027 2468 3092; x_wconf 93' lang='lat' dir='ltr'>in</span> 
     </span>
     <span class='ocr_line' id='line_1_30' title="bbox 517 3110 2468 3197; baseline 0 -19"><span class='ocrx_word' id='word_1_215' title='bbox 517 3110 786 3178; x_wconf 88' lang='lat' dir='ltr'>odorem</span> <span class='ocrx_word' id='word_1_216' title='bbox 829 3111 1085 3193; x_wconf 92' lang='lat' dir='ltr'>quietis.</span> <span class='ocrx_word' id='word_1_217' title='bbox 1175 3112 1636 3178; x_wconf 84' lang='lat' dir='ltr'>Dubitandum</span> <span class='ocrx_word' id='word_1_218' title='bbox 1697 3113 1904 3197; x_wconf 88' lang='lat' dir='ltr'>igitur</span> <span class='ocrx_word' id='word_1_219' title='bbox 1962 3135 2098 3178; x_wconf 91' lang='lat' dir='ltr'>non</span> <span class='ocrx_word' id='word_1_220' title='bbox 2155 3121 2256 3179; x_wconf 90' lang='lat' dir='ltr'>est</span> <span class='ocrx_word' id='word_1_221' title='bbox 2310 3115 2468 3197; x_wconf 91' lang='lat' dir='ltr'>quin</span> 
     </span>
     <span class='ocr_line' id='line_1_31' title="bbox 517 3195 2469 3283; baseline 0.002 -23"><span class='ocrx_word' id='word_1_222' title='bbox 517 3196 591 3260; x_wconf 91' lang='lat' dir='ltr'>in</span> <span class='ocrx_word' id='word_1_223' title='bbox 635 3195 916 3262; x_wconf 89' lang='lat' dir='ltr'>solidum</span> <span class='ocrx_word' id='word_1_224' title='bbox 960 3198 1256 3280; x_wconf 88' lang='lat' dir='ltr'>placatus</span> <span class='ocrx_word' id='word_1_225' title='bbox 1301 3199 1388 3264; x_wconf 89' lang='lat' dir='ltr'>sit</span> <span class='ocrx_word' id='word_1_226' title='bbox 1431 3199 1746 3265; x_wconf 86' lang='lat' dir='ltr'>sacrificio</span> <span class='ocrx_word' id='word_1_227' title='bbox 1807 3199 2132 3283; x_wconf 91' lang='lat' dir='ltr'>unigeniti</span> <span class='ocrx_word' id='word_1_228' title='bbox 2182 3200 2301 3264; x_wconf 92' lang='lat' dir='ltr'>filii</span> <span class='ocrx_word' id='word_1_229' title='bbox 2346 3200 2469 3278; x_wconf 91' lang='grc'><strong>881,</strong></span> 
     </span>
     <span class='ocr_line' id='line_1_32' title="bbox 520 3284 2467 3368; baseline 0.001 -20"><span class='ocrx_word' id='word_1_230' title='bbox 520 3302 595 3348; x_wconf 84' lang='lat' dir='ltr'>ac</span> <span class='ocrx_word' id='word_1_231' title='bbox 641 3290 901 3365; x_wconf 90' lang='lat' dir='ltr'>peccata</span> <span class='ocrx_word' id='word_1_232' title='bbox 947 3284 1131 3348; x_wconf 90' lang='lat' dir='ltr'>nobis</span> <span class='ocrx_word' id='word_1_233' title='bbox 1176 3285 1522 3351; x_wconf 88' lang='lat' dir='ltr'>remiserit.</span> <span class='ocrx_word' id='word_1_234' title='bbox 1591 3286 1798 3351; x_wconf 92' lang='lat' dir='ltr'>Porro</span> <span class='ocrx_word' id='word_1_235' title='bbox 1844 3307 2219 3368; x_wconf 89' lang='lat' dir='ltr'>quanquam</span> <span class='ocrx_word' id='word_1_236' title='bbox 2265 3286 2467 3350; x_wconf 90' lang='lat' dir='ltr'>semel</span> 
     </span>
     <span class='ocr_line' id='line_1_33' title="bbox 519 3368 2467 3454; baseline 0.002 -21"><span class='ocrx_word' id='word_1_237' title='bbox 519 3368 777 3434; x_wconf 89' lang='lat' dir='ltr'>oblatus</span> <span class='ocrx_word' id='word_1_238' title='bbox 834 3369 956 3433; x_wconf 87' lang='lat' dir='ltr'>fuit</span> <span class='ocrx_word' id='word_1_239' title='bbox 1014 3368 1350 3448; x_wconf 88' lang='lat' dir='ltr'>Christus,</span> <span class='ocrx_word' id='word_1_240' title='bbox 1413 3380 1486 3435; x_wconf 92' lang='lat' dir='ltr'>ut</span> <span class='ocrx_word' id='word_1_241' title='bbox 1544 3392 1662 3437; x_wconf 92' lang='lat' dir='ltr'>nos</span> <span class='ocrx_word' id='word_1_242' title='bbox 1719 3373 1914 3438; x_wconf 85' lang='lat' dir='ltr'>unica</span> <span class='ocrx_word' id='word_1_243' title='bbox 1970 3373 2340 3454; x_wconf 84' lang='lat' dir='ltr'>expiatione</span> <span class='ocrx_word' id='word_1_244' title='bbox 2398 3374 2467 3436; x_wconf 93' lang='lat' dir='ltr'>in</span> 
     </span>
     <span class='ocr_line' id='line_1_34' title="bbox 519 3455 2467 3540; baseline 0.002 -22"><span class='ocrx_word' id='word_1_245' title='bbox 519 3463 911 3538; x_wconf 88' lang='lat' dir='ltr'>perpetuum</span> <span class='ocrx_word' id='word_1_246' title='bbox 969 3455 1112 3521; x_wconf 93' lang='lat' dir='ltr'>Deo</span> <span class='ocrx_word' id='word_1_247' title='bbox 1173 3466 1614 3522; x_wconf 88' lang='lat' dir='ltr'>consecraret:</span> <span class='ocrx_word' id='word_1_248' title='bbox 1674 3480 1756 3522; x_wconf 85' lang='lat' dir='ltr'>ex</span> <span class='ocrx_word' id='word_1_249' title='bbox 1811 3456 2195 3540; x_wconf 91' lang='lat' dir='ltr'>quotidiana</span> <span class='ocrx_word' id='word_1_250' title='bbox 2247 3466 2467 3523; x_wconf 91' lang='lat' dir='ltr'>tamen</span> 
     </span>
     <span class='ocr_line' id='line_1_35' title="bbox 517 3540 2468 3627; baseline 0.003 -23"><span class='ocrx_word' id='word_1_251' title='bbox 517 3540 968 3605; x_wconf 89' lang='lat' dir='ltr'>immolatione</span> <span class='ocrx_word' id='word_1_252' title='bbox 1033 3562 1197 3624; x_wconf 90' lang='lat' dir='ltr'>quae</span> <span class='ocrx_word' id='word_1_253' title='bbox 1263 3544 1382 3609; x_wconf 85' lang='lat' dir='ltr'>sub</span> <span class='ocrx_word' id='word_1_254' title='bbox 1450 3542 1594 3627; x_wconf 92' lang='lat' dir='ltr'>lege</span> <span class='ocrx_word' id='word_1_255' title='bbox 1652 3545 1802 3622; x_wconf 87' lang='lat' dir='ltr'>fuit,</span> <span class='ocrx_word' id='word_1_256' title='bbox 1870 3542 2182 3609; x_wconf 90' lang='lat' dir='ltr'>discimus</span> <span class='ocrx_word' id='word_1_257' title='bbox 2240 3545 2468 3609; x_wconf 88' lang='lat' dir='ltr'>mortis</span> 
     </span>
     <span class='ocr_line' id='line_1_36' title="bbox 520 3624 2469 3712; baseline 0.001 -22"><span class='ocrx_word' id='word_1_258' title='bbox 520 3628 663 3690; x_wconf 89' lang='lat' dir='ltr'>eius</span> <span class='ocrx_word' id='word_1_259' title='bbox 707 3624 1020 3692; x_wconf 89' lang='lat' dir='ltr'>beneficio</span> <span class='ocrx_word' id='word_1_260' title='bbox 1066 3628 1256 3693; x_wconf 89' lang='lat' dir='ltr'>nobis</span> <span class='ocrx_word' id='word_1_261' title='bbox 1313 3649 1571 3711; x_wconf 90' lang='lat' dir='ltr'>semper</span> <span class='ocrx_word' id='word_1_262' title='bbox 1629 3641 1925 3712; x_wconf 88' lang='lat' dir='ltr'>paratam</span> <span class='ocrx_word' id='word_1_263' title='bbox 1984 3651 2124 3695; x_wconf 91' lang='lat' dir='ltr'>esse</span> <span class='ocrx_word' id='word_1_264' title='bbox 2171 3630 2469 3695; x_wconf 90' lang='lat' dir='ltr'>veniam:</span> 
     </span>
     <span class='ocr_line' id='line_1_37' title="bbox 519 3712 2467 3795; baseline 0.002 -20"><span class='ocrx_word' id='word_1_265' title='bbox 519 3712 1068 3795; x_wconf 89' lang='lat' dir='ltr'>quemadmodum</span> <span class='ocrx_word' id='word_1_266' title='bbox 1123 3715 1280 3781; x_wconf 91' lang='lat' dir='ltr'>dicit</span> <span class='ocrx_word' id='word_1_267' title='bbox 1323 3715 1604 3793; x_wconf 87' lang='lat' dir='ltr'>Paulus,</span> <span class='ocrx_word' id='word_1_268' title='bbox 1653 3715 1866 3780; x_wconf 91' lang='lat' dir='ltr'>Deum</span> <span class='ocrx_word' id='word_1_269' title='bbox 1928 3736 1998 3781; x_wconf 89' lang='lat' dir='ltr'>se</span> <span class='ocrx_word' id='word_1_270' title='bbox 2056 3715 2317 3782; x_wconf 90' lang='lat' dir='ltr'>assidue</span> <span class='ocrx_word' id='word_1_271' title='bbox 2363 3737 2467 3779; x_wconf 90' lang='lat' dir='ltr'>re-</span> 
     </span>
     <span class='ocr_line' id='line_1_38' title="bbox 519 3797 2469 3878; baseline 0.003 -16"><span class='ocrx_word' id='word_1_272' title='bbox 519 3797 868 3863; x_wconf 90' lang='lat' dir='ltr'>conciliare</span> <span class='ocrx_word' id='word_1_273' title='bbox 951 3799 1290 3878; x_wconf 89' lang='lat' dir='ltr'>ecclesiae,</span> <span class='ocrx_word' id='word_1_274' title='bbox 1373 3800 1528 3865; x_wconf 91' lang='lat' dir='ltr'>dum</span> <span class='ocrx_word' id='word_1_275' title='bbox 1594 3800 1846 3867; x_wconf 81' lang='lat' dir='ltr'>Christi</span> <span class='ocrx_word' id='word_1_276' title='bbox 1924 3802 2318 3867; x_wconf 82' lang='lat' dir='ltr'>sacrificium</span> <span class='ocrx_word' id='word_1_277' title='bbox 2398 3802 2469 3867; x_wconf 88' lang='lat' dir='ltr'>in</span> 
     </span>
     <span class='ocr_line' id='line_1_39' title="bbox 518 3884 2467 3972; baseline 0.001 -22"><span class='ocrx_word' id='word_1_278' title='bbox 518 3884 861 3968; x_wconf 90' lang='lat' dir='ltr'>evangelio</span> <span class='ocrx_word' id='word_1_279' title='bbox 898 3887 1207 3969; x_wconf 89' lang='lat' dir='ltr'>proponit</span> <span class='ocrx_word' id='word_1_280' title='bbox 1224 3885 1297 3972; x_wconf 80' lang='lat'>²).</span> <span class='ocrx_word' id='word_1_281' title='bbox 1367 3885 1471 3951; x_wconf 93' lang='lat' dir='ltr'>De</span> <span class='ocrx_word' id='word_1_282' title='bbox 1505 3907 1659 3953; x_wconf 88' lang='lat' dir='ltr'>voce</span> <span class='ocrx_word' id='word_1_283' title='bbox 1695 3886 1923 3952; x_wconf 89' lang='lat' dir='ltr'>minha</span> <span class='ocrx_word' id='word_1_284' title='bbox 1957 3887 2051 3952; x_wconf 89' lang='lat' dir='ltr'>sic</span> <span class='ocrx_word' id='word_1_285' title='bbox 2092 3887 2467 3953; x_wconf 89' lang='lat' dir='ltr'>habendum</span> 
     </span>
     <span class='ocr_line' id='line_1_40' title="bbox 517 3970 2473 4057; baseline 0.001 -21"><span class='ocrx_word' id='word_1_286' title='bbox 517 3979 639 4050; x_wconf 86' lang='lat' dir='ltr'>est,</span> <span class='ocrx_word' id='word_1_287' title='bbox 683 3971 984 4054; x_wconf 90' lang='lat' dir='ltr'>quamvis</span> <span class='ocrx_word' id='word_1_288' title='bbox 1021 3970 1296 4039; x_wconf 89' lang='lat' dir='ltr'>deducta</span> <span class='ocrx_word' id='word_1_289' title='bbox 1332 3974 1420 4037; x_wconf 87' lang='lat' dir='ltr'>sit</span> <span class='ocrx_word' id='word_1_290' title='bbox 1455 3995 1494 4037; x_wconf 93' lang='lat' dir='ltr'>a</span> <span class='ocrx_word' id='word_1_291' title='bbox 1522 3986 1643 4040; x_wconf 71' lang='grc' dir='ltr'>ΠΠ)</span> <span class='ocrx_word' id='word_1_292' title='bbox 1681 3973 1851 4056; x_wconf 91' lang='lat' dir='ltr'>quod</span> <span class='ocrx_word' id='word_1_293' title='bbox 1889 3982 1991 4039; x_wconf 88' lang='lat' dir='ltr'>est</span> <span class='ocrx_word' id='word_1_294' title='bbox 2025 3974 2279 4052; x_wconf 87' lang='lat' dir='ltr'>offerre,</span> <span class='ocrx_word' id='word_1_295' title='bbox 2326 3995 2473 4057; x_wconf 90' lang='lat' dir='ltr'>pro-</span> 
     </span>
     <span class='ocr_line' id='line_1_41' title="bbox 515 4058 2470 4142; baseline 0.002 -22"><span class='ocrx_word' id='word_1_296' title='bbox 515 4058 658 4140; x_wconf 93' lang='lat' dir='ltr'>prie</span> <span class='ocrx_word' id='word_1_297' title='bbox 729 4064 952 4122; x_wconf 90' lang='lat' dir='ltr'>tamen</span> <span class='ocrx_word' id='word_1_298' title='bbox 1026 4058 1232 4141; x_wconf 89' lang='lat' dir='ltr'>accipi</span> <span class='ocrx_word' id='word_1_299' title='bbox 1297 4079 1414 4140; x_wconf 91' lang='lat' dir='ltr'>pro</span> <span class='ocrx_word' id='word_1_300' title='bbox 1482 4059 1605 4124; x_wconf 89' lang='lat' dir='ltr'>hac</span> <span class='ocrx_word' id='word_1_301' title='bbox 1669 4059 1992 4124; x_wconf 88' lang='lat' dir='ltr'>oblatione</span> <span class='ocrx_word' id='word_1_302' title='bbox 2058 4080 2223 4142; x_wconf 90' lang='lat' dir='ltr'>qnae</span> <span class='ocrx_word' id='word_1_303' title='bbox 2291 4060 2470 4126; x_wconf 89' lang='lat' dir='ltr'>velut</span> 
     </span>
     <span class='ocr_line' id='line_1_42' title="bbox 517 4143 2470 4229; baseline 0.002 -23"><span class='ocrx_word' id='word_1_304' title='bbox 517 4143 846 4226; x_wconf 81' lang='lat' dir='ltr'>appendix</span> <span class='ocrx_word' id='word_1_305' title='bbox 891 4152 1035 4208; x_wconf 90' lang='lat' dir='ltr'>erat</span> <span class='ocrx_word' id='word_1_306' title='bbox 1077 4144 1437 4227; x_wconf 91' lang='lat' dir='ltr'>quotidiani</span> <span class='ocrx_word' id='word_1_307' title='bbox 1482 4144 1800 4210; x_wconf 89' lang='lat' dir='ltr'>sacrificii.</span> <span class='ocrx_word' id='word_1_308' title='bbox 1893 4145 2068 4211; x_wconf 86' lang='lat' dir='ltr'>Sunt</span> <span class='ocrx_word' id='word_1_309' title='bbox 2111 4148 2308 4211; x_wconf 89' lang='lat' dir='ltr'>etiam</span> <span class='ocrx_word' id='word_1_310' title='bbox 2355 4147 2470 4229; x_wconf 90' lang='lat' dir='ltr'>qui</span> 
     </span>
     <span class='ocr_line' id='line_1_43' title="bbox 519 4228 2470 4316; baseline 0 -22"><span class='ocrx_word' id='word_1_311' title='bbox 519 4228 602 4294; x_wconf 91' lang='lat' dir='ltr'>ad</span> <span class='ocrx_word' id='word_1_312' title='bbox 650 4230 1085 4312; x_wconf 85' lang='lat' dir='ltr'>vespertinam</span> <span class='ocrx_word' id='word_1_313' title='bbox 1134 4230 1457 4297; x_wconf 86' lang='lat' dir='ltr'>duntaxat</span> <span class='ocrx_word' id='word_1_314' title='bbox 1498 4231 1936 4316; x_wconf 88' lang='lat' dir='ltr'>restringunt:</span> <span class='ocrx_word' id='word_1_315' title='bbox 1983 4230 2098 4296; x_wconf 91' lang='lat' dir='ltr'>sed</span> <span class='ocrx_word' id='word_1_316' title='bbox 2135 4231 2248 4297; x_wconf 89' lang='lat' dir='ltr'>ubi</span> <span class='ocrx_word' id='word_1_317' title='bbox 2285 4233 2470 4298; x_wconf 91' lang='lat' dir='ltr'>victi-</span> 
     </span>
     <span class='ocr_line' id='line_1_44' title="bbox 520 4315 2470 4401; baseline 0.002 -24"><span class='ocrx_word' id='word_1_318' title='bbox 520 4315 649 4378; x_wconf 92' lang='lat' dir='ltr'>mis</span> <span class='ocrx_word' id='word_1_319' title='bbox 683 4336 818 4378; x_wconf 90' lang='lat' dir='ltr'>non</span> <span class='ocrx_word' id='word_1_320' title='bbox 837 4317 1279 4400; x_wconf 89' lang='lat' dir='ltr'>coniungitur,</span> <span class='ocrx_word' id='word_1_321' title='bbox 1305 4316 1685 4382; x_wconf 84' lang='lat' dir='ltr'>extenditur</span> <span class='ocrx_word' id='word_1_322' title='bbox 1719 4318 1918 4383; x_wconf 89' lang='lat' dir='ltr'>etiam</span> <span class='ocrx_word' id='word_1_323' title='bbox 1955 4319 2350 4401; x_wconf 83' lang='lat' dir='ltr'>generaliter</span> <span class='ocrx_word' id='word_1_324' title='bbox 2386 4316 2470 4381; x_wconf 92' lang='lat' dir='ltr'>ad</span> 
     </span>
     <span class='ocr_line' id='line_1_45' title="bbox 521 4399 991 4482; baseline 0.006 -19"><span class='ocrx_word' id='word_1_325' title='bbox 521 4399 683 4464; x_wconf 88' lang='lat' dir='ltr'>alias</span> <span class='ocrx_word' id='word_1_326' title='bbox 727 4400 991 4482; x_wconf 89' lang='lat' dir='ltr'>species.</span> 
     </span>
    </p>

    <p class='ocr_par' dir='ltr' id='par_1_5' title="bbox 520 4485 2473 4743">
     <span class='ocr_line' id='line_1_46' title="bbox 693 4485 2473 4555; baseline 0.001 -5"><span class='ocrx_word' id='word_1_327' title='bbox 693 4485 796 4550; x_wconf 88' lang='grc'>42.</span> <span class='ocrx_word' id='word_1_328' title='bbox 856 4486 966 4552; x_wconf 71' lang='lat' dir='ltr'>Aa</span> <span class='ocrx_word' id='word_1_329' title='bbox 1009 4489 1238 4552; x_wconf 80' lang='lat' dir='ltr'>ostium</span> <span class='ocrx_word' id='word_1_330' title='bbox 1295 4488 1680 4555; x_wconf 77' lang='lat' dir='ltr'>tabernaculi</span> <span class='ocrx_word' id='word_1_331' title='bbox 1740 4490 2171 4555; x_wconf 73' lang='lat' dir='ltr'>conventionis,</span> <span class='ocrx_word' id='word_1_332' title='bbox 2261 4487 2473 4554; x_wconf 90' lang='lat' dir='ltr'>Docet</span> 
     </span>
     <span class='ocr_line' id='line_1_47' title="bbox 521 4569 2472 4656; baseline 0.003 -21"><span class='ocrx_word' id='word_1_333' title='bbox 521 4570 631 4635; x_wconf 87' lang='lat' dir='ltr'>hic</span> <span class='ocrx_word' id='word_1_334' title='bbox 674 4569 886 4649; x_wconf 90' lang='lat' dir='ltr'>locus,</span> <span class='ocrx_word' id='word_1_335' title='bbox 947 4594 1072 4655; x_wconf 91' lang='lat' dir='ltr'>quo</span> <span class='ocrx_word' id='word_1_336' title='bbox 1116 4596 1312 4640; x_wconf 89' lang='lat' dir='ltr'>sensu</span> <span class='ocrx_word' id='word_1_337' title='bbox 1358 4597 1598 4641; x_wconf 88' lang='lat' dir='ltr'>nomen</span> <span class='ocrx_word' id='word_1_338' title='bbox 1642 4589 1799 4652; x_wconf 67' lang='lat' dir='ltr'>&#39;mm</span> <span class='ocrx_word' id='word_1_339' title='bbox 1854 4585 2155 4641; x_wconf 84' lang='lat' dir='ltr'>sumatur</span> <span class='ocrx_word' id='word_1_340' title='bbox 2213 4575 2472 4656; x_wconf 91' lang='lat' dir='ltr'>quoties</span> 
     </span>
     <span class='ocr_line' id='line_1_48' title="bbox 520 4655 2470 4743; baseline 0.002 -21"><span class='ocrx_word' id='word_1_341' title='bbox 520 4658 740 4740; x_wconf 85' lang='lat' dir='ltr'>agitur</span> <span class='ocrx_word' id='word_1_342' title='bbox 775 4655 855 4722; x_wconf 92' lang='lat' dir='ltr'>de</span> <span class='ocrx_word' id='word_1_343' title='bbox 892 4657 1328 4726; x_wconf 88' lang='lat' dir='ltr'>tabernaculo.</span> <span class='ocrx_word' id='word_1_344' title='bbox 1377 4662 1665 4727; x_wconf 80' lang='lat' dir='ltr'>vertunt</span> <span class='ocrx_word' id='word_1_345' title='bbox 1698 4661 1963 4743; x_wconf 88' lang='lat' dir='ltr'>quidam</span> <span class='ocrx_word' id='word_1_346' title='bbox 2000 4661 2470 4739; x_wconf 89' lang='lat' dir='ltr'>testimonium,</span> 
     </span>
    </p>
   </div>
   <div class='ocr_carea' id='block_1_5' title="bbox 401 4742 2470 4835">
    <p class='ocr_par' dir='ltr' id='par_1_6' title="bbox 401 4742 2470 4835">
     <span class='ocr_line' id='line_1_49' title="bbox 401 4742 2470 4835; baseline 0.002 -27"><span class='ocrx_word' id='word_1_347' title='bbox 401 4789 410 4798; x_wconf 61' lang='lat'>=</span> <span class='ocrx_word' id='word_1_348' title='bbox 521 4743 635 4808; x_wconf 89' lang='lat' dir='ltr'>alii</span> <span class='ocrx_word' id='word_1_349' title='bbox 672 4742 1030 4822; x_wconf 87' lang='lat' dir='ltr'>ecclesiam,</span> <span class='ocrx_word' id='word_1_350' title='bbox 1069 4746 1178 4809; x_wconf 89' lang='lat' dir='ltr'>alii</span> <span class='ocrx_word' id='word_1_351' title='bbox 1213 4757 1633 4825; x_wconf 90' lang='lat' dir='ltr'>conventum,</span> <span class='ocrx_word' id='word_1_352' title='bbox 1671 4748 1785 4812; x_wconf 88' lang='lat' dir='ltr'>alii</span> <span class='ocrx_word' id='word_1_353' title='bbox 1828 4768 1982 4812; x_wconf 89' lang='lat' dir='ltr'>vero</span> <span class='ocrx_word' id='word_1_354' title='bbox 2018 4748 2470 4835; x_wconf 87' lang='lat' dir='ltr'>constitutum.</span> 
     </span>
    </p>
   </div>
   <div class='ocr_carea' id='block_1_6' title="bbox 522 4830 2476 5175">
    <p class='ocr_par' dir='ltr' id='par_1_7' title="bbox 522 4830 2476 5175">
     <span class='ocr_line' id='line_1_50' title="bbox 523 4830 2470 4918; baseline 0.001 -24"><span class='ocrx_word' id='word_1_355' title='bbox 523 4832 729 4911; x_wconf 87' lang='lat' dir='ltr'>Atqui</span> <span class='ocrx_word' id='word_1_356' title='bbox 773 4830 843 4893; x_wconf 92' lang='lat' dir='ltr'>in</span> <span class='ocrx_word' id='word_1_357' title='bbox 890 4830 1012 4895; x_wconf 91' lang='lat' dir='ltr'>hoc</span> <span class='ocrx_word' id='word_1_358' title='bbox 1057 4842 1363 4897; x_wconf 87' lang='lat' dir='ltr'>contextu</span> <span class='ocrx_word' id='word_1_359' title='bbox 1400 4833 1799 4918; x_wconf 84' lang='lat' dir='ltr'>etymologia</span> <span class='ocrx_word' id='word_1_360' title='bbox 1848 4835 2008 4898; x_wconf 89' lang='lat' dir='ltr'>satis</span> <span class='ocrx_word' id='word_1_361' title='bbox 2043 4834 2470 4916; x_wconf 88' lang='lat' dir='ltr'>exprimitur:</span> 
     </span>
     <span class='ocr_line' id='line_1_51' title="bbox 523 4915 2473 5001; baseline 0.003 -23"><span class='ocrx_word' id='word_1_362' title='bbox 523 4915 678 4998; x_wconf 87' lang='lat' dir='ltr'>quia.</span> <span class='ocrx_word' id='word_1_363' title='bbox 735 4936 888 4980; x_wconf 86' lang='lat' dir='ltr'>mox</span> <span class='ocrx_word' id='word_1_364' title='bbox 932 4937 1199 4982; x_wconf 90' lang='lat' dir='ltr'>causam</span> <span class='ocrx_word' id='word_1_365' title='bbox 1258 4919 1716 5001; x_wconf 85' lang='lat' dir='ltr'>appellationis</span> <span class='ocrx_word' id='word_1_366' title='bbox 1773 4920 2140 5000; x_wconf 82' lang='lat' dir='ltr'>reddendO,</span> <span class='ocrx_word' id='word_1_367' title='bbox 2199 4918 2473 4986; x_wconf 92' lang='lat' dir='ltr'>verbum</span> 
     </span>
     <span class='ocr_line' id='line_1_52' title="bbox 522 5002 2471 5087; baseline 0.002 -18"><span class='ocrx_word' id='word_1_368' title='bbox 522 5015 630 5078; x_wconf 72' lang='lat' dir='ltr'>‘m&#39;</span> <span class='ocrx_word' id='word_1_369' title='bbox 668 5015 943 5086; x_wconf 89' lang='lat' dir='ltr'>usurpat</span> <span class='ocrx_word' id='word_1_370' title='bbox 968 5002 1204 5079; x_wconf 87' lang='lat' dir='ltr'>Moses,</span> <span class='ocrx_word' id='word_1_371' title='bbox 1242 5024 1324 5068; x_wconf 90' lang='lat' dir='ltr'>ex</span> <span class='ocrx_word' id='word_1_372' title='bbox 1362 5026 1486 5087; x_wconf 92' lang='lat' dir='ltr'>quo</span> <span class='ocrx_word' id='word_1_373' title='bbox 1512 5006 1862 5073; x_wconf 89' lang='lat' dir='ltr'>deductum</span> <span class='ocrx_word' id='word_1_374' title='bbox 1900 5017 2001 5073; x_wconf 93' lang='lat' dir='ltr'>est</span> <span class='ocrx_word' id='word_1_375' title='bbox 2022 5005 2187 5071; x_wconf 90' lang='lat' dir='ltr'>illud</span> <span class='ocrx_word' id='word_1_376' title='bbox 2210 5027 2471 5072; x_wconf 91' lang='lat' dir='ltr'>nomen.</span> 
     </span>
     <span class='ocr_line' id='line_1_53' title="bbox 524 5087 2476 5175; baseline 0.001 -21"><span class='ocrx_word' id='word_1_377' title='bbox 524 5087 706 5170; x_wconf 74' lang='lat' dir='ltr'>Quid</span> <span class='ocrx_word' id='word_1_378' title='bbox 763 5109 920 5173; x_wconf 89' lang='lat' dir='ltr'>ergo</span> <span class='ocrx_word' id='word_1_379' title='bbox 980 5088 1473 5155; x_wconf 89' lang='lat' dir='ltr'>tabernaculum</span> <span class='ocrx_word' id='word_1_380' title='bbox 1537 5092 2042 5158; x_wconf 81' lang='lat' dir='ltr'>conventionis?</span> <span class='ocrx_word' id='word_1_381' title='bbox 2122 5091 2476 5175; x_wconf 89' lang='lat' dir='ltr'>respondet</span> 
     </span>
    </p>
   </div>
   <div class='ocr_carea' id='block_1_7' title="bbox 531 5230 724 5237">
    <p class='ocr_par' dir='ltr' id='par_1_8' title="bbox 531 5230 724 5237">
     <span class='ocr_line' id='line_1_54' title="bbox 531 5230 724 5237; baseline 0 0"><span class='ocrx_word' id='word_1_382' title='bbox 531 5230 724 5237; x_wconf 95' lang='lat' dir='ltr'> </span> 
     </span>
    </p>
   </div>
   <div class='ocr_carea' id='block_1_8' title="bbox 731 5229 935 5236">
    <p class='ocr_par' dir='ltr' id='par_1_9' title="bbox 731 5229 935 5236">
     <span class='ocr_line' id='line_1_55' title="bbox 731 5229 935 5236; baseline 0 0"><span class='ocrx_word' id='word_1_383' title='bbox 731 5229 935 5236; x_wconf 95' lang='lat' dir='ltr'> </span> 
     </span>
    </p>
   </div>
   <div class='ocr_carea' id='block_1_9' title="bbox 696 5291 2472 5433">
    <p class='ocr_par' dir='ltr' id='par_1_10' title="bbox 696 5291 2472 5433">
     <span class='ocr_line' id='line_1_56' title="bbox 696 5291 2326 5417; baseline 0 -71"><span class='ocrx_word' id='word_1_384' title='bbox 696 5294 759 5417; x_wconf 57' lang='grc' dir='ltr'>ὲ)</span> <span class='ocrx_word' id='word_1_385' title='bbox 795 5294 975 5362; x_wconf 74' lang='lat' dir='ltr'>Epist.</span> <span class='ocrx_word' id='word_1_386' title='bbox 1012 5295 1044 5348; x_wconf 89' lang='lat' dir='ltr'>l.</span> <span class='ocrx_word' id='word_1_387' title='bbox 1084 5294 1126 5348; x_wconf 93' lang='lat'>1.</span> <span class='ocrx_word' id='word_1_388' title='bbox 1169 5293 1279 5362; x_wconf 80' lang='lat' dir='ltr'>Ep.</span> <span class='ocrx_word' id='word_1_389' title='bbox 1316 5291 1399 5358; x_wconf 90' lang='lat'>10,</span> <span class='ocrx_word' id='word_1_390' title='bbox 1437 5291 1520 5347; x_wconf 90' lang='lat'>10.</span> <span class='ocrx_word' id='word_1_391' title='bbox 2270 5365 2280 5378; x_wconf 26' lang='grc' dir='ltr'><em>α</em></span> <span class='ocrx_word' id='word_1_392' title='bbox 2314 5366 2326 5377; x_wconf 92' lang='lat'>.</span> 
     </span>
     <span class='ocr_line' id='line_1_57' title="bbox 733 5361 2472 5433; baseline -0.001 -16"><span class='ocrx_word' id='word_1_393' title='bbox 733 5367 756 5433; x_wconf 89' lang='grc'>)</span> <span class='ocrx_word' id='word_1_394' title='bbox 790 5363 824 5417; x_wconf 82' lang='grc'><strong>2</strong></span> <span class='ocrx_word' id='word_1_395' title='bbox 864 5361 989 5419; x_wconf 80' lang='lat' dir='ltr'>Gor.</span> <span class='ocrx_word' id='word_1_396' title='bbox 1025 5363 1074 5431; x_wconf 89' lang='lat'>5,</span> <span class='ocrx_word' id='word_1_397' title='bbox 1114 5363 1182 5418; x_wconf 90' lang='lat'>18</span> <span class='ocrx_word' id='word_1_398' title='bbox 1218 5379 1330 5433; x_wconf 75' lang='lat' dir='ltr'>sq.;</span> <span class='ocrx_word' id='word_1_399' title='bbox 1365 5378 1479 5418; x_wconf 78' lang='lat' dir='ltr'>non</span> <span class='ocrx_word' id='word_1_400' title='bbox 1523 5378 1650 5417; x_wconf 79' lang='lat' dir='ltr'>vero</span> <span class='ocrx_word' id='word_1_401' title='bbox 1683 5361 1736 5427; x_wconf 80' lang='lat'>7,</span> <span class='ocrx_word' id='word_1_402' title='bbox 1770 5363 1804 5417; x_wconf 81' lang='lat'>2</span> <span class='ocrx_word' id='word_1_403' title='bbox 1838 5371 1899 5419; x_wconf 76' lang='lat' dir='ltr'>ut</span> <span class='ocrx_word' id='word_1_404' title='bbox 1944 5366 2141 5421; x_wconf 77' lang='lat' dir='ltr'>habent</span> <span class='ocrx_word' id='word_1_405' title='bbox 2189 5364 2472 5420; x_wconf 62' lang='lat' dir='ltr'>editiones.</span> 
     </span>
    </p>
   </div>
   <div class='ocr_carea' id='block_1_10' title="bbox 1885 429 3109 498">
    <p class='ocr_par' dir='ltr' id='par_1_11' title="bbox 1885 429 3109 498">
     <span class='ocr_line' id='line_1_58' title="bbox 1885 429 3109 498; baseline -0.001 -1"><span class='ocrx_word' id='word_1_406' title='bbox 1885 429 2393 498; x_wconf 84' lang='lat' dir='ltr'>SECUNDUM</span> <span class='ocrx_word' id='word_1_407' title='bbox 2462 430 3109 498; x_wconf 79' lang='lat' dir='ltr'>PRAECEPTUM.</span> 
     </span>
    </p>
   </div>
   <div class='ocr_carea' id='block_1_11' title="bbox 2507 648 2537 5422">
    <p class='ocr_par' dir='ltr' id='par_1_12' title="bbox 2507 648 2537 5422">
     <span class='ocr_line' id='line_1_59' title="bbox 2507 648 2537 5422; baseline 0 0"><span class='ocrx_word' id='word_1_408' title='bbox 2507 648 2537 5422; x_wconf 95' lang='lat' dir='ltr'> </span> 
     </span>
    </p>
   </div>
   <div class='ocr_carea' id='block_1_12' title="bbox 4378 430 4491 496">
    <p class='ocr_par' dir='ltr' id='par_1_13' title="bbox 4378 430 4491 496">
     <span class='ocr_line' id='line_1_60' title="bbox 4378 430 4491 496; baseline 0.009 -1"><span class='ocrx_word' id='word_1_409' title='bbox 4378 430 4491 496; x_wconf 78' lang='lat'>492</span> 
     </span>
    </p>
   </div>
   <div class='ocr_carea' id='block_1_13' title="bbox 2559 616 4531 4315">
    <p class='ocr_par' dir='ltr' id='par_1_14' title="bbox 2559 616 4526 3695">
     <span class='ocr_line' id='line_1_61' title="bbox 2560 616 4494 702; baseline -0.001 -17"><span class='ocrx_word' id='word_1_410' title='bbox 2560 620 2746 685; x_wconf 90' lang='lat' dir='ltr'>Deus</span> <span class='ocrx_word' id='word_1_411' title='bbox 2790 618 2962 702; x_wconf 87' lang='lat' dir='ltr'>ipse,</span> <span class='ocrx_word' id='word_1_412' title='bbox 3024 619 3237 685; x_wconf 89' lang='lat' dir='ltr'>locum</span> <span class='ocrx_word' id='word_1_413' title='bbox 3293 641 3434 684; x_wconf 90' lang='lat' dir='ltr'>esse</span> <span class='ocrx_word' id='word_1_414' title='bbox 3488 639 3686 701; x_wconf 89' lang='lat' dir='ltr'>quem</span> <span class='ocrx_word' id='word_1_415' title='bbox 3746 619 4027 701; x_wconf 81' lang='lat' dir='ltr'>sumpsit</span> <span class='ocrx_word' id='word_1_416' title='bbox 4091 626 4155 683; x_wconf 91' lang='lat' dir='ltr'>et</span> <span class='ocrx_word' id='word_1_417' title='bbox 4213 616 4494 683; x_wconf 86' lang='lat' dir='ltr'>condixit</span> 
     </span>
     <span class='ocr_line' id='line_1_62' title="bbox 2561 704 4491 789; baseline 0.001 -21"><span class='ocrx_word' id='word_1_418' title='bbox 2561 706 2800 789; x_wconf 90' lang='lat' dir='ltr'>populo</span> <span class='ocrx_word' id='word_1_419' title='bbox 2865 727 3012 784; x_wconf 88' lang='lat' dir='ltr'>suc,</span> <span class='ocrx_word' id='word_1_420' title='bbox 3094 714 3165 769; x_wconf 90' lang='lat' dir='ltr'>ut</span> <span class='ocrx_word' id='word_1_421' title='bbox 3228 705 3362 770; x_wconf 89' lang='lat' dir='ltr'>illic</span> <span class='ocrx_word' id='word_1_422' title='bbox 3429 704 3601 769; x_wconf 90' lang='lat' dir='ltr'>ultro</span> <span class='ocrx_word' id='word_1_423' title='bbox 3667 705 3963 787; x_wconf 86' lang='lat' dir='ltr'>citroque</span> <span class='ocrx_word' id='word_1_424' title='bbox 4043 704 4491 787; x_wconf 84' lang='lat' dir='ltr'>pasciscautur.</span> 
     </span>
     <span class='ocr_line' id='line_1_63' title="bbox 2559 789 4497 874; baseline 0 -19"><span class='ocrx_word' id='word_1_425' title='bbox 2559 790 2814 856; x_wconf 87' lang='lat' dir='ltr'>Volunt</span> <span class='ocrx_word' id='word_1_426' title='bbox 2856 791 3117 874; x_wconf 87' lang='lat' dir='ltr'>quidem</span> <span class='ocrx_word' id='word_1_427' title='bbox 3163 791 3483 874; x_wconf 85' lang='lat' dir='ltr'>originem</span> <span class='ocrx_word' id='word_1_428' title='bbox 3536 812 3678 856; x_wconf 87' lang='lat' dir='ltr'>esse</span> <span class='ocrx_word' id='word_1_429' title='bbox 3722 804 3893 870; x_wconf 70' lang='grc' dir='ltr'>ΠἾν,</span> <span class='ocrx_word' id='word_1_430' title='bbox 3952 789 4126 872; x_wconf 87' lang='grc' dir='ltr'><strong>(18οᾱ</strong></span> <span class='ocrx_word' id='word_1_431' title='bbox 4179 798 4280 855; x_wconf 88' lang='lat' dir='ltr'>est</span> <span class='ocrx_word' id='word_1_432' title='bbox 4322 791 4497 873; x_wconf 81' lang='lat' dir='ltr'>quasi</span> 
     </span>
     <span class='ocr_line' id='line_1_64' title="bbox 2561 876 4497 959; baseline 0 -18"><span class='ocrx_word' id='word_1_433' title='bbox 2561 878 2818 941; x_wconf 89' lang='lat' dir='ltr'>solenni</span> <span class='ocrx_word' id='word_1_434' title='bbox 2862 878 2996 942; x_wconf 85' lang='lat' dir='ltr'>ritu</span> <span class='ocrx_word' id='word_1_435' title='bbox 3034 879 3414 943; x_wconf 87' lang='lat' dir='ltr'>contestari:</span> <span class='ocrx_word' id='word_1_436' title='bbox 3464 876 3579 941; x_wconf 91' lang='lat' dir='ltr'>sed</span> <span class='ocrx_word' id='word_1_437' title='bbox 3626 879 3777 959; x_wconf 89' lang='lat' dir='ltr'>quia</span> <span class='ocrx_word' id='word_1_438' title='bbox 3821 899 3955 942; x_wconf 90' lang='lat' dir='ltr'>non</span> <span class='ocrx_word' id='word_1_439' title='bbox 4001 877 4247 959; x_wconf 89' lang='lat' dir='ltr'>patitur</span> <span class='ocrx_word' id='word_1_440' title='bbox 4290 897 4497 959; x_wconf 86' lang='lat' dir='ltr'>gram·</span> 
     </span>
     <span class='ocr_line' id='line_1_65' title="bbox 2560 960 4493 1045; baseline 0 -18"><span class='ocrx_word' id='word_1_441' title='bbox 2560 964 2827 1040; x_wconf 89' lang='lat' dir='ltr'>matica,</span> <span class='ocrx_word' id='word_1_442' title='bbox 2872 984 3130 1028; x_wconf 87' lang='lat' dir='ltr'>sumam</span> <span class='ocrx_word' id='word_1_443' title='bbox 3173 963 3347 1045; x_wconf 90' lang='lat' dir='ltr'>quod</span> <span class='ocrx_word' id='word_1_444' title='bbox 3390 972 3641 1029; x_wconf 90' lang='lat' dir='ltr'>certum</span> <span class='ocrx_word' id='word_1_445' title='bbox 3687 973 3807 1028; x_wconf 85' lang='lat' dir='ltr'>est.</span> <span class='ocrx_word' id='word_1_446' title='bbox 3895 962 4196 1027; x_wconf 87' lang='lat' dir='ltr'>Verbum</span> <span class='ocrx_word' id='word_1_447' title='bbox 4240 960 4493 1044; x_wconf 88' lang='lat' dir='ltr'>quidem</span> 
     </span>
     <span class='ocr_line' id='line_1_66' title="bbox 2560 1047 4503 1133; baseline 0 -18"><span class='ocrx_word' id='word_1_448' title='bbox 2560 1062 2667 1125; x_wconf 73' lang='lat' dir='ltr'>&#39;m&#39;</span> <span class='ocrx_word' id='word_1_449' title='bbox 2704 1071 2781 1115; x_wconf 88' lang='lat' dir='ltr'>ea</span> <span class='ocrx_word' id='word_1_450' title='bbox 2836 1050 3317 1116; x_wconf 81' lang='lat' dir='ltr'>constructione</span> <span class='ocrx_word' id='word_1_451' title='bbox 3371 1071 3537 1133; x_wconf 90' lang='lat' dir='ltr'>quae</span> <span class='ocrx_word' id='word_1_452' title='bbox 3594 1049 3700 1115; x_wconf 92' lang='grc'><strong>1110</strong></span> <span class='ocrx_word' id='word_1_453' title='bbox 3754 1048 4054 1131; x_wconf 79' lang='lat' dir='ltr'>ponitur.</span> <span class='ocrx_word' id='word_1_454' title='bbox 4118 1047 4503 1115; x_wconf 86' lang='lat' dir='ltr'>tantundem</span> 
     </span>
     <span class='ocr_line' id='line_1_67' title="bbox 2564 1134 4500 1217; baseline 0 -19"><span class='ocrx_word' id='word_1_455' title='bbox 2564 1137 2740 1201; x_wconf 90' lang='lat' dir='ltr'>valet</span> <span class='ocrx_word' id='word_1_456' title='bbox 2803 1156 2878 1200; x_wconf 89' lang='lat' dir='ltr'>ac</span> <span class='ocrx_word' id='word_1_457' title='bbox 2944 1135 3337 1201; x_wconf 89' lang='lat' dir='ltr'>contrahere</span> <span class='ocrx_word' id='word_1_458' title='bbox 3404 1135 3510 1199; x_wconf 88' lang='lat' dir='ltr'>vel</span> <span class='ocrx_word' id='word_1_459' title='bbox 3569 1135 3807 1217; x_wconf 89' lang='lat' dir='ltr'>pacisci</span> <span class='ocrx_word' id='word_1_460' title='bbox 3876 1155 4028 1200; x_wconf 89' lang='lat' dir='ltr'>cum</span> <span class='ocrx_word' id='word_1_461' title='bbox 4095 1134 4333 1212; x_wconf 90' lang='lat' dir='ltr'>altero,</span> <span class='ocrx_word' id='word_1_462' title='bbox 4403 1135 4500 1198; x_wconf 91' lang='lat' dir='ltr'>vel</span> 
     </span>
     <span class='ocr_line' id='line_1_68' title="bbox 2565 1218 4501 1304; baseline -0.001 -19"><span class='ocrx_word' id='word_1_463' title='bbox 2565 1229 2740 1286; x_wconf 88' lang='lat' dir='ltr'>certe</span> <span class='ocrx_word' id='word_1_464' title='bbox 2784 1221 2864 1285; x_wconf 92' lang='lat' dir='ltr'>ad</span> <span class='ocrx_word' id='word_1_465' title='bbox 2911 1221 3169 1304; x_wconf 88' lang='lat' dir='ltr'>negotia</span> <span class='ocrx_word' id='word_1_466' title='bbox 3212 1221 3384 1285; x_wconf 90' lang='lat' dir='ltr'>ultro</span> <span class='ocrx_word' id='word_1_467' title='bbox 3429 1221 3723 1303; x_wconf 89' lang='lat' dir='ltr'>citroque</span> <span class='ocrx_word' id='word_1_468' title='bbox 3761 1218 4107 1286; x_wconf 88' lang='lat' dir='ltr'>tractanda</span> <span class='ocrx_word' id='word_1_469' title='bbox 4141 1221 4501 1285; x_wconf 89' lang='lat' dir='ltr'>convenire.</span> 
     </span>
     <span class='ocr_line' id='line_1_69' title="bbox 2566 1306 4503 1390; baseline 0 -20"><span class='ocrx_word' id='word_1_470' title='bbox 2566 1306 2723 1372; x_wconf 93' lang='lat' dir='ltr'>Ideo</span> <span class='ocrx_word' id='word_1_471' title='bbox 2781 1307 2940 1371; x_wconf 87' lang='lat' dir='ltr'>mihi</span> <span class='ocrx_word' id='word_1_472' title='bbox 3001 1309 3258 1372; x_wconf 91' lang='lat' dir='ltr'>nullum</span> <span class='ocrx_word' id='word_1_473' title='bbox 3317 1329 3553 1372; x_wconf 92' lang='lat' dir='ltr'>nomen</span> <span class='ocrx_word' id='word_1_474' title='bbox 3622 1308 3840 1390; x_wconf 88' lang='lat' dir='ltr'>aptius</span> <span class='ocrx_word' id='word_1_475' title='bbox 3908 1306 4232 1389; x_wconf 90' lang='lat' dir='ltr'>quadrare</span> <span class='ocrx_word' id='word_1_476' title='bbox 4301 1307 4503 1370; x_wconf 90' lang='lat' dir='ltr'>visum</span> 
     </span>
     <span class='ocr_line' id='line_1_70' title="bbox 2566 1391 4506 1476; baseline -0.001 -20"><span class='ocrx_word' id='word_1_477' title='bbox 2566 1402 2697 1471; x_wconf 90' lang='lat' dir='ltr'>est,</span> <span class='ocrx_word' id='word_1_478' title='bbox 2745 1416 2942 1476; x_wconf 88' lang='lat' dir='ltr'>quam</span> <span class='ocrx_word' id='word_1_479' title='bbox 2986 1393 3467 1459; x_wconf 90' lang='lat' dir='ltr'>conventionis:</span> <span class='ocrx_word' id='word_1_480' title='bbox 3528 1392 3697 1475; x_wconf 90' lang='lat' dir='ltr'>quod</span> <span class='ocrx_word' id='word_1_481' title='bbox 3753 1393 4128 1476; x_wconf 89' lang='lat' dir='ltr'>gravissimi</span> <span class='ocrx_word' id='word_1_482' title='bbox 4186 1391 4312 1455; x_wconf 86' lang='lat' dir='ltr'>fuit</span> <span class='ocrx_word' id='word_1_483' title='bbox 4357 1412 4506 1473; x_wconf 91' lang='lat' dir='ltr'>pon-</span> 
     </span>
     <span class='ocr_line' id='line_1_71' title="bbox 2567 1477 4507 1545; baseline -0.003 -1"><span class='ocrx_word' id='word_1_484' title='bbox 2567 1479 2741 1545; x_wconf 89' lang='lat' dir='ltr'>deris</span> <span class='ocrx_word' id='word_1_485' title='bbox 2807 1478 2891 1543; x_wconf 89' lang='lat' dir='ltr'>ad</span> <span class='ocrx_word' id='word_1_486' title='bbox 2955 1478 3176 1545; x_wconf 84' lang='lat' dir='ltr'>fideles</span> <span class='ocrx_word' id='word_1_487' title='bbox 3232 1479 3303 1543; x_wconf 92' lang='lat' dir='ltr'>in</span> <span class='ocrx_word' id='word_1_488' title='bbox 3364 1477 3657 1543; x_wconf 83' lang='lat' dir='ltr'>modesta</span> <span class='ocrx_word' id='word_1_489' title='bbox 3725 1477 4068 1543; x_wconf 88' lang='lat' dir='ltr'>sacerdotii</span> <span class='ocrx_word' id='word_1_490' title='bbox 4140 1478 4507 1542; x_wconf 89' lang='lat' dir='ltr'>reverentia</span> 
     </span>
     <span class='ocr_line' id='line_1_72' title="bbox 2564 1562 4507 1648; baseline -0.002 -18"><span class='ocrx_word' id='word_1_491' title='bbox 2564 1565 3028 1643; x_wconf 85' lang='lat' dir='ltr'>continendos,</span> <span class='ocrx_word' id='word_1_492' title='bbox 3088 1587 3288 1648; x_wconf 89' lang='lat' dir='ltr'>quum</span> <span class='ocrx_word' id='word_1_493' title='bbox 3336 1565 3515 1629; x_wconf 91' lang='lat' dir='ltr'>Deus</span> <span class='ocrx_word' id='word_1_494' title='bbox 3575 1565 3761 1648; x_wconf 87' lang='lat' dir='ltr'>quasi</span> <span class='ocrx_word' id='word_1_495' title='bbox 3807 1564 3888 1628; x_wconf 92' lang='lat' dir='ltr'>ad</span> <span class='ocrx_word' id='word_1_496' title='bbox 3947 1563 4273 1628; x_wconf 86' lang='lat' dir='ltr'>familiare</span> <span class='ocrx_word' id='word_1_497' title='bbox 4319 1562 4507 1627; x_wconf 88' lang='lat' dir='ltr'>collo-</span> 
     </span>
     <span class='ocr_line' id='line_1_73' title="bbox 2568 1649 4511 1733; baseline -0.002 -18"><span class='ocrx_word' id='word_1_498' title='bbox 2568 1652 2796 1733; x_wconf 90' lang='lat' dir='ltr'>quium</span> <span class='ocrx_word' id='word_1_499' title='bbox 2839 1673 2949 1717; x_wconf 90' lang='lat' dir='ltr'>eos</span> <span class='ocrx_word' id='word_1_500' title='bbox 2995 1652 3325 1716; x_wconf 86' lang='lat' dir='ltr'>invitaret.</span> <span class='ocrx_word' id='word_1_501' title='bbox 3419 1649 3605 1715; x_wconf 92' lang='lat' dir='ltr'>Idem</span> <span class='ocrx_word' id='word_1_502' title='bbox 3665 1652 3903 1732; x_wconf 92' lang='lat' dir='ltr'>repetit</span> <span class='ocrx_word' id='word_1_503' title='bbox 3961 1650 4258 1732; x_wconf 90' lang='lat' dir='ltr'>proximo</span> <span class='ocrx_word' id='word_1_504' title='bbox 4324 1670 4511 1712; x_wconf 88' lang='lat' dir='ltr'>versu</span> 
     </span>
     <span class='ocr_line' id='line_1_74' title="bbox 2566 1735 4513 1819; baseline -0.001 -19"><span class='ocrx_word' id='word_1_505' title='bbox 2566 1739 2634 1800; x_wconf 91' lang='lat' dir='ltr'>in</span> <span class='ocrx_word' id='word_1_506' title='bbox 2681 1737 2877 1801; x_wconf 89' lang='lat' dir='ltr'>tertia</span> <span class='ocrx_word' id='word_1_507' title='bbox 2920 1759 3217 1819; x_wconf 88' lang='lat' dir='ltr'>persona,</span> <span class='ocrx_word' id='word_1_508' title='bbox 3265 1748 3339 1801; x_wconf 90' lang='lat' dir='ltr'>ut</span> <span class='ocrx_word' id='word_1_509' title='bbox 3382 1737 3752 1819; x_wconf 88' lang='lat' dir='ltr'>quicunque</span> <span class='ocrx_word' id='word_1_510' title='bbox 3794 1737 4047 1802; x_wconf 86' lang='lat' dir='ltr'>censeri</span> <span class='ocrx_word' id='word_1_511' title='bbox 4086 1735 4310 1800; x_wconf 89' lang='lat' dir='ltr'>volent</span> <span class='ocrx_word' id='word_1_512' title='bbox 4344 1736 4513 1799; x_wconf 89' lang='lat' dir='ltr'>inter</span> 
     </span>
     <span class='ocr_line' id='line_1_75' title="bbox 2564 1821 4513 1904; baseline -0.002 -17"><span class='ocrx_word' id='word_1_513' title='bbox 2564 1822 2905 1888; x_wconf 90' lang='lat' dir='ltr'>Israelitas</span> <span class='ocrx_word' id='word_1_514' title='bbox 2973 1844 3098 1888; x_wconf 93' lang='lat' dir='ltr'>non</span> <span class='ocrx_word' id='word_1_515' title='bbox 3161 1823 3287 1888; x_wconf 87' lang='lat' dir='ltr'>alio</span> <span class='ocrx_word' id='word_1_516' title='bbox 3344 1822 3696 1887; x_wconf 85' lang='lat' dir='ltr'>deflectant</span> <span class='ocrx_word' id='word_1_517' title='bbox 3752 1835 3865 1886; x_wconf 88' lang='lat' dir='ltr'>aut</span> <span class='ocrx_word' id='word_1_518' title='bbox 3922 1831 4268 1904; x_wconf 85' lang='lat' dir='ltr'>vagentur.</span> <span class='ocrx_word' id='word_1_519' title='bbox 4368 1821 4513 1885; x_wconf 86' lang='lat' dir='ltr'>Lex</span> 
     </span>
     <span class='ocr_line' id='line_1_76' title="bbox 2565 1905 4509 1992; baseline -0.002 -19"><span class='ocrx_word' id='word_1_520' title='bbox 2565 1910 2741 1974; x_wconf 91' lang='lat' dir='ltr'>enim</span> <span class='ocrx_word' id='word_1_521' title='bbox 2786 1908 3247 1992; x_wconf 86' lang='lat' dir='ltr'>praescribitur</span> <span class='ocrx_word' id='word_1_522' title='bbox 3291 1909 3540 1974; x_wconf 84' lang='lat' dir='ltr'>cunctis</span> <span class='ocrx_word' id='word_1_523' title='bbox 3576 1908 3731 1972; x_wconf 92' lang='lat' dir='ltr'>filiis</span> <span class='ocrx_word' id='word_1_524' title='bbox 3754 1907 3978 1985; x_wconf 86' lang='lat' dir='ltr'>Israel,</span> <span class='ocrx_word' id='word_1_525' title='bbox 4029 1916 4098 1971; x_wconf 86' lang='lat' dir='ltr'>ut</span> <span class='ocrx_word' id='word_1_526' title='bbox 4133 1905 4273 1972; x_wconf 91' lang='lat' dir='ltr'>illic</span> <span class='ocrx_word' id='word_1_527' title='bbox 4297 1905 4509 1971; x_wconf 91' lang='lat' dir='ltr'>Deum</span> 
     </span>
     <span class='ocr_line' id='line_1_77' title="bbox 2561 1992 4511 2077; baseline -0.002 -18"><span class='ocrx_word' id='word_1_528' title='bbox 2561 2006 2899 2077; x_wconf 87' lang='lat' dir='ltr'>quaerant.</span> <span class='ocrx_word' id='word_1_529' title='bbox 2991 1995 3352 2061; x_wconf 84' lang='lat' dir='ltr'>Subiieitur</span> <span class='ocrx_word' id='word_1_530' title='bbox 3397 1994 3524 2059; x_wconf 90' lang='lat' dir='ltr'>alia</span> <span class='ocrx_word' id='word_1_531' title='bbox 3569 1995 4006 2065; x_wconf 84' lang='lat' dir='ltr'>confirmatio,</span> <span class='ocrx_word' id='word_1_532' title='bbox 4071 1992 4240 2075; x_wconf 90' lang='lat' dir='ltr'>quod</span> <span class='ocrx_word' id='word_1_533' title='bbox 4304 1992 4511 2058; x_wconf 91' lang='lat' dir='ltr'>locum</span> 
     </span>
     <span class='ocr_line' id='line_1_78' title="bbox 2565 2078 4513 2163; baseline -0.001 -19"><span class='ocrx_word' id='word_1_534' title='bbox 2565 2081 2755 2146; x_wconf 90' lang='lat' dir='ltr'>illum</span> <span class='ocrx_word' id='word_1_535' title='bbox 2822 2103 3080 2148; x_wconf 87' lang='lat' dir='ltr'>sacrum</span> <span class='ocrx_word' id='word_1_536' title='bbox 3138 2103 3281 2146; x_wconf 91' lang='grc'><strong>0880</strong></span> <span class='ocrx_word' id='word_1_537' title='bbox 3342 2089 3666 2163; x_wconf 86' lang='lat' dir='ltr'>oporteat,</span> <span class='ocrx_word' id='word_1_538' title='bbox 3735 2081 3884 2162; x_wconf 90' lang='lat' dir='ltr'>quia</span> <span class='ocrx_word' id='word_1_539' title='bbox 3938 2079 4125 2144; x_wconf 90' lang='lat' dir='ltr'>Deus</span> <span class='ocrx_word' id='word_1_540' title='bbox 4180 2078 4274 2143; x_wconf 91' lang='lat' dir='ltr'>ibi</span> <span class='ocrx_word' id='word_1_541' title='bbox 4331 2098 4513 2143; x_wconf 86' lang='lat' dir='ltr'>suam</span> 
     </span>
     <span class='ocr_line' id='line_1_79' title="bbox 2568 2165 4514 2251; baseline -0.002 -20"><span class='ocrx_word' id='word_1_542' title='bbox 2568 2167 2848 2251; x_wconf 87' lang='lat' dir='ltr'>gloriam</span> <span class='ocrx_word' id='word_1_543' title='bbox 2928 2168 3276 2250; x_wconf 86' lang='lat' dir='ltr'>magnifice</span> <span class='ocrx_word' id='word_1_544' title='bbox 3355 2167 3718 2249; x_wconf 87' lang='lat' dir='ltr'>patefaciet.</span> <span class='ocrx_word' id='word_1_545' title='bbox 3833 2165 4138 2247; x_wconf 89' lang='lat' dir='ltr'>Denique</span> <span class='ocrx_word' id='word_1_546' title='bbox 4218 2187 4304 2229; x_wconf 95' lang='lat' dir='ltr'>ex</span> <span class='ocrx_word' id='word_1_547' title='bbox 4385 2173 4514 2229; x_wconf 89' lang='lat' dir='ltr'>toto</span> 
     </span>
     <span class='ocr_line' id='line_1_80' title="bbox 2568 2250 4515 2335; baseline -0.003 -16"><span class='ocrx_word' id='word_1_548' title='bbox 2568 2261 2881 2320; x_wconf 86' lang='lat' dir='ltr'>contextu</span> <span class='ocrx_word' id='word_1_549' title='bbox 2947 2254 3074 2319; x_wconf 91' lang='lat' dir='ltr'>Dei</span> <span class='ocrx_word' id='word_1_550' title='bbox 3139 2253 3484 2318; x_wconf 89' lang='lat' dir='ltr'>consilium</span> <span class='ocrx_word' id='word_1_551' title='bbox 3544 2253 3748 2316; x_wconf 89' lang='lat' dir='ltr'>fuisse</span> <span class='ocrx_word' id='word_1_552' title='bbox 3815 2262 4125 2335; x_wconf 87' lang='lat' dir='ltr'>apparet,</span> <span class='ocrx_word' id='word_1_553' title='bbox 4206 2250 4515 2333; x_wconf 90' lang='lat' dir='ltr'>populum</span> 
     </span>
     <span class='ocr_line' id='line_1_81' title="bbox 2572 2336 4514 2405; baseline -0.003 -2"><span class='ocrx_word' id='word_1_554' title='bbox 2572 2348 2793 2405; x_wconf 89' lang='lat' dir='ltr'>tenere</span> <span class='ocrx_word' id='word_1_555' title='bbox 2859 2339 2983 2405; x_wconf 91' lang='lat' dir='ltr'>sibi</span> <span class='ocrx_word' id='word_1_556' title='bbox 3049 2339 3437 2404; x_wconf 87' lang='lat' dir='ltr'>adstrictum</span> <span class='ocrx_word' id='word_1_557' title='bbox 3503 2336 3849 2403; x_wconf 87' lang='lat' dir='ltr'>sacerdotii</span> <span class='ocrx_word' id='word_1_558' title='bbox 3914 2338 4163 2402; x_wconf 85' lang='lat' dir='ltr'>levitici</span> <span class='ocrx_word' id='word_1_559' title='bbox 4223 2337 4514 2402; x_wconf 86' lang='lat' dir='ltr'>vinculo:</span> 
     </span>
     <span class='ocr_line' id='line_1_82' title="bbox 2570 2423 4521 2507; baseline -0.002 -17"><span class='ocrx_word' id='word_1_560' title='bbox 2570 2424 2683 2490; x_wconf 90' lang='lat' dir='ltr'>sed</span> <span class='ocrx_word' id='word_1_561' title='bbox 2742 2425 3105 2491; x_wconf 87' lang='lat' dir='ltr'>notandum</span> <span class='ocrx_word' id='word_1_562' title='bbox 3152 2424 3373 2490; x_wconf 83' lang='lat' dir='ltr'>Deum</span> <span class='ocrx_word' id='word_1_563' title='bbox 3430 2444 3640 2489; x_wconf 91' lang='lat' dir='ltr'>unum</span> <span class='ocrx_word' id='word_1_564' title='bbox 3694 2444 3837 2488; x_wconf 89' lang='lat' dir='ltr'>esse</span> <span class='ocrx_word' id='word_1_565' title='bbox 3896 2424 4008 2507; x_wconf 91' lang='lat' dir='ltr'>qui</span> <span class='ocrx_word' id='word_1_566' title='bbox 4068 2435 4133 2488; x_wconf 87' lang='lat' dir='ltr'>et</span> <span class='ocrx_word' id='word_1_567' title='bbox 4189 2423 4405 2489; x_wconf 91' lang='lat' dir='ltr'>locum</span> <span class='ocrx_word' id='word_1_568' title='bbox 4457 2431 4521 2487; x_wconf 92' lang='lat' dir='ltr'>et</span> 
     </span>
     <span class='ocr_line' id='line_1_83' title="bbox 2570 2507 4519 2593; baseline -0.002 -17"><span class='ocrx_word' id='word_1_569' title='bbox 2570 2512 2930 2578; x_wconf 88' lang='lat' dir='ltr'>oblationes</span> <span class='ocrx_word' id='word_1_570' title='bbox 2976 2520 3045 2575; x_wconf 89' lang='lat' dir='ltr'>et</span> <span class='ocrx_word' id='word_1_571' title='bbox 3084 2512 3262 2593; x_wconf 90' lang='lat' dir='ltr'>ipsos</span> <span class='ocrx_word' id='word_1_572' title='bbox 3307 2510 3606 2576; x_wconf 89' lang='lat' dir='ltr'>homines</span> <span class='ocrx_word' id='word_1_573' title='bbox 3662 2507 4043 2575; x_wconf 89' lang='lat' dir='ltr'>sanctificat.</span> <span class='ocrx_word' id='word_1_574' title='bbox 4136 2509 4368 2590; x_wconf 76' lang='lat' dir='ltr'>Quare</span> <span class='ocrx_word' id='word_1_575' title='bbox 4412 2508 4519 2573; x_wconf 82' lang='lat' dir='ltr'>fri-</span> 
     </span>
     <span class='ocr_line' id='line_1_84' title="bbox 2575 2594 4520 2678; baseline -0.002 -15"><span class='ocrx_word' id='word_1_576' title='bbox 2575 2598 2721 2663; x_wconf 86' lang='lat' dir='ltr'>vola</span> <span class='ocrx_word' id='word_1_577' title='bbox 2784 2609 2883 2663; x_wconf 89' lang='lat' dir='ltr'>est</span> <span class='ocrx_word' id='word_1_578' title='bbox 2941 2618 3164 2663; x_wconf 91' lang='lat' dir='ltr'>eorum</span> <span class='ocrx_word' id='word_1_579' title='bbox 3229 2598 3526 2660; x_wconf 88' lang='lat' dir='ltr'>omnium</span> <span class='ocrx_word' id='word_1_580' title='bbox 3597 2595 3942 2674; x_wconf 89' lang='lat' dir='ltr'>iactantia,</span> <span class='ocrx_word' id='word_1_581' title='bbox 4010 2595 4122 2678; x_wconf 92' lang='lat' dir='ltr'>qui</span> <span class='ocrx_word' id='word_1_582' title='bbox 4193 2594 4322 2660; x_wconf 88' lang='lat' dir='ltr'>sibi</span> <span class='ocrx_word' id='word_1_583' title='bbox 4378 2594 4520 2677; x_wconf 88' lang='lat' dir='ltr'>plus</span> 
     </span>
     <span class='ocr_line' id='line_1_85' title="bbox 2573 2680 4520 2768; baseline -0.002 -20"><span class='ocrx_word' id='word_1_584' title='bbox 2573 2693 2885 2768; x_wconf 88' lang='lat' dir='ltr'>arrogant</span> <span class='ocrx_word' id='word_1_585' title='bbox 2929 2705 3122 2766; x_wconf 88' lang='lat' dir='ltr'>quam</span> <span class='ocrx_word' id='word_1_586' title='bbox 3172 2684 3354 2748; x_wconf 88' lang='lat' dir='ltr'>Deus</span> <span class='ocrx_word' id='word_1_587' title='bbox 3398 2682 3765 2749; x_wconf 86' lang='lat' dir='ltr'>contulerit.</span> <span class='ocrx_word' id='word_1_588' title='bbox 3833 2680 3910 2747; x_wconf 81' lang='lat' dir='ltr'>Si</span> <span class='ocrx_word' id='word_1_589' title='bbox 3954 2702 4164 2764; x_wconf 89' lang='lat' dir='ltr'>papae</span> <span class='ocrx_word' id='word_1_590' title='bbox 4209 2681 4520 2757; x_wconf 87' lang='lat' dir='ltr'>creditur,</span> 
     </span>
     <span class='ocr_line' id='line_1_86' title="bbox 2572 2768 4519 2849; baseline -0.002 -16"><span class='ocrx_word' id='word_1_591' title='bbox 2572 2772 2642 2833; x_wconf 90' lang='lat' dir='ltr'>in</span> <span class='ocrx_word' id='word_1_592' title='bbox 2687 2791 2763 2835; x_wconf 93' lang='lat' dir='ltr'>eo</span> <span class='ocrx_word' id='word_1_593' title='bbox 2809 2777 2909 2834; x_wconf 89' lang='lat' dir='ltr'>est</span> <span class='ocrx_word' id='word_1_594' title='bbox 2953 2769 3266 2834; x_wconf 89' lang='lat' dir='ltr'>sanctitas</span> <span class='ocrx_word' id='word_1_595' title='bbox 3311 2770 3766 2835; x_wconf 89' lang='lat' dir='ltr'>sanctitatum:</span> <span class='ocrx_word' id='word_1_596' title='bbox 3827 2768 3980 2849; x_wconf 90' lang='lat' dir='ltr'>quia</span> <span class='ocrx_word' id='word_1_597' title='bbox 4038 2781 4258 2832; x_wconf 91' lang='lat' dir='ltr'>tamen</span> <span class='ocrx_word' id='word_1_598' title='bbox 4314 2769 4519 2832; x_wconf 89' lang='lat' dir='ltr'>Deum</span> 
     </span>
     <span class='ocr_line' id='line_1_87' title="bbox 2574 2852 4522 2939; baseline -0.003 -18"><span class='ocrx_word' id='word_1_599' title='bbox 2574 2877 2707 2921; x_wconf 90' lang='lat' dir='ltr'>non</span> <span class='ocrx_word' id='word_1_600' title='bbox 2750 2858 2999 2939; x_wconf 78' lang='lat' dir='ltr'>profert</span> <span class='ocrx_word' id='word_1_601' title='bbox 3034 2866 3350 2935; x_wconf 88' lang='lat' dir='ltr'>autorem,</span> <span class='ocrx_word' id='word_1_602' title='bbox 3395 2853 3508 2919; x_wconf 90' lang='lat' dir='ltr'>sed</span> <span class='ocrx_word' id='word_1_603' title='bbox 3547 2853 3907 2937; x_wconf 87' lang='lat' dir='ltr'>praeconiis</span> <span class='ocrx_word' id='word_1_604' title='bbox 3944 2862 4191 2918; x_wconf 91' lang='lat' dir='ltr'>temere</span> <span class='ocrx_word' id='word_1_605' title='bbox 4228 2852 4522 2919; x_wconf 87' lang='lat' dir='ltr'>confictis</span> 
     </span>
     <span class='ocr_line' id='line_1_88' title="bbox 2574 2938 4521 3022; baseline -0.002 -16"><span class='ocrx_word' id='word_1_606' title='bbox 2574 2964 2645 3007; x_wconf 90' lang='lat' dir='ltr'>se</span> <span class='ocrx_word' id='word_1_607' title='bbox 2690 2942 3005 3021; x_wconf 89' lang='lat' dir='ltr'>venditat,</span> <span class='ocrx_word' id='word_1_608' title='bbox 3051 2940 3359 3006; x_wconf 89' lang='lat' dir='ltr'>stolidam</span> <span class='ocrx_word' id='word_1_609' title='bbox 3405 2941 3544 3004; x_wconf 90' lang='grc'><strong>0188</strong></span> <span class='ocrx_word' id='word_1_610' title='bbox 3589 2938 4069 3022; x_wconf 89' lang='lat' dir='ltr'>impudentiam</span> <span class='ocrx_word' id='word_1_611' title='bbox 4120 2947 4269 3004; x_wconf 90' lang='lat' dir='ltr'>tuto</span> <span class='ocrx_word' id='word_1_612' title='bbox 4316 2939 4521 3003; x_wconf 90' lang='lat' dir='ltr'>ridere</span> 
     </span>
     <span class='ocr_line' id='line_1_89' title="bbox 2572 3025 4525 3110; baseline -0.003 -17"><span class='ocrx_word' id='word_1_613' title='bbox 2572 3028 2741 3093; x_wconf 88' lang='lat' dir='ltr'>lieet.</span> <span class='ocrx_word' id='word_1_614' title='bbox 2810 3029 2917 3093; x_wconf 86' lang='lat' dir='ltr'>Ex</span> <span class='ocrx_word' id='word_1_615' title='bbox 2962 3027 3085 3094; x_wconf 91' lang='lat' dir='ltr'>hoc</span> <span class='ocrx_word' id='word_1_616' title='bbox 3130 3036 3348 3092; x_wconf 88' lang='lat' dir='ltr'>autem</span> <span class='ocrx_word' id='word_1_617' title='bbox 3395 3026 3531 3093; x_wconf 91' lang='lat' dir='ltr'>loco</span> <span class='ocrx_word' id='word_1_618' title='bbox 3577 3034 3643 3092; x_wconf 89' lang='lat' dir='ltr'>et</span> <span class='ocrx_word' id='word_1_619' title='bbox 3688 3025 4007 3092; x_wconf 90' lang='lat' dir='ltr'>similibus</span> <span class='ocrx_word' id='word_1_620' title='bbox 4051 3034 4399 3110; x_wconf 90' lang='lat' dir='ltr'>sumptum</span> <span class='ocrx_word' id='word_1_621' title='bbox 4433 3034 4525 3090; x_wconf 87' lang='lat' dir='ltr'>est</span> 
     </span>
     <span class='ocr_line' id='line_1_90' title="bbox 2574 3110 4523 3198; baseline -0.003 -19"><span class='ocrx_word' id='word_1_622' title='bbox 2574 3114 2750 3198; x_wconf 90' lang='lat' dir='ltr'>quod</span> <span class='ocrx_word' id='word_1_623' title='bbox 2819 3114 3155 3191; x_wconf 88' lang='lat' dir='ltr'>docemur,</span> <span class='ocrx_word' id='word_1_624' title='bbox 3224 3114 3566 3179; x_wconf 88' lang='lat' dir='ltr'>Christum</span> <span class='ocrx_word' id='word_1_625' title='bbox 3637 3134 3769 3177; x_wconf 90' lang='lat' dir='ltr'>non</span> <span class='ocrx_word' id='word_1_626' title='bbox 3839 3112 4226 3177; x_wconf 88' lang='lat' dir='ltr'>humanitus</span> <span class='ocrx_word' id='word_1_627' title='bbox 4296 3110 4523 3177; x_wconf 89' lang='lat' dir='ltr'>debere</span> 
     </span>
     <span class='ocr_line' id='line_1_91' title="bbox 2573 3196 4522 3266; baseline -0.002 -2"><span class='ocrx_word' id='word_1_628' title='bbox 2573 3200 2938 3266; x_wconf 86' lang='lat' dir='ltr'>aestimari:</span> <span class='ocrx_word' id='word_1_629' title='bbox 2987 3200 3098 3266; x_wconf 89' lang='lat' dir='ltr'>sed</span> <span class='ocrx_word' id='word_1_630' title='bbox 3146 3201 3394 3265; x_wconf 86' lang='lat' dir='ltr'>censeri</span> <span class='ocrx_word' id='word_1_631' title='bbox 3438 3199 3703 3264; x_wconf 89' lang='lat' dir='ltr'>coelesti</span> <span class='ocrx_word' id='word_1_632' title='bbox 3739 3206 3806 3263; x_wconf 91' lang='lat' dir='ltr'>et</span> <span class='ocrx_word' id='word_1_633' title='bbox 3842 3196 4065 3263; x_wconf 90' lang='lat' dir='ltr'>divina</span> <span class='ocrx_word' id='word_1_634' title='bbox 4099 3220 4223 3263; x_wconf 88' lang='lat' dir='ltr'>sua</span> <span class='ocrx_word' id='word_1_635' title='bbox 4262 3198 4522 3263; x_wconf 86' lang='lat' dir='ltr'>virtute.</span> 
     </span>
     <span class='ocr_line' id='line_1_92' title="bbox 2573 3285 4526 3369; baseline -0.002 -18"><span class='ocrx_word' id='word_1_636' title='bbox 2573 3286 2755 3352; x_wconf 88' lang='lat' dir='ltr'>Hinc</span> <span class='ocrx_word' id='word_1_637' title='bbox 2836 3287 3036 3351; x_wconf 89' lang='lat' dir='ltr'>etiam</span> <span class='ocrx_word' id='word_1_638' title='bbox 3113 3285 3433 3350; x_wconf 87' lang='lat' dir='ltr'>refellitur</span> <span class='ocrx_word' id='word_1_639' title='bbox 3509 3285 3682 3367; x_wconf 92' lang='lat' dir='ltr'>quod</span> <span class='ocrx_word' id='word_1_640' title='bbox 3760 3285 4035 3350; x_wconf 88' lang='lat' dir='ltr'>sacrifici</span> <span class='ocrx_word' id='word_1_641' title='bbox 4112 3285 4392 3369; x_wconf 87' lang='lat' dir='ltr'>papales</span> <span class='ocrx_word' id='word_1_642' title='bbox 4462 3304 4526 3348; x_wconf 88' lang='lat' dir='ltr'>se</span> 
     </span>
     <span class='ocr_line' id='line_1_93' title="bbox 2572 3369 4525 3454; baseline -0.002 -17"><span class='ocrx_word' id='word_1_643' title='bbox 2572 3373 2914 3437; x_wconf 89' lang='lat' dir='ltr'>Christum</span> <span class='ocrx_word' id='word_1_644' title='bbox 2960 3372 3197 3437; x_wconf 87' lang='lat' dir='ltr'>offerre</span> <span class='ocrx_word' id='word_1_645' title='bbox 3241 3372 3514 3436; x_wconf 87' lang='lat' dir='ltr'>iactant:</span> <span class='ocrx_word' id='word_1_646' title='bbox 3562 3391 3822 3453; x_wconf 89' lang='lat' dir='ltr'>semper</span> <span class='ocrx_word' id='word_1_647' title='bbox 3866 3370 4042 3434; x_wconf 90' lang='lat' dir='ltr'>enim</span> <span class='ocrx_word' id='word_1_648' title='bbox 4079 3369 4525 3454; x_wconf 85' lang='lat' dir='ltr'>quaerendum</span> 
     </span>
     <span class='ocr_line' id='line_1_94' title="bbox 2572 3454 4526 3541; baseline -0.001 -20"><span class='ocrx_word' id='word_1_649' title='bbox 2572 3467 2674 3524; x_wconf 88' lang='lat' dir='ltr'>est</span> <span class='ocrx_word' id='word_1_650' title='bbox 2737 3480 2866 3541; x_wconf 89' lang='lat' dir='ltr'>quo</span> <span class='ocrx_word' id='word_1_651' title='bbox 2932 3469 3189 3523; x_wconf 88' lang='lat' dir='ltr'>autore:</span> <span class='ocrx_word' id='word_1_652' title='bbox 3271 3454 3793 3540; x_wconf 89' lang='lat' dir='ltr'>quandoquidem</span> <span class='ocrx_word' id='word_1_653' title='bbox 3859 3455 3984 3521; x_wconf 92' lang='lat' dir='ltr'>sibi</span> <span class='ocrx_word' id='word_1_654' title='bbox 4049 3458 4167 3521; x_wconf 92' lang='lat' dir='ltr'>uni</span> <span class='ocrx_word' id='word_1_655' title='bbox 4236 3457 4369 3521; x_wconf 88' lang='lat' dir='ltr'>hoc</span> <span class='ocrx_word' id='word_1_656' title='bbox 4430 3456 4526 3519; x_wconf 89' lang='grc'>188</span> 
     </span>
     <span class='ocr_line' id='line_1_95' title="bbox 2570 3541 4526 3693; baseline -0.002 -85"><span class='ocrx_word' id='word_1_657' title='bbox 2570 3543 2757 3693; x_wconf 52' lang='lat' dir='ltr'>{hus</span> <span class='ocrx_word' id='word_1_658' title='bbox 2802 3544 3129 3623; x_wconf 86' lang='lat' dir='ltr'>vendicat,</span> <span class='ocrx_word' id='word_1_659' title='bbox 3177 3550 3250 3609; x_wconf 91' lang='lat' dir='ltr'>ut</span> <span class='ocrx_word' id='word_1_660' title='bbox 3285 3543 3648 3610; x_wconf 87' lang='lat' dir='ltr'>sanctificet</span> <span class='ocrx_word' id='word_1_661' title='bbox 3682 3543 3798 3626; x_wconf 90' lang='lat' dir='ltr'>qui</span> <span class='ocrx_word' id='word_1_662' title='bbox 3832 3541 4125 3626; x_wconf 89' lang='lat' dir='ltr'>legitimo</span> <span class='ocrx_word' id='word_1_663' title='bbox 4162 3541 4526 3609; x_wconf 87' lang='lat' dir='ltr'>sacerdotio</span> 
     </span>
     <span class='ocr_line' id='line_1_96' title="bbox 2600 3640 2960 3695; baseline -0.003 -1"><span class='ocrx_word' id='word_1_664' title='bbox 2600 3652 2686 3695; x_wconf 91' lang='lat' dir='ltr'>un</span> <span class='ocrx_word' id='word_1_665' title='bbox 2786 3640 2960 3694; x_wconf 88' lang='lat' dir='ltr'>ntur.</span> 
     </span>
    </p>

    <p class='ocr_par' dir='ltr' id='par_1_15' title="bbox 2571 3652 4531 4315">
     <span class='ocr_line' id='line_1_97' title="bbox 2692 3652 4527 3799; baseline -0.002 -18"><span class='ocrx_word' id='word_1_666' title='bbox 2692 3652 2846 3781; x_wconf 74' lang='lat' dir='ltr'>gu46.</span> <span class='ocrx_word' id='word_1_667' title='bbox 2893 3715 2981 3780; x_wconf 77' lang='lat' dir='ltr'>Et</span> <span class='ocrx_word' id='word_1_668' title='bbox 3023 3717 3216 3782; x_wconf 80' lang='lat' dir='ltr'>scient</span> <span class='ocrx_word' id='word_1_669' title='bbox 3254 3716 3416 3797; x_wconf 77' lang='lat' dir='ltr'>quod</span> <span class='ocrx_word' id='word_1_670' title='bbox 3460 3735 3566 3799; x_wconf 76' lang='lat'>690</span> <span class='ocrx_word' id='word_1_671' title='bbox 3607 3734 3753 3779; x_wconf 75' lang='lat' dir='ltr'>sum</span> <span class='ocrx_word' id='word_1_672' title='bbox 3799 3711 4053 3780; x_wconf 75' lang='lat' dir='ltr'>Iehova.</span> <span class='ocrx_word' id='word_1_673' title='bbox 4125 3714 4263 3779; x_wconf 89' lang='lat' dir='ltr'>His</span> <span class='ocrx_word' id='word_1_674' title='bbox 4313 3711 4527 3780; x_wconf 86' lang='lat' dir='ltr'>verbis</span> 
     </span>
     <span class='ocr_line' id='line_1_98' title="bbox 2571 3798 4527 3886; baseline -0.002 -19"><span class='ocrx_word' id='word_1_675' title='bbox 2571 3801 2903 3886; x_wconf 88' lang='lat' dir='ltr'>significat</span> <span class='ocrx_word' id='word_1_676' title='bbox 2924 3802 3108 3867; x_wconf 91' lang='lat' dir='ltr'>Deus</span> <span class='ocrx_word' id='word_1_677' title='bbox 3143 3824 3212 3867; x_wconf 93' lang='lat' dir='ltr'>se</span> <span class='ocrx_word' id='word_1_678' title='bbox 3258 3823 3390 3866; x_wconf 91' lang='lat' dir='ltr'>non</span> <span class='ocrx_word' id='word_1_679' title='bbox 3435 3801 3636 3866; x_wconf 89' lang='lat' dir='ltr'>semel</span> <span class='ocrx_word' id='word_1_680' title='bbox 3683 3800 4008 3865; x_wconf 89' lang='lat' dir='ltr'>duntaxat</span> <span class='ocrx_word' id='word_1_681' title='bbox 4053 3800 4263 3866; x_wconf 85' lang='lat' dir='ltr'>fuisse</span> <span class='ocrx_word' id='word_1_682' title='bbox 4310 3798 4527 3883; x_wconf 90' lang='lat' dir='ltr'>populi</span> 
     </span>
     <span class='ocr_line' id='line_1_99' title="bbox 2571 3885 4525 3972; baseline -0.001 -21"><span class='ocrx_word' id='word_1_683' title='bbox 2571 3886 3073 3971; x_wconf 83' lang='lat' dir='ltr'>redemptorem,</span> <span class='ocrx_word' id='word_1_684' title='bbox 3110 3887 3225 3954; x_wconf 87' lang='lat' dir='ltr'>sed</span> <span class='ocrx_word' id='word_1_685' title='bbox 3263 3909 3341 3952; x_wconf 90' lang='lat' dir='ltr'>ea</span> <span class='ocrx_word' id='word_1_686' title='bbox 3377 3886 3520 3972; x_wconf 89' lang='lat' dir='ltr'>lege</span> <span class='ocrx_word' id='word_1_687' title='bbox 3556 3901 3631 3952; x_wconf 91' lang='lat' dir='ltr'>ut</span> <span class='ocrx_word' id='word_1_688' title='bbox 3664 3906 3890 3952; x_wconf 91' lang='lat' dir='ltr'>eorum</span> <span class='ocrx_word' id='word_1_689' title='bbox 3914 3885 4112 3951; x_wconf 90' lang='lat' dir='ltr'>saluti</span> <span class='ocrx_word' id='word_1_690' title='bbox 4137 3885 4525 3969; x_wconf 82' lang='lat' dir='ltr'>praesideat,</span> 
     </span>
     <span class='ocr_line' id='line_1_100' title="bbox 2573 3971 4531 4056; baseline -0.002 -17"><span class='ocrx_word' id='word_1_691' title='bbox 2573 3993 2648 4039; x_wconf 91' lang='lat' dir='ltr'>ac</span> <span class='ocrx_word' id='word_1_692' title='bbox 2693 3994 2764 4039; x_wconf 89' lang='lat' dir='ltr'>re</span> <span class='ocrx_word' id='word_1_693' title='bbox 2806 3975 2952 4056; x_wconf 89' lang='lat' dir='ltr'>ipsa</span> <span class='ocrx_word' id='word_1_694' title='bbox 2997 3974 3398 4039; x_wconf 87' lang='lat' dir='ltr'>demonstret</span> <span class='ocrx_word' id='word_1_695' title='bbox 3443 3995 3513 4038; x_wconf 90' lang='lat' dir='ltr'>se</span> <span class='ocrx_word' id='word_1_696' title='bbox 3556 3973 3729 4038; x_wconf 88' lang='lat' dir='ltr'>inter</span> <span class='ocrx_word' id='word_1_697' title='bbox 3770 3974 3946 4054; x_wconf 88' lang='lat' dir='ltr'>ipsos</span> <span class='ocrx_word' id='word_1_698' title='bbox 3990 3971 4304 4037; x_wconf 89' lang='lat' dir='ltr'>residere.</span> <span class='ocrx_word' id='word_1_699' title='bbox 4377 3971 4531 4044; x_wconf 86' lang='lat' dir='ltr'>Cae-</span> 
     </span>
     <span class='ocr_line' id='line_1_101' title="bbox 2575 4057 4529 4144; baseline -0.002 -20"><span class='ocrx_word' id='word_1_700' title='bbox 2575 4069 2786 4124; x_wconf 87' lang='lat' dir='ltr'>terum</span> <span class='ocrx_word' id='word_1_701' title='bbox 2814 4061 3220 4143; x_wconf 89' lang='lat' dir='ltr'>praesentiae</span> <span class='ocrx_word' id='word_1_702' title='bbox 3257 4059 3652 4144; x_wconf 83' lang='lat' dir='ltr'>symbolum,</span> <span class='ocrx_word' id='word_1_703' title='bbox 3690 4067 3759 4124; x_wconf 94' lang='lat' dir='ltr'>et</span> <span class='ocrx_word' id='word_1_704' title='bbox 3794 4057 3982 4141; x_wconf 91' lang='lat' dir='ltr'>quasi</span> <span class='ocrx_word' id='word_1_705' title='bbox 4020 4060 4266 4141; x_wconf 87' lang='lat' dir='ltr'>pignus</span> <span class='ocrx_word' id='word_1_706' title='bbox 4306 4058 4529 4124; x_wconf 88' lang='lat' dir='ltr'>statuit</span> 
     </span>
     <span class='ocr_line' id='line_1_102' title="bbox 2574 4145 4526 4230; baseline -0.001 -21"><span class='ocrx_word' id='word_1_707' title='bbox 2574 4148 3056 4211; x_wconf 87' lang='lat' dir='ltr'>sanctuarium:</span> <span class='ocrx_word' id='word_1_708' title='bbox 3097 4146 3268 4211; x_wconf 87' lang='lat' dir='ltr'>unde</span> <span class='ocrx_word' id='word_1_709' title='bbox 3291 4146 3557 4210; x_wconf 86' lang='lat' dir='ltr'>volebat</span> <span class='ocrx_word' id='word_1_710' title='bbox 3574 4145 3875 4230; x_wconf 90' lang='lat' dir='ltr'>regulam</span> <span class='ocrx_word' id='word_1_711' title='bbox 3910 4145 4175 4227; x_wconf 87' lang='lat' dir='ltr'>pietatis</span> <span class='ocrx_word' id='word_1_712' title='bbox 4209 4145 4526 4228; x_wconf 86' lang='lat' dir='ltr'>proferre,</span> 
     </span>
     <span class='ocr_line' id='line_1_103' title="bbox 2573 4232 4036 4315; baseline 0 -19"><span class='ocrx_word' id='word_1_713' title='bbox 2573 4240 2639 4296; x_wconf 93' lang='lat' dir='ltr'>et</span> <span class='ocrx_word' id='word_1_714' title='bbox 2682 4253 2721 4295; x_wconf 90' lang='lat' dir='ltr'>a</span> <span class='ocrx_word' id='word_1_715' title='bbox 2764 4232 3125 4298; x_wconf 85' lang='lat' dir='ltr'>cultoribus</span> <span class='ocrx_word' id='word_1_716' title='bbox 3160 4233 3295 4298; x_wconf 88' lang='lat' dir='ltr'>suis</span> <span class='ocrx_word' id='word_1_717' title='bbox 3340 4232 3494 4315; x_wconf 89' lang='lat' dir='ltr'>peti.</span> <span class='ocrx_word' id='word_1_718' title='bbox 4028 4258 4036 4266; x_wconf 89' lang='lat'><strong>·</strong></span> 
     </span>
    </p>
   </div>
   <div class='ocr_carea' id='block_1_14' title="bbox 3090 4571 4004 4641">
    <p class='ocr_par' dir='ltr' id='par_1_16' title="bbox 3090 4571 4004 4641">
     <span class='ocr_line' id='line_1_104' title="bbox 3090 4571 4004 4641; baseline 0 -2"><span class='ocrx_word' id='word_1_719' title='bbox 3090 4574 3222 4640; x_wconf 84' lang='lat' dir='ltr'>EX</span> <span class='ocrx_word' id='word_1_720' title='bbox 3266 4573 3620 4641; x_wconf 85' lang='lat' dir='ltr'>NUMER.</span> <span class='ocrx_word' id='word_1_721' title='bbox 3662 4571 4004 4639; x_wconf 84' lang='lat' dir='ltr'>XXVIII.</span> 
     </span>
    </p>
   </div>
   <div class='ocr_carea' id='block_1_15' title="bbox 2565 4741 4527 5431">
    <p class='ocr_par' dir='ltr' id='par_1_17' title="bbox 2565 4741 4527 5431">
     <span class='ocr_line' id='line_1_105' title="bbox 2750 4741 4527 4826; baseline -0.002 -17"><span class='ocrx_word' id='word_1_722' title='bbox 2750 4745 2807 4809; x_wconf 92' lang='lat'>1.</span> <span class='ocrx_word' id='word_1_723' title='bbox 2852 4744 2943 4810; x_wconf 76' lang='lat' dir='ltr'>Et</span> <span class='ocrx_word' id='word_1_724' title='bbox 2994 4745 3285 4826; x_wconf 81' lang='lat' dir='ltr'>loquutus</span> <span class='ocrx_word' id='word_1_725' title='bbox 3337 4751 3425 4811; x_wconf 77' lang='lat' dir='ltr'>est</span> <span class='ocrx_word' id='word_1_726' title='bbox 3484 4744 3713 4810; x_wconf 75' lang='lat' dir='ltr'>Iehova</span> <span class='ocrx_word' id='word_1_727' title='bbox 3778 4744 3864 4810; x_wconf 83' lang='lat' dir='ltr'>ad</span> <span class='ocrx_word' id='word_1_728' title='bbox 3920 4741 4177 4823; x_wconf 77' lang='lat' dir='ltr'>Mosen,</span> <span class='ocrx_word' id='word_1_729' title='bbox 4240 4743 4527 4808; x_wconf 78' lang='lat' dir='ltr'>dicendo:</span> 
     </span>
     <span class='ocr_line' id='line_1_106' title="bbox 2577 4829 4523 4912; baseline -0.002 -16"><span class='ocrx_word' id='word_1_730' title='bbox 2577 4832 2635 4898; x_wconf 83' lang='lat'>2.</span> <span class='ocrx_word' id='word_1_731' title='bbox 2684 4830 2990 4912; x_wconf 74' lang='lat' dir='ltr'>Praecipe</span> <span class='ocrx_word' id='word_1_732' title='bbox 3028 4831 3191 4912; x_wconf 70' lang='lat' dir='ltr'>filiis</span> <span class='ocrx_word' id='word_1_733' title='bbox 3227 4831 3448 4911; x_wconf 81' lang='lat' dir='ltr'>Israel,</span> <span class='ocrx_word' id='word_1_734' title='bbox 3492 4836 3549 4895; x_wconf 80' lang='lat' dir='ltr'>et</span> <span class='ocrx_word' id='word_1_735' title='bbox 3581 4831 3682 4896; x_wconf 81' lang='lat' dir='ltr'>dic</span> <span class='ocrx_word' id='word_1_736' title='bbox 3714 4831 3840 4895; x_wconf 79' lang='lat' dir='ltr'>eis:</span> <span class='ocrx_word' id='word_1_737' title='bbox 3889 4829 4276 4895; x_wconf 79' lang='lat' dir='ltr'>Oblationem</span> <span class='ocrx_word' id='word_1_738' title='bbox 4310 4847 4523 4906; x_wconf 83' lang='lat' dir='ltr'>meam,</span> 
     </span>
     <span class='ocr_line' id='line_1_107' title="bbox 2565 4916 4524 4999; baseline -0.002 -17"><span class='ocrx_word' id='word_1_739' title='bbox 2565 4938 2800 4999; x_wconf 78' lang='lat' dir='ltr'>panem</span> <span class='ocrx_word' id='word_1_740' title='bbox 2841 4938 3046 4983; x_wconf 80' lang='lat' dir='ltr'>meum</span> <span class='ocrx_word' id='word_1_741' title='bbox 3102 4919 3174 4982; x_wconf 80' lang='lat' dir='ltr'>in</span> <span class='ocrx_word' id='word_1_742' title='bbox 3229 4917 3639 4983; x_wconf 77' lang='lat' dir='ltr'>oblationibus</span> <span class='ocrx_word' id='word_1_743' title='bbox 3693 4916 3849 4980; x_wconf 81' lang='lat' dir='ltr'>meis</span> <span class='ocrx_word' id='word_1_744' title='bbox 3903 4916 4124 4998; x_wconf 77' lang='lat' dir='ltr'>iynitis</span> <span class='ocrx_word' id='word_1_745' title='bbox 4166 4917 4237 4980; x_wconf 82' lang='lat' dir='ltr'>in</span> <span class='ocrx_word' id='word_1_746' title='bbox 4284 4917 4524 4981; x_wconf 80' lang='lat' dir='ltr'>odorem</span> 
     </span>
     <span class='ocr_line' id='line_1_108' title="bbox 2576 5001 4521 5085; baseline -0.003 -17"><span class='ocrx_word' id='word_1_747' title='bbox 2576 5006 2803 5085; x_wconf 75' lang='lat' dir='ltr'>quietis</span> <span class='ocrx_word' id='word_1_748' title='bbox 2845 5024 3016 5069; x_wconf 84' lang='lat' dir='ltr'>meae</span> <span class='ocrx_word' id='word_1_749' title='bbox 3059 5004 3431 5080; x_wconf 67' lang='lat' dir='ltr'>custodietis,</span> <span class='ocrx_word' id='word_1_750' title='bbox 3479 5008 3548 5067; x_wconf 73' lang='lat' dir='ltr'>ut</span> <span class='ocrx_word' id='word_1_751' title='bbox 3588 5003 3865 5083; x_wconf 72' lang='lat' dir='ltr'>offeratis</span> <span class='ocrx_word' id='word_1_752' title='bbox 3897 5001 4059 5067; x_wconf 71' lang='lat' dir='ltr'>mihi</span> <span class='ocrx_word' id='word_1_753' title='bbox 4094 5007 4365 5082; x_wconf 78' lang='lat' dir='ltr'>tempore</span> <span class='ocrx_word' id='word_1_754' title='bbox 4397 5020 4521 5066; x_wconf 77' lang='lat' dir='ltr'>suc.</span> 
     </span>
     <span class='ocr_line' id='line_1_109' title="bbox 2578 5087 4524 5171; baseline -0.002 -16"><span class='ocrx_word' id='word_1_755' title='bbox 2578 5090 2637 5155; x_wconf 88' lang='lat'>3.</span> <span class='ocrx_word' id='word_1_756' title='bbox 2684 5089 2877 5155; x_wconf 79' lang='lat' dir='ltr'>Dices</span> <span class='ocrx_word' id='word_1_757' title='bbox 2910 5095 3237 5171; x_wconf 74' lang='lat' dir='ltr'>praeterea</span> <span class='ocrx_word' id='word_1_758' title='bbox 3270 5089 3430 5154; x_wconf 73' lang='lat' dir='ltr'>illis.-</span> <span class='ocrx_word' id='word_1_759' title='bbox 3478 5087 3651 5153; x_wconf 81' lang='lat' dir='ltr'>Haec</span> <span class='ocrx_word' id='word_1_760' title='bbox 3694 5092 3785 5153; x_wconf 78' lang='lat' dir='ltr'>est</span> <span class='ocrx_word' id='word_1_761' title='bbox 3824 5087 4046 5153; x_wconf 75' lang='lat' dir='ltr'>oblatio</span> <span class='ocrx_word' id='word_1_762' title='bbox 4088 5089 4298 5171; x_wconf 67' lang='lat' dir='ltr'>iyniia</span> <span class='ocrx_word' id='word_1_763' title='bbox 4340 5106 4524 5170; x_wconf 75' lang='lat' dir='ltr'>quam</span> 
     </span>
     <span class='ocr_line' id='line_1_110' title="bbox 2578 5173 4523 5258; baseline -0.001 -19"><span class='ocrx_word' id='word_1_764' title='bbox 2578 5176 2848 5258; x_wconf 79' lang='lat' dir='ltr'>offeretis</span> <span class='ocrx_word' id='word_1_765' title='bbox 2902 5175 3163 5240; x_wconf 76' lang='lat' dir='ltr'>Iebovae</span> <span class='ocrx_word' id='word_1_766' title='bbox 3177 5228 3193 5255; x_wconf 91' lang='lat'>‚</span> <span class='ocrx_word' id='word_1_767' title='bbox 3260 5195 3454 5258; x_wconf 71' lang='lat' dir='ltr'>aynos</span> <span class='ocrx_word' id='word_1_768' title='bbox 3506 5173 3830 5239; x_wconf 77' lang='lat' dir='ltr'>anniculos</span> <span class='ocrx_word' id='word_1_769' title='bbox 3884 5173 4320 5240; x_wconf 70' lang='lat' dir='ltr'>immaculatos</span> <span class='ocrx_word' id='word_1_770' title='bbox 4375 5175 4523 5238; x_wconf 75' lang='lat' dir='ltr'>duos</span> 
     </span>
     <span class='ocr_line' id='line_1_111' title="bbox 2580 5259 4523 5344; baseline -0.002 -18"><span class='ocrx_word' id='word_1_771' title='bbox 2580 5262 2855 5344; x_wconf 77' lang='lat' dir='ltr'>quotidie</span> <span class='ocrx_word' id='word_1_772' title='bbox 2906 5260 3323 5327; x_wconf 80' lang='lat' dir='ltr'>holocaustum</span> <span class='ocrx_word' id='word_1_773' title='bbox 3381 5261 3538 5344; x_wconf 73' lang='lat' dir='ltr'>iuye.</span> <span class='ocrx_word' id='word_1_774' title='bbox 3644 5260 3704 5325; x_wconf 90' lang='lat'>4.</span> <span class='ocrx_word' id='word_1_775' title='bbox 3769 5261 4025 5343; x_wconf 77' lang='lat' dir='ltr'>Aynum</span> <span class='ocrx_word' id='word_1_776' title='bbox 4078 5280 4277 5326; x_wconf 84' lang='lat' dir='ltr'>unum</span> <span class='ocrx_word' id='word_1_777' title='bbox 4330 5259 4523 5341; x_wconf 75' lang='lat' dir='ltr'>facies</span> 
     </span>
     <span class='ocr_line' id='line_1_112' title="bbox 2580 5341 4523 5431; baseline -0.003 -18"><span class='ocrx_word' id='word_1_778' title='bbox 2580 5367 2763 5413; x_wconf 77' lang='lat' dir='ltr'>mane</span> <span class='ocrx_word' id='word_1_779' title='bbox 2778 5397 2792 5426; x_wconf 89' lang='lat'>‚</span> <span class='ocrx_word' id='word_1_780' title='bbox 2838 5350 2896 5412; x_wconf 79' lang='lat' dir='ltr'>et</span> <span class='ocrx_word' id='word_1_781' title='bbox 2936 5367 3173 5431; x_wconf 76' lang='lat' dir='ltr'>aynum</span> <span class='ocrx_word' id='word_1_782' title='bbox 3215 5346 3481 5414; x_wconf 79' lang='lat' dir='ltr'>alterum</span> <span class='ocrx_word' id='word_1_783' title='bbox 3522 5347 3684 5413; x_wconf 78' lang='lat' dir='ltr'>inter</span> <span class='ocrx_word' id='word_1_784' title='bbox 3725 5346 3890 5413; x_wconf 76' lang='lat' dir='ltr'>duas</span> <span class='ocrx_word' id='word_1_785' title='bbox 3930 5366 4238 5429; x_wconf 75' lang='lat' dir='ltr'>vesperas.</span> <span class='ocrx_word' id='word_1_786' title='bbox 4330 5345 4391 5411; x_wconf 82' lang='lat'>5.</span> <span class='ocrx_word' id='word_1_787' title='bbox 4437 5341 4523 5407; x_wconf 74' lang='lat' dir='ltr'>Et</span> 
     </span>
    </p>
   </div>
   <div class='ocr_carea' id='block_1_16' title="bbox 4783 24 4835 6108">
    <p class='ocr_par' dir='ltr' id='par_1_18' title="bbox 4783 24 4835 6108">
     <span class='ocr_line' id='line_1_113' title="bbox 4783 24 4835 6108; baseline 0 0"><span class='ocrx_word' id='word_1_788' title='bbox 4783 24 4835 6108; x_wconf 95' lang='lat' dir='ltr'> </span> 
     </span>
    </p>
   </div>
  </div>
 </body>
</html>
