<?xml version="1.0" encoding="UTF-8"?>
<!DOCTYPE html PUBLIC "-//W3C//DTD XHTML 1.0 Transitional//EN"
    "http://www.w3.org/TR/xhtml1/DTD/xhtml1-transitional.dtd">
<html xmlns="http://www.w3.org/1999/xhtml" xml:lang="en" lang="en">
 <head>
  <title>
</title>
<meta http-equiv="Content-Type" content="text/html;charset=utf-8" />
  <meta name='ocr-system' content='tesseract 3.04.00' />
  <meta name='ocr-capabilities' content='ocr_page ocr_carea ocr_par ocr_line ocrx_word'/>
</head>
<body>
  <div class='ocr_page' id='page_1' title='image "./ioanniscalvinio04unkngoog_0157.png"; bbox 0 0 4867 6150; ppageno 0'>
   <div class='ocr_carea' id='block_1_1' title="bbox 243 432 456 500">
    <p class='ocr_par' dir='ltr' id='par_1_1' title="bbox 243 432 456 500">
     <span class='ocr_line' id='line_1_1' title="bbox 243 432 456 500; baseline -0.005 -2"><span class='ocrx_word' id='word_1_1' title='bbox 243 495 246 498; x_wconf 21' lang='lat'><strong>⁴</strong></span> <span class='ocrx_word' id='word_1_2' title='bbox 337 432 456 500; x_wconf 84' lang='lat'><strong>289</strong></span> 
     </span>
    </p>
   </div>
   <div class='ocr_carea' id='block_1_2' title="bbox 247 621 2288 2509">
    <p class='ocr_par' dir='ltr' id='par_1_2' title="bbox 247 621 2288 2509">
     <span class='ocr_line' id='line_1_2' title="bbox 335 621 2268 705; baseline -0.001 -19"><span class='ocrx_word' id='word_1_3' title='bbox 335 623 402 687; x_wconf 89' lang='lat' dir='ltr'><strong>in</strong></span> <span class='ocrx_word' id='word_1_4' title='bbox 457 629 634 686; x_wconf 90' lang='lat' dir='ltr'><strong>terra</strong></span> <span class='ocrx_word' id='word_1_5' title='bbox 691 621 947 702; x_wconf 87' lang='lat' dir='ltr'><strong>hostili,</strong></span> <span class='ocrx_word' id='word_1_6' title='bbox 1003 643 1136 687; x_wconf 90' lang='lat' dir='ltr'><strong>non</strong></span> <span class='ocrx_word' id='word_1_7' title='bbox 1195 632 1553 705; x_wconf 86' lang='lat' dir='ltr'><strong>suppetunt</strong></span> <span class='ocrx_word' id='word_1_8' title='bbox 1608 622 1919 701; x_wconf 77' lang='lat' dir='ltr'><strong>lautitiae,</strong></span> <span class='ocrx_word' id='word_1_9' title='bbox 1975 622 2088 688; x_wconf 91' lang='lat' dir='ltr'><strong>sed</strong></span> <span class='ocrx_word' id='word_1_10' title='bbox 2133 621 2268 686; x_wconf 92' lang='lat' dir='ltr'><strong>illis</strong></span> 
     </span>
     <span class='ocr_line' id='line_1_3' title="bbox 336 707 2270 793; baseline 0 -22"><span class='ocrx_word' id='word_1_11' title='bbox 336 707 596 772; x_wconf 87' lang='lat' dir='ltr'><strong>obvium</strong></span> <span class='ocrx_word' id='word_1_12' title='bbox 652 707 947 790; x_wconf 90' lang='lat' dir='ltr'><strong>quodque</strong></span> <span class='ocrx_word' id='word_1_13' title='bbox 1002 708 1491 775; x_wconf 77' lang='lat' dir='ltr'><strong>condimentum</strong></span> <span class='ocrx_word' id='word_1_14' title='bbox 1557 709 1804 790; x_wconf 86' lang='lat' dir='ltr'><strong>optime</strong></span> <span class='ocrx_word' id='word_1_15' title='bbox 1867 709 2065 793; x_wconf 86' lang='lat' dir='ltr'><strong>sapit:</strong></span> <span class='ocrx_word' id='word_1_16' title='bbox 2149 727 2270 772; x_wconf 90' lang='lat' dir='ltr'><strong>nec</strong></span> 
     </span>
     <span class='ocr_line' id='line_1_4' title="bbox 336 791 2270 876; baseline -0.001 -18"><span class='ocrx_word' id='word_1_17' title='bbox 336 813 439 858; x_wconf 90' lang='lat' dir='ltr'><strong>eos</strong></span> <span class='ocrx_word' id='word_1_18' title='bbox 490 791 764 858; x_wconf 86' lang='lat' dir='ltr'><strong>offendit</strong></span> <span class='ocrx_word' id='word_1_19' title='bbox 807 793 1187 872; x_wconf 86' lang='lat' dir='ltr'><strong>amaritudo,</strong></span> <span class='ocrx_word' id='word_1_20' title='bbox 1231 794 1426 860; x_wconf 89' lang='lat' dir='ltr'><strong>sicuti</strong></span> <span class='ocrx_word' id='word_1_21' title='bbox 1469 795 1538 858; x_wconf 89' lang='lat' dir='ltr'><strong>in</strong></span> <span class='ocrx_word' id='word_1_22' title='bbox 1584 795 1770 876; x_wconf 87' lang='lat' dir='ltr'><strong>copia</strong></span> <span class='ocrx_word' id='word_1_23' title='bbox 1812 803 1880 857; x_wconf 90' lang='lat' dir='ltr'><strong>et</strong></span> <span class='ocrx_word' id='word_1_24' title='bbox 1930 795 2061 859; x_wconf 92' lang='lat' dir='ltr'><strong>otio</strong></span> <span class='ocrx_word' id='word_1_25' title='bbox 2105 794 2270 858; x_wconf 86' lang='lat' dir='ltr'><strong>acci-</strong></span> 
     </span>
     <span class='ocr_line' id='line_1_5' title="bbox 339 878 2271 964; baseline -0.001 -20"><span class='ocrx_word' id='word_1_26' title='bbox 339 878 487 944; x_wconf 88' lang='lat' dir='ltr'><strong>dere</strong></span> <span class='ocrx_word' id='word_1_27' title='bbox 541 879 724 944; x_wconf 88' lang='lat' dir='ltr'><strong>solet.</strong></span> <span class='ocrx_word' id='word_1_28' title='bbox 822 880 1028 945; x_wconf 81' lang='lat' dir='ltr'><strong>Forte</strong></span> <span class='ocrx_word' id='word_1_29' title='bbox 1087 879 1287 945; x_wconf 90' lang='lat' dir='ltr'><strong>etiam</strong></span> <span class='ocrx_word' id='word_1_30' title='bbox 1332 880 1647 964; x_wconf 79' lang='lat' dir='ltr'><strong>pristinae</strong></span> <span class='ocrx_word' id='word_1_31' title='bbox 1692 880 2086 946; x_wconf 89' lang='lat' dir='ltr'><strong>conditionis</strong></span> <span class='ocrx_word' id='word_1_32' title='bbox 2129 879 2271 944; x_wconf 87' lang='lat' dir='ltr'><strong>fue-</strong></span> 
     </span>
     <span class='ocr_line' id='line_1_6' title="bbox 338 962 2271 1049; baseline -0.001 -18"><span class='ocrx_word' id='word_1_33' title='bbox 338 972 492 1031; x_wconf 83' lang='lat' dir='ltr'><strong>runt</strong></span> <span class='ocrx_word' id='word_1_34' title='bbox 558 962 905 1030; x_wconf 84' lang='lat' dir='ltr'><strong>admoniti:</strong></span> <span class='ocrx_word' id='word_1_35' title='bbox 980 967 1129 1048; x_wconf 91' lang='lat' dir='ltr'><strong>quia</strong></span> <span class='ocrx_word' id='word_1_36' title='bbox 1195 967 1316 1031; x_wconf 92' lang='lat' dir='ltr'><strong>sub</strong></span> <span class='ocrx_word' id='word_1_37' title='bbox 1385 977 1521 1030; x_wconf 87' lang='lat' dir='ltr'><strong>tam</strong></span> <span class='ocrx_word' id='word_1_38' title='bbox 1585 964 1729 1030; x_wconf 88' lang='lat' dir='ltr'><strong>dira</strong></span> <span class='ocrx_word' id='word_1_39' title='bbox 1794 966 2142 1049; x_wconf 82' lang='lat' dir='ltr'><strong>tyrannide</strong></span> <span class='ocrx_word' id='word_1_40' title='bbox 2207 974 2271 1030; x_wconf 90' lang='lat' dir='ltr'><strong>et</strong></span> 
     </span>
     <span class='ocr_line' id='line_1_7' title="bbox 339 1049 2277 1133; baseline -0.001 -16"><span class='ocrx_word' id='word_1_41' title='bbox 339 1049 567 1117; x_wconf 84' lang='lat' dir='ltr'><strong>acerba</strong></span> <span class='ocrx_word' id='word_1_42' title='bbox 605 1050 769 1115; x_wconf 87' lang='lat' dir='ltr'><strong>nihil</strong></span> <span class='ocrx_word' id='word_1_43' title='bbox 814 1072 1014 1117; x_wconf 86' lang='lat' dir='ltr'><strong>suave</strong></span> <span class='ocrx_word' id='word_1_44' title='bbox 1058 1061 1170 1117; x_wconf 87' lang='lat' dir='ltr'><strong>aut</strong></span> <span class='ocrx_word' id='word_1_45' title='bbox 1214 1051 1575 1118; x_wconf 89' lang='lat' dir='ltr'><strong>iucundum</strong></span> <span class='ocrx_word' id='word_1_46' title='bbox 1620 1072 1760 1117; x_wconf 89' lang='lat' dir='ltr'><strong>esse</strong></span> <span class='ocrx_word' id='word_1_47' title='bbox 1805 1053 2036 1133; x_wconf 91' lang='lat' dir='ltr'><strong>potuit.</strong></span> <span class='ocrx_word' id='word_1_48' title='bbox 2125 1051 2277 1117; x_wconf 89' lang='lat' dir='ltr'><strong>Cla-</strong></span> 
     </span>
     <span class='ocr_line' id='line_1_8' title="bbox 339 1136 2272 1221; baseline 0 -20"><span class='ocrx_word' id='word_1_49' title='bbox 339 1137 471 1201; x_wconf 89' lang='lat' dir='ltr'><strong>rius</strong></span> <span class='ocrx_word' id='word_1_50' title='bbox 524 1145 747 1200; x_wconf 90' lang='lat' dir='ltr'><strong>tamen</strong></span> <span class='ocrx_word' id='word_1_51' title='bbox 805 1157 1116 1221; x_wconf 89' lang='lat' dir='ltr'><strong>expressa</strong></span> <span class='ocrx_word' id='word_1_52' title='bbox 1168 1138 1291 1202; x_wconf 84' lang='lat' dir='ltr'><strong>fuit</strong></span> <span class='ocrx_word' id='word_1_53' title='bbox 1333 1137 1683 1215; x_wconf 81' lang='lat' dir='ltr'><strong>festinatiO,</strong></span> <span class='ocrx_word' id='word_1_54' title='bbox 1734 1157 1935 1220; x_wconf 92' lang='lat' dir='ltr'><strong>quum</strong></span> <span class='ocrx_word' id='word_1_55' title='bbox 1981 1136 2272 1216; x_wconf 88' lang='lat' dir='ltr'><strong>calceati,</strong></span> 
     </span>
     <span class='ocr_line' id='line_1_9' title="bbox 247 1220 2274 1307; baseline -0 -19"><span class='ocrx_word' id='word_1_56' title='bbox 247 1293 252 1297; x_wconf 56' lang='grc'>,</span> <span class='ocrx_word' id='word_1_57' title='bbox 339 1220 664 1298; x_wconf 73' lang='lat' dir='ltr'><strong>succincti,</strong></span> <span class='ocrx_word' id='word_1_58' title='bbox 722 1222 1066 1306; x_wconf 88' lang='lat' dir='ltr'><strong>iunixique</strong></span> <span class='ocrx_word' id='word_1_59' title='bbox 1111 1223 1359 1290; x_wconf 89' lang='lat' dir='ltr'><strong>baculis</strong></span> <span class='ocrx_word' id='word_1_60' title='bbox 1403 1244 1646 1307; x_wconf 84' lang='lat' dir='ltr'><strong>agnum</strong></span> <span class='ocrx_word' id='word_1_61' title='bbox 1693 1222 1933 1305; x_wconf 85' lang='lat' dir='ltr'><strong>raptim</strong></span> <span class='ocrx_word' id='word_1_62' title='bbox 1977 1221 2274 1289; x_wconf 91' lang='lat' dir='ltr'><strong>comede-</strong></span> 
     </span>
     <span class='ocr_line' id='line_1_10' title="bbox 338 1309 2273 1392; baseline 0.001 -20"><span class='ocrx_word' id='word_1_63' title='bbox 338 1316 503 1372; x_wconf 90' lang='lat' dir='ltr'><strong>rent.</strong></span> <span class='ocrx_word' id='word_1_64' title='bbox 594 1311 653 1371; x_wconf 90' lang='lat' dir='ltr'>A</span> <span class='ocrx_word' id='word_1_65' title='bbox 699 1329 902 1374; x_wconf 88' lang='lat' dir='ltr'><strong>coena</strong></span> <span class='ocrx_word' id='word_1_66' title='bbox 946 1309 1263 1375; x_wconf 76' lang='lat' dir='ltr'><strong>transitus</strong></span> <span class='ocrx_word' id='word_1_67' title='bbox 1304 1316 1409 1375; x_wconf 90' lang='lat' dir='ltr'><strong>est</strong></span> <span class='ocrx_word' id='word_1_68' title='bbox 1451 1309 1534 1374; x_wconf 88' lang='lat' dir='ltr'><strong>ad</strong></span> <span class='ocrx_word' id='word_1_69' title='bbox 1576 1309 1818 1375; x_wconf 87' lang='lat' dir='ltr'><strong>lectum</strong></span> <span class='ocrx_word' id='word_1_70' title='bbox 1863 1319 1930 1375; x_wconf 90' lang='lat' dir='ltr'><strong>et</strong></span> <span class='ocrx_word' id='word_1_71' title='bbox 1974 1312 2273 1392; x_wconf 90' lang='lat' dir='ltr'><strong>quietem.</strong></span> 
     </span>
     <span class='ocr_line' id='line_1_11' title="bbox 339 1393 2275 1476; baseline 0.001 -18"><span class='ocrx_word' id='word_1_72' title='bbox 339 1393 569 1476; x_wconf 85' lang='lat' dir='ltr'><strong>Itaque</strong></span> <span class='ocrx_word' id='word_1_73' title='bbox 615 1402 865 1460; x_wconf 76' lang='lat' dir='ltr'><strong>veteres</strong></span> <span class='ocrx_word' id='word_1_74' title='bbox 918 1404 986 1459; x_wconf 90' lang='lat' dir='ltr'><strong>et</strong></span> <span class='ocrx_word' id='word_1_75' title='bbox 1039 1395 1287 1461; x_wconf 86' lang='lat' dir='ltr'><strong>calceos</strong></span> <span class='ocrx_word' id='word_1_76' title='bbox 1330 1415 1569 1461; x_wconf 86' lang='lat' dir='ltr'><strong>exuere</strong></span> <span class='ocrx_word' id='word_1_77' title='bbox 1613 1404 1682 1459; x_wconf 88' lang='lat' dir='ltr'><strong>et</strong></span> <span class='ocrx_word' id='word_1_78' title='bbox 1724 1394 2128 1460; x_wconf 84' lang='lat' dir='ltr'><strong>discumbere</strong></span> <span class='ocrx_word' id='word_1_79' title='bbox 2172 1415 2275 1460; x_wconf 88' lang='lat' dir='ltr'><strong>so-</strong></span> 
     </span>
     <span class='ocr_line' id='line_1_12' title="bbox 339 1479 2278 1564; baseline 0.001 -20"><span class='ocrx_word' id='word_1_80' title='bbox 339 1479 580 1544; x_wconf 88' lang='lat' dir='ltr'><strong>lebant.</strong></span> <span class='ocrx_word' id='word_1_81' title='bbox 698 1479 900 1546; x_wconf 91' lang='lat' dir='ltr'><strong>Hunc</strong></span> <span class='ocrx_word' id='word_1_82' title='bbox 980 1502 1225 1545; x_wconf 91' lang='lat' dir='ltr'><strong>morem</strong></span> <span class='ocrx_word' id='word_1_83' title='bbox 1302 1482 1571 1546; x_wconf 84' lang='lat' dir='ltr'><strong>invertit</strong></span> <span class='ocrx_word' id='word_1_84' title='bbox 1633 1480 1858 1564; x_wconf 88' lang='lat' dir='ltr'><strong>populi</strong></span> <span class='ocrx_word' id='word_1_85' title='bbox 1924 1481 2278 1547; x_wconf 88' lang='lat' dir='ltr'><strong>necessitas</strong></span> 
     </span>
     <span class='ocr_line' id='line_1_13' title="bbox 339 1563 2277 1648; baseline 0.001 -19"><span class='ocrx_word' id='word_1_86' title='bbox 339 1563 598 1648; x_wconf 88' lang='lat' dir='ltr'><strong>quando</strong></span> <span class='ocrx_word' id='word_1_87' title='bbox 644 1585 794 1629; x_wconf 82' lang='lat' dir='ltr'><strong>mox</strong></span> <span class='ocrx_word' id='word_1_88' title='bbox 839 1586 879 1629; x_wconf 90' lang='lat' dir='ltr'><strong>a</strong></span> <span class='ocrx_word' id='word_1_89' title='bbox 917 1586 1120 1632; x_wconf 88' lang='lat' dir='ltr'><strong>coena</strong></span> <span class='ocrx_word' id='word_1_90' title='bbox 1160 1566 1386 1645; x_wconf 84' lang='lat' dir='ltr'><strong>fugere</strong></span> <span class='ocrx_word' id='word_1_91' title='bbox 1424 1575 1688 1632; x_wconf 87' lang='lat' dir='ltr'><strong>coactus</strong></span> <span class='ocrx_word' id='word_1_92' title='bbox 1724 1574 1842 1632; x_wconf 88' lang='lat' dir='ltr'><strong>est.</strong></span> <span class='ocrx_word' id='word_1_93' title='bbox 1902 1567 2061 1632; x_wconf 88' lang='lat' dir='ltr'><strong>Ideo</strong></span> <span class='ocrx_word' id='word_1_94' title='bbox 2096 1565 2277 1631; x_wconf 88' lang='lat' dir='ltr'><strong>addi-</strong></span> 
     </span>
     <span class='ocr_line' id='line_1_14' title="bbox 340 1650 2279 1737; baseline 0.001 -22"><span class='ocrx_word' id='word_1_95' title='bbox 340 1662 447 1715; x_wconf 86' lang='lat' dir='ltr'><strong>tur</strong></span> <span class='ocrx_word' id='word_1_96' title='bbox 487 1650 655 1715; x_wconf 90' lang='lat' dir='ltr'><strong>ratio</strong></span> <span class='ocrx_word' id='word_1_97' title='bbox 698 1672 839 1716; x_wconf 89' lang='lat' dir='ltr'><strong>esse</strong></span> <span class='ocrx_word' id='word_1_98' title='bbox 882 1652 1096 1717; x_wconf 90' lang='lat' dir='ltr'><strong>Pesah</strong></span> <span class='ocrx_word' id='word_1_99' title='bbox 1141 1651 1455 1718; x_wconf 83' lang='lat' dir='ltr'><strong>Iehovae:</strong></span> <span class='ocrx_word' id='word_1_100' title='bbox 1516 1652 1822 1736; x_wconf 89' lang='lat' dir='ltr'><strong>quoniam</strong></span> <span class='ocrx_word' id='word_1_101' title='bbox 1878 1653 1949 1717; x_wconf 92' lang='lat' dir='ltr'><strong>in</strong></span> <span class='ocrx_word' id='word_1_102' title='bbox 1992 1653 2279 1737; x_wconf 88' lang='lat' dir='ltr'><strong>trepida-</strong></span> 
     </span>
     <span class='ocr_line' id='line_1_15' title="bbox 339 1736 2276 1822; baseline 0.001 -22"><span class='ocrx_word' id='word_1_103' title='bbox 339 1738 517 1801; x_wconf 88' lang='lat' dir='ltr'><strong>tione</strong></span> <span class='ocrx_word' id='word_1_104' title='bbox 559 1748 626 1800; x_wconf 89' lang='lat' dir='ltr'><strong>et</strong></span> <span class='ocrx_word' id='word_1_105' title='bbox 668 1738 998 1801; x_wconf 86' lang='lat' dir='ltr'><strong>saeviente</strong></span> <span class='ocrx_word' id='word_1_106' title='bbox 1043 1736 1169 1803; x_wconf 91' lang='lat' dir='ltr'><strong>Dei</strong></span> <span class='ocrx_word' id='word_1_107' title='bbox 1214 1738 1428 1822; x_wconf 85' lang='lat' dir='ltr'><strong>gladio</strong></span> <span class='ocrx_word' id='word_1_108' title='bbox 1486 1739 1657 1804; x_wconf 79' lang='lat' dir='ltr'><strong>salvi</strong></span> <span class='ocrx_word' id='word_1_109' title='bbox 1705 1737 2051 1804; x_wconf 85' lang='lat' dir='ltr'><strong>evaserint.</strong></span> <span class='ocrx_word' id='word_1_110' title='bbox 2144 1736 2276 1805; x_wconf 86' lang='lat' dir='ltr'><strong>Sed</strong></span> 
     </span>
     <span class='ocr_line' id='line_1_16' title="bbox 340 1822 2281 1908; baseline 0.002 -22"><span class='ocrx_word' id='word_1_111' title='bbox 340 1823 658 1887; x_wconf 90' lang='lat' dir='ltr'><strong>memoria</strong></span> <span class='ocrx_word' id='word_1_112' title='bbox 707 1833 1002 1906; x_wconf 89' lang='lat' dir='ltr'><strong>repetere</strong></span> <span class='ocrx_word' id='word_1_113' title='bbox 1051 1826 1355 1889; x_wconf 86' lang='lat' dir='ltr'><strong>convenit</strong></span> <span class='ocrx_word' id='word_1_114' title='bbox 1397 1825 1569 1908; x_wconf 89' lang='lat' dir='ltr'><strong>quod</strong></span> <span class='ocrx_word' id='word_1_115' title='bbox 1613 1832 1766 1889; x_wconf 86' lang='lat' dir='ltr'><strong>ante</strong></span> <span class='ocrx_word' id='word_1_116' title='bbox 1809 1822 2115 1903; x_wconf 85' lang='lat' dir='ltr'><strong>diximus,</strong></span> <span class='ocrx_word' id='word_1_117' title='bbox 2161 1822 2281 1889; x_wconf 90' lang='lat' dir='ltr'><strong>du·</strong></span> 
     </span>
     <span class='ocr_line' id='line_1_17' title="bbox 340 1906 2282 1993; baseline 0.002 -22"><span class='ocrx_word' id='word_1_118' title='bbox 340 1909 576 1991; x_wconf 88' lang='lat' dir='ltr'><strong>plicem</strong></span> <span class='ocrx_word' id='word_1_119' title='bbox 638 1906 835 1973; x_wconf 88' lang='lat' dir='ltr'><strong>huius</strong></span> <span class='ocrx_word' id='word_1_120' title='bbox 894 1911 1286 1975; x_wconf 86' lang='lat' dir='ltr'><strong>sacramenti</strong></span> <span class='ocrx_word' id='word_1_121' title='bbox 1339 1910 1539 1976; x_wconf 86' lang='lat' dir='ltr'><strong>fuisse</strong></span> <span class='ocrx_word' id='word_1_122' title='bbox 1583 1927 1808 1975; x_wconf 86' lang='lat' dir='ltr'><strong>usum:</strong></span> <span class='ocrx_word' id='word_1_123' title='bbox 1869 1911 2022 1993; x_wconf 89' lang='lat' dir='ltr'><strong>quia</strong></span> <span class='ocrx_word' id='word_1_124' title='bbox 2065 1910 2136 1974; x_wconf 95' lang='lat' dir='ltr'><strong>in</strong></span> <span class='ocrx_word' id='word_1_125' title='bbox 2178 1931 2282 1975; x_wconf 86' lang='lat' dir='ltr'><strong>re·</strong></span> 
     </span>
     <span class='ocr_line' id='line_1_18' title="bbox 342 1993 2281 2079; baseline 0 -20"><span class='ocrx_word' id='word_1_126' title='bbox 342 1993 716 2060; x_wconf 86' lang='lat' dir='ltr'><strong>cordatione</strong></span> <span class='ocrx_word' id='word_1_127' title='bbox 771 1996 1108 2078; x_wconf 86' lang='lat' dir='ltr'><strong>praeteriti</strong></span> <span class='ocrx_word' id='word_1_128' title='bbox 1167 1995 1459 2061; x_wconf 88' lang='lat' dir='ltr'><strong>beneficii</strong></span> <span class='ocrx_word' id='word_1_129' title='bbox 1521 1994 1837 2079; x_wconf 90' lang='lat' dir='ltr'><strong>populum</strong></span> <span class='ocrx_word' id='word_1_130' title='bbox 1896 1996 2281 2073; x_wconf 86' lang='lat' dir='ltr'><strong>exercuerit,</strong></span> 
     </span>
     <span class='ocr_line' id='line_1_19' title="bbox 340 2079 2286 2165; baseline 0.001 -21"><span class='ocrx_word' id='word_1_131' title='bbox 340 2088 405 2144; x_wconf 91' lang='lat' dir='ltr'><strong>et</strong></span> <span class='ocrx_word' id='word_1_132' title='bbox 442 2099 632 2163; x_wconf 87' lang='lat' dir='ltr'><strong>spem</strong></span> <span class='ocrx_word' id='word_1_133' title='bbox 679 2079 916 2144; x_wconf 87' lang='lat' dir='ltr'><strong>aluerit</strong></span> <span class='ocrx_word' id='word_1_134' title='bbox 959 2080 1420 2163; x_wconf 86' lang='lat' dir='ltr'><strong>redemptionis</strong></span> <span class='ocrx_word' id='word_1_135' title='bbox 1454 2082 1736 2147; x_wconf 88' lang='lat' dir='ltr'><strong>futurae.</strong></span> <span class='ocrx_word' id='word_1_136' title='bbox 1803 2080 2035 2165; x_wconf 88' lang='lat' dir='ltr'><strong>Itaque</strong></span> <span class='ocrx_word' id='word_1_137' title='bbox 2070 2081 2286 2147; x_wconf 90' lang='lat' dir='ltr'><strong>Pesah</strong></span> 
     </span>
     <span class='ocr_line' id='line_1_20' title="bbox 341 2165 2286 2251; baseline 0.001 -21"><span class='ocrx_word' id='word_1_138' title='bbox 341 2186 476 2230; x_wconf 90' lang='lat' dir='ltr'><strong>non</strong></span> <span class='ocrx_word' id='word_1_139' title='bbox 523 2176 778 2230; x_wconf 89' lang='lat' dir='ltr'><strong>tantum</strong></span> <span class='ocrx_word' id='word_1_140' title='bbox 824 2165 978 2248; x_wconf 87' lang='lat' dir='ltr'><strong>quid</strong></span> <span class='ocrx_word' id='word_1_141' title='bbox 1017 2168 1198 2232; x_wconf 90' lang='lat' dir='ltr'><strong>Deus</strong></span> <span class='ocrx_word' id='word_1_142' title='bbox 1237 2168 1669 2251; x_wconf 87' lang='lat' dir='ltr'><strong>praestitisset</strong></span> <span class='ocrx_word' id='word_1_143' title='bbox 1711 2167 1947 2250; x_wconf 90' lang='lat' dir='ltr'><strong>populo</strong></span> <span class='ocrx_word' id='word_1_144' title='bbox 1991 2188 2127 2244; x_wconf 93' lang='lat' dir='ltr'><strong>suo,</strong></span> <span class='ocrx_word' id='word_1_145' title='bbox 2173 2166 2286 2232; x_wconf 87' lang='lat' dir='ltr'><strong>sed</strong></span> 
     </span>
     <span class='ocr_line' id='line_1_21' title="bbox 341 2240 2288 2336; baseline 0.001 -20"><span class='ocrx_word' id='word_1_146' title='bbox 341 2249 501 2334; x_wconf 89' lang='lat' dir='ltr'><strong>quid</strong></span> <span class='ocrx_word' id='word_1_147' title='bbox 537 2250 619 2315; x_wconf 89' lang='lat' dir='ltr'><strong>ab</strong></span> <span class='ocrx_word' id='word_1_148' title='bbox 654 2273 730 2316; x_wconf 90' lang='lat' dir='ltr'><strong>eo</strong></span> <span class='ocrx_word' id='word_1_149' title='bbox 755 2240 989 2317; x_wconf 71' lang='lat' dir='ltr'><strong>deiifde</strong></span> <span class='ocrx_word' id='word_1_150' title='bbox 1011 2253 1408 2336; x_wconf 89' lang='lat' dir='ltr'><strong>sperandum</strong></span> <span class='ocrx_word' id='word_1_151' title='bbox 1433 2263 1625 2332; x_wconf 87' lang='lat' dir='ltr'><strong>esset,</strong></span> <span class='ocrx_word' id='word_1_152' title='bbox 1649 2252 2006 2319; x_wconf 88' lang='lat' dir='ltr'><strong>admonuit.</strong></span> <span class='ocrx_word' id='word_1_153' title='bbox 2053 2253 2288 2317; x_wconf 88' lang='lat' dir='ltr'><strong>Proin-</strong></span> 
     </span>
     <span class='ocr_line' id='line_1_22' title="bbox 343 2335 2288 2421; baseline 0 -19"><span class='ocrx_word' id='word_1_154' title='bbox 343 2335 424 2402; x_wconf 91' lang='lat' dir='ltr'><strong>de</strong></span> <span class='ocrx_word' id='word_1_155' title='bbox 494 2336 762 2403; x_wconf 90' lang='lat' dir='ltr'><strong>dubium</strong></span> <span class='ocrx_word' id='word_1_156' title='bbox 826 2358 962 2402; x_wconf 91' lang='lat' dir='ltr'><strong>non</strong></span> <span class='ocrx_word' id='word_1_157' title='bbox 1029 2348 1129 2405; x_wconf 89' lang='lat' dir='ltr'><strong>est</strong></span> <span class='ocrx_word' id='word_1_158' title='bbox 1193 2341 1350 2421; x_wconf 89' lang='lat' dir='ltr'><strong>quin</strong></span> <span class='ocrx_word' id='word_1_159' title='bbox 1418 2338 1765 2405; x_wconf 88' lang='lat' dir='ltr'><strong>debuerint</strong></span> <span class='ocrx_word' id='word_1_160' title='bbox 1829 2360 1911 2404; x_wconf 86' lang='lat' dir='ltr'><strong>ex</strong></span> <span class='ocrx_word' id='word_1_161' title='bbox 1972 2339 2095 2404; x_wconf 89' lang='lat' dir='ltr'><strong>hoc</strong></span> <span class='ocrx_word' id='word_1_162' title='bbox 2152 2339 2288 2403; x_wconf 88' lang='lat' dir='ltr'><strong>ritu</strong></span> 
     </span>
     <span class='ocr_line' id='line_1_23' title="bbox 341 2422 2287 2509; baseline -0.001 -20"><span class='ocrx_word' id='word_1_163' title='bbox 341 2424 686 2489; x_wconf 72' lang='lat' dir='ltr'><strong>israelitae</strong></span> <span class='ocrx_word' id='word_1_164' title='bbox 750 2422 1001 2490; x_wconf 89' lang='lat' dir='ltr'><strong>discere</strong></span> <span class='ocrx_word' id='word_1_165' title='bbox 1054 2446 1126 2489; x_wconf 90' lang='lat' dir='ltr'><strong>se</strong></span> <span class='ocrx_word' id='word_1_166' title='bbox 1179 2425 1308 2492; x_wconf 88' lang='lat' dir='ltr'><strong>hac</strong></span> <span class='ocrx_word' id='word_1_167' title='bbox 1366 2425 1510 2509; x_wconf 84' lang='lat' dir='ltr'><strong>lege</strong></span> <span class='ocrx_word' id='word_1_168' title='bbox 1568 2424 1938 2507; x_wconf 86' lang='lat' dir='ltr'><strong>redemptos</strong></span> <span class='ocrx_word' id='word_1_169' title='bbox 2005 2446 2147 2490; x_wconf 89' lang='lat' dir='ltr'><strong>esse</strong></span> <span class='ocrx_word' id='word_1_170' title='bbox 2204 2445 2287 2489; x_wconf 91' lang='lat' dir='ltr'><strong>ex</strong></span> 
     </span>
    </p>
   </div>
   <div class='ocr_carea' id='block_1_3' title="bbox 341 2509 2291 2596">
    <p class='ocr_par' dir='ltr' id='par_1_3' title="bbox 341 2509 2291 2596">
     <span class='ocr_line' id='line_1_24' title="bbox 341 2509 2291 2596; baseline -0.004 -17"><span class='ocrx_word' id='word_1_171' title='bbox 341 2510 691 2592; x_wconf 76' lang='lat' dir='ltr'><strong>tyrannide</strong></span> <span class='ocrx_word' id='word_1_172' title='bbox 714 2510 1135 2596; x_wconf 79' lang='lat' dir='ltr'><strong>Aegyptiace,</strong></span> <span class='ocrx_word' id='word_1_173' title='bbox 1172 2522 1246 2575; x_wconf 89' lang='lat' dir='ltr'><strong>ut</strong></span> <span class='ocrx_word' id='word_1_174' title='bbox 1280 2512 1461 2577; x_wconf 88' lang='lat' dir='ltr'><strong>salus</strong></span> <span class='ocrx_word' id='word_1_175' title='bbox 1494 2509 1690 2594; x_wconf 86' lang='lat' dir='ltr'><strong>longe</strong></span> <span class='ocrx_word' id='word_1_176' title='bbox 1726 2510 2158 2593; x_wconf 85' lang='lat' dir='ltr'><strong>praestantior</strong></span> <span class='ocrx_word' id='word_1_177' title='bbox 2181 2509 2291 2575; x_wconf 88' lang='lat' dir='ltr'><strong>ad-</strong></span> 
     </span>
    </p>
   </div>
   <div class='ocr_carea' id='block_1_4' title="bbox 333 2596 2293 5522">
    <p class='ocr_par' dir='ltr' id='par_1_4' title="bbox 333 2596 2293 5522">
     <span class='ocr_line' id='line_1_25' title="bbox 339 2596 2288 2681; baseline -0.001 -19"><span class='ocrx_word' id='word_1_178' title='bbox 339 2597 470 2664; x_wconf 91' lang='lat' dir='ltr'><strong>huc</strong></span> <span class='ocrx_word' id='word_1_179' title='bbox 514 2598 691 2681; x_wconf 90' lang='lat' dir='ltr'><strong>ipsos</strong></span> <span class='ocrx_word' id='word_1_180' title='bbox 735 2607 1050 2662; x_wconf 91' lang='lat' dir='ltr'><strong>maneret.</strong></span> <span class='ocrx_word' id='word_1_181' title='bbox 1121 2597 1268 2662; x_wconf 91' lang='lat' dir='ltr'><strong>Hoc</strong></span> <span class='ocrx_word' id='word_1_182' title='bbox 1313 2618 1468 2662; x_wconf 89' lang='lat' dir='ltr'><strong>vero</strong></span> <span class='ocrx_word' id='word_1_183' title='bbox 1511 2596 1850 2679; x_wconf 84' lang='lat' dir='ltr'><strong>spirituale</strong></span> <span class='ocrx_word' id='word_1_184' title='bbox 1895 2597 2288 2680; x_wconf 84' lang='lat' dir='ltr'><strong>mysterium</strong></span> 
     </span>
     <span class='ocr_line' id='line_1_26' title="bbox 338 2682 2287 2766; baseline -0.001 -18"><span class='ocrx_word' id='word_1_185' title='bbox 338 2683 585 2749; x_wconf 87' lang='lat' dir='ltr'><strong>clarius</strong></span> <span class='ocrx_word' id='word_1_186' title='bbox 629 2682 1020 2766; x_wconf 84' lang='lat' dir='ltr'><strong>patefactum</strong></span> <span class='ocrx_word' id='word_1_187' title='bbox 1066 2682 1194 2747; x_wconf 80' lang='lat' dir='ltr'><strong>fuit</strong></span> <span class='ocrx_word' id='word_1_188' title='bbox 1235 2683 1486 2748; x_wconf 84' lang='lat' dir='ltr'><strong>Christi</strong></span> <span class='ocrx_word' id='word_1_189' title='bbox 1533 2682 1841 2748; x_wconf 83' lang='lat' dir='ltr'><strong>adventu.</strong></span> <span class='ocrx_word' id='word_1_190' title='bbox 1907 2682 2065 2746; x_wconf 92' lang='lat' dir='ltr'><strong>Ideo</strong></span> <span class='ocrx_word' id='word_1_191' title='bbox 2108 2682 2287 2746; x_wconf 88' lang='lat' dir='ltr'><strong>Pau·</strong></span> 
     </span>
     <span class='ocr_line' id='line_1_27' title="bbox 337 2766 2286 2852; baseline 0 -19"><span class='ocrx_word' id='word_1_192' title='bbox 337 2768 440 2835; x_wconf 92' lang='lat' dir='ltr'><strong>lus</strong></span> <span class='ocrx_word' id='word_1_193' title='bbox 512 2778 805 2835; x_wconf 85' lang='lat' dir='ltr'><strong>veterem</strong></span> <span class='ocrx_word' id='word_1_194' title='bbox 863 2768 1033 2834; x_wconf 86' lang='lat' dir='ltr'><strong>hano</strong></span> <span class='ocrx_word' id='word_1_195' title='bbox 1091 2770 1371 2852; x_wconf 81' lang='lat' dir='ltr'><strong>figuram</strong></span> <span class='ocrx_word' id='word_1_196' title='bbox 1438 2768 1520 2832; x_wconf 89' lang='lat' dir='ltr'><strong>ad</strong></span> <span class='ocrx_word' id='word_1_197' title='bbox 1587 2789 1707 2833; x_wconf 93' lang='lat' dir='ltr'><strong>nos</strong></span> <span class='ocrx_word' id='word_1_198' title='bbox 1773 2766 2286 2847; x_wconf 89' lang='lat' dir='ltr'><strong>accommodans,</strong></span> 
     </span>
     <span class='ocr_line' id='line_1_28' title="bbox 339 2852 2290 2940; baseline -0.002 -20"><span class='ocrx_word' id='word_1_199' title='bbox 339 2859 498 2940; x_wconf 83' lang='lat' dir='ltr'><strong>quia</strong></span> <span class='ocrx_word' id='word_1_200' title='bbox 541 2855 845 2920; x_wconf 89' lang='lat' dir='ltr'><strong>Christus</strong></span> <span class='ocrx_word' id='word_1_201' title='bbox 887 2855 1131 2939; x_wconf 88' lang='lat' dir='ltr'><strong>pascha</strong></span> <span class='ocrx_word' id='word_1_202' title='bbox 1174 2866 1473 2919; x_wconf 77' lang='lat' dir='ltr'><strong>nostrum</strong></span> <span class='ocrx_word' id='word_1_203' title='bbox 1522 2854 1901 2919; x_wconf 90' lang='lat' dir='ltr'><strong>immolatus</strong></span> <span class='ocrx_word' id='word_1_204' title='bbox 1945 2865 2064 2931; x_wconf 88' lang='lat' dir='ltr'><strong>est,</strong></span> <span class='ocrx_word' id='word_1_205' title='bbox 2106 2852 2290 2918; x_wconf 91' lang='lat' dir='ltr'><strong>iubet</strong></span> 
     </span>
     <span class='ocr_line' id='line_1_29' title="bbox 336 2940 2287 3025; baseline -0.003 -17"><span class='ocrx_word' id='word_1_206' title='bbox 336 2963 459 3008; x_wconf 86' lang='lat' dir='ltr'><strong>nos</strong></span> <span class='ocrx_word' id='word_1_207' title='bbox 507 2942 760 3025; x_wconf 89' lang='lat' dir='ltr'><strong>epulari</strong></span> <span class='ocrx_word' id='word_1_208' title='bbox 804 2962 936 3007; x_wconf 89' lang='lat' dir='ltr'><strong>non</strong></span> <span class='ocrx_word' id='word_1_209' title='bbox 981 2943 1054 3005; x_wconf 93' lang='lat' dir='ltr'><strong>in</strong></span> <span class='ocrx_word' id='word_1_210' title='bbox 1097 2943 1416 3006; x_wconf 89' lang='lat' dir='ltr'><strong>fermento</strong></span> <span class='ocrx_word' id='word_1_211' title='bbox 1462 2942 1667 3005; x_wconf 85' lang='lat' dir='ltr'><strong>veteri</strong></span> <span class='ocrx_word' id='word_1_212' title='bbox 1713 2940 2000 3005; x_wconf 89' lang='lat' dir='ltr'><strong>malitiae</strong></span> <span class='ocrx_word' id='word_1_213' title='bbox 2039 2949 2106 3004; x_wconf 88' lang='lat' dir='ltr'><strong>et</strong></span> <span class='ocrx_word' id='word_1_214' title='bbox 2140 2960 2287 3004; x_wconf 84' lang='lat' dir='ltr'><strong>ver-</strong></span> 
     </span>
     <span class='ocr_line' id='line_1_30' title="bbox 337 3025 2287 3115; baseline -0.003 -20"><span class='ocrx_word' id='word_1_215' title='bbox 337 3029 578 3109; x_wconf 89' lang='lat' dir='ltr'><strong>sutiae,</strong></span> <span class='ocrx_word' id='word_1_216' title='bbox 605 3027 720 3096; x_wconf 89' lang='lat' dir='ltr'><strong>sed</strong></span> <span class='ocrx_word' id='word_1_217' title='bbox 747 3029 816 3094; x_wconf 90' lang='lat' dir='ltr'><strong>in</strong></span> <span class='ocrx_word' id='word_1_218' title='bbox 846 3027 1124 3115; x_wconf 88' lang='lat' dir='ltr'><strong>panibus</strong></span> <span class='ocrx_word' id='word_1_219' title='bbox 1152 3028 1422 3111; x_wconf 81' lang='lat' dir='ltr'><strong>azymis,</strong></span> <span class='ocrx_word' id='word_1_220' title='bbox 1461 3025 1856 3093; x_wconf 87' lang='lat' dir='ltr'><strong>sinceritatis</strong></span> <span class='ocrx_word' id='word_1_221' title='bbox 1893 3035 1959 3092; x_wconf 92' lang='lat' dir='ltr'><strong>et</strong></span> <span class='ocrx_word' id='word_1_222' title='bbox 1994 3026 2287 3092; x_wconf 89' lang='lat' dir='ltr'><strong>veritatis</strong></span> 
     </span>
     <span class='ocr_line' id='line_1_31' title="bbox 340 3112 2288 3204; baseline -0.003 -22"><span class='ocrx_word' id='word_1_223' title='bbox 340 3117 401 3204; x_wconf 87' lang='lat'><strong>(1</strong></span> <span class='ocrx_word' id='word_1_224' title='bbox 455 3115 613 3183; x_wconf 86' lang='lat' dir='ltr'><strong>Cor.</strong></span> <span class='ocrx_word' id='word_1_225' title='bbox 659 3116 719 3195; x_wconf 82' lang='lat'><strong>5,</strong></span> <span class='ocrx_word' id='word_1_226' title='bbox 767 3114 852 3201; x_wconf 82' lang='lat'><strong>7).</strong></span> <span class='ocrx_word' id='word_1_227' title='bbox 957 3114 1192 3179; x_wconf 85' lang='lat' dir='ltr'><strong>Voluit</strong></span> <span class='ocrx_word' id='word_1_228' title='bbox 1246 3115 1451 3196; x_wconf 87' lang='lat' dir='ltr'><strong>igitur</strong></span> <span class='ocrx_word' id='word_1_229' title='bbox 1508 3112 1661 3178; x_wconf 90' lang='lat' dir='ltr'><strong>olim</strong></span> <span class='ocrx_word' id='word_1_230' title='bbox 1708 3113 1892 3178; x_wconf 91' lang='lat' dir='ltr'><strong>Deus</strong></span> <span class='ocrx_word' id='word_1_231' title='bbox 1947 3112 2176 3178; x_wconf 87' lang='lat' dir='ltr'><strong>domos</strong></span> <span class='ocrx_word' id='word_1_232' title='bbox 2218 3113 2288 3177; x_wconf 91' lang='lat' dir='ltr'><strong>in</strong></span> 
     </span>
     <span class='ocr_line' id='line_1_32' title="bbox 337 3199 2290 3287; baseline -0.004 -18"><span class='ocrx_word' id='word_1_233' title='bbox 337 3203 582 3287; x_wconf 87' lang='lat' dir='ltr'><strong>quibus</strong></span> <span class='ocrx_word' id='word_1_234' title='bbox 625 3201 1062 3268; x_wconf 86' lang='lat' dir='ltr'><strong>celebraretur</strong></span> <span class='ocrx_word' id='word_1_235' title='bbox 1104 3199 1361 3284; x_wconf 88' lang='lat' dir='ltr'><strong>paseha,</strong></span> <span class='ocrx_word' id='word_1_236' title='bbox 1407 3199 1824 3280; x_wconf 87' lang='lat' dir='ltr'><strong>corruptione</strong></span> <span class='ocrx_word' id='word_1_237' title='bbox 1867 3199 2043 3262; x_wconf 91' lang='lat' dir='ltr'><strong>omni</strong></span> <span class='ocrx_word' id='word_1_238' title='bbox 2090 3218 2290 3280; x_wconf 85' lang='lat' dir='ltr'><strong>puras</strong></span> 
     </span>
     <span class='ocr_line' id='line_1_33' title="bbox 338 3285 2285 3372; baseline -0.004 -16"><span class='ocrx_word' id='word_1_239' title='bbox 338 3311 520 3356; x_wconf 82' lang='lat' dir='ltr'><strong>esse:</strong></span> <span class='ocrx_word' id='word_1_240' title='bbox 565 3288 758 3372; x_wconf 89' lang='lat' dir='ltr'><strong>idque</strong></span> <span class='ocrx_word' id='word_1_241' title='bbox 802 3289 993 3371; x_wconf 86' lang='lat' dir='ltr'><strong>longe</strong></span> <span class='ocrx_word' id='word_1_242' title='bbox 1029 3287 1237 3370; x_wconf 83' lang='lat' dir='ltr'><strong>magis</strong></span> <span class='ocrx_word' id='word_1_243' title='bbox 1271 3285 1465 3351; x_wconf 88' lang='lat' dir='ltr'><strong>hodie</strong></span> <span class='ocrx_word' id='word_1_244' title='bbox 1493 3298 1826 3368; x_wconf 87' lang='lat' dir='ltr'><strong>praestare</strong></span> <span class='ocrx_word' id='word_1_245' title='bbox 1861 3307 1978 3349; x_wconf 88' lang='lat' dir='ltr'><strong>nos</strong></span> <span class='ocrx_word' id='word_1_246' title='bbox 2014 3293 2285 3367; x_wconf 88' lang='lat' dir='ltr'><strong>oportet,</strong></span> 
     </span>
     <span class='ocr_line' id='line_1_34' title="bbox 339 3368 2289 3459; baseline -0.003 -19"><span class='ocrx_word' id='word_1_247' title='bbox 339 3397 424 3442; x_wconf 92' lang='lat' dir='ltr'><strong>ne</strong></span> <span class='ocrx_word' id='word_1_248' title='bbox 475 3397 603 3459; x_wconf 92' lang='lat' dir='ltr'><strong>quo</strong></span> <span class='ocrx_word' id='word_1_249' title='bbox 646 3374 935 3439; x_wconf 85' lang='lat' dir='ltr'><strong>malitiae</strong></span> <span class='ocrx_word' id='word_1_250' title='bbox 979 3372 1299 3439; x_wconf 85' lang='lat' dir='ltr'><strong>fermento</strong></span> <span class='ocrx_word' id='word_1_251' title='bbox 1340 3372 1729 3440; x_wconf 86' lang='lat' dir='ltr'><strong>sacrificium</strong></span> <span class='ocrx_word' id='word_1_252' title='bbox 1775 3391 1901 3452; x_wconf 91' lang='lat' dir='ltr'><strong>quo</strong></span> <span class='ocrx_word' id='word_1_253' title='bbox 1938 3392 2053 3436; x_wconf 90' lang='lat' dir='ltr'><strong>nos</strong></span> <span class='ocrx_word' id='word_1_254' title='bbox 2093 3368 2289 3436; x_wconf 88' lang='lat' dir='ltr'><strong>Chri·-</strong></span> 
     </span>
     <span class='ocr_line' id='line_1_35' title="bbox 337 3455 2288 3539; baseline -0.004 -12"><span class='ocrx_word' id='word_1_255' title='bbox 337 3471 488 3528; x_wconf 85' lang='lat' dir='ltr'><strong>stus</strong></span> <span class='ocrx_word' id='word_1_256' title='bbox 540 3481 582 3525; x_wconf 89' lang='lat' dir='ltr'><strong>a</strong></span> <span class='ocrx_word' id='word_1_257' title='bbox 636 3472 849 3525; x_wconf 87' lang='lat' dir='ltr'><strong>morte</strong></span> <span class='ocrx_word' id='word_1_258' title='bbox 892 3470 1161 3525; x_wconf 87' lang='lat' dir='ltr'><strong>aeterna</strong></span> <span class='ocrx_word' id='word_1_259' title='bbox 1205 3455 1499 3535; x_wconf 89' lang='lat' dir='ltr'><strong>redemit,</strong></span> <span class='ocrx_word' id='word_1_260' title='bbox 1547 3457 1946 3539; x_wconf 88' lang='lat' dir='ltr'><strong>inquinetur.</strong></span> <span class='ocrx_word' id='word_1_261' title='bbox 2036 3455 2288 3521; x_wconf 86' lang='lat' dir='ltr'><strong>Eodem</strong></span> 
     </span>
     <span class='ocr_line' id='line_1_36' title="bbox 336 3540 2289 3631; baseline -0.003 -20"><span class='ocrx_word' id='word_1_262' title='bbox 336 3548 683 3630; x_wconf 86' lang='lat' dir='ltr'><strong>pertinent</strong></span> <span class='ocrx_word' id='word_1_263' title='bbox 717 3567 882 3631; x_wconf 90' lang='lat' dir='ltr'><strong>quae</strong></span> <span class='ocrx_word' id='word_1_264' title='bbox 918 3553 1302 3628; x_wconf 88' lang='lat' dir='ltr'><strong>sequuntur,</strong></span> <span class='ocrx_word' id='word_1_265' title='bbox 1344 3565 1427 3607; x_wconf 91' lang='lat' dir='ltr'><strong>ne</strong></span> <span class='ocrx_word' id='word_1_266' title='bbox 1463 3544 1666 3608; x_wconf 89' lang='lat' dir='ltr'><strong>simus</strong></span> <span class='ocrx_word' id='word_1_267' title='bbox 1701 3541 2027 3608; x_wconf 90' lang='lat' dir='ltr'><strong>illecebris</strong></span> <span class='ocrx_word' id='word_1_268' title='bbox 2060 3540 2289 3606; x_wconf 88' lang='lat' dir='ltr'><strong>mundi</strong></span> 
     </span>
     <span class='ocr_line' id='line_1_37' title="bbox 337 3627 2290 3715; baseline -0.003 -16"><span class='ocrx_word' id='word_1_269' title='bbox 337 3632 581 3699; x_wconf 84' lang='lat' dir='ltr'><strong>dediti:</strong></span> <span class='ocrx_word' id='word_1_270' title='bbox 648 3654 732 3698; x_wconf 91' lang='lat' dir='ltr'><strong>ne</strong></span> <span class='ocrx_word' id='word_1_271' title='bbox 797 3631 1215 3715; x_wconf 85' lang='lat' dir='ltr'><strong>voluptatum</strong></span> <span class='ocrx_word' id='word_1_272' title='bbox 1280 3627 1623 3695; x_wconf 90' lang='lat' dir='ltr'><strong>dulcedine</strong></span> <span class='ocrx_word' id='word_1_273' title='bbox 1696 3627 1992 3693; x_wconf 87' lang='lat' dir='ltr'><strong>tardetur</strong></span> <span class='ocrx_word' id='word_1_274' title='bbox 2060 3649 2290 3694; x_wconf 85' lang='lat' dir='ltr'><strong>cursus</strong></span> 
     </span>
     <span class='ocr_line' id='line_1_38' title="bbox 336 3714 2290 3800; baseline -0.004 -16"><span class='ocrx_word' id='word_1_275' title='bbox 336 3729 585 3796; x_wconf 86' lang='lat' dir='ltr'><strong>noster,</strong></span> <span class='ocrx_word' id='word_1_276' title='bbox 646 3716 761 3784; x_wconf 90' lang='lat' dir='ltr'><strong>sed</strong></span> <span class='ocrx_word' id='word_1_277' title='bbox 819 3718 887 3783; x_wconf 92' lang='lat' dir='ltr'><strong>in</strong></span> <span class='ocrx_word' id='word_1_278' title='bbox 934 3726 1111 3781; x_wconf 86' lang='lat' dir='ltr'><strong>terra</strong></span> <span class='ocrx_word' id='word_1_279' title='bbox 1152 3716 1668 3800; x_wconf 86' lang='lat' dir='ltr'><strong>peregrinemur,</strong></span> <span class='ocrx_word' id='word_1_280' title='bbox 1713 3736 1972 3796; x_wconf 89' lang='lat' dir='ltr'><strong>semper</strong></span> <span class='ocrx_word' id='word_1_281' title='bbox 2015 3714 2290 3780; x_wconf 88' lang='lat' dir='ltr'><strong>accincti</strong></span> 
     </span>
     <span class='ocr_line' id='line_1_39' title="bbox 333 3801 2292 3887; baseline -0.003 -18"><span class='ocrx_word' id='word_1_282' title='bbox 333 3814 402 3870; x_wconf 92' lang='lat' dir='ltr'><strong>et</strong></span> <span class='ocrx_word' id='word_1_283' title='bbox 473 3805 762 3887; x_wconf 85' lang='lat' dir='ltr'><strong>expediti</strong></span> <span class='ocrx_word' id='word_1_284' title='bbox 827 3802 911 3870; x_wconf 91' lang='lat' dir='ltr'><strong>ad</strong></span> <span class='ocrx_word' id='word_1_285' title='bbox 977 3803 1492 3887; x_wconf 89' lang='lat' dir='ltr'><strong>properandum:</strong></span> <span class='ocrx_word' id='word_1_286' title='bbox 1565 3813 1634 3866; x_wconf 90' lang='lat' dir='ltr'><strong>et</strong></span> <span class='ocrx_word' id='word_1_287' title='bbox 1702 3801 2004 3884; x_wconf 86' lang='lat' dir='ltr'><strong>quamvis</strong></span> <span class='ocrx_word' id='word_1_288' title='bbox 2069 3819 2292 3864; x_wconf 87' lang='lat' dir='ltr'><strong>amara</strong></span> 
     </span>
     <span class='ocr_line' id='line_1_40' title="bbox 334 3886 2288 3970; baseline -0.004 -13"><span class='ocrx_word' id='word_1_289' title='bbox 334 3893 421 3957; x_wconf 89' lang='lat' dir='ltr'><strong>sit</strong></span> <span class='ocrx_word' id='word_1_290' title='bbox 489 3912 657 3957; x_wconf 89' lang='lat' dir='ltr'><strong>crux</strong></span> <span class='ocrx_word' id='word_1_291' title='bbox 728 3889 1012 3968; x_wconf 85' lang='lat' dir='ltr'><strong>Christi,</strong></span> <span class='ocrx_word' id='word_1_292' title='bbox 1090 3910 1221 3953; x_wconf 89' lang='lat' dir='ltr'><strong>non</strong></span> <span class='ocrx_word' id='word_1_293' title='bbox 1289 3897 1511 3953; x_wconf 90' lang='lat' dir='ltr'><strong>tamen</strong></span> <span class='ocrx_word' id='word_1_294' title='bbox 1579 3886 1719 3952; x_wconf 90' lang='lat' dir='ltr'><strong>eius</strong></span> <span class='ocrx_word' id='word_1_295' title='bbox 1782 3895 2049 3970; x_wconf 84' lang='lat' dir='ltr'><strong>gustum</strong></span> <span class='ocrx_word' id='word_1_296' title='bbox 2116 3886 2288 3950; x_wconf 86' lang='lat' dir='ltr'><strong>refu·</strong></span> 
     </span>
     <span class='ocr_line' id='line_1_41' title="bbox 409 3998 618 4042; baseline -0.005 0"><span class='ocrx_word' id='word_1_297' title='bbox 409 3998 618 4042; x_wconf 89' lang='lat' dir='ltr'><strong>amus.</strong></span> 
     </span>
     <span class='ocr_line' id='line_1_42' title="bbox 338 3998 2288 4142; baseline -0.004 -15"><span class='ocrx_word' id='word_1_298' title='bbox 338 3998 405 4061; x_wconf 67' lang='lat' dir='ltr'><strong>gl</strong></span> <span class='ocrx_word' id='word_1_299' title='bbox 520 4063 619 4127; x_wconf 82' lang='lat'><strong>12.</strong></span> <span class='ocrx_word' id='word_1_300' title='bbox 671 4061 842 4127; x_wconf 84' lang='lat' dir='ltr'><strong>Nam</strong></span> <span class='ocrx_word' id='word_1_301' title='bbox 883 4059 1166 4126; x_wconf 72' lang='lat' dir='ltr'><strong>transibo</strong></span> <span class='ocrx_word' id='word_1_302' title='bbox 1199 4080 1322 4142; x_wconf 80' lang='lat' dir='ltr'><strong>per</strong></span> <span class='ocrx_word' id='word_1_303' title='bbox 1360 4064 1613 4124; x_wconf 75' lang='lat' dir='ltr'><strong>terram.</strong></span> <span class='ocrx_word' id='word_1_304' title='bbox 1686 4057 1833 4123; x_wconf 91' lang='lat' dir='ltr'><strong>Hoc</strong></span> <span class='ocrx_word' id='word_1_305' title='bbox 1875 4055 1956 4122; x_wconf 88' lang='lat' dir='ltr'><strong>ad</strong></span> <span class='ocrx_word' id='word_1_306' title='bbox 2002 4057 2288 4140; x_wconf 90' lang='lat' dir='ltr'><strong>primum</strong></span> 
     </span>
     <span class='ocr_line' id='line_1_43' title="bbox 338 4144 2288 4232; baseline -0.003 -20"><span class='ocrx_word' id='word_1_307' title='bbox 338 4148 586 4231; x_wconf 87' lang='lat' dir='ltr'><strong>pascha</strong></span> <span class='ocrx_word' id='word_1_308' title='bbox 611 4161 883 4232; x_wconf 87' lang='lat' dir='ltr'><strong>spectat,</strong></span> <span class='ocrx_word' id='word_1_309' title='bbox 919 4166 1047 4229; x_wconf 92' lang='lat' dir='ltr'><strong>qua</strong></span> <span class='ocrx_word' id='word_1_310' title='bbox 1080 4158 1270 4211; x_wconf 84' lang='lat' dir='ltr'><strong>noete</strong></span> <span class='ocrx_word' id='word_1_311' title='bbox 1305 4144 1626 4210; x_wconf 91' lang='lat' dir='ltr'><strong>liberandi</strong></span> <span class='ocrx_word' id='word_1_312' title='bbox 1663 4153 1853 4208; x_wconf 89' lang='lat' dir='ltr'><strong>erant</strong></span> <span class='ocrx_word' id='word_1_313' title='bbox 1887 4164 1968 4207; x_wconf 91' lang='lat' dir='ltr'><strong>ex</strong></span> <span class='ocrx_word' id='word_1_314' title='bbox 2007 4145 2288 4227; x_wconf 83' lang='lat' dir='ltr'><strong>Aegyto.</strong></span> 
     </span>
     <span class='ocr_line' id='line_1_44' title="bbox 335 4228 2293 4310; baseline -0.004 -11"><span class='ocrx_word' id='word_1_315' title='bbox 335 4234 748 4300; x_wconf 87' lang='lat' dir='ltr'><strong>Nominatim</strong></span> <span class='ocrx_word' id='word_1_316' title='bbox 804 4252 961 4299; x_wconf 84' lang='lat' dir='ltr'><strong>vero</strong></span> <span class='ocrx_word' id='word_1_317' title='bbox 1018 4230 1203 4297; x_wconf 90' lang='lat' dir='ltr'><strong>Deus</strong></span> <span class='ocrx_word' id='word_1_318' title='bbox 1261 4251 1332 4296; x_wconf 88' lang='lat' dir='ltr'><strong>se</strong></span> <span class='ocrx_word' id='word_1_319' title='bbox 1386 4230 1666 4296; x_wconf 89' lang='lat' dir='ltr'><strong>iudicem</strong></span> <span class='ocrx_word' id='word_1_320' title='bbox 1724 4230 1863 4294; x_wconf 86' lang='lat' dir='ltr'><strong>fore</strong></span> <span class='ocrx_word' id='word_1_321' title='bbox 1908 4228 2293 4310; x_wconf 87' lang='lat' dir='ltr'><strong>pronunciat</strong></span> 
     </span>
     <span class='ocr_line' id='line_1_45' title="bbox 338 4314 2292 4400; baseline -0.004 -14"><span class='ocrx_word' id='word_1_322' title='bbox 338 4319 660 4386; x_wconf 85' lang='lat' dir='ltr'><strong>adversus</strong></span> <span class='ocrx_word' id='word_1_323' title='bbox 718 4319 920 4384; x_wconf 88' lang='lat' dir='ltr'><strong>falsos</strong></span> <span class='ocrx_word' id='word_1_324' title='bbox 977 4318 1165 4383; x_wconf 89' lang='lat' dir='ltr'><strong>deos:</strong></span> <span class='ocrx_word' id='word_1_325' title='bbox 1223 4318 1377 4400; x_wconf 90' lang='lat' dir='ltr'><strong>quia</strong></span> <span class='ocrx_word' id='word_1_326' title='bbox 1434 4326 1592 4380; x_wconf 90' lang='lat' dir='ltr'><strong>tunc</strong></span> <span class='ocrx_word' id='word_1_327' title='bbox 1648 4316 1934 4380; x_wconf 89' lang='lat' dir='ltr'><strong>maxime</strong></span> <span class='ocrx_word' id='word_1_328' title='bbox 1992 4314 2292 4397; x_wconf 85' lang='lat' dir='ltr'><strong>apparuit</strong></span> 
     </span>
     <span class='ocr_line' id='line_1_46' title="bbox 337 4401 2290 4490; baseline -0.004 -19"><span class='ocrx_word' id='word_1_329' title='bbox 337 4428 539 4490; x_wconf 90' lang='lat' dir='ltr'><strong>quam</strong></span> <span class='ocrx_word' id='word_1_330' title='bbox 612 4405 776 4470; x_wconf 87' lang='lat' dir='ltr'><strong>nihil</strong></span> <span class='ocrx_word' id='word_1_331' title='bbox 838 4414 1011 4470; x_wconf 88' lang='lat' dir='ltr'><strong>esset</strong></span> <span class='ocrx_word' id='word_1_332' title='bbox 1064 4404 1134 4468; x_wconf 91' lang='lat' dir='ltr'><strong>in</strong></span> <span class='ocrx_word' id='word_1_333' title='bbox 1190 4404 1352 4486; x_wconf 91' lang='lat' dir='ltr'><strong>ipsis</strong></span> <span class='ocrx_word' id='word_1_334' title='bbox 1407 4401 1655 4477; x_wconf 84' lang='lat' dir='ltr'><strong>auxilii,</strong></span> <span class='ocrx_word' id='word_1_335' title='bbox 1716 4410 1782 4465; x_wconf 91' lang='lat' dir='ltr'><strong>et</strong></span> <span class='ocrx_word' id='word_1_336' title='bbox 1840 4420 2033 4483; x_wconf 89' lang='lat' dir='ltr'><strong>quam</strong></span> <span class='ocrx_word' id='word_1_337' title='bbox 2084 4420 2290 4465; x_wconf 85' lang='lat' dir='ltr'><strong>vanus</strong></span> 
     </span>
     <span class='ocr_line' id='line_1_47' title="bbox 336 4486 2291 4575; baseline -0.004 -18"><span class='ocrx_word' id='word_1_338' title='bbox 336 4493 678 4575; x_wconf 81' lang='lat' dir='ltr'><strong>fallaxque</strong></span> <span class='ocrx_word' id='word_1_339' title='bbox 736 4498 910 4556; x_wconf 89' lang='lat' dir='ltr'><strong>esset</strong></span> <span class='ocrx_word' id='word_1_340' title='bbox 964 4509 1191 4554; x_wconf 88' lang='lat' dir='ltr'><strong>eorum</strong></span> <span class='ocrx_word' id='word_1_341' title='bbox 1248 4489 1479 4553; x_wconf 88' lang='lat' dir='ltr'><strong>cultus.</strong></span> <span class='ocrx_word' id='word_1_342' title='bbox 1585 4486 1931 4568; x_wconf 82' lang='lat' dir='ltr'><strong>Frigidum</strong></span> <span class='ocrx_word' id='word_1_343' title='bbox 1992 4486 2168 4550; x_wconf 91' lang='lat' dir='ltr'><strong>enim</strong></span> <span class='ocrx_word' id='word_1_344' title='bbox 2225 4496 2291 4551; x_wconf 92' lang='lat' dir='ltr'><strong>et</strong></span> 
     </span>
     <span class='ocr_line' id='line_1_48' title="bbox 337 4570 2291 4661; baseline -0.004 -17"><span class='ocrx_word' id='word_1_345' title='bbox 337 4590 636 4644; x_wconf 86' lang='lat' dir='ltr'><strong>coactum</strong></span> <span class='ocrx_word' id='word_1_346' title='bbox 675 4576 845 4661; x_wconf 90' lang='lat' dir='ltr'><strong>quod</strong></span> <span class='ocrx_word' id='word_1_347' title='bbox 881 4586 1222 4660; x_wconf 85' lang='lat' dir='ltr'><strong>nugantur</strong></span> <span class='ocrx_word' id='word_1_348' title='bbox 1257 4573 1520 4658; x_wconf 89' lang='lat' dir='ltr'><strong>quidam</strong></span> <span class='ocrx_word' id='word_1_349' title='bbox 1543 4572 1850 4651; x_wconf 85' lang='lat' dir='ltr'><strong>Rabbini,</strong></span> <span class='ocrx_word' id='word_1_350' title='bbox 1883 4570 2057 4636; x_wconf 91' lang='lat' dir='ltr'><strong>idola</strong></span> <span class='ocrx_word' id='word_1_351' title='bbox 2089 4573 2291 4638; x_wconf 86' lang='lat' dir='ltr'><strong>fuisse</strong></span> 
     </span>
     <span class='ocr_line' id='line_1_49' title="bbox 337 4657 2290 4749; baseline -0.004 -20"><span class='ocrx_word' id='word_1_352' title='bbox 337 4673 703 4749; x_wconf 86' lang='lat' dir='ltr'><strong>prostrata:</strong></span> <span class='ocrx_word' id='word_1_353' title='bbox 781 4664 933 4745; x_wconf 89' lang='lat' dir='ltr'><strong>quia</strong></span> <span class='ocrx_word' id='word_1_354' title='bbox 1011 4662 1148 4728; x_wconf 94' lang='lat' dir='ltr'><strong>solo</strong></span> <span class='ocrx_word' id='word_1_355' title='bbox 1220 4660 1687 4743; x_wconf 88' lang='lat' dir='ltr'><strong>redemptionis</strong></span> <span class='ocrx_word' id='word_1_356' title='bbox 1751 4657 2063 4724; x_wconf 89' lang='lat' dir='ltr'><strong>miraculo</strong></span> <span class='ocrx_word' id='word_1_357' title='bbox 2131 4660 2290 4722; x_wconf 86' lang='lat' dir='ltr'><strong>satis</strong></span> 
     </span>
     <span class='ocr_line' id='line_1_50' title="bbox 336 4745 2291 4834; baseline -0.005 -18"><span class='ocrx_word' id='word_1_358' title='bbox 336 4750 693 4834; x_wconf 83' lang='lat' dir='ltr'><strong>magnifice</strong></span> <span class='ocrx_word' id='word_1_359' title='bbox 757 4770 983 4814; x_wconf 89' lang='lat' dir='ltr'><strong>omnes</strong></span> <span class='ocrx_word' id='word_1_360' title='bbox 1049 4747 1548 4830; x_wconf 85' lang='lat' dir='ltr'><strong>superstitiones</strong></span> <span class='ocrx_word' id='word_1_361' title='bbox 1615 4745 1903 4811; x_wconf 90' lang='lat' dir='ltr'><strong>deiectae</strong></span> <span class='ocrx_word' id='word_1_362' title='bbox 1969 4752 2158 4826; x_wconf 90' lang='lat' dir='ltr'><strong>sunt,</strong></span> <span class='ocrx_word' id='word_1_363' title='bbox 2224 4753 2291 4808; x_wconf 91' lang='lat' dir='ltr'><strong>et</strong></span> 
     </span>
     <span class='ocr_line' id='line_1_51' title="bbox 337 4828 2291 4920; baseline -0.004 -20"><span class='ocrx_word' id='word_1_364' title='bbox 337 4837 656 4920; x_wconf 88' lang='lat' dir='ltr'><strong>quidquid</strong></span> <span class='ocrx_word' id='word_1_365' title='bbox 724 4835 803 4899; x_wconf 92' lang='lat' dir='ltr'><strong>de</strong></span> <span class='ocrx_word' id='word_1_366' title='bbox 867 4833 1062 4899; x_wconf 87' lang='lat' dir='ltr'><strong>idolis</strong></span> <span class='ocrx_word' id='word_1_367' title='bbox 1125 4832 1446 4898; x_wconf 88' lang='lat' dir='ltr'><strong>creditum</strong></span> <span class='ocrx_word' id='word_1_368' title='bbox 1511 4832 1757 4910; x_wconf 86' lang='lat' dir='ltr'><strong>fuerat,</strong></span> <span class='ocrx_word' id='word_1_369' title='bbox 1838 4828 2158 4894; x_wconf 84' lang='lat' dir='ltr'><strong>stultitiae</strong></span> <span class='ocrx_word' id='word_1_370' title='bbox 2222 4837 2291 4894; x_wconf 91' lang='lat' dir='ltr'><strong>et</strong></span> 
     </span>
     <span class='ocr_line' id='line_1_52' title="bbox 340 4915 2289 4989; baseline -0.005 0"><span class='ocrx_word' id='word_1_371' title='bbox 340 4921 656 4989; x_wconf 85' lang='lat' dir='ltr'><strong>vanitatis</strong></span> <span class='ocrx_word' id='word_1_372' title='bbox 699 4920 1078 4986; x_wconf 89' lang='lat' dir='ltr'><strong>damnatum</strong></span> <span class='ocrx_word' id='word_1_373' title='bbox 1118 4929 1237 4985; x_wconf 89' lang='lat' dir='ltr'><strong>est.</strong></span> <span class='ocrx_word' id='word_1_374' title='bbox 1311 4917 1467 4984; x_wconf 91' lang='lat' dir='ltr'><strong>Ideo</strong></span> <span class='ocrx_word' id='word_1_375' title='bbox 1503 4916 1791 4982; x_wconf 87' lang='lat' dir='ltr'><strong>affirmat</strong></span> <span class='ocrx_word' id='word_1_376' title='bbox 1827 4915 2009 4981; x_wconf 87' lang='lat' dir='ltr'><strong>Deus</strong></span> <span class='ocrx_word' id='word_1_377' title='bbox 2045 4935 2114 4980; x_wconf 90' lang='lat' dir='ltr'><strong>se</strong></span> <span class='ocrx_word' id='word_1_378' title='bbox 2157 4936 2289 4979; x_wconf 92' lang='lat' dir='ltr'><strong>non</strong></span> 
     </span>
     <span class='ocr_line' id='line_1_53' title="bbox 339 5001 2289 5090; baseline -0.004 -18"><span class='ocrx_word' id='word_1_379' title='bbox 339 5015 606 5072; x_wconf 88' lang='lat' dir='ltr'><strong>tantum</strong></span> <span class='ocrx_word' id='word_1_380' title='bbox 649 5007 826 5071; x_wconf 91' lang='lat' dir='ltr'><strong>illius</strong></span> <span class='ocrx_word' id='word_1_381' title='bbox 868 5007 1101 5090; x_wconf 84' lang='lat' dir='ltr'><strong>gentis,</strong></span> <span class='ocrx_word' id='word_1_382' title='bbox 1149 5004 1263 5071; x_wconf 90' lang='lat' dir='ltr'><strong>sed</strong></span> <span class='ocrx_word' id='word_1_383' title='bbox 1308 5004 1574 5070; x_wconf 88' lang='lat' dir='ltr'><strong>deorum</strong></span> <span class='ocrx_word' id='word_1_384' title='bbox 1622 5023 1873 5087; x_wconf 88' lang='lat' dir='ltr'><strong>quoque</strong></span> <span class='ocrx_word' id='word_1_385' title='bbox 1909 5001 2044 5065; x_wconf 86' lang='lat' dir='ltr'><strong>fore</strong></span> <span class='ocrx_word' id='word_1_386' title='bbox 2078 5003 2289 5066; x_wconf 78' lang='lat' dir='ltr'><strong>victo·</strong></span> 
     </span>
     <span class='ocr_line' id='line_1_54' title="bbox 337 5085 2286 5165; baseline -0.005 -6"><span class='ocrx_word' id='word_1_387' title='bbox 337 5115 505 5160; x_wconf 89' lang='lat' dir='ltr'><strong>rem.</strong></span> <span class='ocrx_word' id='word_1_388' title='bbox 606 5093 806 5157; x_wconf 81' lang='lat' dir='ltr'><strong>Forte</strong></span> <span class='ocrx_word' id='word_1_389' title='bbox 871 5091 952 5158; x_wconf 90' lang='lat' dir='ltr'><strong>ad</strong></span> <span class='ocrx_word' id='word_1_390' title='bbox 1013 5092 1189 5158; x_wconf 89' lang='lat' dir='ltr'><strong>huuc</strong></span> <span class='ocrx_word' id='word_1_391' title='bbox 1246 5091 1459 5157; x_wconf 90' lang='lat' dir='ltr'><strong>locum</strong></span> <span class='ocrx_word' id='word_1_392' title='bbox 1516 5089 1739 5154; x_wconf 84' lang='lat' dir='ltr'><strong>allusit</strong></span> <span class='ocrx_word' id='word_1_393' title='bbox 1797 5086 2005 5153; x_wconf 89' lang='lat' dir='ltr'><strong>Isaias</strong></span> <span class='ocrx_word' id='word_1_394' title='bbox 2067 5085 2166 5165; x_wconf 88' lang='lat'><strong>19,</strong></span> <span class='ocrx_word' id='word_1_395' title='bbox 2230 5087 2286 5165; x_wconf 92' lang='lat' dir='ltr'><strong>l,</strong></span> 
     </span>
     <span class='ocr_line' id='line_1_55' title="bbox 337 5171 2285 5264; baseline -0.005 -18"><span class='ocrx_word' id='word_1_396' title='bbox 337 5200 544 5264; x_wconf 91' lang='lat' dir='ltr'><strong>quum</strong></span> <span class='ocrx_word' id='word_1_397' title='bbox 589 5177 867 5245; x_wconf 89' lang='lat' dir='ltr'><strong>diceret:</strong></span> <span class='ocrx_word' id='word_1_398' title='bbox 927 5179 1116 5256; x_wconf 87' lang='lat' dir='ltr'><strong>Ecce,</strong></span> <span class='ocrx_word' id='word_1_399' title='bbox 1170 5176 1476 5243; x_wconf 89' lang='lat' dir='ltr'><strong>ascendet</strong></span> <span class='ocrx_word' id='word_1_400' title='bbox 1516 5176 1763 5242; x_wconf 80' lang='lat' dir='ltr'><strong>Iehova</strong></span> <span class='ocrx_word' id='word_1_401' title='bbox 1805 5193 2002 5257; x_wconf 89' lang='lat' dir='ltr'><strong>super</strong></span> <span class='ocrx_word' id='word_1_402' title='bbox 2043 5171 2285 5241; x_wconf 88' lang='lat' dir='ltr'><strong>nubem</strong></span> 
     </span>
     <span class='ocr_line' id='line_1_56' title="bbox 337 5259 2289 5347; baseline -0.004 -15"><span class='ocrx_word' id='word_1_403' title='bbox 337 5267 575 5344; x_wconf 85' lang='lat' dir='ltr'><strong>levem,</strong></span> <span class='ocrx_word' id='word_1_404' title='bbox 620 5273 691 5329; x_wconf 88' lang='lat' dir='ltr'><strong>et</strong></span> <span class='ocrx_word' id='word_1_405' title='bbox 728 5263 1137 5347; x_wconf 82' lang='lat' dir='ltr'><strong>ingredietur</strong></span> <span class='ocrx_word' id='word_1_406' title='bbox 1170 5267 1573 5346; x_wconf 79' lang='lat' dir='ltr'><strong>Aegyptum,</strong></span> <span class='ocrx_word' id='word_1_407' title='bbox 1608 5270 1676 5327; x_wconf 91' lang='lat' dir='ltr'><strong>et</strong></span> <span class='ocrx_word' id='word_1_408' title='bbox 1703 5259 2289 5328; x_wconf 83' lang='lat' dir='ltr'><strong>commovebuntur</strong></span> 
     </span>
     <span class='ocr_line' id='line_1_57' title="bbox 336 5344 2286 5432; baseline -0.004 -14"><span class='ocrx_word' id='word_1_409' title='bbox 336 5352 522 5418; x_wconf 90' lang='lat' dir='ltr'><strong>idola</strong></span> <span class='ocrx_word' id='word_1_410' title='bbox 573 5372 613 5416; x_wconf 92' lang='lat' dir='ltr'><strong>a</strong></span> <span class='ocrx_word' id='word_1_411' title='bbox 664 5350 830 5417; x_wconf 88' lang='lat' dir='ltr'><strong>facie</strong></span> <span class='ocrx_word' id='word_1_412' title='bbox 885 5349 1057 5415; x_wconf 74' lang='lat' dir='ltr'><strong>eiust</strong></span> <span class='ocrx_word' id='word_1_413' title='bbox 1111 5350 1266 5432; x_wconf 90' lang='lat' dir='ltr'><strong>quia</strong></span> <span class='ocrx_word' id='word_1_414' title='bbox 1306 5349 1572 5427; x_wconf 88' lang='lat' dir='ltr'><strong>scilicet,</strong></span> <span class='ocrx_word' id='word_1_415' title='bbox 1617 5348 1872 5432; x_wconf 89' lang='lat' dir='ltr'><strong>quoties</strong></span> <span class='ocrx_word' id='word_1_416' title='bbox 1913 5344 2138 5430; x_wconf 89' lang='lat' dir='ltr'><strong>populi</strong></span> <span class='ocrx_word' id='word_1_417' title='bbox 2183 5346 2286 5411; x_wconf 87' lang='lat' dir='ltr'><strong>sui</strong></span> 
     </span>
     <span class='ocr_line' id='line_1_58' title="bbox 539 5448 1423 5522; baseline -0.006 -13"><span class='ocrx_word' id='word_1_418' title='bbox 539 5451 768 5510; x_wconf 71' lang='lat' dir='ltr'><strong>Galm‘m&#39;</strong></span> <span class='ocrx_word' id='word_1_419' title='bbox 794 5467 986 5522; x_wconf 73' lang='lat' dir='ltr'><strong>opera.</strong></span> <span class='ocrx_word' id='word_1_420' title='bbox 1031 5450 1152 5508; x_wconf 73' lang='lat' dir='ltr'><strong>Vol.</strong></span> <span class='ocrx_word' id='word_1_421' title='bbox 1188 5448 1350 5506; x_wconf 87' lang='lat' dir='ltr'><strong>XXI</strong></span> <span class='ocrx_word' id='word_1_422' title='bbox 1360 5451 1423 5506; x_wconf 84' lang='lat' dir='ltr'><strong>V.</strong></span> 
     </span>
    </p>
   </div>
   <div class='ocr_carea' id='block_1_5' title="bbox 1781 434 2847 504">
    <p class='ocr_par' dir='ltr' id='par_1_5' title="bbox 1781 434 2847 504">
     <span class='ocr_line' id='line_1_59' title="bbox 1781 434 2847 504; baseline 0 -4"><span class='ocrx_word' id='word_1_423' title='bbox 1781 435 2159 504; x_wconf 78' lang='lat' dir='ltr'>PRIMUM</span> <span class='ocrx_word' id='word_1_424' title='bbox 2200 434 2847 503; x_wconf 76' lang='lat' dir='ltr'><strong>PRAECEPTUM.</strong></span> 
     </span>
    </p>
   </div>
   <div class='ocr_carea' id='block_1_6' title="bbox 2329 625 2356 5391">
    <p class='ocr_par' dir='ltr' id='par_1_6' title="bbox 2329 625 2356 5391">
     <span class='ocr_line' id='line_1_60' title="bbox 2329 625 2356 5391; baseline 0 0"><span class='ocrx_word' id='word_1_425' title='bbox 2329 625 2356 5391; x_wconf 95' lang='lat' dir='ltr'><strong> </strong></span> 
     </span>
    </p>
   </div>
   <div class='ocr_carea' id='block_1_7' title="bbox 4182 435 4313 503">
    <p class='ocr_par' dir='ltr' id='par_1_7' title="bbox 4182 435 4313 503">
     <span class='ocr_line' id='line_1_61' title="bbox 4182 435 4313 503; baseline 0 0"><span class='ocrx_word' id='word_1_426' title='bbox 4182 435 4313 503; x_wconf 82' lang='lat'><strong>290</strong></span> 
     </span>
    </p>
   </div>
   <div class='ocr_carea' id='block_1_8' title="bbox 2368 623 4343 2323">
    <p class='ocr_par' dir='ltr' id='par_1_8' title="bbox 2368 623 4313 796">
     <span class='ocr_line' id='line_1_62' title="bbox 2371 623 4313 709; baseline -0.002 -17"><span class='ocrx_word' id='word_1_427' title='bbox 2371 625 2681 709; x_wconf 85' lang='lat' dir='ltr'><strong>apparuit</strong></span> <span class='ocrx_word' id='word_1_428' title='bbox 2723 632 3035 702; x_wconf 90' lang='lat' dir='ltr'><strong>servator,</strong></span> <span class='ocrx_word' id='word_1_429' title='bbox 3080 623 3358 708; x_wconf 84' lang='lat' dir='ltr'><strong>gloriam</strong></span> <span class='ocrx_word' id='word_1_430' title='bbox 3401 642 3590 688; x_wconf 89' lang='lat' dir='ltr'><strong>suam</strong></span> <span class='ocrx_word' id='word_1_431' title='bbox 3634 632 3863 689; x_wconf 86' lang='lat' dir='ltr'><strong>eontra</strong></span> <span class='ocrx_word' id='word_1_432' title='bbox 3917 643 4145 690; x_wconf 90' lang='lat' dir='ltr'><strong>omnes</strong></span> <span class='ocrx_word' id='word_1_433' title='bbox 4188 626 4313 689; x_wconf 90' lang='lat' dir='ltr'><strong>im—</strong></span> 
     </span>
     <span class='ocr_line' id='line_1_63' title="bbox 2368 708 3525 796; baseline -0.002 -20"><span class='ocrx_word' id='word_1_434' title='bbox 2368 713 2509 796; x_wconf 90' lang='lat' dir='ltr'><strong>pios</strong></span> <span class='ocrx_word' id='word_1_435' title='bbox 2553 720 2621 776; x_wconf 90' lang='lat' dir='ltr'><strong>et</strong></span> <span class='ocrx_word' id='word_1_436' title='bbox 2661 710 2930 776; x_wconf 83' lang='lat' dir='ltr'><strong>vitiosos</strong></span> <span class='ocrx_word' id='word_1_437' title='bbox 2972 708 3193 774; x_wconf 79' lang='lat' dir='ltr'><strong>cultus·</strong></span> <span class='ocrx_word' id='word_1_438' title='bbox 3227 710 3525 774; x_wconf 91' lang='lat' dir='ltr'><strong>asseruit.</strong></span> 
     </span>
    </p>

    <p class='ocr_par' dir='ltr' id='par_1_9' title="bbox 2372 794 4343 2323">
     <span class='ocr_line' id='line_1_64' title="bbox 2548 794 4315 862; baseline 0.001 -2"><span class='ocrx_word' id='word_1_439' title='bbox 2548 796 2646 862; x_wconf 88' lang='lat'><strong>14.</strong></span> <span class='ocrx_word' id='word_1_440' title='bbox 2693 795 2784 861; x_wconf 79' lang='lat' dir='ltr'><strong>Et</strong></span> <span class='ocrx_word' id='word_1_441' title='bbox 2823 797 2943 861; x_wconf 81' lang='lat' dir='ltr'><strong>erit</strong></span> <span class='ocrx_word' id='word_1_442' title='bbox 2982 794 3118 860; x_wconf 71' lang='lat' dir='ltr'><strong>dies</strong></span> <span class='ocrx_word' id='word_1_443' title='bbox 3158 795 3274 859; x_wconf 72' lang='lat' dir='ltr'><strong>iste</strong></span> <span class='ocrx_word' id='word_1_444' title='bbox 3312 794 3497 860; x_wconf 79' lang='lat' dir='ltr'><strong>vobis.</strong></span> <span class='ocrx_word' id='word_1_445' title='bbox 3566 794 3712 860; x_wconf 91' lang='lat' dir='ltr'><strong>Hoc</strong></span> <span class='ocrx_word' id='word_1_446' title='bbox 3758 794 3840 860; x_wconf 91' lang='lat' dir='ltr'><strong>de</strong></span> <span class='ocrx_word' id='word_1_447' title='bbox 3884 816 4105 860; x_wconf 86' lang='lat' dir='ltr'><strong>annua</strong></span> <span class='ocrx_word' id='word_1_448' title='bbox 4147 796 4315 862; x_wconf 89' lang='lat' dir='ltr'><strong>cele-</strong></span> 
     </span>
     <span class='ocr_line' id='line_1_65' title="bbox 2372 880 4316 963; baseline -0.002 -13"><span class='ocrx_word' id='word_1_449' title='bbox 2372 884 2666 950; x_wconf 89' lang='lat' dir='ltr'><strong>bratione</strong></span> <span class='ocrx_word' id='word_1_450' title='bbox 2712 882 2981 961; x_wconf 89' lang='lat' dir='ltr'><strong>dicitur,</strong></span> <span class='ocrx_word' id='word_1_451' title='bbox 3025 899 3191 963; x_wconf 91' lang='lat' dir='ltr'><strong>quae</strong></span> <span class='ocrx_word' id='word_1_452' title='bbox 3228 888 3362 944; x_wconf 91' lang='lat' dir='ltr'><strong>tam</strong></span> <span class='ocrx_word' id='word_1_453' title='bbox 3399 888 3900 945; x_wconf 85' lang='lat' dir='ltr'><strong>monumentum</strong></span> <span class='ocrx_word' id='word_1_454' title='bbox 3935 880 4064 945; x_wconf 85' lang='lat' dir='ltr'><strong>fuit</strong></span> <span class='ocrx_word' id='word_1_455' title='bbox 4100 883 4316 947; x_wconf 87' lang='lat' dir='ltr'><strong>exitus</strong></span> 
     </span>
     <span class='ocr_line' id='line_1_66' title="bbox 2373 963 4317 1053; baseline -0.001 -19"><span class='ocrx_word' id='word_1_456' title='bbox 2373 990 2566 1052; x_wconf 89' lang='lat' dir='ltr'><strong>quam</strong></span> <span class='ocrx_word' id='word_1_457' title='bbox 2613 967 2981 1053; x_wconf 79' lang='lat' dir='ltr'><strong>symbolum</strong></span> <span class='ocrx_word' id='word_1_458' title='bbox 3027 965 3284 1030; x_wconf 84' lang='lat' dir='ltr'><strong>futurae</strong></span> <span class='ocrx_word' id='word_1_459' title='bbox 3329 963 3748 1031; x_wconf 89' lang='lat' dir='ltr'><strong>liberationis.</strong></span> <span class='ocrx_word' id='word_1_460' title='bbox 3850 965 4043 1048; x_wconf 77' lang='lat' dir='ltr'><strong>Quod</strong></span> <span class='ocrx_word' id='word_1_461' title='bbox 4098 981 4317 1032; x_wconf 89' lang='lat' dir='ltr'><strong>autem</strong></span> 
     </span>
     <span class='ocr_line' id='line_1_67' title="bbox 2373 1050 4319 1126; baseline -0.002 -6"><span class='ocrx_word' id='word_1_462' title='bbox 2373 1065 2647 1120; x_wconf 86' lang='lat' dir='ltr'><strong>vocatur</strong></span> <span class='ocrx_word' id='word_1_463' title='bbox 2705 1055 2870 1119; x_wconf 89' lang='lat' dir='ltr'><strong>ritus</strong></span> <span class='ocrx_word' id='word_1_464' title='bbox 2924 1052 3033 1117; x_wconf 84' lang='lat' dir='ltr'><strong>vel</strong></span> <span class='ocrx_word' id='word_1_465' title='bbox 3077 1050 3359 1117; x_wconf 90' lang='lat' dir='ltr'><strong>edictum</strong></span> <span class='ocrx_word' id='word_1_466' title='bbox 3405 1050 3667 1126; x_wconf 86' lang='lat' dir='ltr'><strong>saeculi,</strong></span> <span class='ocrx_word' id='word_1_467' title='bbox 3721 1051 3845 1118; x_wconf 90' lang='lat' dir='ltr'><strong>hac</strong></span> <span class='ocrx_word' id='word_1_468' title='bbox 3890 1072 4053 1119; x_wconf 81' lang='lat' dir='ltr'><strong>voce</strong></span> <span class='ocrx_word' id='word_1_469' title='bbox 4103 1053 4319 1119; x_wconf 89' lang='lat' dir='ltr'><strong>notari</strong></span> 
     </span>
     <span class='ocr_line' id='line_1_68' title="bbox 2373 1136 4318 1225; baseline -0.001 -19"><span class='ocrx_word' id='word_1_470' title='bbox 2373 1140 2876 1225; x_wconf 88' lang='lat' dir='ltr'><strong>perpetuitatem</strong></span> <span class='ocrx_word' id='word_1_471' title='bbox 2914 1138 3151 1216; x_wconf 88' lang='lat' dir='ltr'><strong>fateor,</strong></span> <span class='ocrx_word' id='word_1_472' title='bbox 3197 1136 3311 1201; x_wconf 90' lang='lat' dir='ltr'><strong>sed</strong></span> <span class='ocrx_word' id='word_1_473' title='bbox 3357 1156 3525 1219; x_wconf 86' lang='lat' dir='ltr'><strong>quae</strong></span> <span class='ocrx_word' id='word_1_474' title='bbox 3560 1143 3819 1199; x_wconf 88' lang='lat' dir='ltr'><strong>tantum</strong></span> <span class='ocrx_word' id='word_1_475' title='bbox 3856 1159 4060 1221; x_wconf 88' lang='lat' dir='ltr'><strong>usque</strong></span> <span class='ocrx_word' id='word_1_476' title='bbox 4096 1138 4180 1204; x_wconf 89' lang='lat' dir='ltr'><strong>ad</strong></span> <span class='ocrx_word' id='word_1_477' title='bbox 4216 1161 4318 1205; x_wconf 92' lang='lat' dir='ltr'><strong>re-</strong></span> 
     </span>
     <span class='ocr_line' id='line_1_69' title="bbox 2375 1221 4319 1308; baseline -0.001 -16"><span class='ocrx_word' id='word_1_478' title='bbox 2375 1225 2794 1292; x_wconf 86' lang='lat' dir='ltr'><strong>novationem</strong></span> <span class='ocrx_word' id='word_1_479' title='bbox 2855 1224 3079 1308; x_wconf 85' lang='lat' dir='ltr'><strong>vigere</strong></span> <span class='ocrx_word' id='word_1_480' title='bbox 3138 1221 3394 1287; x_wconf 88' lang='lat' dir='ltr'><strong>debuit:</strong></span> <span class='ocrx_word' id='word_1_481' title='bbox 3465 1241 3627 1304; x_wconf 91' lang='lat' dir='ltr'><strong>quae</strong></span> <span class='ocrx_word' id='word_1_482' title='bbox 3676 1221 3841 1285; x_wconf 91' lang='lat' dir='ltr'><strong>ratio</strong></span> <span class='ocrx_word' id='word_1_483' title='bbox 3898 1228 4034 1288; x_wconf 84' lang='lat' dir='ltr'><strong>tam</strong></span> <span class='ocrx_word' id='word_1_484' title='bbox 4078 1226 4148 1289; x_wconf 92' lang='lat' dir='ltr'><strong>in</strong></span> <span class='ocrx_word' id='word_1_485' title='bbox 4194 1226 4319 1291; x_wconf 91' lang='lat' dir='ltr'><strong>cir-</strong></span> 
     </span>
     <span class='ocr_line' id='line_1_70' title="bbox 2374 1306 4319 1393; baseline -0.001 -16"><span class='ocrx_word' id='word_1_486' title='bbox 2374 1311 2774 1379; x_wconf 86' lang='lat' dir='ltr'><strong>cumcisione</strong></span> <span class='ocrx_word' id='word_1_487' title='bbox 2830 1330 3027 1393; x_wconf 89' lang='lat' dir='ltr'><strong>quam</strong></span> <span class='ocrx_word' id='word_1_488' title='bbox 3084 1309 3156 1372; x_wconf 92' lang='lat' dir='ltr'><strong>in</strong></span> <span class='ocrx_word' id='word_1_489' title='bbox 3201 1315 3338 1373; x_wconf 83' lang='lat' dir='ltr'><strong>toto</strong></span> <span class='ocrx_word' id='word_1_490' title='bbox 3383 1306 3578 1390; x_wconf 85' lang='lat' dir='ltr'><strong>legali</strong></span> <span class='ocrx_word' id='word_1_491' title='bbox 3622 1307 3801 1372; x_wconf 89' lang='lat' dir='ltr'><strong>cultu</strong></span> <span class='ocrx_word' id='word_1_492' title='bbox 3848 1307 4065 1372; x_wconf 84' lang='lat' dir='ltr'><strong>valere</strong></span> <span class='ocrx_word' id='word_1_493' title='bbox 4109 1309 4319 1390; x_wconf 87' lang='lat' dir='ltr'><strong>debet,</strong></span> 
     </span>
     <span class='ocr_line' id='line_1_71' title="bbox 2376 1390 4322 1481; baseline -0.001 -19"><span class='ocrx_word' id='word_1_494' title='bbox 2376 1398 2488 1481; x_wconf 91' lang='lat' dir='ltr'><strong>qui</strong></span> <span class='ocrx_word' id='word_1_495' title='bbox 2533 1398 2657 1462; x_wconf 89' lang='lat' dir='ltr'><strong>etsi</strong></span> <span class='ocrx_word' id='word_1_496' title='bbox 2702 1394 2953 1462; x_wconf 83' lang='lat' dir='ltr'><strong>Christi</strong></span> <span class='ocrx_word' id='word_1_497' title='bbox 2996 1393 3284 1460; x_wconf 85' lang='lat' dir='ltr'><strong>adventu</strong></span> <span class='ocrx_word' id='word_1_498' title='bbox 3327 1390 3538 1476; x_wconf 89' lang='lat' dir='ltr'><strong>quoad</strong></span> <span class='ocrx_word' id='word_1_499' title='bbox 3596 1413 3786 1457; x_wconf 88' lang='lat' dir='ltr'><strong>usum</strong></span> <span class='ocrx_word' id='word_1_500' title='bbox 3843 1392 4123 1460; x_wconf 88' lang='lat' dir='ltr'><strong>abolitus</strong></span> <span class='ocrx_word' id='word_1_501' title='bbox 4178 1397 4322 1475; x_wconf 80' lang='lat' dir='ltr'><strong>fuit,</strong></span> 
     </span>
     <span class='ocr_line' id='line_1_72' title="bbox 2378 1477 4323 1560; baseline -0.001 -12"><span class='ocrx_word' id='word_1_502' title='bbox 2378 1494 2541 1550; x_wconf 90' lang='lat' dir='ltr'><strong>tunc</strong></span> <span class='ocrx_word' id='word_1_503' title='bbox 2563 1483 2825 1548; x_wconf 90' lang='lat' dir='ltr'><strong>demum</strong></span> <span class='ocrx_word' id='word_1_504' title='bbox 2862 1500 3087 1548; x_wconf 78' lang='lat' dir='ltr'><strong>veram</strong></span> <span class='ocrx_word' id='word_1_505' title='bbox 3125 1479 3521 1545; x_wconf 89' lang='lat' dir='ltr'><strong>soliditatem</strong></span> <span class='ocrx_word' id='word_1_506' title='bbox 3552 1477 3857 1544; x_wconf 89' lang='lat' dir='ltr'><strong>obtinuit.</strong></span> <span class='ocrx_word' id='word_1_507' title='bbox 3916 1478 4140 1560; x_wconf 76' lang='lat' dir='ltr'><strong>Quare</strong></span> <span class='ocrx_word' id='word_1_508' title='bbox 4177 1503 4323 1546; x_wconf 91' lang='lat' dir='ltr'><strong>mu-</strong></span> 
     </span>
     <span class='ocr_line' id='line_1_73' title="bbox 2379 1564 4324 1651; baseline -0.001 -17"><span class='ocrx_word' id='word_1_509' title='bbox 2379 1571 2537 1635; x_wconf 91' lang='lat' dir='ltr'><strong>tatio</strong></span> <span class='ocrx_word' id='word_1_510' title='bbox 2592 1587 2724 1651; x_wconf 89' lang='lat' dir='ltr'><strong>qua</strong></span> <span class='ocrx_word' id='word_1_511' title='bbox 2775 1567 3138 1633; x_wconf 84' lang='lat' dir='ltr'><strong>differimus</strong></span> <span class='ocrx_word' id='word_1_512' title='bbox 3191 1587 3231 1631; x_wconf 89' lang='lat' dir='ltr'><strong>a</strong></span> <span class='ocrx_word' id='word_1_513' title='bbox 3288 1564 3528 1649; x_wconf 90' lang='lat' dir='ltr'><strong>populo</strong></span> <span class='ocrx_word' id='word_1_514' title='bbox 3571 1565 3798 1642; x_wconf 85' lang='lat' dir='ltr'><strong>veteri,</strong></span> <span class='ocrx_word' id='word_1_515' title='bbox 3858 1564 4026 1630; x_wconf 88' lang='lat' dir='ltr'><strong>nihil</strong></span> <span class='ocrx_word' id='word_1_516' title='bbox 4069 1587 4156 1631; x_wconf 89' lang='lat' dir='ltr'><strong>ex</strong></span> <span class='ocrx_word' id='word_1_517' title='bbox 4204 1567 4324 1632; x_wconf 87' lang='lat' dir='ltr'><strong>boe</strong></span> 
     </span>
     <span class='ocr_line' id='line_1_74' title="bbox 2380 1649 4328 1739; baseline -0.002 -19"><span class='ocrx_word' id='word_1_518' title='bbox 2380 1663 2695 1739; x_wconf 89' lang='lat' dir='ltr'><strong>perpetuo</strong></span> <span class='ocrx_word' id='word_1_519' title='bbox 2739 1663 2989 1719; x_wconf 90' lang='lat' dir='ltr'><strong>statuto</strong></span> <span class='ocrx_word' id='word_1_520' title='bbox 3033 1652 3355 1717; x_wconf 84' lang='lat' dir='ltr'><strong>detrahit:</strong></span> <span class='ocrx_word' id='word_1_521' title='bbox 3401 1649 3598 1716; x_wconf 91' lang='lat' dir='ltr'><strong>sicuti</strong></span> <span class='ocrx_word' id='word_1_522' title='bbox 3640 1669 3762 1714; x_wconf 89' lang='lat' dir='ltr'><strong>nec</strong></span> <span class='ocrx_word' id='word_1_523' title='bbox 3798 1650 4024 1716; x_wconf 85' lang='lat' dir='ltr'><strong>foedus</strong></span> <span class='ocrx_word' id='word_1_524' title='bbox 4058 1673 4328 1731; x_wconf 89' lang='lat' dir='ltr'><strong>novum,</strong></span> 
     </span>
     <span class='ocr_line' id='line_1_75' title="bbox 2380 1736 4327 1824; baseline -0.002 -18"><span class='ocrx_word' id='word_1_525' title='bbox 2380 1741 2553 1824; x_wconf 89' lang='lat' dir='ltr'><strong>quod</strong></span> <span class='ocrx_word' id='word_1_526' title='bbox 2596 1739 2680 1804; x_wconf 88' lang='lat' dir='ltr'><strong>ad</strong></span> <span class='ocrx_word' id='word_1_527' title='bbox 2722 1739 3156 1805; x_wconf 87' lang='lat' dir='ltr'><strong>substantiam</strong></span> <span class='ocrx_word' id='word_1_528' title='bbox 3201 1737 3510 1802; x_wconf 86' lang='lat' dir='ltr'><strong>interitus</strong></span> <span class='ocrx_word' id='word_1_529' title='bbox 3550 1745 3652 1802; x_wconf 85' lang='lat' dir='ltr'><strong>est</strong></span> <span class='ocrx_word' id='word_1_530' title='bbox 3695 1737 3956 1815; x_wconf 85' lang='lat' dir='ltr'><strong>veteris,</strong></span> <span class='ocrx_word' id='word_1_531' title='bbox 4003 1736 4118 1802; x_wconf 89' lang='lat' dir='ltr'><strong>sed</strong></span> <span class='ocrx_word' id='word_1_532' title='bbox 4157 1737 4327 1821; x_wconf 89' lang='lat' dir='ltr'><strong>quod</strong></span> 
     </span>
     <span class='ocr_line' id='line_1_76' title="bbox 2382 1820 4324 1904; baseline -0.003 -11"><span class='ocrx_word' id='word_1_533' title='bbox 2382 1826 2466 1894; x_wconf 91' lang='lat' dir='ltr'><strong>ad</strong></span> <span class='ocrx_word' id='word_1_534' title='bbox 2511 1827 2784 1891; x_wconf 85' lang='lat' dir='ltr'><strong>formam</strong></span> <span class='ocrx_word' id='word_1_535' title='bbox 2831 1825 3172 1889; x_wconf 88' lang='lat' dir='ltr'><strong>duntaxat.</strong></span> <span class='ocrx_word' id='word_1_536' title='bbox 3230 1823 3444 1888; x_wconf 88' lang='lat' dir='ltr'><strong>Paulo</strong></span> <span class='ocrx_word' id='word_1_537' title='bbox 3478 1830 3626 1904; x_wconf 88' lang='lat' dir='ltr'><strong>post</strong></span> <span class='ocrx_word' id='word_1_538' title='bbox 3659 1820 3768 1887; x_wconf 90' lang='lat' dir='ltr'><strong>ubi</strong></span> <span class='ocrx_word' id='word_1_539' title='bbox 3809 1822 3993 1887; x_wconf 86' lang='lat' dir='ltr'><strong>dicit:</strong></span> <span class='ocrx_word' id='word_1_540' title='bbox 4040 1824 4324 1888; x_wconf 80' lang='lat' dir='ltr'><strong>Tantum</strong></span> 
     </span>
     <span class='ocr_line' id='line_1_77' title="bbox 2382 1907 4330 1996; baseline -0.002 -19"><span class='ocrx_word' id='word_1_541' title='bbox 2382 1911 2554 1996; x_wconf 90' lang='lat' dir='ltr'><strong>quod</strong></span> <span class='ocrx_word' id='word_1_542' title='bbox 2591 1910 2982 1987; x_wconf 87' lang='lat' dir='ltr'><strong>comedetur,</strong></span> <span class='ocrx_word' id='word_1_543' title='bbox 3028 1909 3153 1975; x_wconf 87' lang='lat' dir='ltr'><strong>hoc</strong></span> <span class='ocrx_word' id='word_1_544' title='bbox 3196 1909 3407 1975; x_wconf 91' lang='lat' dir='ltr'><strong>solum</strong></span> <span class='ocrx_word' id='word_1_545' title='bbox 3452 1909 3564 1973; x_wconf 86' lang='lat' dir='ltr'><strong>fiet</strong></span> <span class='ocrx_word' id='word_1_546' title='bbox 3606 1928 3647 1971; x_wconf 91' lang='lat' dir='ltr'><strong>a</strong></span> <span class='ocrx_word' id='word_1_547' title='bbox 3690 1907 3893 1984; x_wconf 84' lang='lat' dir='ltr'><strong>vobis,</strong></span> <span class='ocrx_word' id='word_1_548' title='bbox 3939 1929 4170 1974; x_wconf 91' lang='lat' dir='ltr'><strong>sensus</strong></span> <span class='ocrx_word' id='word_1_549' title='bbox 4207 1916 4330 1988; x_wconf 87' lang='lat' dir='ltr'><strong>est,</strong></span> 
     </span>
     <span class='ocr_line' id='line_1_78' title="bbox 2384 1992 4343 2080; baseline -0.002 -17"><span class='ocrx_word' id='word_1_550' title='bbox 2384 1998 2468 2064; x_wconf 87' lang='lat' dir='ltr'><strong>ab</strong></span> <span class='ocrx_word' id='word_1_551' title='bbox 2511 1998 2687 2062; x_wconf 90' lang='lat' dir='ltr'><strong>omni</strong></span> <span class='ocrx_word' id='word_1_552' title='bbox 2731 2017 2926 2080; x_wconf 90' lang='lat' dir='ltr'><strong>opere</strong></span> <span class='ocrx_word' id='word_1_553' title='bbox 2968 1994 3358 2062; x_wconf 89' lang='lat' dir='ltr'><strong>cessandum</strong></span> <span class='ocrx_word' id='word_1_554' title='bbox 3403 2015 3562 2072; x_wconf 89' lang='lat' dir='ltr'><strong>esse,</strong></span> <span class='ocrx_word' id='word_1_555' title='bbox 3608 1994 3736 2057; x_wconf 91' lang='lat' dir='ltr'><strong>nisi</strong></span> <span class='ocrx_word' id='word_1_556' title='bbox 3781 2006 3853 2058; x_wconf 88' lang='lat' dir='ltr'><strong>ut</strong></span> <span class='ocrx_word' id='word_1_557' title='bbox 3898 1992 4113 2059; x_wconf 89' lang='lat' dir='ltr'><strong>cibum</strong></span> <span class='ocrx_word' id='word_1_558' title='bbox 4161 1993 4343 2060; x_wconf 89' lang='lat' dir='ltr'><strong>illius</strong></span> 
     </span>
     <span class='ocr_line' id='line_1_79' title="bbox 2386 2079 4341 2167; baseline -0.002 -17"><span class='ocrx_word' id='word_1_559' title='bbox 2386 2084 2516 2150; x_wconf 92' lang='lat' dir='ltr'><strong>diei</strong></span> <span class='ocrx_word' id='word_1_560' title='bbox 2539 2083 2663 2149; x_wconf 86' lang='lat' dir='ltr'><strong>sibi</strong></span> <span class='ocrx_word' id='word_1_561' title='bbox 2701 2093 2951 2167; x_wconf 88' lang='lat' dir='ltr'><strong>parent.</strong></span> <span class='ocrx_word' id='word_1_562' title='bbox 2997 2080 3188 2163; x_wconf 79' lang='lat' dir='ltr'><strong>Quae</strong></span> <span class='ocrx_word' id='word_1_563' title='bbox 3223 2080 3522 2162; x_wconf 87' lang='lat' dir='ltr'><strong>exceptio</strong></span> <span class='ocrx_word' id='word_1_564' title='bbox 3560 2079 3802 2144; x_wconf 89' lang='lat' dir='ltr'><strong>diserte</strong></span> <span class='ocrx_word' id='word_1_565' title='bbox 3835 2080 3962 2145; x_wconf 89' lang='lat' dir='ltr'><strong>fuit</strong></span> <span class='ocrx_word' id='word_1_566' title='bbox 3984 2080 4214 2162; x_wconf 86' lang='lat' dir='ltr'><strong>posita,</strong></span> <span class='ocrx_word' id='word_1_567' title='bbox 4252 2101 4341 2146; x_wconf 89' lang='lat' dir='ltr'><strong>ne</strong></span> 
     </span>
     <span class='ocr_line' id='line_1_80' title="bbox 2386 2165 4341 2252; baseline -0.001 -17"><span class='ocrx_word' id='word_1_568' title='bbox 2386 2170 2513 2236; x_wconf 90' lang='lat' dir='ltr'><strong>sibi</strong></span> <span class='ocrx_word' id='word_1_569' title='bbox 2577 2169 3042 2252; x_wconf 86' lang='lat' dir='ltr'><strong>permitterent</strong></span> <span class='ocrx_word' id='word_1_570' title='bbox 3120 2165 3192 2232; x_wconf 91' lang='lat' dir='ltr'><strong>in</strong></span> <span class='ocrx_word' id='word_1_571' title='bbox 3273 2166 3422 2232; x_wconf 90' lang='lat' dir='ltr'><strong>aliis</strong></span> <span class='ocrx_word' id='word_1_572' title='bbox 3499 2165 3781 2249; x_wconf 84' lang='lat' dir='ltr'><strong>negotiis</strong></span> <span class='ocrx_word' id='word_1_573' title='bbox 3847 2186 4067 2232; x_wconf 89' lang='lat' dir='ltr'><strong>sacras</strong></span> <span class='ocrx_word' id='word_1_574' title='bbox 4139 2166 4341 2233; x_wconf 85' lang='lat' dir='ltr'><strong>ferias</strong></span> 
     </span>
     <span class='ocr_line' id='line_1_81' title="bbox 2389 2255 2655 2323; baseline -0.011 0"><span class='ocrx_word' id='word_1_575' title='bbox 2389 2255 2655 2323; x_wconf 83' lang='lat' dir='ltr'><strong>violare.</strong></span> 
     </span>
    </p>
   </div>
   <div class='ocr_carea' id='block_1_9' title="bbox 2908 2592 3818 2662">
    <p class='ocr_par' dir='ltr' id='par_1_10' title="bbox 2908 2592 3818 2662">
     <span class='ocr_line' id='line_1_82' title="bbox 2908 2592 3818 2662; baseline -0.004 0"><span class='ocrx_word' id='word_1_576' title='bbox 2908 2595 3042 2662; x_wconf 81' lang='lat' dir='ltr'><strong>Ex</strong></span> <span class='ocrx_word' id='word_1_577' title='bbox 3085 2593 3418 2661; x_wconf 79' lang='lat' dir='ltr'><strong>EODEM</strong></span> <span class='ocrx_word' id='word_1_578' title='bbox 3460 2592 3818 2660; x_wconf 73' lang='lat' dir='ltr'><strong>CAPI&#39;l&#39;E.</strong></span> 
     </span>
    </p>
   </div>
   <div class='ocr_carea' id='block_1_10' title="bbox 2390 2762 4342 3454">
    <p class='ocr_par' dir='ltr' id='par_1_11' title="bbox 2390 2762 4342 3454">
     <span class='ocr_line' id='line_1_83' title="bbox 2561 2762 4341 2850; baseline -0.001 -17"><span class='ocrx_word' id='word_1_579' title='bbox 2561 2768 2666 2833; x_wconf 86' lang='lat'><strong>24.</strong></span> <span class='ocrx_word' id='word_1_580' title='bbox 2722 2765 3144 2833; x_wconf 74' lang='lat' dir='ltr'><strong>observabitis</strong></span> <span class='ocrx_word' id='word_1_581' title='bbox 3179 2766 3392 2848; x_wconf 71' lang='lat' dir='ltr'><strong>itaque</strong></span> <span class='ocrx_word' id='word_1_582' title='bbox 3437 2786 3568 2831; x_wconf 77' lang='lat' dir='ltr'><strong>rem</strong></span> <span class='ocrx_word' id='word_1_583' title='bbox 3617 2766 3807 2830; x_wconf 67' lang='lat' dir='ltr'><strong>istam</strong></span> <span class='ocrx_word' id='word_1_584' title='bbox 3828 2762 3896 2850; x_wconf 85' lang='lat'><strong>¹).</strong></span> <span class='ocrx_word' id='word_1_585' title='bbox 3933 2766 4005 2829; x_wconf 77' lang='lat' dir='ltr'><strong>in</strong></span> <span class='ocrx_word' id='word_1_586' title='bbox 4039 2768 4341 2831; x_wconf 58' lang='lat' dir='ltr'><strong>stacteum</strong></span> 
     </span>
     <span class='ocr_line' id='line_1_84' title="bbox 2393 2846 4341 2934; baseline -0.003 -13"><span class='ocrx_word' id='word_1_587' title='bbox 2393 2854 2509 2921; x_wconf 72' lang='lat' dir='ltr'><strong>tibi</strong></span> <span class='ocrx_word' id='word_1_588' title='bbox 2551 2859 2610 2919; x_wconf 77' lang='lat' dir='ltr'><strong>et</strong></span> <span class='ocrx_word' id='word_1_589' title='bbox 2646 2854 2810 2934; x_wconf 72' lang='lat' dir='ltr'><strong>filiis·</strong></span> <span class='ocrx_word' id='word_1_590' title='bbox 2850 2852 2978 2918; x_wconf 76' lang='lat' dir='ltr'><strong>tuis</strong></span> <span class='ocrx_word' id='word_1_591' title='bbox 3009 2872 3207 2933; x_wconf 76' lang='lat' dir='ltr'><strong>usque</strong></span> <span class='ocrx_word' id='word_1_592' title='bbox 3238 2853 3308 2915; x_wconf 76' lang='lat' dir='ltr'><strong>in</strong></span> <span class='ocrx_word' id='word_1_593' title='bbox 3341 2852 3674 2917; x_wconf 79' lang='lat' dir='ltr'><strong>saeculum.</strong></span> <span class='ocrx_word' id='word_1_594' title='bbox 3732 2849 3835 2916; x_wconf 77' lang='lat'><strong>25.</strong></span> <span class='ocrx_word' id='word_1_595' title='bbox 3875 2846 3968 2914; x_wconf 80' lang='lat' dir='ltr'><strong>Et</strong></span> <span class='ocrx_word' id='word_1_596' title='bbox 3998 2851 4117 2915; x_wconf 75' lang='lat' dir='ltr'><strong>erit</strong></span> <span class='ocrx_word' id='word_1_597' title='bbox 4148 2871 4341 2932; x_wconf 77' lang='lat' dir='ltr'><strong>quum</strong></span> 
     </span>
     <span class='ocr_line' id='line_1_85' title="bbox 2392 2935 4342 3019; baseline -0.003 -13"><span class='ocrx_word' id='word_1_598' title='bbox 2392 2939 2785 3006; x_wconf 57' lang='lat' dir='ltr'><strong>intraveritis</strong></span> <span class='ocrx_word' id='word_1_599' title='bbox 2825 2943 3058 3003; x_wconf 80' lang='lat' dir='ltr'><strong>terram</strong></span> <span class='ocrx_word' id='word_1_600' title='bbox 3099 2957 3294 3019; x_wconf 76' lang='lat' dir='ltr'><strong>quam</strong></span> <span class='ocrx_word' id='word_1_601' title='bbox 3333 2935 3508 3001; x_wconf 73' lang='lat' dir='ltr'><strong>dabit</strong></span> <span class='ocrx_word' id='word_1_602' title='bbox 3550 2935 3781 3001; x_wconf 77' lang='lat' dir='ltr'><strong>lehova</strong></span> <span class='ocrx_word' id='word_1_603' title='bbox 3822 2936 4010 3012; x_wconf 72' lang='lat' dir='ltr'><strong>vebia,</strong></span> <span class='ocrx_word' id='word_1_604' title='bbox 4054 2940 4125 3000; x_wconf 79' lang='lat' dir='ltr'><strong>ut</strong></span> <span class='ocrx_word' id='word_1_605' title='bbox 4149 2936 4342 3017; x_wconf 76' lang='lat' dir='ltr'><strong>polli-</strong></span> 
     </span>
     <span class='ocr_line' id='line_1_86' title="bbox 2392 3020 4341 3101; baseline -0.003 -8"><span class='ocrx_word' id='word_1_606' title='bbox 2392 3028 2557 3094; x_wconf 73' lang='lat' dir='ltr'><strong>citus</strong></span> <span class='ocrx_word' id='word_1_607' title='bbox 2598 3030 2707 3101; x_wconf 81' lang='lat' dir='ltr'><strong>est,</strong></span> <span class='ocrx_word' id='word_1_608' title='bbox 2751 3029 2898 3090; x_wconf 77' lang='lat' dir='ltr'><strong>tunc</strong></span> <span class='ocrx_word' id='word_1_609' title='bbox 2939 3022 3340 3090; x_wconf 70' lang='lat' dir='ltr'><strong>observabitis</strong></span> <span class='ocrx_word' id='word_1_610' title='bbox 3379 3021 3540 3088; x_wconf 74' lang='lat' dir='ltr'><strong>hunc</strong></span> <span class='ocrx_word' id='word_1_611' title='bbox 3581 3021 3826 3087; x_wconf 71' lang='lat' dir='ltr'><strong>oulbmn.</strong></span> <span class='ocrx_word' id='word_1_612' title='bbox 3896 3020 3998 3086; x_wconf 82' lang='lat'><strong>26.</strong></span> <span class='ocrx_word' id='word_1_613' title='bbox 4039 3020 4192 3087; x_wconf 78' lang='lat' dir='ltr'><strong>Erit</strong></span> <span class='ocrx_word' id='word_1_614' title='bbox 4227 3042 4341 3087; x_wconf 74' lang='lat' dir='ltr'><strong>au-</strong></span> 
     </span>
     <span class='ocr_line' id='line_1_87' title="bbox 2392 3108 4339 3195; baseline -0.003 -16"><span class='ocrx_word' id='word_1_615' title='bbox 2392 3119 2514 3179; x_wconf 80' lang='lat' dir='ltr'><strong>tem</strong></span> <span class='ocrx_word' id='word_1_616' title='bbox 2565 3131 2758 3195; x_wconf 66' lang='lat' dir='ltr'><strong>quum</strong></span> <span class='ocrx_word' id='word_1_617' title='bbox 2813 3111 3088 3177; x_wconf 52' lang='lat' dir='ltr'><strong>dixerint</strong></span> <span class='ocrx_word' id='word_1_618' title='bbox 3140 3109 3311 3174; x_wconf 74' lang='lat' dir='ltr'><strong>vobi-s·</strong></span> <span class='ocrx_word' id='word_1_619' title='bbox 3360 3108 3487 3190; x_wconf 67' lang='lat' dir='ltr'><strong>filii</strong></span> <span class='ocrx_word' id='word_1_620' title='bbox 3528 3109 3750 3173; x_wconf 75' lang='lat' dir='ltr'><strong>vestri.-</strong></span> <span class='ocrx_word' id='word_1_621' title='bbox 3811 3108 3969 3188; x_wconf 60' lang='lat' dir='ltr'><strong>Quis</strong></span> <span class='ocrx_word' id='word_1_622' title='bbox 4009 3113 4100 3172; x_wconf 79' lang='lat' dir='ltr'><strong>est</strong></span> <span class='ocrx_word' id='word_1_623' title='bbox 4137 3109 4339 3174; x_wconf 76' lang='lat' dir='ltr'><strong>cultus</strong></span> 
     </span>
     <span class='ocr_line' id='line_1_88' title="bbox 2391 3192 4340 3275; baseline -0.003 -11"><span class='ocrx_word' id='word_1_624' title='bbox 2391 3200 2510 3264; x_wconf 73' lang='lat' dir='ltr'><strong>iste</strong></span> <span class='ocrx_word' id='word_1_625' title='bbox 2551 3197 2773 3263; x_wconf 75' lang='lat' dir='ltr'><strong>vobis?</strong></span> <span class='ocrx_word' id='word_1_626' title='bbox 2871 3197 2974 3261; x_wconf 81' lang='lat'><strong>27.</strong></span> <span class='ocrx_word' id='word_1_627' title='bbox 3025 3195 3201 3261; x_wconf 78' lang='lat' dir='ltr'><strong>Tune</strong></span> <span class='ocrx_word' id='word_1_628' title='bbox 3241 3195 3459 3261; x_wconf 74' lang='lat' dir='ltr'><strong>dicetis</strong></span> <span class='ocrx_word' id='word_1_629' title='bbox 3472 3219 3492 3259; x_wconf 91' lang='grc'><strong>.·</strong></span> <span class='ocrx_word' id='word_1_630' title='bbox 3547 3193 3669 3260; x_wconf 72' lang='lat' dir='ltr'><strong>Est</strong></span> <span class='ocrx_word' id='word_1_631' title='bbox 3700 3192 4084 3275; x_wconf 73' lang='lat' dir='ltr'><strong>saon’ficium</strong></span> <span class='ocrx_word' id='word_1_632' title='bbox 4132 3193 4340 3260; x_wconf 73' lang='lat' dir='ltr'><strong>Pesah</strong></span> 
     </span>
     <span class='ocr_line' id='line_1_89' title="bbox 2394 3279 4341 3366; baseline -0.002 -16"><span class='ocrx_word' id='word_1_633' title='bbox 2394 3283 2674 3362; x_wconf 69' lang='grc' dir='ltr'><strong><em>Ιεήουαε,</em></strong></span> <span class='ocrx_word' id='word_1_634' title='bbox 2708 3284 2823 3366; x_wconf 78' lang='lat' dir='ltr'><strong>qui</strong></span> <span class='ocrx_word' id='word_1_635' title='bbox 2855 3281 3163 3348; x_wconf 73' lang='lat' dir='ltr'><strong>transiliit</strong></span> <span class='ocrx_word' id='word_1_636' title='bbox 3187 3281 3398 3346; x_wconf 75' lang='lat' dir='ltr'><strong>domos</strong></span> <span class='ocrx_word' id='word_1_637' title='bbox 3426 3279 3705 3362; x_wconf 73' lang='lat' dir='ltr'><strong>filiorum</strong></span> <span class='ocrx_word' id='word_1_638' title='bbox 3733 3279 3946 3346; x_wconf 76' lang='lat' dir='ltr'><strong>Israel</strong></span> <span class='ocrx_word' id='word_1_639' title='bbox 3966 3280 4037 3344; x_wconf 77' lang='lat' dir='ltr'><strong>in</strong></span> <span class='ocrx_word' id='word_1_640' title='bbox 4062 3282 4341 3363; x_wconf 71' lang='lat' dir='ltr'><strong>Aeqypto</strong></span> 
     </span>
     <span class='ocr_line' id='line_1_90' title="bbox 2390 3366 4245 3454; baseline -0.003 -16"><span class='ocrx_word' id='word_1_641' title='bbox 2390 3372 2642 3453; x_wconf 76' lang='lat' dir='ltr'><strong>quando</strong></span> <span class='ocrx_word' id='word_1_642' title='bbox 2680 3369 2986 3454; x_wconf 75' lang='lat' dir='ltr'><strong>percussit</strong></span> <span class='ocrx_word' id='word_1_643' title='bbox 3023 3367 3385 3452; x_wconf 69' lang='lat' dir='ltr'><strong>Aeyyptios,</strong></span> <span class='ocrx_word' id='word_1_644' title='bbox 3428 3371 3485 3432; x_wconf 75' lang='lat' dir='ltr'><strong>et</strong></span> <span class='ocrx_word' id='word_1_645' title='bbox 3526 3367 3738 3432; x_wconf 80' lang='lat' dir='ltr'><strong>domos</strong></span> <span class='ocrx_word' id='word_1_646' title='bbox 3777 3370 4024 3432; x_wconf 61' lang='lat' dir='ltr'><strong>nomas</strong></span> <span class='ocrx_word' id='word_1_647' title='bbox 4067 3366 4245 3432; x_wconf 73' lang='lat' dir='ltr'><strong>eruit.</strong></span> 
     </span>
    </p>
   </div>
   <div class='ocr_carea' id='block_1_11' title="bbox 2907 3705 3817 3776">
    <p class='ocr_par' dir='ltr' id='par_1_12' title="bbox 2907 3705 3817 3776">
     <span class='ocr_line' id='line_1_91' title="bbox 2907 3705 3817 3776; baseline -0.002 0"><span class='ocrx_word' id='word_1_648' title='bbox 2907 3709 3042 3776; x_wconf 85' lang='lat' dir='ltr'><strong>EX.</strong></span> <span class='ocrx_word' id='word_1_649' title='bbox 3085 3707 3418 3775; x_wconf 84' lang='lat' dir='ltr'><strong>EODEM</strong></span> <span class='ocrx_word' id='word_1_650' title='bbox 3461 3705 3817 3774; x_wconf 74' lang='lat' dir='ltr'><strong>CAPITE.</strong></span> 
     </span>
    </p>
   </div>
   <div class='ocr_carea' id='block_1_12' title="bbox 2387 3875 4353 5000">
    <p class='ocr_par' dir='ltr' id='par_1_13' title="bbox 2387 3875 4353 5000">
     <span class='ocr_line' id='line_1_92' title="bbox 2567 3875 4346 3957; baseline -0.003 -9"><span class='ocrx_word' id='word_1_651' title='bbox 2567 3884 2670 3949; x_wconf 89' lang='lat'><strong>43.</strong></span> <span class='ocrx_word' id='word_1_652' title='bbox 2714 3882 2804 3948; x_wconf 83' lang='lat' dir='ltr'><strong>Et</strong></span> <span class='ocrx_word' id='word_1_653' title='bbox 2843 3882 3008 3947; x_wconf 73' lang='lat' dir='ltr'><strong>dixit</strong></span> <span class='ocrx_word' id='word_1_654' title='bbox 3052 3879 3284 3946; x_wconf 78' lang='lat' dir='ltr'><strong>Iehova</strong></span> <span class='ocrx_word' id='word_1_655' title='bbox 3324 3880 3412 3945; x_wconf 78' lang='lat' dir='ltr'><strong>ad</strong></span> <span class='ocrx_word' id='word_1_656' title='bbox 3453 3877 3679 3944; x_wconf 79' lang='lat' dir='ltr'><strong>Mosen</strong></span> <span class='ocrx_word' id='word_1_657' title='bbox 3711 3882 3768 3943; x_wconf 77' lang='lat' dir='ltr'><strong>et</strong></span> <span class='ocrx_word' id='word_1_658' title='bbox 3801 3877 4083 3957; x_wconf 60' lang='lat' dir='ltr'><strong>Ahar-on,</strong></span> <span class='ocrx_word' id='word_1_659' title='bbox 4134 3875 4346 3943; x_wconf 77' lang='lat' dir='ltr'><strong>Statu-</strong></span> 
     </span>
     <span class='ocr_line' id='line_1_93' title="bbox 2394 3963 4353 4048; baseline -0.004 -12"><span class='ocrx_word' id='word_1_660' title='bbox 2394 3977 2525 4037; x_wconf 78' lang='lat' dir='ltr'><strong>tum</strong></span> <span class='ocrx_word' id='word_1_661' title='bbox 2574 3968 2812 4035; x_wconf 76' lang='lat' dir='ltr'><strong>Pesah.-</strong></span> <span class='ocrx_word' id='word_1_662' title='bbox 2862 3966 3098 4033; x_wconf 73' lang='lat' dir='ltr'><strong>Nullus</strong></span> <span class='ocrx_word' id='word_1_663' title='bbox 3131 3966 3484 4048; x_wconf 70' lang='lat' dir='ltr'><strong>alieniqena</strong></span> <span class='ocrx_word' id='word_1_664' title='bbox 3517 3965 3783 4030; x_wconf 77' lang='lat' dir='ltr'><strong>comedet</strong></span> <span class='ocrx_word' id='word_1_665' title='bbox 3813 3985 3890 4029; x_wconf 79' lang='lat' dir='ltr'><strong>ex</strong></span> <span class='ocrx_word' id='word_1_666' title='bbox 3923 3984 4007 4028; x_wconf 81' lang='lat' dir='ltr'><strong>eo.</strong></span> <span class='ocrx_word' id='word_1_667' title='bbox 4072 3963 4177 4028; x_wconf 89' lang='lat'><strong>44.</strong></span> <span class='ocrx_word' id='word_1_668' title='bbox 4220 3963 4353 4028; x_wconf 72' lang='lat' dir='ltr'><strong>Sed</strong></span> 
     </span>
     <span class='ocr_line' id='line_1_94' title="bbox 2395 4051 4341 4208; baseline -0.005 0"><span class='ocrx_word' id='word_1_669' title='bbox 2395 4056 2861 4208; x_wconf 51' lang='lat' dir='ltr'><strong>‘&#39;cssffmm</strong></span> <span class='ocrx_word' id='word_1_670' title='bbox 2696 4076 2746 4119; x_wconf 78' lang='lat'><strong>⁶¹</strong></span> <span class='ocrx_word' id='word_1_671' title='bbox 2769 4074 2878 4153; x_wconf 66' lang='lat'><strong>&#39;²⁸³⁸</strong></span> <span class='ocrx_word' id='word_1_672' title='bbox 2922 4054 3409 4206; x_wconf 46' lang='lat' dir='ltr'><strong>0²²ssssssss</strong></span> <span class='ocrx_word' id='word_1_673' title='bbox 3430 4055 4008 4201; x_wconf 51' lang='lat' dir='ltr'><strong>“limfiaifflma</strong></span> <span class='ocrx_word' id='word_1_674' title='bbox 4010 4051 4341 4201; x_wconf 56' lang='lat' dir='ltr'><strong>mm</strong></span> 
     </span>
     <span class='ocr_line' id='line_1_95' title="bbox 2393 4221 4340 4295; baseline -0.005 0"><span class='ocrx_word' id='word_1_675' title='bbox 2393 4229 2537 4295; x_wconf 72' lang='lat' dir='ltr'><strong>rius</strong></span> <span class='ocrx_word' id='word_1_676' title='bbox 2576 4248 2701 4294; x_wconf 76' lang='lat' dir='ltr'><strong>non</strong></span> <span class='ocrx_word' id='word_1_677' title='bbox 2742 4227 2999 4293; x_wconf 79' lang='lat' dir='ltr'><strong>comedet</strong></span> <span class='ocrx_word' id='word_1_678' title='bbox 3042 4245 3119 4289; x_wconf 80' lang='lat' dir='ltr'><strong>ex</strong></span> <span class='ocrx_word' id='word_1_679' title='bbox 3160 4243 3243 4289; x_wconf 77' lang='lat' dir='ltr'><strong>eo.</strong></span> <span class='ocrx_word' id='word_1_680' title='bbox 3331 4224 3435 4287; x_wconf 90' lang='lat'><strong>46.</strong></span> <span class='ocrx_word' id='word_1_681' title='bbox 3484 4222 3570 4286; x_wconf 78' lang='lat' dir='ltr'><strong>In</strong></span> <span class='ocrx_word' id='word_1_682' title='bbox 3603 4222 3817 4287; x_wconf 80' lang='lat' dir='ltr'><strong>eadem</strong></span> <span class='ocrx_word' id='word_1_683' title='bbox 3858 4222 4035 4287; x_wconf 78' lang='lat' dir='ltr'><strong>domo</strong></span> <span class='ocrx_word' id='word_1_684' title='bbox 4074 4221 4340 4286; x_wconf 76' lang='lat' dir='ltr'><strong>comede-</strong></span> 
     </span>
     <span class='ocr_line' id='line_1_96' title="bbox 2396 4307 4342 4394; baseline -0.004 -14"><span class='ocrx_word' id='word_1_685' title='bbox 2396 4320 2528 4380; x_wconf 79' lang='lat' dir='ltr'><strong>tur.-</strong></span> <span class='ocrx_word' id='word_1_686' title='bbox 2582 4333 2707 4378; x_wconf 79' lang='lat' dir='ltr'><strong>non</strong></span> <span class='ocrx_word' id='word_1_687' title='bbox 2765 4313 2980 4394; x_wconf 80' lang='lat' dir='ltr'><strong>efferes</strong></span> <span class='ocrx_word' id='word_1_688' title='bbox 3031 4314 3206 4375; x_wconf 71' lang='lat' dir='ltr'><strong>extra</strong></span> <span class='ocrx_word' id='word_1_689' title='bbox 3261 4309 3512 4374; x_wconf 78' lang='lat' dir='ltr'><strong>domum</strong></span> <span class='ocrx_word' id='word_1_690' title='bbox 3559 4307 3743 4390; x_wconf 75' lang='lat' dir='ltr'><strong>foras</strong></span> <span class='ocrx_word' id='word_1_691' title='bbox 3799 4327 3832 4372; x_wconf 83' lang='lat' dir='ltr'><strong>e</strong></span> <span class='ocrx_word' id='word_1_692' title='bbox 3885 4326 4101 4385; x_wconf 77' lang='lat' dir='ltr'><strong>earne,</strong></span> <span class='ocrx_word' id='word_1_693' title='bbox 4159 4313 4219 4372; x_wconf 78' lang='lat' dir='ltr'><strong>et</strong></span> <span class='ocrx_word' id='word_1_694' title='bbox 4269 4327 4342 4373; x_wconf 79' lang='lat' dir='ltr'><strong>os</strong></span> 
     </span>
     <span class='ocr_line' id='line_1_97' title="bbox 2393 4391 4342 4481; baseline -0.004 -15"><span class='ocrx_word' id='word_1_695' title='bbox 2393 4421 2517 4466; x_wconf 75' lang='lat' dir='ltr'><strong>non</strong></span> <span class='ocrx_word' id='word_1_696' title='bbox 2560 4399 2956 4481; x_wconf 76' lang='lat' dir='ltr'><strong>confrinyetis</strong></span> <span class='ocrx_word' id='word_1_697' title='bbox 2997 4416 3075 4462; x_wconf 83' lang='lat' dir='ltr'><strong>ex</strong></span> <span class='ocrx_word' id='word_1_698' title='bbox 3117 4415 3199 4460; x_wconf 77' lang='lat' dir='ltr'><strong>eo.</strong></span> <span class='ocrx_word' id='word_1_699' title='bbox 3303 4394 3408 4459; x_wconf 82' lang='lat'><strong>47.</strong></span> <span class='ocrx_word' id='word_1_700' title='bbox 3483 4392 3828 4459; x_wconf 67' lang='lat' dir='ltr'><strong>Universae</strong></span> <span class='ocrx_word' id='word_1_701' title='bbox 3885 4398 4082 4458; x_wconf 75' lang='lat' dir='ltr'><strong>coetus</strong></span> <span class='ocrx_word' id='word_1_702' title='bbox 4127 4391 4342 4458; x_wconf 76' lang='lat' dir='ltr'><strong>Israel</strong></span> 
     </span>
     <span class='ocr_line' id='line_1_98' title="bbox 2391 4478 4342 4572; baseline -0.003 -21"><span class='ocrx_word' id='word_1_703' title='bbox 2391 4487 2624 4569; x_wconf 76' lang='lat' dir='ltr'><strong>facient</strong></span> <span class='ocrx_word' id='word_1_704' title='bbox 2643 4482 2697 4572; x_wconf 71' lang='grc'><strong>2)</strong></span> <span class='ocrx_word' id='word_1_705' title='bbox 2731 4485 2960 4568; x_wconf 61' lang='lat' dir='ltr'><strong>ipsunt.</strong></span> <span class='ocrx_word' id='word_1_706' title='bbox 3021 4482 3124 4548; x_wconf 89' lang='lat'><strong>48.</strong></span> <span class='ocrx_word' id='word_1_707' title='bbox 3171 4481 3348 4562; x_wconf 73' lang='lat' dir='ltr'><strong>Quod</strong></span> <span class='ocrx_word' id='word_1_708' title='bbox 3377 4479 3440 4544; x_wconf 78' lang='lat' dir='ltr'><strong>si</strong></span> <span class='ocrx_word' id='word_1_709' title='bbox 3474 4478 3825 4560; x_wconf 71' lang='lat' dir='ltr'><strong>inquilinus</strong></span> <span class='ocrx_word' id='word_1_710' title='bbox 3859 4479 4034 4560; x_wconf 77' lang='lat' dir='ltr'><strong>apud</strong></span> <span class='ocrx_word' id='word_1_711' title='bbox 4076 4482 4132 4544; x_wconf 76' lang='lat' dir='ltr'><strong>te</strong></span> <span class='ocrx_word' id='word_1_712' title='bbox 4164 4499 4342 4561; x_wconf 77' lang='lat' dir='ltr'><strong>pere-</strong></span> 
     </span>
     <span class='ocr_line' id='line_1_99' title="bbox 2389 4564 4345 4656; baseline -0.004 -19"><span class='ocrx_word' id='word_1_713' title='bbox 2389 4573 2689 4656; x_wconf 76' lang='lat' dir='ltr'><strong>yrinetur,</strong></span> <span class='ocrx_word' id='word_1_714' title='bbox 2729 4575 2803 4636; x_wconf 79' lang='lat' dir='ltr'><strong>ut</strong></span> <span class='ocrx_word' id='word_1_715' title='bbox 2831 4569 3032 4652; x_wconf 78' lang='lat' dir='ltr'><strong>faciat</strong></span> <span class='ocrx_word' id='word_1_716' title='bbox 3070 4565 3277 4632; x_wconf 73' lang='lat' dir='ltr'><strong>Pesah</strong></span> <span class='ocrx_word' id='word_1_717' title='bbox 3311 4564 3590 4644; x_wconf 73' lang='lat' dir='ltr'><strong>Iehovae,</strong></span> <span class='ocrx_word' id='word_1_718' title='bbox 3623 4565 4093 4630; x_wconf 67' lang='lat' dir='ltr'><strong>circumcidetur</strong></span> <span class='ocrx_word' id='word_1_719' title='bbox 4126 4566 4186 4650; x_wconf 62' lang='lat' dir='ltr'><strong>ej</strong></span> <span class='ocrx_word' id='word_1_720' title='bbox 4218 4584 4345 4629; x_wconf 83' lang='lat' dir='ltr'><strong>om-</strong></span> 
     </span>
     <span class='ocr_line' id='line_1_100' title="bbox 2392 4648 4343 4735; baseline -0.004 -11"><span class='ocrx_word' id='word_1_721' title='bbox 2392 4659 2500 4723; x_wconf 78' lang='lat' dir='ltr'><strong>nis</strong></span> <span class='ocrx_word' id='word_1_722' title='bbox 2532 4656 2868 4735; x_wconf 72' lang='lat' dir='ltr'><strong>masculae,</strong></span> <span class='ocrx_word' id='word_1_723' title='bbox 2913 4660 2970 4720; x_wconf 80' lang='lat' dir='ltr'><strong>et</strong></span> <span class='ocrx_word' id='word_1_724' title='bbox 3000 4660 3148 4718; x_wconf 72' lang='lat' dir='ltr'><strong>tunc</strong></span> <span class='ocrx_word' id='word_1_725' title='bbox 3189 4652 3429 4718; x_wconf 79' lang='lat' dir='ltr'><strong>accedet</strong></span> <span class='ocrx_word' id='word_1_726' title='bbox 3459 4651 3547 4715; x_wconf 82' lang='lat' dir='ltr'><strong>ad</strong></span> <span class='ocrx_word' id='word_1_727' title='bbox 3576 4651 3932 4731; x_wconf 61' lang='lat' dir='ltr'><strong>faciendum</strong></span> <span class='ocrx_word' id='word_1_728' title='bbox 3972 4648 4152 4731; x_wconf 73' lang='lat' dir='ltr'><strong>illud,</strong></span> <span class='ocrx_word' id='word_1_729' title='bbox 4198 4652 4343 4717; x_wconf 74' lang='lat' dir='ltr'><strong>erit-</strong></span> 
     </span>
     <span class='ocr_line' id='line_1_101' title="bbox 2391 4735 4341 4826; baseline -0.004 -17"><span class='ocrx_word' id='word_1_730' title='bbox 2391 4764 2509 4826; x_wconf 78' lang='lat' dir='ltr'><strong>que</strong></span> <span class='ocrx_word' id='word_1_731' title='bbox 2548 4744 2711 4808; x_wconf 73' lang='lat' dir='ltr'><strong>sicut</strong></span> <span class='ocrx_word' id='word_1_732' title='bbox 2749 4742 3044 4825; x_wconf 73' lang='lat' dir='ltr'><strong>indiyena</strong></span> <span class='ocrx_word' id='word_1_733' title='bbox 3085 4744 3314 4804; x_wconf 78' lang='lat' dir='ltr'><strong>terrae:</strong></span> <span class='ocrx_word' id='word_1_734' title='bbox 3356 4735 3571 4802; x_wconf 75' lang='lat' dir='ltr'><strong>nullus</strong></span> <span class='ocrx_word' id='word_1_735' title='bbox 3614 4742 3823 4802; x_wconf 70' lang='lat' dir='ltr'><strong>atatem</strong></span> <span class='ocrx_word' id='word_1_736' title='bbox 3865 4737 4341 4802; x_wconf 68' lang='lat' dir='ltr'><strong>incircunwisus</strong></span> 
     </span>
     <span class='ocr_line' id='line_1_102' title="bbox 2391 4823 4338 4905; baseline -0.003 -11"><span class='ocrx_word' id='word_1_737' title='bbox 2391 4835 2679 4895; x_wconf 67' lang='lat' dir='ltr'><strong>vescam</strong></span> <span class='ocrx_word' id='word_1_738' title='bbox 2721 4848 2800 4892; x_wconf 80' lang='lat' dir='ltr'><strong>ex</strong></span> <span class='ocrx_word' id='word_1_739' title='bbox 2843 4848 2928 4893; x_wconf 80' lang='lat' dir='ltr'><strong>eo.</strong></span> <span class='ocrx_word' id='word_1_740' title='bbox 3028 4824 3132 4890; x_wconf 88' lang='lat'><strong>49.</strong></span> <span class='ocrx_word' id='word_1_741' title='bbox 3182 4823 3317 4888; x_wconf 71' lang='lat' dir='ltr'><strong>Lex</strong></span> <span class='ocrx_word' id='word_1_742' title='bbox 3356 4843 3490 4889; x_wconf 80' lang='lat' dir='ltr'><strong>una</strong></span> <span class='ocrx_word' id='word_1_743' title='bbox 3533 4824 3655 4888; x_wconf 77' lang='lat' dir='ltr'><strong>erit</strong></span> <span class='ocrx_word' id='word_1_744' title='bbox 3693 4823 4026 4905; x_wconf 71' lang='lat' dir='ltr'><strong>indiyenae</strong></span> <span class='ocrx_word' id='word_1_745' title='bbox 4068 4827 4125 4889; x_wconf 78' lang='lat' dir='ltr'><strong>et</strong></span> <span class='ocrx_word' id='word_1_746' title='bbox 4152 4842 4338 4904; x_wconf 69' lang='lat' dir='ltr'><strong>pere-</strong></span> 
     </span>
     <span class='ocr_line' id='line_1_103' title="bbox 2387 4908 3824 5000; baseline -0.006 -20"><span class='ocrx_word' id='word_1_747' title='bbox 2387 4916 2587 5000; x_wconf 70' lang='lat' dir='ltr'><strong>yrino,</strong></span> <span class='ocrx_word' id='word_1_748' title='bbox 2630 4914 2743 4997; x_wconf 74' lang='lat' dir='ltr'><strong>qui</strong></span> <span class='ocrx_word' id='word_1_749' title='bbox 2771 4913 3221 4996; x_wconf 58' lang='lat' dir='ltr'><strong>parem-inetur</strong></span> <span class='ocrx_word' id='word_1_750' title='bbox 3262 4910 3332 4973; x_wconf 75' lang='lat' dir='ltr'><strong>in</strong></span> <span class='ocrx_word' id='word_1_751' title='bbox 3373 4908 3575 4975; x_wconf 78' lang='lat' dir='ltr'><strong>medio</strong></span> <span class='ocrx_word' id='word_1_752' title='bbox 3615 4909 3824 4973; x_wconf 76' lang='lat' dir='ltr'><strong>vestri.</strong></span> 
     </span>
    </p>
   </div>
   <div class='ocr_carea' id='block_1_13' title="bbox 2564 5077 4338 5163">
    <p class='ocr_par' dir='ltr' id='par_1_14' title="bbox 2564 5077 4338 5163">
     <span class='ocr_line' id='line_1_104' title="bbox 2564 5077 4338 5163; baseline -0.006 -10"><span class='ocrx_word' id='word_1_753' title='bbox 2564 5086 2669 5153; x_wconf 80' lang='lat'><strong>24.</strong></span> <span class='ocrx_word' id='word_1_754' title='bbox 2737 5082 3159 5152; x_wconf 70' lang='lat' dir='ltr'><strong>observabitis</strong></span> <span class='ocrx_word' id='word_1_755' title='bbox 3213 5081 3442 5163; x_wconf 72' lang='lat' dir='ltr'><strong>itaque.</strong></span> <span class='ocrx_word' id='word_1_756' title='bbox 3544 5079 3800 5144; x_wconf 88' lang='lat' dir='ltr'><strong>Iterum</strong></span> <span class='ocrx_word' id='word_1_757' title='bbox 3857 5077 4094 5161; x_wconf 89' lang='lat' dir='ltr'><strong>repetit</strong></span> <span class='ocrx_word' id='word_1_758' title='bbox 4149 5097 4338 5161; x_wconf 87' lang='lat' dir='ltr'><strong>prae-</strong></span> 
     </span>
    </p>
   </div>
   <div class='ocr_carea' id='block_1_14' title="bbox 2390 5229 2764 5239">
    <p class='ocr_par' dir='ltr' id='par_1_15' title="bbox 2390 5229 2764 5239">
     <span class='ocr_line' id='line_1_105' title="bbox 2390 5229 2764 5239; baseline 0 911"><span class='ocrx_word' id='word_1_759' title='bbox 2390 5229 2764 5239; x_wconf 95' lang='lat' dir='ltr'><strong> </strong></span> 
     </span>
    </p>
   </div>
   <div class='ocr_carea' id='block_1_15' title="bbox 2564 5284 3935 5488">
    <p class='ocr_par' dir='ltr' id='par_1_16' title="bbox 2564 5284 3935 5488">
     <span class='ocr_line' id='line_1_106' title="bbox 2566 5284 3649 5360; baseline -0.007 -16"><span class='ocrx_word' id='word_1_760' title='bbox 2566 5292 2597 5344; x_wconf 94' lang='lat'>1</span> <span class='ocrx_word' id='word_1_761' title='bbox 2660 5293 2738 5346; x_wconf 70' lang='lat' dir='ltr'><strong>In</strong></span> <span class='ocrx_word' id='word_1_762' title='bbox 2769 5290 3050 5360; x_wconf 60' lang='lat' dir='ltr'><strong>margine.-</strong></span> <span class='ocrx_word' id='word_1_763' title='bbox 3082 5290 3186 5354; x_wconf 80' lang='lat' dir='ltr'><strong>vel,</strong></span> <span class='ocrx_word' id='word_1_764' title='bbox 3226 5287 3451 5341; x_wconf 78' lang='lat' dir='ltr'><strong>verbum</strong></span> <span class='ocrx_word' id='word_1_765' title='bbox 3484 5284 3649 5338; x_wconf 85' lang='lat' dir='ltr'><strong>istud.</strong></span> 
     </span>
     <span class='ocr_line' id='line_1_107' title="bbox 2564 5291 3935 5488; baseline -0.01 -71"><span class='ocrx_word' id='word_1_766' title='bbox 2564 5291 2626 5431; x_wconf 56' lang='lat'><strong>23</strong></span> <span class='ocrx_word' id='word_1_767' title='bbox 2662 5360 2737 5416; x_wconf 76' lang='lat' dir='ltr'><strong>In</strong></span> <span class='ocrx_word' id='word_1_768' title='bbox 2771 5361 3044 5431; x_wconf 61' lang='lat' dir='ltr'><strong>marniae.-</strong></span> <span class='ocrx_word' id='word_1_769' title='bbox 3077 5359 3138 5413; x_wconf 86' lang='lat' dir='ltr'><strong>id</strong></span> <span class='ocrx_word' id='word_1_770' title='bbox 3172 5362 3272 5423; x_wconf 85' lang='lat' dir='ltr'><strong>est,</strong></span> <span class='ocrx_word' id='word_1_771' title='bbox 3310 5356 3640 5410; x_wconf 70' lang='lat' dir='ltr'><strong>mactabunt.</strong></span> <span class='ocrx_word' id='word_1_772' title='bbox 3866 5433 3935 5488; x_wconf 72' lang='grc'><strong>19</strong></span> 
     </span>
    </p>
   </div>
  </div>
 </body>
</html>
