4867 6150
571 423 707 490 639

576 611 744 677 nari.
832 610 1026 694 Quod
1083 619 1303 677 autem
1364 630 1539 675 nunc
1599 612 1848 677 mortui
1905 611 2197 677 hominis
2260 629 2535 677 consan-

571 699 893 852 ffiineum
919 708 1133 764 armat
1154 696 1238 763 ad
1263 696 1649 762 sumendam
1676 696 2058 776 vindictam,
2093 696 2352 763 videtur
2385 697 2537 761 bar-

578 871 738 937 dare
772 869 976 955 gladii
1011 876 1431 953 potestatem:
1479 869 1677 953 idque
1707 868 1781 933 in
1816 870 2081 954 propria
2113 889 2330 936 causa.
2379 868 2537 934 Per-

577 959 850 1023 missum
896 956 1162 1040 quidem
1207 955 1365 1021 olim
1407 954 1539 1019 fuit
1579 955 1759 1020 fures
1802 966 2166 1023 nocturnos
2219 953 2533 1034 occidere,

576 1052 656 1110 ut
688 1062 808 1109 suo
840 1043 980 1108 loco
1016 1040 1415 1110 videbimus:
1471 1039 1848 1108 adulterum
1884 1063 2140 1126 quoque
2182 1041 2254 1106 in
2289 1040 2535 1107 scelere

576 1128 1092 1213 deprehensum,
1152 1129 1389 1193 marito
1461 1126 1565 1193 vel
1638 1128 1810 1211 patri
1862 1138 2203 1212 stupratae
2250 1127 2535 1192 feminae

570 1214 872 1283 occidere
927 1213 1146 1281 licuit:
1201 1222 1278 1277 ut
1336 1233 1491 1278 vero
1547 1214 1696 1297 quis
1754 1215 2105 1280 ulciscatur
2153 1213 2381 1279 fratris
2429 1212 2534 1276 sui

574 1310 851 1368 mortem
870 1352 886 1379 ,
965 1299 1327 1365 absurdum
1390 1307 1494 1365 est
1556 1299 1703 1384 lege
1768 1300 2081 1383 permitti.
2169 1299 2310 1364 Nec
2373 1318 2533 1364 vero

573 1385 944 1473 putandum
966 1394 1068 1452 est
1101 1385 1277 1451 hanc
1312 1385 1644 1450 licentiam
1683 1407 1979 1469 unquam
2006 1385 2152 1451 Deo
2189 1386 2532 1470 probatam

574 1475 776 1541 fuisse
828 1482 905 1538 ut
961 1471 1230 1556 quilibet
1305 1471 1566 1554 publica
1627 1473 1978 1537 autoritate
2048 1471 2349 1555 neglecta
2364 1521 2381 1548 ,
2451 1467 2532 1535 de

571 1561 798 1628 fratris
840 1559 944 1625 sui
986 1578 1369 1642 percussore
1411 1577 1691 1641 poenam
1747 1558 2045 1643 exigeret
2102 1557 2215 1622 ubi
2269 1556 2532 1623 obviam

570 1650 784 1716 factus
829 1651 1035 1712 esset:
1078 1644 1176 1710 sic
1210 1644 1388 1709 enim
1424 1644 1724 1710 laxatum
1762 1653 1935 1711 esset
1968 1644 2269 1709 fraenum
2312 1642 2533 1708 subito

571 1734 854 1809 fervori,
890 1740 972 1796 ut
1004 1729 1276 1814 sanguis
1311 1730 1704 1815 sanguinem
1738 1729 2050 1795 traheret.
2117 1728 2345 1811 Quare
2380 1748 2533 1811 prc-

575 1818 791 1888 babile
844 1827 945 1884 est
1009 1815 1378 1900 periculum
1445 1816 1555 1881 hic
1618 1816 1832 1900 magis
1887 1815 2264 1881 denunciari
2331 1834 2533 1897 quam

573 1905 823 1992 aperiri
880 1904 1146 1968 ianuam
1214 1904 1511 1986 privatae
1579 1902 1936 1969 vindictae:
2020 1901 2209 1985 quasi
2282 1900 2533 1966 dictum

574 2001 766 2070 esset,
810 1989 940 2056 nisi
974 1988 1459 2073 prospiceretur
1480 1988 1789 2068 innoxiis,
1825 1989 1943 2054 vix
1977 2008 2173 2070 posse
2207 1985 2534 2069 compesci

571 2098 806 2146 eorum
850 2078 1140 2142 furorem
1182 2094 1465 2159 quorum
1508 2074 1707 2141 occisi
1747 2074 1996 2141 fuerint
2045 2075 2343 2159 cognati:
2400 2092 2533 2138 non

573 2163 750 2251 quod
801 2163 1060 2230 licitum
1115 2161 1277 2245 ipsis
1332 2170 1508 2226 esset
1571 2161 1709 2226 vim
1775 2160 2114 2243 retaliare,
2179 2157 2294 2226 sed
2359 2156 2536 2242 qnod

571 2253 828 2320 crimen
873 2269 1016 2314 esse
1061 2268 1197 2313 non
1240 2246 1587 2325 ducerent,
1652 2258 1720 2312 et
1760 2247 2123 2330 impunitas
2179 2246 2380 2310 etiam
2426 2266 2537 2310 eos

575 2338 904 2419 incitaret,
947 2354 1027 2398 eo
1064 2333 1238 2417 quod
1279 2334 1453 2399 iusto
1495 2331 1700 2399 dolori
1734 2335 2206 2418 ignosceretur.
2274 2331 2537 2396 Tenen-

576 2424 735 2490 dum
784 2431 885 2487 est
928 2440 1117 2504 ergo,
1173 2420 1288 2486 ubi
1333 2418 1480 2502 quis
1529 2439 1648 2502 per
1691 2419 1917 2485 dolum
1961 2430 2029 2484 et
2071 2416 2286 2484 scelus
2329 2419 2534 2482 inter·

571 2519 838 2592 emptus
887 2506 1137 2585 fuerat,
1194 2505 1464 2572 caedem
1512 2526 1553 2570 a
1609 2513 1891 2590 cognato
1948 2503 2282 2569 vindictae
2337 2522 2538 2569 causa

574 2600 1040 2680 perpetratam,
1086 2611 1219 2656 non
1263 2592 1466 2657 fuisse
1506 2592 1840 2676 punitam:
1886 2590 2042 2674 quia
2086 2589 2327 2654 durum
2371 2598 2535 2666 erat,

573 2702 731 2747 eum
776 2677 1143 2762 capitaliter
1187 2692 1501 2761 tanquam
1542 2676 1808 2744 sceleris
1852 2674 2184 2754 damnari,
2230 2674 2343 2758 qui
2387 2684 2536 2740 tan-

576 2776 721 2833 tum
764 2764 1090 2849 impulsus
1132 2763 1478 2848 sanguinis
1515 2765 1617 2830 sui
1662 2784 1917 2840 amore,
1963 2761 2356 2827 naturaliter
2395 2780 2537 2825 om-

576 2853 777 2918 nibns
828 2850 1072 2929 indito,
1127 2850 1524 2916 homicidam
1589 2870 1843 2934 poenae
1900 2847 2170 2931 capitali
2224 2848 2357 2913 iam
2422 2846 2537 2912 ob-

575 2939 851 3005 noxium
894 2945 1333 3021 percusserat:
1383 2936 1734 3001 tolerantia
1777 2934 1845 2999 id
1890 2933 2187 3019 quidem,
2240 2952 2375 2997 non
2421 2954 2536 3016 ap-

575 3025 959 3111 probatione
975 3074 992 3102 ,
1049 3024 1205 3107 quia
1259 3020 1362 3110 (ut
1403 3023 1538 3091 iam
1583 3019 1751 3109 dixi)
1809 3020 2069 3105 publico
2112 3018 2354 3086 iudicio
2400 3040 2538 3085 non

575 3113 836 3196 privato
879 3110 1150 3177 arbitrio
1193 3108 1557 3193 exigendae
1600 3117 1757 3175 sunt
1799 3129 2066 3192 poenae.
2158 3104 2293 3173 Sed
2336 3126 2541 3190 quum

575 3198 741 3264 haec
783 3195 1201 3280 indulgentia
1244 3197 1326 3262 ob
1370 3196 1595 3280 populi
1641 3194 1952 3260 duritiem
1996 3213 2305 3261 concessa
2347 3202 2540 3276 esset,

575 3282 688 3350 hic
743 3284 1051 3348 admonet
1109 3281 1324 3362 Deus,
1372 3302 1571 3366 quam
1630 3281 2078 3347 necessarium
2130 3279 2221 3344 sit
2277 3279 2542 3363 asylum

579 3370 737 3435 dare
795 3368 1122 3433 innoxiis:
1181 3369 1339 3450 quia
1392 3368 1636 3451 alioqui
1694 3378 2011 3451 tanquam
2068 3366 2141 3430 in
2186 3363 2543 3431 homicidas

575 3456 869 3539 impetus
913 3454 1286 3538 promiscue
1329 3454 1538 3519 fieret.
1626 3453 1711 3519 In
1754 3472 2032 3528 summa,
2080 3452 2159 3517 fit
2201 3471 2540 3534 compara-

579 3542 671 3607 tio
714 3542 892 3606 inter
950 3539 1304 3607 sceleratos
1357 3548 1427 3606 et
1473 3541 1801 3618 insontes,
1857 3538 2015 3622 quia
2069 3538 2196 3603 nisi
2252 3538 2541 3621 positum

575 3638 752 3694 esset
808 3627 1058 3693 iustum
1104 3625 1460 3692 discrimen
1476 3676 1493 3704 ,
1622 3623 1814 3690 rinde
1857 3644 2089 3689 omnes
2132 3623 2215 3690 ad
2258 3632 2542 3687 mortem

576 3722 802 3780 essent
865 3712 1181 3797 expositi:
1250 3712 1515 3779 Homici
1616 3762 1631 3789 ,
1697 3712 1953 3795 inquit,
2019 3721 2231 3775 morte
2296 3708 2542 3793 dignus

580 3807 689 3865 est
730 3799 789 3864 si
831 3800 1002 3864 forte
1044 3799 1412 3882 propinquo
1469 3798 1612 3864 eius
1670 3798 1784 3882 qui
1833 3804 2132 3862 mortuus
2171 3801 2275 3861 est
2316 3815 2545 3861 occur-

583 3887 765 3952 rerit.
840 3885 1022 3970 Ergo
1065 3883 1514 3950 adhibendum
1557 3890 1663 3949 est
1705 3883 2070 3949 remedium
2087 3932 2103 3963 ,
2148 3903 2234 3947 ne
2269 3881 2338 3946 in
2386 3901 2544 3945 ean-

581 3972 736 4039 dem
779 3991 1062 4055 poenam
1105 3968 1358 4036 incidat
1400 3971 1510 4055 qui
1557 3969 1774 4036 scelus
1808 3989 1943 4034 non
1992 3968 2276 4035 admisit.
2365 3967 2546 4032 Hinc

583 4056 852 4124 tandem
907 4056 1240 4141 colligitur
1297 4056 1458 4121 alios
1514 4056 1596 4122 ab
1654 4054 1800 4121 aliis
1862 4055 2037 4121 iusto
2102 4054 2344 4121 iudicio
2398 4074 2546 4119 esse

584 4141 1073 4211 discernendos.
1161 4142 1364 4208 Ratio
1408 4149 1630 4208 antem
1675 4139 1874 4207 simul
1920 4140 2425 4226 praescribitur,
2471 4149 2549 4205 ut

587 4249 937 4296 consessus
994 4249 1144 4293 eum
1209 4227 1511 4294 absolvat
1567 4228 1681 4310 qui
1739 4228 2042 4294 nesciens
2092 4227 2298 4292 alium
2343 4228 2546 4290 inter-

587 4315 762 4380 fecit.
830 4314 1086 4380 Verum
1130 4314 1286 4399 quia
1328 4315 1396 4378 in
1440 4314 1664 4380 verbis
1699 4320 1803 4379 est
1845 4313 2094 4396 aliquid
2139 4312 2545 4395 perplexum,

589 4401 951 4466 tenendum
996 4409 1129 4478 est,
1175 4401 1451 4467 simulac
1492 4400 1638 4482 quis
1682 4399 1885 4464 alium
1942 4400 2395 4483 percusserat,
2441 4419 2545 4464 re-

590 4496 790 4570 pente
832 4508 904 4552 se
948 4487 1303 4553 contulisse
1345 4485 1430 4552 ad
1471 4485 1690 4552 locum
1734 4486 1994 4569 refugii,
2042 4506 2117 4551 ac
2160 4484 2296 4551 illic
2341 4485 2547 4551 fuisse

589 4572 960 4657 professum
980 4594 1052 4638 se
1073 4582 1292 4639 tutum
1316 4572 1719 4639 domicilium
1742 4592 2086 4655 quaerere:
2133 4570 2258 4636 hac
2289 4579 2548 4636 contes-

592 4659 840 4724 tatione
883 4658 1084 4735 facta,
1145 4659 1423 4725 liberum
1466 4660 1667 4726 fuisse
1725 4660 2024 4742 cognatis
2072 4660 2317 4722 mortui
2361 4677 2550 4723 accu-

592 4764 772 4812 sare:
834 4743 1100 4809 demum
1153 4746 1450 4829 utrisque
1519 4743 1759 4811 auditis
1821 4744 2289 4828 interpositum
2345 4743 2550 4809 fuisse

592 4830 929 4898 iudicium.
1017 4829 1281 4913 Alioqui
1339 4831 1690 4896 manifesta
1747 4840 1924 4897 esset
1972 4829 2419 4914 repugnantia
2477 4831 2551 4894 in

593 4927 936 4996 contextu,
989 4916 1515 5000 quandoquidem
1558 4916 1755 5000 paulo
1798 4927 1949 5001 post
1986 4916 2363 4981 subiicitur:
2415 4916 2552 4983 Re·

599 5004 766 5071 verti
831 5004 1075 5069 facient
1142 5023 1292 5067 eum
1360 5001 1446 5068 ad
1509 5004 1737 5069 urbem
1807 5003 2046 5087 refugii
2112 5001 2194 5067 ad
2241 5023 2438 5085 quam
2481 5024 2554 5068 se

594 5089 982 5156 contulerat.
1070 5087 1265 5155 Unde
1309 5099 1615 5171 apparet,
1657 5110 1742 5154 ex
1779 5109 1908 5174 quo
1951 5110 2022 5154 se
2071 5088 2399 5154 obtulerat
2442 5109 2554 5155 ex·

596 5175 703 5242 sul
760 5175 843 5240 ad
900 5195 1168 5242 causam
1221 5173 1566 5241 dicendam
1628 5187 1693 5240 et
1747 5196 1818 5240 se
1868 5175 2315 5259 purgandum,
2375 5173 2554 5241 diem

595 5261 763 5329 edici
797 5261 1067 5328 solitum
1102 5283 1232 5347 quo
1269 5260 1573 5327 venirent
1616 5273 2042 5327 accusatores.
2110 5260 2389 5329 Summa
2432 5271 2552 5340 est,

2054 420 2444 488 SEXTUM
2480 420 3131 491 PRAEOEPTUM.

662 805 826 850 nem
864 802 1124 868 sapere:
1159 782 1316 867 quia
1351 783 1624 866 pessimi
1659 784 1947 868 exempli
1970 804 2077 849 res
2102 791 2220 863 est,
2256 781 2537 866 privatis
2577 807 2586 823 Α

4443 426 4554 494 640

2641 611 2915 677 solutus.
3004 611 3192 679 Haec
3254 613 3507 696 optima
3570 611 3700 676 fuit
3760 610 4122 677 moderatio
4140 662 4157 691 ,
4215 633 4299 677 ne
4356 615 4555 683 eadem

2640 698 2850 762 errori
2903 708 2971 764 et
3019 698 3249 765 sceleri
3305 706 3709 764 statueretur
3763 719 3974 780 poena
3989 749 4006 776 ,
4060 697 4379 783 simulque
4423 712 4559 766 tem-

2639 783 2849 867 porali
2907 784 3139 850 exsilio
3174 792 3491 850 testatum
3534 786 3722 849 fieret
3758 794 4161 867 quantopere
4206 806 4247 850 a
4285 786 4560 855 caedibus

2639 870 3012 935 cavendum
3070 881 3262 937 esset.
3354 869 3747 953 Quanquam
3804 870 4000 936 simul
4061 867 4247 936 Deus
4300 875 4562 955 pepercit

2638 976 2868 1020 eorum
2910 956 3116 1023 oculis
3160 976 3437 1040 quorum
3474 956 3726 1021 occisus
3770 957 3986 1022 fuerat
4029 955 4265 1034 frater,
4310 979 4390 1023 ne
4429 980 4563 1024 con-

2638 1041 2825 1106 tinuo
2865 1053 3132 1126 aspectu
3169 1042 3656 1109 recrudesceret
3690 1041 3901 1108 dolor:
3947 1041 4116 1126 quod
4152 1064 4239 1107 ex
4282 1044 4565 1111 vicesimo

2639 1137 2827 1193 sexto
2881 1150 3077 1194 versu
3147 1128 3482 1213 colligitur
3499 1175 3514 1202 ,
3576 1127 3683 1193 ubi
3757 1127 3951 1193 datur
4018 1130 4314 1210 cognatis
4378 1130 4567 1214 impu-

2639 1215 2814 1279 nitas
2879 1215 2937 1278 si
2998 1234 3151 1279 eum
3218 1216 3330 1298 qui
3396 1235 3433 1279 e
3501 1211 3713 1279 medio
3778 1213 4148 1281 subducere
4213 1236 4284 1280 se
4348 1216 4568 1295 debuit,

2637 1309 2829 1365 extra
2871 1301 3039 1366 fines
3083 1300 3324 1383 refugii
3361 1301 3465 1365 sui
3501 1299 3982 1382 deprehensum
4025 1299 4415 1367 occiderint:
4454 1323 4569 1366 non

2639 1385 2813 1468 quod
2879 1386 3054 1470 apud
3133 1388 3353 1451 Deum
3431 1394 3786 1452 excusatus
3856 1387 4055 1451 fuerit
4118 1386 4571 1471 indignationis

2637 1472 2891 1552 fervor,
2946 1472 3062 1538 sed
3105 1473 3259 1556 quia
3313 1472 3671 1538 ulciscendi
3731 1473 4052 1554 impetum
4094 1493 4181 1537 ex
4225 1494 4420 1539 sensu
4464 1473 4572 1539 hu·

2636 1557 2975 1623 manitatis
3031 1557 3433 1641 profectum,
3499 1558 3692 1624 aliter
3756 1558 4063 1624 cohibere
4129 1558 4393 1625 difficile
4444 1558 4571 1625 fuit.

2807 1644 2912 1709 20.
2991 1646 3079 1710 In
3141 1645 3387 1711 civitate
3448 1646 3617 1709 enim
3689 1645 3942 1728 reficqii.
4033 1644 4275 1710 Exsilii
4339 1654 4575 1730 tempus

2636 1731 3026 1814 praefigitur
3061 1729 3144 1795 ad
3179 1741 3456 1796 mortem
3503 1750 3712 1813 usque
3746 1729 4122 1810 sacerdotis,
4159 1732 4314 1814 quia
4354 1733 4575 1797 misero

2637 1816 2850 1881 exsuli
2872 1838 3020 1899 spes
3056 1837 3286 1881 omnes
3321 1816 3575 1882 reditus
3599 1815 3892 1882 abscindi
3925 1816 4196 1882 minime
4232 1817 4576 1883 humanum

2637 1901 2901 1982 fuisset,
2962 1922 3167 1986 quum
3213 1916 3434 1968 autem
3485 1923 3702 1967 novus
3744 1903 4127 1968 succederet
4166 1903 4466 1969 sacerdos
4504 1902 4579 1970 ad

2637 1988 3198 2055 reconciliandum
3255 1988 3399 2053 Deo
3453 1989 3803 2071 populum,
3860 1986 4090 2054 debuit
4137 1988 4304 2056 haec
4348 1990 4578 2072 gratias

2640 2075 2979 2139 renovatio
3023 2073 3284 2158 placare
3326 2094 3557 2139 omnes
3614 2075 3915 2141 offensas.
4007 2074 4231 2157 Quare
4291 2097 4425 2140 non
4479 2075 4578 2142 abs

2638 2181 2712 2225 re
2749 2161 2931 2226 Deus
2966 2161 3036 2225 in
3071 2161 3405 2245 integrum
3441 2161 3735 2226 restituit
3769 2181 3882 2227 eos
3916 2161 4029 2245 qui
4063 2168 4328 2227 tantum
4359 2162 4578 2227 erroris

2642 2267 2887 2330 poenas
2929 2244 3192 2313 dabant.

2812 2332 2913 2399 30.
3076 2333 3089 2346 ’
3350 2334 3750 2416 percusserit.
3796 2332 3940 2397 Iam
3986 2332 4158 2398 redit
4201 2332 4288 2398 ad
4339 2333 4580 2400 homici-

2643 2416 2762 2483 das
2817 2418 3251 2495 voluntarios,
3311 2419 3550 2503 quibus
3593 2428 3780 2483 vetat
3820 2418 4090 2501 quidem
4133 2439 4439 2503 parcere,
4480 2418 4579 2486 sed

2642 2524 2756 2569 eos
2813 2503 2897 2570 ad
2941 2504 3334 2588 supplicium
3378 2505 3522 2588 rapi
3558 2524 3697 2570 non
3742 2505 3889 2571 vult
3929 2505 4061 2570 nisi
4104 2504 4429 2588 legitimis
4470 2516 4581 2571 tes-

2641 2591 2933 2655 timoniis
2999 2591 3353 2657 convictos.
3461 2590 3570 2656 Ad
3636 2591 3913 2657 verbum
3973 2600 4104 2656 est:
4174 2590 4419 2658 Omnis
4485 2591 4583 2675 qui

2642 2677 3044 2760 percusserit
3077 2678 3398 2755 animam,
3449 2676 3533 2741 ad
3579 2697 3652 2741 os
3688 2677 3956 2742 testium
4000 2676 4251 2743 occidet
4295 2699 4448 2744 eum
4486 2677 4584 2760 qui

2642 2761 2899 2829 occidit.
2980 2761 3171 2845 Quae
3213 2762 3548 2829 sententia
3590 2771 3858 2846 propter
3895 2763 4287 2829 brevitatem
4331 2766 4584 2829 obscura

2643 2849 2801 2926 erit,
2856 2850 2986 2914 nisi
3052 2849 3483 2916 subaudiatur
3541 2870 3783 2915 nomen
3843 2848 4015 2933 quod
4060 2850 4460 2932 respondeat
4497 2870 4584 2915 se·

2645 2933 2861 3000 cundo
2919 2935 3139 3001 verbo.
3221 2935 3448 3000 Potest
3517 2943 3741 3000 autem
3801 2934 3925 3000 hoc
3968 2944 4108 3000 tam
4152 2935 4235 3000 de
4283 2934 4584 3002 iudicibus

2646 3041 2843 3105 quam
2901 3019 2984 3089 de
3041 3031 3419 3088 accusatore
3461 3022 3730 3105 exponi:
3777 3021 3847 3087 in
3888 3041 3961 3087 re
4006 3029 4228 3088 tamen
4279 3022 4463 3088 nulla
4499 3027 4586 3087 est

2644 3107 3063 3193 ambiguitas,
3103 3109 3434 3174 neminem
3471 3129 3613 3174 esse
3649 3107 4100 3174 damnandum
4135 3108 4269 3173 nisi
4316 3108 4586 3193 legitime

2647 3195 2989 3260 convictus
3031 3195 3247 3260 fuerit.
3334 3194 3543 3260 Porro
3587 3215 3793 3259 unum
3840 3202 4076 3259 testem
4121 3214 4261 3260 non
4308 3195 4585 3261 sufficere

2646 3280 3058 3364 pronunciat,
3104 3281 3261 3363 quia
3304 3280 3505 3345 nimis
3548 3280 3851 3364 iniquum
3896 3291 4068 3347 esset
4112 3281 4316 3346 unius
4344 3281 4587 3365 linguae

2647 3367 2921 3431 arbitrio
2949 3366 3152 3431 vitam
3183 3365 3469 3432 hominis
3493 3365 3748 3433 subiici.
3810 3366 3957 3432 Iam
4001 3377 4156 3431 ante
4196 3366 4483 3432 similem
4505 3384 4588 3430 re-

2646 3451 2844 3518 citavi
2879 3452 3116 3531 locum,
3155 3451 3269 3517 ubi
3304 3452 3576 3518 docebat
3609 3452 3849 3533 Moses,
3892 3451 4144 3517 nullam
4190 3472 4456 3519 causam
4496 3471 4589 3517 ca-

2646 3536 2919 3623 pitalem
2962 3538 3092 3603 nisi
3136 3536 3415 3603 duorum
3458 3539 3568 3604 vel
3613 3540 3818 3604 trium
3863 3538 4241 3604 testimonio
4289 3538 4587 3605 definien-

2648 3623 2803 3689 dam
2836 3645 3006 3690 esse:
3045 3633 3112 3689 et
3131 3625 3287 3707 quia
3321 3624 3661 3707 generales
3696 3633 3853 3690 sunt
3876 3624 4200 3691 eiusmodi
4220 3625 4589 3704 sententiae,

2650 3710 2951 3775 consulto
3012 3710 3349 3794 proprium
3393 3711 3612 3776 locum
3665 3710 3802 3776 illis
3863 3709 4034 3776 dedi.
4119 3710 4321 3777 Nunc
4369 3712 4588 3776 iterum

2650 3794 2822 3881 quod
2867 3797 2948 3861 ad
2986 3794 3389 3861 damnandos
3434 3789 3793 3863 homicidas
3838 3804 4122 3879 spectat,
4169 3817 4292 3880 per
4334 3797 4589 3863 occasio·

2649 3903 2803 3949 nem
2853 3882 3153 3966 attingit,
3212 3882 3374 3947 duos
3419 3892 3618 3948 testes
3663 3883 3906 3966 requiri
3927 3933 3944 3962 ,
3988 3883 4143 3966 quia
4187 3883 4361 3948 nihil
4404 3880 4589 3964 magis

2652 3968 2940 4053 proclive
2995 3977 3169 4033 esset
3221 3987 3419 4051 quam
3463 3970 3757 4034 insontes
3802 3969 4148 4035 calumniis
4192 3977 4264 4033 et
4309 3967 4589 4052 periuriis

2652 4055 2946 4132 obruere,
2983 4054 3042 4118 si
3076 4054 3274 4120 unius
3308 4053 3660 4121 cuiuslibet
3695 4056 4069 4121 testimonio
4103 4064 4412 4121 staretur.
4479 4051 4590 4120 Ubi

2653 4151 2875 4207 autem
2911 4140 3041 4205 duo
3075 4140 3405 4224 prodeunt
3436 4141 3511 4205 in
3553 4140 3863 4220 medium,
3909 4143 3965 4207 si
4010 4162 4141 4225 qua
4182 4142 4273 4207 sit
4316 4137 4588 4225 perfidia,

2651 4228 2879 4293 multis
2921 4226 3288 4292 rationibus
3333 4225 3735 4310 deprehendi
3780 4236 4014 4310 potest,
4060 4238 4137 4292 ut
4179 4228 4314 4292 iam
4360 4227 4588 4292 dictum

2652 4323 2784 4379 est:
2831 4313 2986 4397 quia
3028 4333 3325 4378 seorsum
3370 4313 3757 4398 interrogati
3802 4315 3916 4378 vix
3952 4334 4071 4397 per
4106 4314 4333 4379 omnia
4374 4330 4589 4379 conve-

2654 4403 2860 4465 nient.
2950 4398 3331 4464 Gaeterum-
3363 4410 3437 4464 ut
3495 4397 3582 4464 ad
3624 4399 3886 4466 sceleris
3930 4419 4210 4483 poenam
4255 4398 4589 4483 requiritur

2654 4493 2834 4552 certa
2869 4485 3180 4568 probatio,
3222 4485 3318 4549 ita
3361 4485 3475 4550 ubi
3516 4484 3598 4550 de
3640 4485 3839 4552 caede
3877 4487 4210 4570 cognitum
4248 4484 4464 4562 fuerit,
4502 4502 4588 4547 se·

2653 4593 2814 4639 vere
2839 4571 3022 4637 Deus
3066 4571 3277 4656 exigit
3319 4592 3394 4637 ac
3440 4572 3792 4637 denunciat
3832 4593 3917 4638 ne
3960 4581 4228 4637 maneat
4260 4569 4586 4655 impunita.

2655 4659 3059 4725 Nominatim
3121 4665 3303 4724 vetat
3357 4679 3440 4723 ne
3483 4659 3587 4724 ius
3628 4657 3796 4743 asyli
3842 4660 3932 4723 sit
3980 4657 4245 4736 venale,
4305 4661 4456 4740 quia
4492 4674 4588 4737 pe·

2656 4744 2937 4810 riculum
2997 4752 3141 4810 erat
3194 4766 3278 4810 ne
3333 4743 3575 4826 alioqui
3620 4746 4099 4827 operimentum
4159 4754 4334 4809 esset
4385 4741 4588 4806 multis

2656 4830 3030 4897 sceleribus.
3122 4829 3318 4912 Quod
3379 4849 3538 4913 ergo
3597 4839 3781 4895 vetat
3850 4831 4142 4912 accipere
4233 4829 4467 4894 retium
4517 4841 4588 4890 ne

2655 4918 2801 5001 quis
2836 4917 3151 4982 concedat
3192 4918 3265 4980 in
3308 4915 3542 4981 urbem
3586 4916 3838 5001 refugii,
3883 4916 4015 4981 huc
4059 4925 4173 4980 ten
4220 4916 4292 4992 it,
4339 4935 4422 4978 ne
4461 4910 4588 4994 quis

2659 5004 2971 5069 beneflcio
3024 5004 3282 5067 fruatur
3339 5001 3544 5068 donec
3601 5004 3800 5085 probe
3853 5012 4187 5085 comperta
4234 5002 4427 5066 fuerit
4467 4998 4587 5062 eius

2657 5089 3054 5164 innocentia,
3103 5108 3187 5153 ne
3219 5086 3660 5154 misericordia
3686 5109 3815 5173 qua
3843 5087 4277 5155 sublevantur
4295 5088 4584 5157 insontes.

2658 5174 3054 5257 corruptelis
3098 5173 3449 5240 subiaceat.

2831 5261 2935 5326 33.
2982 5259 3070 5324 Et
3110 5280 3233 5325 non
3263 5259 3565 5341 pollucti-s·
3605 5266 3856 5326 terram.
3937 5260 4086 5325 Hac
4127 5260 4420 5327 clausula
4458 5275 4581 5321 rur-

599 5369 681 5413 ne
737 5368 1020 5432 usquam
1076 5348 1339 5434 asylum
1389 5346 1676 5429 reperiat
1723 5346 2053 5414 homicida
2102 5349 2232 5413 nisi
2275 5348 2553 5413 crimine
2600 5350 2610 5403 Ι
2661 5367 2776 5412 sus
2838 5347 3176 5422 admonet,
3228 5347 3368 5449 ¹nisi
3427 5365 3658 5414 severa
3701 5346 3949 5412 iudicia
3991 5355 4340 5413 exerceant
4380 5352 4581 5412 contri
