4867 6150
312 474 434 540 617

832 662 966 730 EX
1009 661 1341 730 EODEM
1387 661 1741 729 CAPITE.

493 834 598 901 20.
651 836 857 918 Quum
890 834 1253 901 dilataverit
1274 833 1505 901 Iehova
1529 833 1707 901 Deus
1746 838 1897 900 tuus
1937 834 2273 899 terminum

315 929 514 1002 tuum,
552 920 1066 1004 quemadmodum
1105 921 1404 1004 loquutus
1445 924 1532 986 est
1566 919 1700 999 tibi,
1744 925 1803 986 et
1840 918 2114 985 dioeeris:
2160 917 2273 986 Oo-

318 1008 565 1074 medam
630 1027 878 1074 earnem
894 1056 910 1087 ,
975 1007 1136 1090 quod
1199 1005 1587 1088 concupiscat
1649 1006 1870 1071 anima
1934 1009 2045 1070 tua
2111 1006 2274 1071 vesci

320 1093 652 1160 earnilms:
692 1094 879 1158 iuxta
921 1112 1093 1158 omne
1127 1092 1507 1159 desiderium
1539 1092 1792 1159 animae
1823 1096 1971 1158 tuae
2001 1088 2273 1158 comedes

319 1198 561 1247 earnes.
650 1179 753 1244 21.
805 1179 1010 1261 Quum
1052 1178 1424 1262 lonqinquus
1467 1199 1509 1243 a
1549 1183 1605 1243 te
1643 1177 1841 1260 fuerit
1881 1176 2053 1244 locus
2094 1196 2275 1258 quem

311 1263 1062 1350 eleqeulehooaDeus
1115 1270 1266 1330 tuus
1327 1261 2273 1347 utponatnomensuumibi,

315 1350 621 1417 mactabis
661 1351 740 1416 de
780 1348 971 1416 bobus
1011 1351 1139 1417 tuis
1179 1355 1237 1415 et
1276 1351 1353 1417 de
1396 1348 1743 1434 pecudibus
1799 1349 1929 1415 tuis
1970 1368 2134 1432 quas
2175 1348 2275 1414 de-

316 1437 482 1502 derit
522 1435 754 1502 Iehova
795 1436 939 1501 tibi.-
981 1436 1495 1519 quemadmodum
1527 1436 1829 1518 praecepi
1868 1432 2002 1513 tibi,
2046 1438 2105 1500 et
2145 1454 2276 1501 ves·

301 1523 484 1588 ceris
525 1524 597 1587 in
632 1522 837 1603 portis
869 1522 1000 1589 tuis
1031 1522 1370 1589 secundum
1401 1542 1578 1588 omne
1610 1521 1989 1588 desiderium
2022 1519 2278 1587 animae

312 1614 481 1674 tuae.
569 1607 673 1673 22.
742 1604 916 1675 Certe
969 1608 1487 1691 quemadmodum
1536 1608 1870 1675 comeditur
1933 1626 2161 1688 caprea
2218 1610 2277 1672 et

313 1714 558 1773 cervus,
592 1694 687 1760 sie
718 1693 991 1760 comedes
1026 1694 1206 1761 illas.-
1239 1693 1605 1760 immundus
1629 1694 1881 1778 pariter
1915 1699 1977 1759 et
1997 1692 2278 1759 mundus

315 1784 642 1847 vescentur
682 1778 834 1846 illis.
915 1779 1015 1846 23.
1069 1780 1344 1846 Tantum
1385 1779 1678 1847 roborare
1718 1784 1788 1846 ut
1826 1799 1952 1845 non
1993 1778 2278 1846 eonoedas

314 1866 689 1950 sanquinem
707 1891 726 1930 .·
784 1866 938 1948 quia
989 1868 1260 1951 sanquis
1301 1871 1391 1933 est
1432 1868 1649 1932 anima
1666 1918 1681 1947 ‚
1745 1871 1801 1931 et
1839 1885 1964 1932 non
2004 1863 2278 1932 comedes

314 1952 608 2017 animam
670 1972 803 2018 una
864 1970 1005 2017 cum
1067 1973 1272 2019 earne.
1374 1953 1479 2020 24.
1550 1952 1700 2020 Non
1751 1951 2024 2019 comedes
2074 1949 2275 2029 illum,

311 2038 433 2104 sed
473 2039 544 2103 in
584 2042 819 2104 terram
940 2038 1138 2105 undes
1178 2038 1365 2105 illum
1408 2041 1615 2106 instar
1659 2057 1879 2122 aquae.
1968 2035 2072 2103 25.
2129 2034 2277 2102 Non

309 2124 588 2190 vesceris
619 2121 747 2205 illo,
781 2127 850 2188 ut
1056 2125 1144 2190 sit
1176 2123 1307 2207 tibi,
1348 2129 1407 2191 et
1433 2125 1593 2208 filiis
1632 2124 1763 2190 tuis
1791 2129 1939 2206 post
1971 2127 2046 2204 te,
2081 2140 2276 2206 quum

308 2209 542 2292 feceris
580 2209 743 2293 quod
779 2214 1012 2276 rectum
1054 2216 1147 2276 est
1187 2212 1259 2276 in
1300 2211 1499 2279 oculis
1543 2208 1822 2278 Iehovae.

1023 2553 1157 2620 Ex
1191 2550 1498 2619 LEVIT.
1543 2550 1778 2618 XVII.

493 2724 596 2790 10.
628 2725 990 2808 Quicunque
1024 2748 1058 2791 e
1096 2726 1277 2792 domo
1320 2723 1549 2804 Israel,
1593 2732 1652 2791 et
1688 2746 1723 2790 e
1755 2722 2117 2809 pereqrinis
2158 2723 2272 2806 qui

290 2810 799 2895 pereqrinantur
851 2812 924 2877 in
980 2811 1182 2879 medio
1224 2831 1466 2891 eorum,
1511 2809 1840 2879 comederit
1876 2808 2081 2875 ullum
2120 2829 2271 2875 san·

301 2897 569 2983 quinem
587 2947 602 2974 ‚
642 2916 876 2980 ponam
914 2897 1146 2981 faeiem
1188 2917 1389 2963 meam
1431 2900 1504 2965 in
1547 2897 1831 2963 animam
1872 2916 2032 2980 quae
2072 2914 2270 2962 eome-

301 2983 487 3049 derit
526 2982 916 3068 sanquinem,
962 2989 1019 3050 et
1060 2984 1345 3050 excidam
1387 3004 1525 3049 eam
1565 3004 1599 3049 e
1639 2982 1843 3049 medio
1870 2980 2103 3064 populi
2142 2981 2268 3047 sui.

303 3071 340 3135 1
363 3069 421 3135 1.
478 3068 643 3152 Quia
700 3070 919 3137 anima
974 3069 1187 3137 carnis
1237 3070 1308 3138 in
1362 3070 1674 3156 sanquine
1726 3076 1846 3137 est:
1901 3089 2008 3153 eqo
2064 3073 2271 3136 autem

301 3154 466 3224 dedi
516 3155 699 3222 alum
753 3155 927 3223 vobis
981 3177 1174 3240 super
1226 3156 1426 3223 altare
1466 3156 1553 3223 ad
1594 3155 1977 3239 expiandum
2017 3155 2272 3221 animas

304 3245 590 3320 vestras,
656 3242 812 3324 quia
874 3243 1142 3327 sanquis
1203 3242 1488 3309 animam
1551 3240 1847 3325 expiabit.
1953 3240 2056 3307 12.
2114 3239 2270 3306 Ideo

307 3326 460 3427 dicei
508 3325 672 3409 filiis
693 3325 1181 3427 brach-Nulla
1223 3328 1444 3394 anima
1487 3349 1564 3428 ex
1605 3326 1778 3394 vobis
1818 3327 2083 3427 emnedet
2123 3346 2271 3426 sans

294 3416 1229 3586 &mgr-‘samma‘
1248 3434 1569 3567 pesgqmffl
1622 3414 2058 3583 quxunwwe
2079 3416 2272 3599 effi}

311 3583 534 3652 Israel
547 3636 564 3665 ,
630 3589 687 3652 et
744 3606 776 3651 e
825 3586 1184 3671 pereqm'nis
1237 3587 1350 3669 qui
1394 3587 1888 3672 pereqrinantur
1941 3586 2014 3652 in
2068 3583 2272 3651 medio

307 3691 551 3752 eorum
593 3677 856 3738 venatus
886 3673 1080 3757 fuerit
1111 3675 1494 3739 venationem
1526 3672 1757 3738 bestiae
1797 3671 1891 3738 vel
1926 3671 2071 3737 avis
2111 3690 2274 3754 quae

306 3757 671 3838 comeditur,
706 3759 969 3836 effundet
1002 3760 1372 3844 sanquinem
1407 3759 1547 3825 eius
1580 3765 1638 3823 et
1668 3757 1968 3840 cooperiet
1987 3756 2270 3841 pulvere.

313 3844 427 3910 14.
483 3843 648 3926 Quia
693 3846 916 3910 anima
957 3845 1257 3995 cuiusque
1297 3846 1540 3924 carnis,
1586 3844 1852 3929 sanquis
1893 3845 2031 3909 eius
2071 3848 2162 3909 est
2201 3842 2275 3908 in

315 3931 581 3997 anima:
621 3930 885 4014 dixique
921 3929 1086 4012 filiis
1172 3930 1373 3997 srael:
1419 3929 1804 4016 Sanquinem
1858 3931 2277 4012 ouiicsounque

308 4016 538 4085 earnis
577 4035 703 4082 non
744 4016 1081 4095 comedetis,
1125 4018 1283 4100 quia
1326 4017 1546 4083 anima
1586 4017 1888 4100 cuiusque
1928 4015 2146 4082 carnis
2187 4017 2277 4080 est

312 4101 588 4186 sanquis
617 4103 800 4170 eius.-
843 4103 1192 4187 quicunque
1232 4103 1562 4170 comederit
1601 4101 1801 4184 illiont,
1845 4100 2176 4169 excidetur.

960 4443 1092 4512 Ex
1138 4444 1447 4513 LEVI'I'.
1493 4444 1654 4512 VII.

498 4618 602 4685 26.
668 4616 942 4685 Nullum
993 4618 1361 4702 sanquinem
1417 4617 1739 4685 comedetis
1778 4618 1851 4683 in
1891 4616 2129 4685 eunetis
2166 4615 2277 4682 lta-

317 4703 732 4772 bitationibus
771 4705 1012 4784 vestris,
1059 4711 1189 4771 tam
1229 4704 1309 4770 de
1351 4702 1574 4770 avibus
1614 4723 1804 4786 quam
1846 4702 1923 4768 de
1963 4702 2276 4768 iumentis.

319 4791 436 4857 27.
501 4791 724 4858 Omnis
774 4791 997 4856 anima
1051 4811 1210 4873 quae
1262 4789 1588 4856 comederit
1636 4788 1840 4855 ullum
1892 4789 2277 4873 sanquinem,

318 4877 643 4944 excidetm
683 4877 903 4943 anima
945 4875 1064 4943 illa
1106 4897 1138 4940 e
1167 4876 1432 4959 populis
1472 4876 1629 4942 suis.

942 5217 1074 5285 EX
1119 5217 1423 5286 LEVI'P.
1469 5217 1668 5287 XIX.

493 5392 601 5459 26.
653 5391 798 5458 Non
840 5390 1170 5459 comedetis
1209 5410 1348 5457 eum
1391 5392 1714 5476 sanquine.

1776 470 2165 540 SEXTUM
2208 472 2860 540 PRAECEPTUM.

4192 475 4319 542 618

2547 658 2820 729 Denter.
2861 663 2963 743 12,
3012 662 3112 729 15.
3154 661 3285 729 Pro
3328 663 3498 730 omni
3537 662 3847 730 desiderio
3888 663 4138 728 animae
4180 668 4326 730 tuae

2372 747 2694 814 mactabis.
2761 747 2955 831 Quod
2990 748 3321 833 praecedit
3362 748 3535 835 apud
3580 749 3814 815 Mosen
3859 767 3978 815 suo
4022 749 4163 815 loco
4207 770 4321 831 po-

2374 833 2501 917 sui,
2545 855 2629 899 ne
2664 833 2817 900 alibi
2856 835 3171 901 sacrificia
3200 843 3566 902 mactarent
3602 854 3798 918 qnam
3831 834 3898 899 in
3934 835 4074 901 loco
4117 855 4321 937 sacro²

2375 919 2489 1003 qui
2547 940 2719 986 unus
2761 934 2904 987 erat
2946 921 3015 986 in
3062 929 3202 987 tota
3244 918 3509 986 Iudaea.
3600 919 3728 987 Hic
3774 918 4043 986 libertas
4085 920 4325 987 edendi

2418 1005 2812 1086 ermittitur,
2868 1006 3062 1073 modo
3122 1028 3206 1072 ne
3259 1004 3570 1073 animalia
3626 1006 3772 1072 Deo
3830 1006 4142 1086 offerant,
4206 1006 4325 1073 sed

2373 1089 2506 1158 illis
2542 1100 2890 1158 vescantur
2933 1101 3243 1177 tanquam
3289 1092 3448 1159 feris
3490 1090 3947 1176 sylvestribus,
4012 1091 4325 1178 Exempli

2373 1197 2574 1244 causa
2617 1184 2954 1263 ponuntur
2996 1177 3163 1244 duae
3206 1201 3240 1246 s
3287 1179 3491 1259 ecies,
3535 1197 3611 1243 ca
3660 1199 3772 1243 rea
3815 1185 3884 1244 et
3925 1198 4193 1258 cervus,
4239 1200 4326 1245 ex

2375 1260 2611 1347 quibus
2667 1262 2850 1329 nulla
2906 1265 3108 1330 fiebat
3163 1263 3246 1330 ob
3273 1265 3425 1331 atio.
3514 1263 3600 1330 Li
3684 1284 3831 1329 rum
3876 1285 4032 1349 ergo
4074 1263 4205 1330 illis
4248 1265 4327 1331 fit

2375 1347 2746 1433 ubicunque
2806 1349 3011 1415 velint
3072 1350 3244 1416 vesci
3290 1348 3596 1417 carnibus
3613 1402 3629 1430 ‚
3676 1350 4058 1434 exceptione
4104 1360 4324 1417 tamen

2377 1431 2629 1514 addita,
2675 1455 2758 1501 ne
2802 1436 3192 1520 sanguinem
3235 1444 3536 1522 gustent:
3583 1434 3754 1520 quod
3801 1435 4059 1501 tametsi
4104 1434 4324 1501 obser·

2375 1530 2603 1589 vatum
2640 1542 2679 1585 a
2711 1520 3097 1605 parentibus
3131 1522 3345 1588 fuerat
3381 1532 3532 1589 ante
3568 1521 3810 1607 legem,
3853 1521 4039 1588 Deus
4080 1521 4323 1588 iterum

2376 1608 2689 1686 sancivit,
2750 1628 2949 1691 quum
2995 1608 3393 1692 peculiarem
3439 1607 3562 1674 sibi
3606 1608 3922 1692 populum
3966 1607 4322 1692 colligeret.

2377 1691 2641 1759 Scimus
2676 1694 2851 1759 enim
2888 1695 3109 1759 statim
3147 1713 3186 1758 a
3222 1692 3469 1761 diluvio
3524 1694 3842 1762 indictam
3903 1693 4104 1761 fuisse
4140 1693 4323 1761 Noae

2376 1786 2445 1844 et
2477 1778 2755 1862 posteris
2788 1801 2907 1845 san

2424 1884 2534 1929 ars
2599 1865 2821 1931 statim
2933 1866 3344 1949 egeneravit,
3412 1864 3766 1932 verisimile
3830 1874 3963 1948 est,
4024 1886 4108 1931 ne
4154 1866 4325 1933 lecto

2446 1952 2503 2015 ei
2546 1950 2857 2017 mandato
2873 2001 2890 2032 ,
2933 1958 3164 2036 gentes
3206 1973 3434 2019 omnes
3477 1952 3914 2036 promiscuam
3956 1950 4081 2018 sibi
4111 1887 4327 2019 fficen-

2379 2037 2538 2103 tiam
2600 2038 2994 2121 sumpsisse:
3049 2057 3125 2104 ac
3170 2036 3438 2105 dubium
3484 2049 3585 2104 est
3629 2059 3709 2104 an
3755 2038 3826 2103 in
3871 2037 4124 2104 familia
4169 2036 4324 2105 Sem

2378 2122 2681 2207 vignerit·
2725 2122 2987 2208 religio,
3050 2138 3216 2207 quae
3272 2124 3517 2208 passim
3575 2124 3837 2207 sepulta
3879 2132 4039 2190 erat.
4128 2122 4328 2191 Certe

2376 2229 2461 2275 ex
2529 2230 2701 2275 nova
2758 2207 2927 2293 legis
2985 2210 3505 2295 promulgatione
3558 2209 3879 2277 coniicere
3934 2209 4088 2276 licet
4142 2209 4328 2275 illam

2376 2295 2576 2361 fuisse
2639 2314 2908 2380 prorsus
2971 2294 3358 2362 obsoletam:
3427 2294 3739 2380 quidquid
3806 2295 3924 2377 sit,
3988 2295 4113 2363 hac
4172 2301 4329 2361 nota

2378 2379 2657 2447 electum
2722 2381 3037 2465 populum
3097 2380 3374 2449 discerni
3431 2381 3642 2447 voluit
3697 2381 3881 2448 Deus
3941 2402 3980 2447 a
4036 2381 4328 2466 profanis

2375 2466 2710 2552 gentibus.
2777 2467 2978 2533 Ratio
3022 2476 3246 2533 autem
3290 2467 3755 2552 prohibitionis
3797 2467 3983 2535 cuius
4026 2488 4206 2534 nuuc
4251 2467 4330 2533 fit

2377 2555 2646 2628 mentio,
2680 2552 2814 2619 iam
2851 2566 3007 2620 ante
3041 2573 3355 2637 expressa
3392 2554 3623 2631 fuerat,
3661 2554 3815 2638 quia
3849 2553 4107 2620 animae
4139 2550 4328 2619 sedes

2377 2647 2480 2705 est
2535 2638 2823 2724 sanguis.
2914 2638 3061 2705 Etsi
3100 2650 3321 2707 autem
3366 2640 3608 2706 animal
3656 2637 3948 2706 occidere
3990 2639 4063 2704 in
4107 2638 4329 2706 cibum

2374 2725 2649 2807 licebat,
2704 2724 2897 2791 simul
2954 2724 3258 2791 fraenum
3305 2734 3526 2792 tamen
3572 2725 3656 2791 ad
3697 2724 4126 2792 cohibendam
4169 2723 4329 2790 feri-

2373 2818 2582 2879 tatem
2617 2811 2780 2877 utile
2814 2811 2956 2890 fuit,
2994 2812 3384 2896 sanguinem
3421 2833 3553 2877 non
3589 2812 3942 2896 attingere:
3979 2810 4130 2894 quia
4167 2809 4327 2877 dum

2373 2898 2733 2982 parcebant
2790 2895 3176 2963 animalium
3231 2919 3350 2964 san
3450 2897 3465 2912 ⁰
3518 2897 3572 2977 i,
3632 2917 3896 2964 necesse
3952 2896 4073 2962 fuit
4115 2895 4327 2962 multo

2375 2983 2585 3070 magis
2629 2983 2919 3051 humano
2963 3002 3249 3067 parcere.
3312 2918 3514 3049 lgenon
3516 3001 3637 3067 pos
3710 3004 3864 3050 uam
3910 2982 4118 3049 vetuit
4141 2979 4328 3048 Deus

2372 3069 2697 3155 sanguine
2763 3069 2970 3151 vesci,
3037 3068 3262 3136 statim
3331 3070 3572 3136 transit
3623 3091 3655 3136 a
3763 3069 4063 3137 homines
4118 3068 4326 3153 ipsos:

2374 3154 2507 3238 Qui
2544 3155 2848 3222 effuderit
2884 3156 3276 3240 sanguinem
3319 3156 3603 3223 hominis
3647 3155 3714 3222 in
3761 3155 4046 3235 homine,
4091 3153 4324 3220 funde-

2374 3250 2485 3308 tur
2528 3243 2797 3327 sanguis
2838 3242 2999 3322 eius,
3044 3242 3198 3325 quia
3239 3242 3321 3308 ad
3365 3243 3722 3325 imaginem
3751 3242 3878 3308 Dei
3924 3249 4182 3309 creatus
4226 3248 4329 3306 est

2372 3326 2648 3415 (Genes.
2708 3327 2781 3410 9,
2837 3326 2925 3415 6).
3014 3326 3501 3395 convenienter
3545 3348 3701 3412 ergo
3746 3339 3935 3393 sexto
3979 3335 4326 3411 praecepto

2373 3415 2635 3481 attexui
2692 3434 2919 3481 omnes
2976 3413 3149 3480 locos
3195 3412 3429 3498 quibus
3474 3413 3660 3481 Deus
3702 3414 3881 3480 iubet
3923 3413 4239 3498 populum
4285 3433 4328 3477 a

2372 3499 2697 3585 sanguine
2777 3499 3126 3567 abstinere.
3236 3499 3370 3567 Per
3435 3520 3505 3566 se
3570 3499 3835 3584 quidem
3902 3521 4037 3566 non
4102 3499 4327 3583 magni

2370 3585 2677 3653 interfuit
2720 3585 3116 3673 sanguinem
3160 3583 3540 3652 comedere:
3585 3585 3759 3671 quod
3803 3606 3959 3671 ergo
4001 3605 4143 3650 rem
4190 3604 4326 3650 non

2373 3672 2536 3738 adeo
2590 3670 3022 3757 ponderosam
3085 3671 3278 3738 toties
3323 3672 3506 3738 Deus
3568 3671 3878 3750 inculcat,
3937 3669 4089 3737 inde
4145 3670 4324 3737 colli-

2372 3759 2552 3844 gitur
2584 3759 2798 3844 legem
2833 3758 2963 3824 alio
2999 3765 3314 3842 spectare.
3380 3757 3532 3824 Huc
3577 3778 3834 3842 quoque
3879 3756 4128 3825 accedit
4170 3776 4326 3842 poe-

2371 3866 2499 3911 nae
2535 3845 2883 3912 severitas:
2929 3865 3081 3910 nam
3120 3843 3415 3911 aviculae
3451 3844 3840 3927 sanguinem
3879 3851 4162 3928 gustare,
4199 3841 4322 3908 cri·

2371 3952 2528 3998 men
2564 3937 2738 3998 certe
2775 3950 2907 3996 non
2942 3939 3088 3996 erat
3124 3937 3335 3995 morte
3372 3928 3668 4014 dignum.
3731 3930 3911 4015 Ergo
3948 3929 4101 3994 inde
4144 3927 4327 3995 simi-

2373 4018 2528 4084 liter
2560 4024 2742 4101 patet
2785 4016 2986 4082 alium
3032 4015 3230 4082 fuisse
3277 4014 3730 4100 prohibitionis
3774 4017 3990 4095 finem,
4033 4023 4110 4080 ut
4152 4013 4325 4081 scili-

2375 4109 2480 4169 cet
2521 4100 2875 4170 erudelitas
2918 4101 3178 4168 horrori
3222 4110 3411 4168 esset.
3479 4100 3570 4167 Et
3612 4101 3813 4166 verba
3859 4100 4067 4167 Mosis
4108 4108 4324 4166 osten·

3001 1779 3128 1845 inis
3161 1778 3650 1847 abstinentiam.
3706 1779 3962 1861 Verum
3998 1790 4073 1846 ut
4114 1779 4325 1846 maior

2375 4190 2572 4269 dunt,
2641 4210 2773 4254 non
2846 4188 2991 4254 ideo
3048 4188 3264 4254 vetari
3319 4207 3504 4255 esum
3564 4187 3906 4271 sanguinis
3961 4207 4037 4253 ac
4092 4185 4149 4252 si
4207 4208 4331 4254 sua

2375 4272 2790 4342 immunditie
2833 4273 3169 4340 hominem
3214 4273 3541 4353 inficeret,
3587 4271 3701 4339 sed
3749 4281 3820 4338 ut
3863 4272 4071 4338 vitam
4116 4271 4327 4338 homi·

2377 4362 2481 4427 nis
2538 4362 2889 4446 pretiosam
2946 4359 3215 4426 ducant:
3274 4356 3518 4426 dicitur
3573 4359 3781 4424 enim:
3837 4356 4015 4439 Quia
4057 4359 4327 4443 sanguis

2376 4448 2598 4512 anima
2655 4456 2788 4513 est:
2833 4443 3006 4530 quod
3052 4445 3429 4530 Augustino
3474 4443 3864 4510 tantundem
3910 4442 4090 4510 valet
4133 4453 4330 4529 atque

2377 4532 2635 4600 animae
2693 4533 2988 4617 signum:
3051 4530 3165 4597 sed
3227 4531 3442 4615 potius
3501 4530 3706 4597 intell‘
3761 4529 3812 4595 ‘t
3853 4530 4076 4599 Moses
4121 4532 4329 4597 vitam

2377 4619 2729 4684 animalem
2774 4617 3093 4685 contineri
3136 4617 3208 4682 in
3253 4616 3596 4702 sanguine.
3736 4617 3973 4701 anguis
4017 4638 4173 4702 ergo
4214 4617 4331 4700 qui

2379 4706 2583 4774 vitam
2624 4713 3087 4788 repraesentat,
3135 4725 3265 4769 non
3311 4702 3425 4768 abs
3466 4725 3537 4768 re
3580 4702 3708 4768 fuit
3751 4701 4165 4783 interdictus,
4210 4721 4332 4769 nec

2377 4812 2671 4858 seorsum
2716 4789 2909 4856 modo
2949 4790 3340 4875 sanguinem
3390 4788 3727 4855 comedere
3771 4789 3957 4855 nefas
3998 4790 4155 4869 fuit,
4214 4788 4331 4854 sed

2378 4877 2575 4942 etiam
2631 4876 2826 4943 simul
2870 4897 3021 4944 cum
3065 4895 3277 4942 carne.
3365 4873 3579 4942 Sicuti
3623 4887 3758 4940 tam
3802 4876 3873 4940 in
3917 4873 4329 4941 Deuterono-

2378 4968 2510 5029 mio
2569 4984 2767 5047 quam
2812 4964 2884 5028 in
2928 4961 3232 5029 Levitico
3280 4959 3510 5027 ultimo
3553 4960 3693 5027 loco
3737 4961 3978 5026 diserte
4023 4958 4325 5027 traditur.

2550 5047 2653 5115 23.
2704 5048 3153 5115 Tantummodo
3186 5046 3493 5114 roborare.
3571 5046 3722 5113 Non
3763 5047 4010 5111 frustra
4051 5044 4329 5113 sollicite

2377 5156 2490 5203 eos
2548 5136 2853 5201 hortatur
2905 5133 2989 5199 ad
3043 5133 3471 5199 inflexibilem
3530 5133 3996 5209 constantiam,
4052 5131 4203 5215 quia
4260 5141 4330 5199 et

2377 5244 2487 5289 res
2529 5231 2671 5287 erat
2714 5220 2780 5287 in
2827 5220 3111 5305 speciem
3156 5220 3352 5299 levis,
3397 5229 3463 5284 et
3505 5219 3780 5285 molesta
3821 5217 4213 5298 observatio,
4259 5230 4329 5284 et

2380 5307 2693 5394 proclivis
2746 5321 2889 5373 erat
2941 5306 3165 5390 lapsus
3223 5306 3307 5371 ob
3361 5326 3704 5373 commune
3762 5303 4059 5387 gentium
4103 5325 4327 5369 exem-

2379 5394 2583 5479 plum.
2651 5393 2821 5459 Nam
2867 5413 3070 5477 quum
3114 5413 3334 5460 secum
3382 5396 3763 5475 reputarent
3805 5388 3966 5454 nihil
4014 5389 4097 5456 ad
4140 5410 4326 5457 sanc-
