4867 6150
314 462 430 530 561

316 659 382 718 et
432 648 905 734 profanatione.
995 648 1215 733 Atque
1270 650 1367 715 ita
1416 650 1776 735 particulae
1842 633 2012 718 mv&
2073 669 2267 732 oppo-

315 737 494 803 nitur
528 737 817 801 nominis
840 736 965 801 Dei
1003 735 1337 816 sanctitas,
1373 757 1541 820 quae
1583 758 1705 802 nos
1748 738 1817 799 in
1843 738 1982 801 eius
2007 736 2264 815 timore,

316 832 382 890 et
417 842 571 888 vera
606 823 853 905 pietare
890 826 1207 888 continet.
1296 822 1474 904 Quia
1517 843 1675 889 vero
1721 821 1889 886 nihil
1934 819 2267 886 difficilius

316 916 415 976 est
446 927 643 990 quam
680 907 1018 973 hominum
1063 907 1395 974 licentiam
1437 909 1738 975 fraenare
1779 909 1849 971 in
1895 908 2019 973 hac
2063 916 2269 989 parte,

315 1002 385 1061 et
440 993 523 1059 ad
581 994 833 1060 crimen
884 994 1357 1071 excusandum,
1420 996 1527 1061 vel
1572 994 1806 1060 saltem
1854 991 2268 1070 elevandum,

315 1079 579 1165 linguae
643 1078 1019 1145 obtenditur
1074 1078 1440 1161 lubricitas,
1509 1079 1773 1146 additur
1854 1099 2101 1161 poenae
2153 1076 2265 1141 de-

316 1166 682 1232 nunciatio:
743 1166 800 1230 si
845 1165 973 1231 Dei
1032 1186 1273 1230 nomen
1341 1177 1587 1232 temere
1653 1168 2028 1250 expositum
2071 1164 2270 1229 fuerit

315 1251 553 1336 probro
609 1251 714 1317 vel
779 1252 1215 1334 contemptui,
1271 1251 1488 1335 ipsum
1547 1251 1688 1317 fore
1732 1253 2035 1317 ultorem.
2119 1249 2269 1331 Quo

313 1337 520 1423 igitur
578 1337 789 1421 magis
844 1338 911 1402 in
959 1359 1080 1402 sua
1121 1337 1389 1403 licentia
1422 1337 1882 1415 obduruerint,
1927 1356 2005 1401 eo
2049 1338 2271 1400 minus

311 1423 580 1508 impune
632 1423 834 1489 laturi
883 1432 1070 1489 sunt:
1132 1431 1394 1488 tantum
1451 1423 1666 1505 abest,
1724 1433 1804 1488 ut
1845 1421 2105 1507 culpam
2149 1420 2270 1486 mi·

312 1519 479 1575 nnat
520 1528 728 1593 prava
769 1508 1191 1575 consuetude.

435 1943 1016 2022 EXPOSITIO
1082 1945 1446 2020 TERTII
1503 1943 2142 2021 PRAECEPTI.

938 2109 1067 2175 EX
1114 2110 1420 2176 LEVI'P.
1465 2109 1659 2177 XIX.

488 2283 594 2350 12.
656 2281 803 2349 Non
844 2281 1148 2349 intrabitis
1188 2303 1313 2364 per
1367 2302 1591 2348 nomen
1632 2301 1838 2348 meum
1879 2239 2274 2361 mendacitor,

310 2386 419 2438 nec
447 2368 839 2453 profanabis
877 2388 1100 2435 nomen
1135 2368 1266 2435 Dei
1305 2370 1434 2434 tui:
1473 2387 1581 2453 090
1626 2366 1878 2435 lebona.

898 2709 1033 2776 nx
1072 2709 1382 2800 Exom
1423 2708 1698 2777 xxm.

491 2885 599 2952 13.
659 2883 905 2950 Nomen
959 2882 1217 2949 deonna
1268 2882 1619 2950 alienorum
1660 2902 1786 2949 non
1831 2880 2274 2960 mon-abetis,

309 2993 442 3040 non
483 2970 787 3040 audietur
824 2970 894 3034 in
932 2988 1037 3035 ore
1075 2975 1198 3034 tuo.

994 3312 1129 3384 EX
1173 3312 1444 3380 DEU'P.
1492 3311 1615 3378 VI.

493 3489 599 3556 13.
651 3485 781 3554 Per
821 3505 1042 3553 nomen
1083 3484 1225 3551 eius
1265 3482 1534 3550 iurabis.

1029 3827 1151 3893 Ex
1194 3826 1467 3895 DE'U'I'.
1512 3825 1591 3892 X.

490 4003 603 4070 20.
648 3999 735 4066 In
776 4000 1023 4065 neminie
1064 3999 1202 4064 eius
1242 3998 1509 4066 iurabis.

493 4172 721 4240 Levit.
771 4172 873 4249 19,
921 4170 1021 4236 12.
1091 4169 1239 4235 Non
1295 4169 1598 4237 intrabitis
1627 4191 1752 4255 per
1800 4192 2036 4239 nom.
2128 4171 2277 4240 Etsi

309 4262 546 4328 Moses
570 4257 832 4325 disserit
875 4255 955 4322 de
998 4255 1231 4323 officiis
1274 4257 1604 4323 secundae
1649 4257 1930 4340 tabulae,
1977 4279 2053 4325 ac
2098 4267 2278 4341 post-

308 4367 524 4433 quam
598 4350 896 4412 vetuerat
961 4341 1416 4407 fraudulenter
1472 4363 1670 4426 agere
1728 4364 1876 4410 cum
1934 4344 2276 4430 proximis,

311 4431 729 4499 sententiam
752 4430 922 4495 hanc
956 4427 1259 4514 adiungit
1291 4429 1810 4494 confirmationis
1844 4430 2017 4498 loco:
2056 4439 2275 4497 tamen

309 4540 400 4586 ex
440 4517 739 4585 secundo
793 4516 1091 4581 membro
1146 4535 1380 4581 versus
1423 4514 1733 4600 colligere
1774 4515 1961 4596 licet,
2017 4518 2278 4600 proprie

308 4626 471 4672 eum
535 4612 864 4688 spectasse
918 4602 1002 4665 ad
1061 4601 1189 4667 Dei
1233 4600 1542 4684 gloriam,
1616 4622 1819 4685 quum
1863 4602 2054 4670 dicit:
2120 4602 2274 4669 Non

308 4690 580 4777 pollues
616 4709 859 4755 nomen
882 4686 1013 4753 Dei
1046 4688 1164 4754 tui.
1221 4687 1415 4753 Facit
1448 4688 1626 4752 enim
1670 4688 1908 4754 insana
1948 4688 2117 4755 lucri
2161 4710 2275 4756 cu-

305 4777 590 4862 piditas,
656 4783 732 4841 nt
785 4794 1025 4840 avarus
1079 4783 1148 4838 et
1199 4794 1408 4857 rapax
1464 4794 1600 4838 non
1648 4781 1912 4839 tantum
1970 4774 2274 4842 homines

305 4861 618 4940 fraudet,
695 4859 814 4927 sed
877 4859 1389 4926 contumeliosus
1455 4861 1544 4925 sit
1607 4859 1680 4924 in
1743 4860 1964 4945 ipsum
2033 4860 2271 4928 Deum.

306 4950 500 5033 Ergo
525 4947 764 5025 Moses,
813 4947 1115 5030 quamvis
1158 4968 1241 5011 ex
1286 4946 1577 5030 professo
1620 4944 1892 5011 damnet
1932 4946 2276 5014 mendacia

305 5044 378 5101 et
398 5032 675 5100 fraudes
710 5032 950 5116 quibus
985 5032 1267 5115 proximi
1305 5030 1677 5109 laeduntur,
1712 5052 1832 5116 per
1865 5033 2271 5099 occasionem

301 5120 516 5188 simul
559 5120 823 5198 inserit,
866 5117 1231 5184 cavendum
1274 5139 1417 5184 esse
1461 5140 1547 5184 ne
1588 5118 1701 5185 ubi
1745 5139 1864 5184 nos
1907 5118 1990 5183 ad
2034 5139 2272 5184 nocen-

304 5206 472 5272 dum
512 5205 798 5290 impellit
838 5202 1182 5288 cupiditas,
1228 5223 1363 5268 non
1408 5213 1668 5269 tantum
1711 5203 2106 5284 hominibus,
2154 5203 2270 5271 sed

299 5292 439 5377 ipsi
499 5312 763 5376 quoque
820 5288 965 5355 Deo
1020 5292 1137 5355 fiat
1190 5289 1453 5356 iniuria.
1541 5290 1696 5356 Non
1738 5292 2007 5375 ponitur
2049 5298 2269 5357 autem

301 5379 419 5445 hic
495 5398 743 5443 nomen
815 5388 943 5444 mv
1006 5385 1084 5441 ut
1141 5375 1359 5457 prius,
1416 5375 1533 5442 sed
1575 5388 1741 5468 ἿΡΨ,
1785 5377 1960 5461 quod
2002 5378 2269 5463 proprie

459 5476 693 5536 Oazvim·
720 5493 911 5549 opera.
998 5478 1115 5536 Voz.
1145 5475 1313 5533 XXI
1319 5477 1380 5535 V.

1744 459 2167 528 TERTIUM
2210 458 2860 527 PRAEOEP'PUM.

4194 458 4325 527 562

2368 647 2695 714 fallaciam
2746 650 3106 734 significat:
3166 658 3235 713 et
3296 647 3443 713 ideo
3499 647 3670 727 dixi,
3722 670 3958 715 cavere
4018 671 4102 715 ne
4157 651 4317 733 quid

2372 754 2584 800 noxae
2618 735 2923 818 periuriis
2960 735 3192 800 afferat
3226 734 3501 818 quisque
3538 736 3837 818 proximo
3876 757 4033 801 suo:
4082 736 4331 802 nihilo-

2369 821 2592 885 minus
2614 820 2788 885 hanc
2815 819 3327 906 prohibitionem
3367 829 3667 905 spectare
3703 823 3787 886 ad
3825 824 4092 887 tertium
4130 843 4325 906 prae·

2369 919 2665 988 ceptum,
2725 909 2881 990 quia
2933 907 3005 970 in
3062 907 3186 973 hac
3232 916 3419 989 parte
3462 908 3751 972 maxime
3794 908 4037 973 insistit
4082 909 4321 987 Moses,

2371 993 2703 1074 profanari
2742 1012 2982 1058 nomen
3017 992 3142 1057 Dei
3187 992 3510 1075 periuriis.
3591 994 3813 1076 Atque
3857 994 3953 1058 ita
3995 1014 4126 1058 non
4173 1005 4324 1059 tan-

2371 1092 2516 1142 tum
2574 1079 3025 1164 integritatem
3079 1077 3528 1155 commendat,
3584 1076 3700 1144 sed
3758 1079 4081 1145 rationem
4127 1080 4328 1146 habet

2371 1165 2657 1247 pietatis,
2696 1185 2781 1230 ne
2815 1163 3103 1228 violetur
3126 1163 3256 1228 Dei
3299 1164 3627 1230 maiestas.
3696 1167 3799 1231 Ac
3843 1174 4072 1231 notatu
4119 1166 4325 1252 digna

2371 1257 2473 1313 est
2515 1250 2827 1333 loquutio,
2868 1248 3017 1315 Non
3062 1248 3316 1333 pollues
3358 1270 3598 1316 nomen
3642 1251 3770 1316 Dei
3817 1251 3946 1316 tui:
3995 1250 4146 1335 quia
4191 1274 4325 1318 non

2372 1344 2590 1420 potest
2623 1335 2826 1416 Deus,
2870 1336 2982 1419 qui
3018 1347 3286 1401 aeterna
3319 1344 3420 1401 est
3461 1338 3711 1402 veritas
3756 1356 3832 1402 ac
3873 1337 4323 1414 immutabilis,

2372 1423 2618 1486 maiore
2652 1421 3057 1488 contumelia
3099 1420 3273 1488 affici
3317 1442 3516 1505 quam
3560 1423 3673 1488 ubi
3715 1424 3956 1488 citatur
3998 1423 4323 1489 mendacii

2375 1507 2588 1572 testis:
2649 1528 2817 1591 quae
2871 1514 3049 1573 certe
3104 1506 3386 1592 indigna
3440 1515 3545 1574 est
3587 1528 3664 1574 ac
3708 1507 3986 1573 nefanda
4033 1509 4324 1591 pollutio.

2373 1592 2522 1658 Hoc
2571 1592 3101 1659 animadversum
3146 1612 3283 1658 non
3326 1593 3454 1658 fuit
3491 1615 3533 1658 a
3573 1593 3865 1678 profanis
3920 1593 4329 1662 hominibus:

2373 1679 2487 1761 qui
2523 1681 2648 1744 etsi
2684 1678 2814 1744 Dei
2858 1699 3097 1745 nomen
3141 1701 3212 1745 se
3256 1680 3543 1745 revereri
3585 1680 3863 1745 iurando
3906 1679 4328 1761 simulabant,

2375 1786 2493 1847 pro
2549 1764 2755 1830 nihilo
2812 1775 3030 1830 tamen
3091 1763 3420 1831 ducebant
3470 1765 3732 1842 fallere,
3785 1766 3842 1831 si
3900 1764 3996 1830 ita
4050 1767 4328 1832 meritus

2372 1861 2517 1914 erat
2570 1850 2684 1915 ille
2738 1853 2845 1916 cui
2900 1849 3095 1916 fidem
3139 1850 3472 1917 dederant.
3560 1851 3743 1917 Dicit
3784 1850 4106 1937 Thyestes
4147 1851 4327 1937 apud

2375 1952 2661 2018 poetam,
2720 1937 2865 2021 Ego
2924 1956 3080 2003 vero
3137 1938 3335 2003 fidem
3396 1957 3613 2021 neque
3666 1937 3816 2003 dedi
3872 1937 4127 2004 infideli
4182 1940 4321 2006 cui·

2375 2042 2605 2104 quam,
2667 2042 2881 2106 neque
2936 2021 3021 2088 do
3045 2022 3130 2109 ¹):
3173 2024 3482 2106 quoniam
3524 2023 3882 2090 sceleratus
3920 2032 4064 2088 erat
4105 2025 4332 2105 frater,

2376 2108 2630 2174 nullam
2689 2129 2839 2174 cum
2897 2129 2974 2174 eo
3034 2108 3422 2193 religionem
3482 2107 3761 2176 ducebat
3798 2110 3921 2175 sibi
3966 2109 4330 2177 colendam.

2379 2193 2589 2275 Quasi
2648 2215 2806 2261 vero
2848 2194 3131 2278 pendeat
3168 2195 3297 2261 Dei
3338 2196 3644 2261 maiestas
3686 2194 3766 2260 ab
3810 2193 4153 2261 hominum
4197 2217 4333 2262 me—

2379 2280 2543 2359 ritis,
2589 2288 2665 2345 ut
2697 2301 2861 2346 eum¹
2888 2289 3117 2347 oestem
3156 2279 3514 2365 producere
3555 2280 3768 2359 liceat,
3813 2281 3969 2345 dum
4014 2281 4334 2349 fallaciter

2380 2367 2657 2449 agimus.
2746 2365 3020 2431 Maneat
3076 2388 3148 2432 er
3196 2388 3234 2431 o
3276 2364 3444 2431 illud
3488 2367 3728 2444 fixum,
3794 2366 4076 2449 primam
4120 2368 4193 2435 in
4234 2368 4331 2433 iu-

2380 2453 2699 2516 ramentis
2756 2454 3077 2518 rationem
3207 2451 3269 2517 ei
3324 2451 3692 2518 habendam
3752 2472 3895 2519 esse
3909 2501 3927 2532 ,
3983 2451 4171 2517 cuius
4226 2473 4330 2519 sa-

2380 2557 2570 2602 crum
2626 2557 2863 2604 nomen
2910 2548 3177 2604 centum
3221 2537 3490 2603 mundis
3532 2539 3883 2621 pretiosius
3927 2545 4044 2602 est.

2487 2687 2491 2690 ,
2553 2624 2771 2689 Exodi
2797 2623 2903 2704 23,
2949 2624 3051 2690 13.
3123 2623 3364 2690 Nomen
3402 2625 3660 2690 deorum
3701 2622 4067 2689 abienorum.
4149 2623 4333 2705 Quin

2386 2711 2545 2774 haec
2569 2710 2901 2775 sententia
2923 2713 3225 2776 connecti
3260 2709 3492 2776 debeat
3534 2731 3686 2776 cum
3729 2710 3926 2774 tertio
3966 2718 4335 2794 praecepto,

2382 2794 2657 2859 minime
2714 2794 2990 2862 dubium
3048 2806 3165 2861 est.
3253 2795 3511 2861 Nomen
3565 2815 3722 2879 ergo
3783 2795 3909 2861 Dei
3962 2797 4212 2861 frustra
4266 2805 4338 2861 et

2383 2900 2728 2964 perperam
2790 2882 2962 2947 sumi
3019 2881 3499 2965 interpretatur
3556 2881 3776 2946 Moses
3792 2931 3808 2959 ‚
3883 2881 3942 2947 si
3998 2902 4116 2964 per
4178 2880 4333 2948 deos

2383 2966 2632 3034 alienos
2686 2967 2958 3033 iuretur.
3048 2968 3280 3051 Neque
3332 2968 3507 3032 enim
3551 2964 3743 3032 alteri
3786 2987 3978 3049 quam
4028 2967 4142 3033 uni
4189 2967 4334 3032 Deo

2382 3052 2484 3119 fas
2525 3061 2631 3120 est
2669 3052 2983 3121 iudicium
3027 3053 3280 3120 deferre
3322 3052 3404 3119 de
3446 3053 3641 3119 rebus
3682 3052 4054 3139 incognitis.
4138 3051 4335 3120 Unde

2383 3141 2696 3223 sequitur,
2740 3140 2823 3205 ad
2858 3161 2968 3207 eos
3002 3139 3349 3205 transferri
3391 3137 3652 3205 deitatis
3693 3138 3973 3223 gloriam
4018 3161 4133 3223 per
4175 3161 4337 3223 quo·

2380 3246 2535 3291 rum
2600 3247 2839 3291 nomen
2905 3227 3193 3303 iuratur,
3252 3225 3400 3291 ideo
3464 3245 3694 3291 severe
3747 3223 4105 3292 denunciat
4146 3228 4334 3293 Deus

2382 3330 2507 3396 per
2552 3311 2941 3396 prophetam
2987 3310 3218 3399 (Soph.
3267 3313 3326 3389 l,
3380 3309 3470 3398 4),
3514 3331 3586 3376 se
3641 3311 4049 3394 perditurum
4105 3333 4336 3378 omnes

2382 3399 2494 3482 qui
2531 3399 2757 3463 iurant
2792 3418 2912 3482 per
2946 3419 3187 3463 nomen
3224 3417 3439 3476 suum,
3484 3406 3551 3463 et
3585 3396 3781 3461 simul
3818 3418 3935 3480 per
3972 3398 4332 3464 Melchom:

2381 3485 2537 3567 quia
2570 3482 2695 3549 hoc
2730 3481 2920 3549 modo
2955 3484 3318 3550 miscebant
3351 3503 3504 3548 eum
3541 3482 3771 3549 Iudaei
3803 3504 3952 3549 cum
3991 3505 4109 3549 suo
4144 3484 4336 3564 idolo,

2383 3590 2462 3636 ac
2482 3568 2757 3651 proinde
2790 3570 3208 3636 sanctitatem
3245 3571 3386 3635 eius
3419 3567 3878 3653 inquinabant.
3946 3568 4031 3634 In
4055 3590 4335 3652 summa,

2383 3676 2588 3739 quum
2639 3655 2929 3721 iurando
2984 3657 3413 3739 profiteamur
3467 3676 3622 3721 eum
3669 3654 3860 3720 nobis
3916 3674 4059 3721 esse
4117 3655 4331 3735 deum,

2382 3760 2576 3825 quem
2622 3753 2690 3805 et
2729 3740 3020 3807 cordium
3060 3742 3482 3826 cognitorem,
3528 3753 3595 3806 et
3637 3738 3914 3807 iudicem
3965 3741 4032 3804 in
4078 3742 4334 3808 animas

2383 3836 2648 3893 nostras
2701 3828 3091 3906 statuimus,
3154 3828 3330 3895 hunc
3387 3827 3705 3892 honorem
3764 3826 3892 3893 sibi
3937 3829 4005 3891 in
4050 3826 4330 3893 solidum

2383 3913 2622 3978 merito
2664 3914 2900 3980 asserit
2942 3935 3138 3981 verus
3182 3915 3398 3990 Deus,
3442 3914 3596 3997 quia
3630 3933 3762 3978 non
3807 3922 4072 3977 tantum
4116 3912 4332 3978 detra-

2382 3999 2571 4065 hitur
2637 4000 2927 4066 nominis
2996 4003 3139 4065 eius
3209 4000 3457 4083 gloriae
3471 4050 3488 4079 ,
3549 3998 3607 4065 si
3665 3999 3885 4065 minus
3951 4007 4332 4064 reverenter

2383 4103 2585 4170 quam
2631 4086 2855 4152 deceat
2897 4085 2979 4150 de
3021 4087 3165 4169 ipso
3207 4085 3558 4171 loquimur,
3604 4104 3840 4150 verum
3884 4086 4079 4149 etiam
4125 4087 4181 4149 si
4226 4104 4330 4149 so-

2381 4172 2519 4238 cios
2574 4172 2998 4256 adiungimus
3052 4171 3165 4255 qui
3201 4181 3461 4256 partem
3503 4170 3666 4236 iuris
3708 4178 4050 4252 occupent.
4137 4169 4332 4251 Quod

2380 4257 2584 4324 etiam
2628 4257 2878 4324 duobus
2919 4257 3105 4338 locis,
3163 4279 3324 4342 quos
3362 4280 3447 4325 ex
3491 4257 3690 4322 Deut.
3736 4253 4153 4333 adduximus,
4198 4256 4332 4323 cla-

2381 4345 2521 4408 rius
2576 4351 2789 4428 patet,
2846 4344 2957 4409 ubi
3017 4343 3281 4409 iubetur
3337 4343 3615 4427 populus
3672 4362 3793 4426 per
3849 4361 4085 4406 nomen
4133 4344 4331 4409 unius

2379 4428 2509 4494 Dei
2547 4430 2799 4495 iurare:
2833 4428 3004 4513 quod
3048 4428 3439 4495 tantundem
3484 4428 3661 4495 valet
3704 4436 3899 4510 atque
3939 4426 4011 4490 in
4056 4436 4333 4494 externa

2379 4515 2595 4581 cultus
2631 4515 3034 4599 professione
3075 4516 3402 4600 integram
3444 4535 3642 4598 quam
3686 4520 3980 4579 meretur
4023 4534 4336 4579 reveren-

2378 4602 2542 4666 tiam
2606 4609 2941 4686 praestare
2985 4621 3168 4667 sacro
3226 4600 3368 4667 eius
3426 4600 3695 4665 nomini.
3788 4598 4141 4665 Caeterum
4198 4621 4330 4665 non

2374 4688 2613 4754 incitat
2655 4686 2840 4752 Deus
2882 4685 3200 4771 populum
3260 4685 3342 4751 ad
3400 4684 3660 4751 iurandi
3717 4684 4085 4765 licentiam,
4144 4707 4219 4752 ac
4276 4687 4331 4752 si

2376 4773 2760 4857 frequenter
2792 4771 3072 4839 iurando
3108 4794 3180 4838 se
3223 4779 3608 4838 exercerent
3648 4771 3719 4836 in
3765 4771 3999 4838 officiis
4039 4772 4326 4854 pietatis:

2375 4859 2492 4924 sed
2535 4858 2853 4943 intelligit
2891 4859 3294 4943 simpliciter,
3338 4857 3449 4924 ubi
3493 4876 3658 4941 opus
3702 4856 3917 4934 fuerit,
3958 4857 4061 4921 vel
4107 4877 4330 4922 neces-

2375 4947 2538 5011 sitas
2588 4956 2705 5009 aut
2759 4946 2940 5010 iusta
2971 4945 3145 5010 ratio
3208 4945 3276 5010 id
3343 4942 3732 5027 postulabit,
3798 4962 3933 5007 non
3995 4941 4186 5006 aliter
4229 4943 4330 5007 iu-

2373 5031 2656 5183 uandum
2726 5050 2924 5114 quam
2994 5038 3072 5096 ut
3139 5030 3281 5115 ipse
3339 5030 3517 5096 solus
3580 5028 3935 5096 advocetur
3993 5027 4180 5094 testis
4254 5048 4333 5095 ac

2372 5138 2446 5182 iu
2493 5138 2597 5183 ex.

2513 5392 2572 5462 1)
2606 5391 2906 5448 Laudatur
2939 5391 3028 5448 Mc
3060 5405 3252 5446 ursus
3285 5405 3324 5445 a
3358 5388 3618 5446 Cicerone
3648 5387 3711 5441 in
3753 5384 3919 5523 Οῇξέ
3952 5383 4074 5439 111.
4110 5382 4194 5438 29.
