4867 6150
535 444 623 512 99
1666 446 2411 516 COMMENTARIUS
2454 446 2555 514 IN
2600 444 2904 513 EXODI
2948 443 3147 512 OAP.
3191 440 3387 507 VIII.

538 633 719 699 liunt
781 632 866 699 ad
932 632 1206 699 eandem
1273 635 1644 718 superbiam
1662 686 1678 713 ,
1758 635 2106 702 calcitrant
2178 636 2498 703 adversus

536 720 795 800 Deum,
861 720 994 785 imo
1057 726 1361 804 proterve
1426 721 1779 786 insultant:
1848 722 2131 806 denique
2190 723 2330 789 sola
2385 744 2497 789 eos

540 807 842 872 anxietas
877 806 1203 886 humiliat,
1241 813 1308 871 et
1341 806 1604 888 quidem
1641 807 1723 872 ad
1760 807 1961 874 breve
1998 820 2274 892 tempus.
2347 810 2497 875 Etsi

541 900 764 959 autem
844 892 970 959 hoc
1047 892 1145 957 illi
1226 893 1421 957 timor
1498 893 1778 958 extorsit
1854 902 1931 960 ut
1966 936 1975 945 -
2008 893 2498 979 deprecatorem

542 984 852 1063 quaerat,
919 988 987 1043 et
1039 979 1119 1044 de
1174 978 1492 1061 placando
1552 978 1696 1045 Deo
1756 978 1845 1046 sit
1907 980 2258 1047 sollicitus:
2326 980 2496 1065 quod

539 1072 767 1130 tamen
812 1064 994 1130 velut
1036 1064 1333 1147 pactione
1377 1063 1771 1147 interposita
1816 1066 1996 1149 prius
2032 1068 2295 1133 aranis
2340 1067 2498 1133 libe-

540 1151 681 1215 rari
733 1149 1022 1234 postulat
1077 1171 1273 1233 quam
1329 1149 1618 1215 dimittat
1673 1153 2021 1236 populum,
2078 1154 2339 1237 signum
2398 1163 2500 1218 est

542 1236 685 1302 ficti
751 1257 827 1301 ae
879 1235 1156 1318 duplicis
1211 1234 1434 1300 animi.
1538 1237 1888 1322 Tantisper
1946 1259 2102 1323 ergo
2163 1238 2498 1304 recondita

544 1322 741 1387 latuit
783 1322 1087 1405 impietas
1128 1321 1200 1386 in
1246 1322 1388 1387 eius
1432 1320 1660 1403 corde,
1716 1323 1920 1391 donec
1965 1325 2231 1407 impune
2276 1323 2496 1390 Deum

546 1428 619 1474 se
686 1427 816 1473 non
886 1429 1073 1490 posse
1131 1408 1451 1474 lacessere
1507 1409 1798 1492 putavit:
1860 1410 2275 1493 impunitatis
2343 1431 2498 1476 vero

545 1491 943 1559 confidentia
968 1494 1195 1574 fretus,
1232 1492 1481 1559 detexit
1519 1493 1742 1560 dolum
1779 1515 1854 1562 ac
1890 1495 2249 1580 perfidiam.
2303 1494 2497 1578 Quod

544 1599 701 1645 vero
745 1578 1062 1644 Iehovam
1110 1592 1294 1644 nune
1327 1580 1609 1646 demisse
1651 1581 1969 1660 nominat,
2015 1583 2316 1665 quamvis
2362 1603 2498 1647 non

543 1666 802 1731 sincero
845 1666 1333 1748 resipiscentiae
1379 1666 1617 1732 affectu
1661 1668 1756 1733 sic
1813 1668 2147 1751 loquatur,
2208 1666 2499 1733 ostendit

541 1758 772 1816 tamen
816 1750 1056 1818 fractos
1101 1772 1241 1818 esse
1291 1751 1595 1818 robustos
1650 1753 1800 1819 illos
1858 1756 2157 1837 spiritus,
2221 1774 2495 1837 quorum

543 1846 697 1902 ante
742 1837 916 1902 facta
963 1838 1084 1902 fuit
1142 1838 1421 1915 menti0,
1480 1859 1680 1920 quum
1740 1860 1858 1923 per
1915 1841 2498 1906 subsannationem

543 1934 888 2007 quaereret
927 1925 1227 2006 quisnam
1273 1933 1445 1989 esset
1486 1924 1751 1990 Iehova.

718 2008 779 2074 9.
825 2007 915 2074 Et
968 2010 1134 2075 discit
1176 2010 1389 2075 Moses
1436 2009 1781 2076 Pharaoni.
1871 2012 2126 2077 Locum
2194 2012 2370 2078 hunc
2426 2010 2499 2076 in

545 2093 845 2160 diversos
889 2116 1121 2162 sensus
1169 2097 1443 2161 trahunt
1488 2098 1896 2179 interpretes.
1979 2096 2113 2179 Qui
2158 2106 2500 2181 exponunt

543 2179 726 2247 hunc
762 2180 1075 2247 honorem
1115 2182 1384 2248 concedi
1406 2181 1735 2248 Pharaoni
1771 2191 1844 2247 ut
1882 2193 2142 2266 tempus
2177 2184 2502 2269 praefigat

543 2287 674 2351 quo
708 2267 876 2332 velit
899 2267 1133 2333 Mosen
1169 2289 1375 2347 orare,
1412 2269 1611 2335 nimis
1646 2278 1802 2335 sunt
1838 2270 2076 2353 arguti.
2146 2269 2499 2354 Frigidum

545 2353 745 2419 etiam
791 2351 954 2418 illud
999 2365 1116 2434 est,
1154 2374 1343 2438 posse
1367 2354 1779 2420 Pharaonem
1819 2356 2089 2439 gloriari
2126 2376 2322 2422 ranas
2358 2376 2503 2420 esse

545 2439 920 2504 morituras.
1012 2438 1147 2521 Qui
1194 2461 1350 2506 vero
1396 2448 1741 2524 exponunt
1774 2440 2193 2507 Pharaonem
2238 2464 2277 2507 a
2319 2442 2503 2507 ranis

546 2524 947 2591 incolumem
984 2526 1120 2591 fore
1155 2535 1231 2590 ut
1266 2534 1410 2592 tuto
1446 2526 1781 2611 glorietur,
1805 2548 2017 2611 neque
2053 2527 2281 2592 dicunt
2316 2527 2503 2606 nihil,

546 2631 762 2693 neque
797 2618 1031 2677 totum.
1099 2612 1384 2678 Videtur
1427 2613 1644 2696 potius
1687 2612 1847 2678 mihi
1898 2613 2097 2681 tacita
2142 2635 2284 2679 esse
2330 2613 2501 2678 anti-

548 2695 759 2761 thesis
795 2697 969 2762 inter
1003 2719 1382 2783 perversam
1428 2700 1827 2776 iactantiam,
1876 2720 2007 2782 qua
2050 2700 2504 2766 exsultaverat

544 2782 833 2860 Pharao,
870 2790 939 2847 et
970 2784 1150 2867 piam
1181 2785 1636 2869 gloriationem
1672 2805 1865 2868 quam
1892 2796 2201 2868 appetere
2224 2784 2503 2851 debebat

549 2887 634 2933 ex
658 2868 786 2933 Dei
822 2870 1303 2936 misericordia:
1350 2872 1534 2954 quasi
1574 2872 1847 2938 dixisset
1871 2871 2120 2937 Moses:
2157 2871 2503 2938 Hactenus

547 2961 668 3019 tua
709 2956 1002 3037 potentia
1044 2958 1358 3036 confisus,
1425 2955 1660 3023 deinde
1702 2958 2061 3024 fascinatus
2104 2957 2501 3042 praestigiis,

549 3048 616 3105 te
659 3061 1006 3125 perperam
1052 3043 1383 3110 extulisti:
1429 3065 1605 3110 nunc
1640 3044 1854 3127 potius
1890 3043 2175 3128 gloriare
2211 3043 2327 3109 tibi
2359 3064 2503 3109 esse

554 3126 1043 3210 deprecatorem
1088 3135 1157 3194 et
1200 3139 1545 3211 patronum
1589 3131 1698 3213 qui
1724 3131 1939 3196 Deum
1980 3139 2228 3197 exoret.
2295 3134 2503 3197 Arro-

550 3215 847 3362 {antiam
895 3215 1073 3279 enim
1118 3236 1247 3298 qua
1290 3236 1632 3300 perperam
1679 3229 1947 3282 evectus
1989 3217 2204 3282 fuerat
2237 3223 2317 3281 ut
2353 3237 2504 3283 cnm

623 3318 701 3363 eo
758 3301 1063 3384 congredi
1124 3301 1429 3383 auderet,
1497 3302 1759 3367 retundi
1825 3303 2142 3385 oportuit,
2207 3323 2291 3367 ne
2348 3301 2506 3385 quid

552 3384 697 3468 spei
755 3394 928 3450 esset
982 3387 1318 3452 residuum
1380 3388 1509 3453 nisi
1566 3389 1634 3454 in
1680 3388 1818 3454 sola
1860 3388 1988 3454 Dei
2034 3388 2501 3455 misericordia.

554 3470 843 3536 Gloriari
887 3492 1046 3538 vero
1089 3494 1291 3556 super
1338 3475 1569 3539 Mosen
1636 3474 2027 3539 tantundem
2086 3473 2264 3540 valet
2306 3485 2505 3558 atque

555 3556 832 3641 gloriam
878 3579 1062 3626 suam
1109 3577 1422 3643 reponere
1464 3561 1534 3625 in
1580 3560 1790 3625 Mosis
1833 3560 2228 3644 patrocinio,
2273 3568 2341 3626 et
2430 3579 2503 3626 ro

554 3663 814 3708 summa
873 3643 1188 3710 felicitate·
1236 3645 1470 3713 ducere
1528 3645 1702 3730 quod
1758 3667 1830 3711 se
1888 3646 2303 3729 interponere
2402 3647 2503 3731 ig-

555 3737 753 3794 netur
796 3729 879 3794 ad
933 3730 1147 3813 ipsum
1209 3729 1352 3797 Deo
1417 3731 1992 3798 reconciliandum.
2083 3733 2254 3798 Nam
2298 3732 2503 3816 parti-

557 3813 704 3880 cula
770 3801 851 3893 ὃν
918 3837 1115 3900 saepe
1191 3817 1289 3883 ita
1366 3818 1641 3902 capitur.
1758 3816 2155 3903 Quanquam
2233 3819 2506 3884 minime

558 3900 776 3965 voluit
816 3901 1034 3968 Moses
1079 3903 1430 3988 quidquam
1480 3925 1563 3968 ex
1600 3904 1725 3969 Dei
1769 3904 1978 3988 gloria
2014 3905 2340 3970 minuere:
2388 3903 2507 3970 sed

560 3984 1137 4138 &quemadmodum
1196 4011 1406 4074 nuper
1471 3987 1637 4075 dixi)
1702 3991 1966 4073 superbi
2031 3992 2204 4074 regis
2265 3991 2508 4056 fastum

609 4073 845 4138 eiicere
892 4074 1148 4154 volens,
1210 4075 1378 4141 nihil
1424 4075 1665 4141 melius
1708 4076 1767 4141 ei
1813 4084 1928 4140 aut
1971 4076 2321 4161 gloriosius
2366 4097 2509 4142 esse

562 4157 786 4224 docuit
806 4180 999 4242 quam
1025 4158 1105 4226 de
1129 4163 1321 4228 venia
1356 4162 1522 4227 bene
1557 4182 1840 4245 sperare,
1877 4161 1988 4226 ubi
2025 4160 2509 4246 deprecatorem

562 4252 803 4310 nactus
859 4254 1035 4313 esset
1090 4268 1353 4313 servum
1408 4246 1537 4312 Dei
1598 4248 1762 4327 vivi,
1815 4249 1921 4313 cui
1981 4248 2310 4314 hostiliter
2369 4259 2512 4312 erat

562 4329 881 4397 infensus.
968 4333 1196 4400 Ranas
1255 4344 1515 4400 tantum
1570 4335 1638 4398 in
1699 4335 1972 4398 flumine
2028 4334 2315 4399 affirmat
2371 4335 2512 4399 fore

563 4415 895 4484 residuas:
934 4438 1011 4486 ac
1045 4420 1103 4485 si
1143 4421 1390 4487 diceret
1424 4428 1768 4486 contentas
1801 4421 1937 4486 fore
1974 4421 2161 4487 solito
2184 4419 2513 4487 domicilio

567 4510 634 4568 et
675 4504 999 4569 claustris.
1090 4503 1353 4573 Scimus
1397 4507 1574 4571 enim
1620 4527 1845 4586 ranas,
1901 4507 2161 4572 etiamsi
2203 4506 2515 4572 exsiliant

566 4589 900 4654 interdum
944 4592 1016 4655 in
1059 4591 1298 4674 ripam,
1342 4613 1474 4657 non
1521 4593 1745 4676 procul
1789 4603 2007 4658 tamen
2051 4594 2132 4659 ab
2176 4613 2343 4675 aqua
2382 4592 2513 4657 dis-

566 4674 816 4753 cedere,
863 4678 1014 4759 quia
1057 4676 1335 4742 humore
1379 4688 1754 4761 pascuntur.
1839 4678 1942 4743 Ita
1980 4677 2353 4745 subindicat
2387 4679 2516 4743 Dei

568 4762 752 4827 iussu
795 4762 999 4827 fuisse
1041 4762 1391 4843 immissas,
1433 4776 1510 4829 ut
1553 4785 1745 4849 agros
1790 4771 2119 4849 tegerent:
2167 4762 2402 4830 deinde
2444 4764 2515 4828 in

569 4847 713 4913 eius
757 4867 959 4912 manu
1003 4869 1167 4927 esse,
1212 4850 1268 4914 si
1315 4849 1489 4928 velit,
1535 4851 1723 4917 novis
1766 4849 2045 4917 subinde
2086 4851 2289 4934 copiis
2332 4850 2516 4914 inva-

571 4931 726 4998 dere
772 4954 964 5017 agros
1009 4942 1073 4998 et
1119 4933 1380 5012 domos,
1426 4944 1493 5000 et
1535 4937 1676 5002 eius
1719 4935 2036 5003 beneficio
2081 4935 2360 5001 adscribi
2407 4935 2518 5001 de-

569 5018 726 5084 bere
771 5021 825 5084 si
862 5039 933 5084 se
974 5019 1044 5083 in
1092 5021 1279 5104 aquis
1323 5021 1716 5102 contineant,
1763 5042 1881 5088 nec
1925 5032 2115 5088 extra
2157 5043 2310 5088 suos
2354 5023 2521 5087 fines

761 5111 977 5170 entur.

750 5191 850 5257 10.
895 5188 987 5257 Et
1027 5192 1153 5257 ait:
1199 5189 1381 5260 Orus.
1473 5191 1547 5259 Si
1593 5191 1674 5258 ad
1723 5192 1954 5259 Mosen
1999 5194 2277 5274 referas,
2335 5195 2523 5260 nulla

568 5276 646 5340 in
691 5298 886 5343 sensu
934 5278 1062 5342 erit
1101 5278 1524 5362 ambiguitas:
1578 5300 1808 5345 verum
1852 5281 2005 5362 quia
2045 5279 2379 5364 probabile
2422 5290 2525 5347 est

552 5363 804 5429 ‘referri
838 5363 1207 5432 Pharaonis
1254 5365 1472 5443 verba,
1516 5385 1670 5430 eum
1716 5364 2020 5431 existimo
2062 5374 2287 5451 petere
2329 5366 2525 5433 indu-

4416 443 4534 509 100

2601 636 2737 703 cias
2794 637 2865 701 in
2925 634 3096 699 diem
3163 633 3525 701 crastinum
3588 630 3929 698 liberando
3992 633 4247 719 populo.
4351 633 4534 715 Nam,

2601 724 2712 806 qui
2758 742 2906 787 eum
2953 721 3180 786 Mosen
3226 739 3459 803 rogare
3504 718 3887 784 existimant
3929 730 4002 784 ut
4056 717 4365 803 postridie
4407 720 4538 787 suis

2601 809 2906 891 precibus
2962 825 3158 872 ranas
3224 804 3480 889 abigat,
3547 804 3615 869 in
3685 804 4151 871 absurditatem
4221 806 4533 872 incidunt:

2602 895 2786 977 quasi
2832 893 3094 958 Pharao
3150 912 3376 958 secure
3436 889 4197 958 dormitum'concedens
4241 891 4395 957 mali
4440 912 4536 958 re·

2601 977 2894 1045 medium
2951 977 3294 1043 distulerit.
3384 976 3621 1042 Colore
3677 977 3881 1060 igitur
3937 977 4060 1044 hoc
4118 986 4321 1043 caret:
4370 976 4539 1043 Pha-

2604 1087 2900 1145 raonem,
2974 1084 3049 1129 ac
3115 1064 3171 1129 si
3238 1063 3457 1146 quieto
3520 1069 3693 1127 esset
3758 1064 4241 1147 tranquilloque
4305 1066 4539 1143 animo,

2601 1164 2824 1235 petere
2866 1160 2942 1215 ut
2985 1150 3090 1214 die
3133 1157 3391 1232 postero
3434 1156 3612 1214 terra
3656 1158 3973 1233 purgetur
4016 1169 4056 1214 a
4097 1150 4295 1215 ranis.
4366 1147 4537 1230 Quin

2603 1237 2847 1320 potius,
2903 1236 2958 1302 si
3004 1256 3155 1300 mox
3201 1235 3458 1300 levatus
3501 1235 3701 1299 fuerit
3743 1233 3866 1300 hoc
3908 1234 4352 1314 incommodo,
4397 1256 4540 1318 pro·

2601 1323 2813 1388 mittit
2845 1323 3082 1406 populo
3118 1320 3533 1386 missionem:
3571 1340 3765 1402 quam
3804 1331 4025 1386 tamen
4059 1320 4330 1386 fallendi
4353 1341 4544 1388 cansa

2603 1410 2674 1474 in
2730 1421 3063 1492 posterum
3118 1405 3290 1471 diem
3357 1406 3712 1489 suspendit.
3802 1406 3951 1472 Non
4008 1410 4183 1472 enim
4238 1406 4368 1473 alia
4424 1408 4545 1472 fuit

2602 1492 3128 1578 procrastinandi
3171 1491 3370 1573 ratio,
3425 1493 3554 1558 nisi
3610 1504 3686 1557 ut
3738 1493 4012 1576 adeptus
4056 1493 4225 1576 quod
4271 1493 4543 1572 volebat,

2603 1600 2643 1645 a
2683 1591 2873 1664 pacto
2917 1579 3311 1659 discederet,
3357 1578 3550 1644 sicuti
3608 1579 3778 1644 fecit.
3869 1579 4088 1645 Moses
4146 1590 4364 1645 autem
4426 1580 4545 1645 hac

2648 1666 3037 1732 remissione
3084 1672 3431 1731 contentus
3473 1664 3801 1729 facturum
3847 1686 3919 1731 se
3962 1664 4196 1748 recipit
4236 1675 4312 1730 ut
4354 1684 4544 1730 ranas

2672 1774 2788 1819 eus
2843 1752 3166 1836 profliget.
3255 1749 3448 1832 Quod
3507 1749 3733 1815 eodem
3792 1750 3896 1815 die
3953 1752 4352 1835 completum
4409 1772 4547 1817 esse

2602 1859 2736 1904 non
2784 1837 3041 1918 dubit0,
3109 1857 3264 1901 nam
3323 1834 3477 1901 hinc
3531 1836 3885 1901 mutandae
3944 1838 4310 1903 sententiae
4355 1858 4545 1904 causa

2604 1934 2891 2009 tyranno
2935 1924 3086 2002 fuit,
3147 1921 3319 2007 quod
3379 1930 3570 1988 nocte
3627 1923 4014 2005 interposita
4067 1924 4301 1988 timere
4339 1922 4548 1989 desiit.

2605 2011 2697 2075 Et
2717 2019 2894 2076 certe
2929 2031 3012 2074 ex
3049 2008 3266 2076 verbis
3300 2007 3722 2091 sequentibus
3758 2008 4085 2094 colligitur
4120 2029 4318 2075 ranas
4356 2010 4547 2093 paulo

2605 2106 2754 2180 post
2798 2095 3094 2160 e-medio
3145 2095 3346 2160 fuisse
3401 2093 3724 2159 sublatas:
3787 2095 3940 2178 quia
3997 2094 4268 2176 dicitur,
4322 2097 4548 2161 Mosen

2607 2190 2674 2248 et
2740 2182 3015 2246 Aharon
3081 2190 3422 2264 postquam
3492 2180 3740 2265 egressi
3804 2190 3992 2260 sunt,
4061 2201 4316 2247 orasse:
4385 2180 4549 2264 quod

2608 2269 2876 2333 minine
2898 2266 3248 2350 quadraret
3282 2267 3337 2332 si
3373 2274 3783 2349 exspectatus
3818 2276 3993 2333 esset
4029 2266 4166 2333 dies
4210 2270 4550 2334 crastinus.

2609 2352 2801 2435 Quod
2846 2363 3065 2419 autem
3109 2354 3330 2418 Moses
3374 2353 3659 2417 affirmat
3701 2351 3887 2418 illum
3935 2353 4073 2419 fore
4117 2356 4249 2419 voti
4296 2375 4549 2437 compo·

2609 2450 2761 2519 tem,
2808 2459 2941 2504 non
2985 2440 3141 2505 facit
3186 2439 3530 2503 temerario
3573 2439 3888 2521 impulsu:
3936 2439 4090 2523 quia
4124 2460 4206 2504 ex
4251 2461 4551 2507 successu

2608 2535 2882 2609 apparet
2917 2533 3167 2590 certum
3203 2526 3407 2591 fuisse
3431 2525 3510 2590 de
3534 2524 3802 2591 consilio
3825 2526 3972 2591 Dei.
4030 2525 4138 2591 Ita
4172 2547 4370 2609 saepe
4407 2548 4549 2610 pro-

2608 2612 2877 2695 phetae,
2921 2613 3219 2694 quamvis
3264 2632 3393 2676 non
3438 2610 3802 2678 intercedat
3843 2611 4069 2677 vocale
4113 2622 4549 2696 praeceptum,

2607 2706 2928 2783 reguntur
3006 2705 3227 2762 tamen
3304 2716 3541 2763 arcano
3619 2696 3892 2779 spiritus
3957 2698 4295 2763 instinctu.
4407 2699 4551 2765 Hac

2607 2805 2864 2869 quoque
2908 2783 3148 2849 fiducia
3192 2785 3583 2866 pronunciat
3625 2783 3845 2849 Moses
3901 2783 4214 2849 sciturum
4261 2785 4551 2850 Pharao-

2608 2890 2758 2937 nem
2785 2870 2927 2934 Deo
2957 2869 3217 2935 [sraelis
3253 2870 3505 2934 nullum
3545 2869 3746 2935 alium
3783 2889 3973 2952 posse
4007 2870 4310 2935 conferri.
4373 2872 4553 2937 Haec

2606 2976 2800 3040 porro
2846 2966 2947 3021 est
2991 2976 3147 3021 vera
3169 2952 3300 3020 Dei
3342 2956 3642 3040 cognitio,
3687 2954 3799 3020 ubi
3840 2955 3911 3020 in
3956 2956 4251 3020 ordinem
4297 2959 4555 3042 cogitur

2609 3040 2922 3126 quidquid
2967 3062 3038 3107 se
3083 3040 3327 3107 attollit
3380 3043 3462 3106 ad
3522 3040 3995 3108 obscurandam
4057 3042 4197 3108 eius
4254 3043 4555 3128 gloriam,

2608 3128 2908 3212 ceditque
2951 3129 3060 3193 vel
3106 3128 3408 3195 deiicitur
3452 3129 3663 3193 omnis
3709 3127 4017 3209 altitudo,
4067 3135 4146 3193 ut
4189 3131 4375 3197 solus
4419 3131 4556 3214 ipse

2610 3217 2913 3280 emineat.

2782 3299 2883 3366 15.
2946 3299 3179 3366 Videns
3220 3305 3428 3366 autem
3474 3298 3752 3367 Pharao.
3821 3300 4002 3367 Hinc
4048 3306 4317 3384 apparet
4364 3304 4560 3368 mise-

2610 3407 2754 3451 rum
2800 3394 3192 3473 tyrannum,
3249 3385 3464 3451 instar
3520 3387 3794 3454 flexuosi
3853 3392 4207 3469 serpentis,
4263 3399 4560 3455 mentem

2607 3493 2796 3539 suam
2843 3474 3126 3556 agitasse
3170 3480 3238 3537 et
3280 3492 3576 3538 versasse
3620 3494 3738 3557 per
3779 3473 3965 3539 varia
4006 3473 4293 3540 consilia.
4386 3474 4557 3541 Nam

2606 3579 2809 3641 quum
2863 3558 2947 3623 ad
2999 3565 3409 3641 praesentem
3470 3560 3792 3640 potentiae
3839 3557 3968 3624 Dei
4027 3580 4294 3625 sensum
4361 3582 4560 3645 expa-

2607 3652 2935 3723 vesceret,
2985 3645 3383 3727 pertinacius
3435 3646 3737 3710 resistere
3773 3666 3904 3710 non
3941 3644 4256 3711 audebat:
4295 3655 4557 3714 tantum

2608 3731 2871 3814 petebat
2945 3729 3423 3813 aliquantulum
3505 3733 3817 3814 temporis
3896 3730 3978 3796 ad
4058 3732 4549 3814 respirandum:

2610 3837 2787 3882 nunc
2827 3826 3009 3881 metu
3053 3817 3311 3882 solutus
3353 3818 3422 3881 in
3479 3817 3752 3882 eandem
3811 3819 4287 3884 contumaciam
4349 3818 4557 3886 revol-

2609 3902 2809 3969 vitur.
2910 3902 3058 3967 Hoc
3122 3923 3278 3967 vero
3338 3904 3602 3988 signum
3652 3910 3755 3968 est
3812 3904 4102 3986 perversi
4156 3912 4222 3969 et
4277 3903 4557 3971 contorti

2611 3988 2878 4073 ingenii,
2915 4008 3048 4053 non
3084 4001 3318 4072 sponte
3354 4010 3424 4053 se
3446 3988 3784 4067 subiicere,
3821 3987 3932 4055 sed
3971 3990 4314 4072 temporali
4346 3991 4555 4058 solum

2611 4072 2929 4139 modestia
2962 4073 3247 4158 defungi,
3291 4075 3403 4140 ubi
3438 4083 3632 4159 urget
3666 4074 3891 4140 durior
3925 4077 4299 4142 necessitas.
4368 4077 4559 4142 Hanc

2611 4160 2956 4243 perfidiam
3021 4161 3091 4224 in
3157 4181 3417 4226 recessu
3480 4159 3695 4226 cordis
3773 4160 4219 4227 absconditam
4289 4168 4562 4229 noverat

2615 4247 2824 4321 Deus,
2873 4257 2938 4311 et
2981 4246 3155 4312 Mosi
3197 4245 3648 4330 praedixerat:
3713 4247 3921 4312 voluit
3965 4257 4186 4313 tamen
4229 4248 4303 4312 in
4349 4249 4559 4315 lucem

2614 4332 2982 4413 extrahere,
3027 4342 3093 4398 et
3136 4332 3283 4398 ideo
3327 4352 3602 4416 poenam
3647 4333 3933 4412 remisit,
3993 4354 4160 4416 quae
4208 4332 4561 4401 simulandi

2614 4426 2758 4483 erat
2794 4419 3064 4486 occasio,

2791 4590 2891 4655 16.
2960 4589 3134 4656 Tunc
3189 4591 3357 4656 dixit
3402 4588 3632 4656 Iehova
3688 4590 3774 4655 ad
3832 4589 4089 4656 Mosen.-
4142 4590 4426 4673 Loquere
4477 4589 4562 4656 ad

2617 4675 2916 4741 Auaron.-
2969 4675 3252 4743 Extende
3291 4676 3539 4760 viryam
3594 4681 3799 4752 tum,
3856 4680 3913 4741 et
3956 4681 4209 4759 percute
4240 4677 4561 4758 pulverem

2617 4767 2849 4842 terrae,
2893 4766 2966 4827 ut
3005 4762 3090 4827 sit
3132 4765 3200 4827 in
3233 4763 3560 4845 pediculos
3589 4782 3715 4844 per
3756 4766 3949 4828 totam
3990 4767 4225 4828 terram
4268 4762 4558 4846 Aegypti.

2623 4850 2724 4914 17.
2771 4847 2861 4914 Et
2897 4848 3177 4931 fecerunt
3217 4849 3340 4914 sic.-
3381 4853 3437 4914 et
3478 4849 3746 4914 extendit
3778 4848 4041 4914 Aharon
4072 4868 4335 4914 manum
4377 4867 4559 4913 suam

2619 4956 2760 5001 cum
2799 4935 2980 5017 virya
3020 4954 3169 5014 sua,
3226 4938 3283 5000 et
3324 4935 3640 5015 percussit
3685 4935 4005 5017 pulverem
4056 4939 4288 5000 terrae.-
4342 4938 4400 4998 et
4437 4934 4560 5014 fuit

2621 5024 2694 5087 iu
2723 5021 3050 5102 pediculos
3093 5021 3160 5085 iu
3201 5020 3444 5086 homine
3484 5026 3541 5086 et
3580 5021 3868 5102 iumento,
3913 5026 4072 5087 totus
4103 5021 4325 5104 pulvis
4359 5025 4562 5086 terrae

2620 5107 2747 5189 fuit
2812 5107 2882 5170 in
2944 5105 3272 5189 pediculos
3341 5127 3460 5189 per
3532 5107 3895 5172 universam
3970 5113 4208 5173 terram
4272 5105 4555 5190 Aeyypti.

2628 5193 2729 5258 18.
2775 5190 2865 5257 Et
2903 5193 2995 5257 sic
3031 5193 3307 5274 fecerunt
3345 5193 3521 5276 mayi
3562 5192 4087 5259 mutationibus
4128 5194 4269 5258 suis
4308 5198 4380 5257 ut
4406 5210 4557 5274 pro-

2624 5280 2911 5345 ducerent
2941 5278 3297 5360 pediculos.-
3350 5278 3459 5344 sed
3498 5298 3624 5344 uon
3652 5283 4005 5360 potuerunt.
4093 5278 4193 5344 19.
4245 5278 4422 5343 Tunc
4459 5277 4557 5343 ai-

2627 5368 2858 5430 xerunt
2895 5364 3068 5448 mayi
3109 5364 3196 5429 ad
3233 5362 3659 5430 Pharaonem.-
3687 5364 3963 5450 Diyitus
3995 5365 4127 5432 Dei
4164 5369 4252 5432 est
4289 5362 4407 5430 hic.
4474 5360 4561 5428 1⁴2
