4867 6150
559 443 698 511 555

568 632 756 698 Deus
821 630 1116 714 reprobis
1170 625 1476 713 gentibus
1531 648 1641 693 eos
1697 625 2055 711 coniungat
2106 625 2179 691 in
2239 626 2522 692 eundem

568 719 932 784 interitum.
1023 714 1372 782 Caeterum
1444 713 1714 779 verbum
1773 725 1885 781 zm,
1933 711 2106 797 quod
2161 711 2524 778 decaudare

573 804 918 889 signifieat,
987 799 1371 866 tantundem
1416 799 1590 865 valet
1635 810 1827 882 atque
1871 808 2241 865 extremum
2287 819 2525 883 agmen

565 911 860 973 carpere,
906 888 1016 954 ubi
1059 886 1260 953 locari
1304 886 1513 952 solent
1548 884 2022 968 impedimenta
2066 894 2129 949 et
2167 885 2438 969 aegroti.

1167 1227 1298 1293 EX
1342 1225 1611 1294 DEU'P.
1657 1223 1929 1292 XXIII.

745 1400 876 1502 3J).
928 1401 1076 1467 Non
1118 1398 1503 1498 imi-edietum
1547 1397 1933 1497 Ammonita·
1958 1402 2014 1462 et
2057 1395 2349 1496 Moabita
2382 1416 2524 1462 con·

567 1493 961 1661 affigatur
999 1485 2050 1667 cgriyhiqezffiiogtessnaqehyozrizeerqutggae
2081 1484 2527 1668 ’1111ξέῒώῗῖζῖ

576 1659 1159 1828 ,18ῗὲοῇῲωὶ
1188 1677 1431 1827 363ῗέ
1448 1660 1544 1806 8οΜ
1536 1675 1717 1806 0υᾶ
1738 1659 2528 1841 mwffimi

576 1834 718 1902 cede
775 1830 1138 1897 conduxerit
1191 1828 1526 1928 adversim
1578 1831 1647 1926 te·
1677 1825 1935 1895 Bdeam
1987 1827 2194 1925 filium
2242 1825 2412 1893 Beor
2452 1827 2529 1892 de

580 1917 816 2072 ἔάέἓῖι
866 1911 1608 2068 ΐωὲἔθῗῧυῖωυὲἔ
1620 1933 1803 2064 maz..
1811 1911 2531 2075 “Zssfffflffmf'bt

578 2089 874 2158 convertit
942 2086 1177 2152 Iehova
1246 2086 1426 2153 Deus
1490 2090 1638 2153 tuus
1709 2084 1822 2150 tibi
1898 2084 2394 2150 maledictionem
2458 2084 2530 2150 in

578 2175 1048 2245 benedictionem
1061 2221 1075 2249 ,
1141 2172 1311 2255 quod
1373 2171 1661 2255 diliyeret
1717 2176 1774 2237 te
1835 2170 2069 2237 Iehova
2124 2168 2306 2236 Deus
2360 2175 2526 2236 tuus.

579 2264 639 2329 6.
690 2262 838 2327 Non
873 2279 1139 2342 quaeres
1160 2276 1386 2340 pacem
1422 2277 1638 2322 eorum
1681 2261 1736 2320 et
1778 2255 2009 2325 bonum
2041 2276 2258 2321 eorum
2291 2257 2530 2322 eunctis

578 2347 797 2415 diebus
837 2346 1001 2444 tuis-‚-
1026 2345 1101 2410 111
1141 2342 1475 2410 saeculum.
1561 2342 1618 2407 7.
1672 2341 1821 2407 Non
1863 2338 2321 2442 abominaberis
2355 2342 2530 2409 Edo-

577 2455 758 2590 ἕνα,
816 2430 1621 2600 ᾇαᾳιὲωρζῖἔῖιηιέἕῗαθῶἰ
1642 2448 1770 2578 ηἵηπ
1789 2427 2187 2580 ὐίῗνοΐῧείαω
2235 2427 2534 2596 fiiiieyqygi

578 2611 913 2673 nascentum
953 2622 1047 2668 ets
1082 2601 1477 2686 ⁸‹letter-atione
1518 2600 1700 2667 tertia
1740 2599 2169 2683 inmedientur
2205 2619 2563 2684 wnyreyw·

580 2693 807 2758 tionem
852 2687 1134 2755 Iehovae.

749 2861 812 2926 3.
862 2859 1008 2925 Non
1043 2859 1442 2943 mediatur.
1505 2855 1716 2925 Sicuti
1752 2855 2064 2941 populum
2110 2877 2321 2940 nuper
2343 2855 2532 2922 Deus

575 2946 910 3033 prohibuit
990 2944 1071 3009 ab
1137 2945 1316 3009 omni
1383 2943 1708 3009 affinitate
1775 2950 1843 3007 et
1905 2940 2164 3008 foedere
2227 2942 2530 3028 gentium

580 3032 940 3112 Chanaan,
997 3032 1092 3096 ita
1147 3051 1325 3096 nunc
1369 3030 1544 3097 inter
1588 3029 1992 3113 alienigenas
2038 3027 2416 3114 distinguit,
2463 3035 2531 3095 et

581 3121 769 3186 docet
823 3140 950 3202 0118
994 3118 1138 3201 lege
1177 3138 1466 3200 quosque
1511 3116 1861 3182 admittere
1904 3116 2118 3182 liceat.
2195 3114 2296 3182 Ac
2342 3116 2528 3180 Moa-

578 3207 751 3272 bitas
776 3204 1038 3288 quidem
1076 3211 1143 3268 et
1168 3203 1582 3268 Ammonitas
1619 3222 1885 3285 prorsus
1919 3201 2162 3268 reiicit:
2203 3201 2356 3285 quia
2391 3223 2525 3266 non

579 3290 772 3358 modo
816 3310 1162 3357 commune
1209 3288 1642 3355 humanitatis
1662 3287 1950 3354 officium
1987 3289 2377 3371 negaverint
2413 3309 2526 3370 po-

580 3378 752 3462 pu10‚
799 3376 911 3441 sed
958 3395 1142 3440 arma
1175 3384 1404 3441 contra
1437 3395 1588 3440 eum
1626 3373 2048 3457 sumpserint,
2085 3384 2284 3456 atque
2327 3374 2526 3438 etiam

581 3462 1019 3532 conduxerint
1063 3461 1335 3526 Balaam
1383 3459 1465 3526 ad
1508 3482 1656 3526 eum
1702 3457 2243 3526 maledicendum.
2310 3459 2526 3525 Erant

582 3549 931 3635 progenies
974 3545 1187 3627 Lot-h,
1243 3554 1435 3630 atque
1480 3547 1646 3613 filios
1691 3545 2003 3612 Abrahae
2057 3544 2362 3629 amplecti
2407 3565 2524 3628 pro

583 3635 895 3701 fratribus
947 3633 1328 3699 debuerant.
1402 3632 1562 3697 Fuit
1609 3632 1810 3718 igitur
1860 3631 2330 3697 inexcusabilis
2380 3631 2523 3696 bar·

584 3722 823 3798 baries,
871 3740 983 3785 eos
1026 3718 1348 3784 violenter
1389 3719 1705 3801 impetere
1749 3719 1855 3801 qui
1904 3717 2076 3784 ultro
2119 3738 2346 3801 pacem
2390 3717 2524 3783 illis

579 3806 988 3875 obtulerant:
1024 3805 1138 3887 qui
1176 3803 1614 3888 promiserant
1648 3825 1766 3887 per
1802 3825 1955 3870 suos
2003 3804 2252 3888 legatos
2289 3825 2357 3870 se
2393 3803 2525 3870 iter

583 3894 870 3959 facturos
927 3891 1168 3973 absquo
1225 3890 1468 3956 iniuria
1523 3899 1593 3955 et
1647 3889 1993 3955 maleficio:
2062 3890 2174 3973 qui
2241 3889 2524 3973 denique

582 3979 913 4064 petierant
969 3976 1097 4042 sibi
1146 3978 1493 4041 transitum
1553 3975 1881 4059 permitti,
1926 3976 2117 4042 modo
2182 3977 2353 4042 110118
2396 3975 2526 4041 fide

579 4064 867 4148 pretium
907 4071 1331 4128 numerarent
1368 4063 1552 4144 panis
1588 4070 1652 4127 et
1689 4082 1923 4145 aquae:
1962 4062 2085 4127 etsi
2120 4061 2297 4127 haud
2331 4061 2526 4128 dubie

580 4151 985 4234 impietatem
1030 4150 1241 4232 magis
1289 4168 1485 4230 quam
1543 4147 1882 4215 saevitiam
1947 4146 2122 4212 ultus
2177 4155 2278 4213 est
2326 4149 2527 4224 Deus,

582 4235 753 4320 quod
822 4257 952 4300 non
1007 4234 1200 4299 modo
1258 4255 1449 4300 suum
1511 4233 1896 4299 beneficium
1965 4233 2178 4299 facere
2242 4234 2528 4314 irritum,

584 4321 698 4388 sed
749 4318 945 4388 fidem
988 4341 1244 4403 quoque
1285 4320 1628 4386 exinanire
1674 4318 1886 4385 moliti
1930 4320 2211 4385 fuerant.
2301 4319 2525 4401 Quum

582 4427 739 4491 ergo
784 4428 898 4490 per
941 4427 1050 4472 000
1086 4428 1217 4471 11011
1256 4407 1542 4472 stetisset
1576 4404 1924 4489 quominus
1959 4409 2204 4491 periret
2238 4406 2530 4484 ecclesia,

584 4504 652 4560 et
707 4490 1037 4558 excideret
1086 4493 1355 4558 effectus
1412 4492 1892 4576 promissionis,
1950 4494 2018 4556 in
2067 4513 2195 4575 qua
2252 4491 2531 4558 fundata

585 4588 726 4644 erat
771 4578 1112 4644 hominum
1159 4579 1366 4657 salus,
1427 4576 1622 4661 idque
1661 4579 1941 4644 001011100
1985 4586 2053 4642 01
2097 4577 2393 4644 volentes
2438 4578 2527 4643 fe-

585 4664 844 4746 cissent,
890 4684 1025 4729 non
1066 4664 1307 4730 mirum
1351 4664 1409 4730 si
1454 4662 1537 4730 ab
1573 4663 1849 4731 ecclesia
1893 4664 2164 4729 fuerunt
2206 4664 2472 4729 exclusi.

755 4749 817 4815 4.
857 4749 948 4815 Et
989 4751 1154 4832 quod
1194 4750 1463 4817 mercede
1504 4751 1884 4816 conduxerit.
1975 4751 2119 4815 Etsi
2164 4750 2533 4816 communis

584 4844 686 4902 est
727 4837 891 4901 ratio
924 4856 1042 4902 cur
1080 4857 1413 4919 nunquam
1452 4836 1710 4902 admitti
1745 4835 1974 4901 debeat
2009 4847 2285 4919 uterque
2327 4856 2533 4920 popu-

584 4921 725 5002 lus,
771 4921 1032 4988 videtur
1092 4933 1311 4987 tamen
1354 4922 1648 4988 consulto
1695 4930 1988 4988 mutatus
2033 4943 2176 4987 esse
2221 4943 2535 4987 numerus

588 5008 805 5075 verbi:
855 5008 1009 5091 quia
1051 5007 1255 5074 Balac
1299 5030 1414 5072 rex
1460 5007 1656 5073 Moab
1702 5008 1978 5073 Balaam
2022 5006 2369 5073 conduxit:
2417 5008 2534 5074 sed

586 5095 740 5178 quia
782 5093 975 5160 simul
1021 5095 1585 5177 conspiraverant,
1631 5095 1864 5159 merito
1905 5093 2079 5158 idem
2126 5095 2373 5160 crimen
2419 5094 2535 5159 ad-

585 5181 891 5247 scribitur
930 5180 1347 5247 Ammonitis.
1417 5179 1500 5244 In
1536 5200 1611 5244 eo
1648 5179 1910 5263 quidem
1954 5202 2024 5245 se
2067 5178 2356 5262 prodidit
2398 5202 2536 5246 ma-

673 5401 680 5410 ·
761 5367 820 5437 1)
856 5369 1022 5424 Hebr.
1055 5368 1140 5423 4--
1159 5371 1211 5424 9.

1970 435 2488 510 SECUNDUM
2531 434 3179 503 PRAEOEP'PUM.

4431 432 4538 502 556

2627 626 2807 690 xime
2850 623 3255 689 detestabilis
3317 622 3639 708 impietas,
3699 622 3872 707 quod
3931 623 4396 690 mercenarium
4446 623 4545 690 ho-

2630 711 2873 776 minem
2906 708 3340 786 conducendo,
3387 709 3501 792 qui
3545 708 4022 775 maledictionis
4067 709 4310 774 fulmen
4353 709 4545 775 vibra-

2628 806 2730 861 ret
2763 804 2995 861 contra
3033 794 3367 878 populum,
3409 803 3753 859 tentarunt
3787 794 4007 860 Deum
4045 795 4313 879 magicis
4347 795 4546 861 incan-

2630 882 2990 948 tationibus
3035 881 3419 963 opprimere.
3487 880 3717 963 Neque
3761 881 4132 963 ignorantia
4165 881 4332 965 lapsi
4384 891 4549 960 sunt,

2630 988 2832 1052 quum
2891 967 3215 1033 obstinate
3260 965 3549 1031 furorem
3593 987 3786 1033 suum
3835 967 4209 1051 prosequuti
4251 966 4410 1045 sint,
4452 966 4551 1031 do-

2633 1076 2749 1121 nec
2795 1076 2830 1119 e
2874 1053 3052 1119 coelo
3097 1061 3466 1133 prostratus
3505 1052 3653 1117 fuit.
3729 1052 3824 1117 Et
3866 1052 3992 1119 1180
4033 1053 4289 1118 ratione
4334 1051 4552 1120 diserte

2630 1138 3040 1224 exprimitur,
3078 1138 3352 1205 Balaam
3391 1160 3521 1204 non
3554 1137 3757 1207 fuisse
3793 1138 4106 1216 auditum,
4153 1137 4311 1221 quin
4354 1138 4554 1221 potius

2631 1225 2807 1291 diras
2873 1226 3013 1290 eius
3079 1244 3156 1291 80
3223 1222 3601 1290 devotiones
3666 1225 3739 1289 in
3782 1224 4306 1291 benedictionem
4369 1225 4555 1291 fuisse

2630 1331 3002 1379 conversas.
3090 1310 3271 1377 Hinc
3343 1319 3615 1393 apparet
3681 1331 3880 1393 quam
3935 1308 4364 1376 formidabilis
4428 1310 4557 1375 vin·

2633 1396 2810 1464 dicta
2861 1417 2971 1463 eos
3012 1417 3238 1462 omnes
3282 1405 3547 1461 maneat
3589 1396 3700 1479 qui
3745 1395 3873 1461 Dei
3917 1397 4206 1481 gratiam,
4253 1404 4323 1461 et
4372 1396 4559 1463 eccle-

2630 1484 2767 1549 siae
2810 1484 3089 1549 salutem
3149 1480 3503 1546 deliberata
3561 1482 3814 1547 malitia
3869 1489 4274 1566 oppugnant.
4364 1480 4558 1548 Sicuti

2629 1567 2824 1636 hodie
2859 1591 2899 1634 8
2932 1566 3377 1634 defensoribus
3416 1578 3692 1652 papatus
3729 1567 3893 1632 nulli
3930 1589 4062 1634 non
4096 1575 4443 1633 moventur
4473 1567 4560 1634 18-

2629 1653 2847 1738 1111100,
2913 1676 3040 1738 0110
3104 1652 3401 1720 coelestis
3466 1652 3800 1720 doctrinae
3867 1674 4130 1720 cursum
4191 1652 4562 1733 disturbent,

2629 1741 2765 1805 imo
2830 1739 3267 1824 evangelium,
3323 1741 3376 1804 si
3435 1740 3579 1805 fieri
3648 1748 3892 1823 posset,
3961 1761 3997 1804 e
4068 1738 4286 1806 medio
4329 1740 4563 1805 tollant.

2632 1826 2987 1893 Caeterum
3014 1826 3275 1909 quando
3311 1824 3484 1891 clare
3513 1833 3777 1891 notatur
3804 1825 3931 1890 alia
3962 1825 4337 1891 reiectionis
4362 1846 4562 1905 081108,

2633 1911 2835 1978 0111110
2893 1912 3014 1978 11οο
3070 1909 3383 1977 iudicium
3441 1911 3702 1994 quidam
3764 1911 4037 1978 trahunt
4098 1912 4179 1976 ad
4225 1912 4561 1996 originem:

2631 1998 2787 2081 quia
2852 2019 2935 2063 ex
3000 1998 3368 2063 incestuoso
3432 1999 3606 2063 001111
3664 1999 4081 2063 Ammonitas
4129 2009 4195 2062 et
4250 1996 4565 2064 Moabitae

2632 2085 2879 2149 fuerint
2921 2082 3234 2166 concepti,
3281 2081 3542 2148 excludi
3582 2082 3663 2149 ab
3707 2083 4016 2150 ecclesiae
4051 2085 4323 2168 gremio.

2806 2170 2865 2235 7.
2947 2169 3093 2235 Non
3148 2167 3605 2235 abominaberis
3988 2189 4071 2235 m.
4173 2168 4325 2250 Quo
4378 2168 4565 2253 insig-

2636 2256 2786 2322 nius
2830 2265 3000 2321 esset
3045 2254 3418 2338 exemplum
3457 2256 3522 2320 in
3568 2276 3779 2338 poena
3821 2276 4019 2338 quam
4055 2255 4374 2322 abversus
4396 2255 4567 2320 Moa-

2635 2342 2805 2408 bitas
2857 2350 2923 2406 et
2964 2340 3382 2407 Ammonitas
3442 2339 3677 2406 edixit:
3717 2338 4062 2407 Idumaeos
4106 2350 4173 2406 et
4215 2341 4567 2426 Aegyptios

2635 2428 2707 2492 in
2764 2427 2958 2493 tertio
3012 2426 3224 2513 gradu
3288 2426 3550 2490 admitti
3603 2426 3814 2493 iubet:
3858 2427 4110 2511 priores
4175 2429 4332 2510 quia
4373 2446 4568 2511 genus

2638 2512 2962 2580 ducebant
3026 2512 3108 2578 ab
3167 2510 3395 2578 eodem
3451 2524 3744 2595 parente,
3812 2534 4046 2597 nempe
4111 2513 4319 2587 Isaac.
4382 2533 4569 2596 quum

2639 2610 2863 2666 essent
2906 2599 3145 2682 posteri
3191 2599 3401 2664 Esau:
3448 2599 3688 2665 alteros
3733 2619 3892 2664 vero
3929 2600 4083 2683 quia
4119 2599 4409 2683 hospites
4444 2599 4569 2663 fue-

2638 2693 2808 2752 rant.
2893 2685 3069 2751 Nam
3133 2684 3288 2749 inde
3346 2684 3610 2767 patebat
3656 2685 4067 2752 Ammonitas
4115 2693 4200 2761 ,et
4256 2683 4570 2751 Moabitas

2637 2792 2756 2837 suo
2793 2770 3036 2838 scelere
3072 2770 3154 2835 ab
3195 2768 3442 2836 honore
3487 2791 3631 2837 esse
3674 2769 3973 2847 deiectos,
4019 2770 4211 2837 cuius
4256 2793 4346 2837 110
4388 2769 4568 2836 alieni

2637 2857 2900 2941 quidem
2937 2865 3159 2925 essent
3193 2864 3516 2939 expertes.
3583 2855 3937 2923 Caeterum
3981 2858 4106 2922 etsi
4128 2858 4315 2923 Esau
4359 2877 4430 2922 00
4470 2855 4567 2921 ab·

2637 2943 2974 3011 dicaverat
3017 2942 3098 3009 ab
3142 2942 3370 3008 ordine
3413 2940 3725 3023 fidelium,
3783 2943 3935 3009 filiis
3980 2952 4198 3008 tamen
4251 2943 4395 3009 eius
4438 2962 4565 3006 rur·

2635 3052 2781 3097 sum
2827 3036 3053 3114 aperta
3103 3028 3230 3094 fuit
3269 3029 3497 3111 ianua,
3555 3028 3749 3095 modo
3791 3027 3874 3096 ad
3918 3040 4118 3114 caput
4151 3036 4219 3095 et
4261 3030 4567 3114 originem

2633 3116 2958 3192 redirent,
3021 3137 3097 3182 ac
3155 3114 3307 3181 fidei
3351 3136 3507 3182 suae
3550 3116 3922 3182 humilitate
3964 3118 4300 3183 sancirent
4341 3116 4568 3198 primo-

2632 3202 3002 3285 genituram
3057 3200 3285 3278 Iacob,
3343 3203 3453 3284 qui
3511 3200 3755 3267 electus
3803 3202 4023 3267 fuerat
4073 3204 4432 3286 praeterito
4473 3198 4567 3265 vel

2631 3288 3002 3372 posthabito
3047 3307 3272 3353 eorum
3317 3296 3522 3370 patre.
3592 3285 3727 3353 Sed
3772 3287 3932 3370 quid
3974 3287 4097 3355 sibi
4140 3287 4293 3353 vult
4334 3306 4566 3371 poenae

2631 3374 3068 3459 inaequalitas
3111 3374 3178 3438 in
3221 3373 3366 3457 pari
3417 3372 3709 3440 scelere?
3770 3374 3939 3440 Nam
3988 3374 4200 3440 Edem
4244 3375 4425 3457 prior
4472 3393 4563 3438 81·-

2631 3461 2759 3536 mis
2794 3461 3062 3527 adortus
3105 3466 3205 3525 est
3237 3458 3547 3527 Israelem
3595 3479 3789 3544 0118111
3828 3459 4042 3538 Moab,
4088 3468 4152 3526 et
4195 3462 4411 3542 coegit
4450 3458 4565 3523 alio

2629 3548 2760 3613 iter
2802 3554 3078 3612 vertere.
3153 3545 3304 3611 Non
3349 3544 3764 3612 conductitiis
3799 3546 4063 3629 quidem
4101 3543 4567 3631 imprecationi-

2632 3634 2752 3700 bus
2809 3638 3179 3698 certaverat
3237 3629 3319 3695 ad
3379 3630 3785 3714 perdendum
3852 3631 4199 3698 Israelem:
4261 3631 4380 3698 sed
4426 3631 4565 3715 quia

2631 3718 3014 3803 suppliciter
3071 3738 3190 3802 per
3246 3724 3577 3783 vetustam
3626 3719 4083 3804 cognationem
4127 3729 4404 3803 rogatus
4445 3736 4565 3781 non

2631 3804 2821 3871 modo
2880 3810 3240 3890 negaverat
3282 3804 3635 3869 transitum
3658 3856 3672 3881 ,
3729 3802 3843 3870 0011
3889 3825 4040 3870 011111
4090 3803 4351 3890 ingenti
4394 3823 4561 3870 exer-

2628 3890 2764 3958 citu
2811 3892 2877 3956 in
2923 3911 3262 3957 occursum
3307 3889 3619 3967 irruerat,
3689 3890 3893 3956 nihilo
3932 3890 4158 3956 mitius
4202 3889 4566 3956 tractandus

2630 3986 2775 4043 erat
2818 3997 3009 4060 quam
3040 3975 3310 4042 Amalec
3360 3976 3461 4041 vel
3487 3977 3795 4043 Ammon.
3855 3974 4043 4042 Adde
4085 3974 4259 4059 quod
4307 3975 4565 4042 arctiore

2631 4062 2971 4146 sanguinis
3006 4061 3271 4127 vinculo
3307 4062 3659 4143 coniuncti,
3700 4062 3917 4128 minus
3955 4071 4143 4128 erant
4178 4059 4567 4128 excusabiles

2631 4151 2701 4214 in
2739 4169 2860 4234 sua
2902 4148 3332 4213 immanitate.
3397 4146 3628 4230 Itaque
3671 4168 3933 4214 causam
3974 4170 4102 4213 non
4140 4149 4425 4226 invenie,
4464 4165 4566 4212 cur

2632 4236 2706 4300 in
2750 4256 2859 4300 eos
2902 4234 3285 4300 clementior
3326 4233 3527 4299 fuerit
3570 4232 3755 4299 Deus
3791 4254 3988 4318 quam
4023 4234 4091 4299 in
4139 4234 4303 4301 alios
4346 4233 4566 4317 quibus

2632 4318 2758 4386 fuit
2791 4320 3115 4387 severior:
3154 4320 3282 4384 nisi
3307 4320 3459 4403 quia
3493 4319 3837 4390 ostendere
3874 4318 4174 4400 voluerit,
4218 4321 4289 4384 in
4312 4318 4565 4385 arbitrio

2632 4428 2751 4473 suo
2786 4428 2961 4484 0000,
2997 4403 3253 4482 08110111,
3289 4426 3454 4488 quae
3487 4406 3557 4471 in
3604 4406 3750 4471 aliis
3784 4406 4056 4492 gravius
4101 4404 4392 4472 vindicat
4434 4424 4565 4488 pec-

2634 4503 2814 4571 cata,
2870 4493 2941 4557 in
2985 4492 3132 4558 aliis
3174 4491 3387 4558 levius
3431 4492 3784 4575 castigare:
3832 4512 4067 4575 nempe
4107 4512 4314 4575 quum
4357 4507 4565 4556 omnes

2635 4578 2821 4663 digni
2857 4578 2994 4645 sint
3027 4585 3320 4643 extremo
3356 4578 3659 4655 interitu,
3692 4580 3926 4643 merito
3960 4577 4239 4643 liberum
4284 4580 4391 4643 ius
4428 4595 4561 4660 par-

2636 4664 2830 4734 cendi
2886 4663 3124 4747 quibus
3167 4664 3513 4747 placuerit,
3566 4662 3740 4747 apud
3789 4684 3861 4729 se
3906 4664 4164 4730 retinet.
4252 4663 4384 4728 Hic
4424 4659 4561 4727 ado·

2636 4750 2844 4818 randa
2873 4759 3031 4817 sunt
3056 4750 3195 4816 eius
3237 4749 3494 4830 iudicia,
3538 4749 3619 4814 ad
3665 4769 3945 4832 quorum
3988 4748 4403 4815 altitudinem
4445 4766 4562 4812 11011

2639 4844 3076 4922 penetramus.
3159 4835 3385 4919 Neque
3430 4846 3649 4901 tamen
3694 4835 4129 4920 inaequalitas
4184 4830 4559 4917 obstreperis

2637 4923 2989 5007 impiorum
3028 4921 3295 4989 vocibus
3331 4921 3613 4988 obnoxia
3647 4932 3775 4999 est,
3818 4943 3892 4988 ac
3936 4923 3993 4988 si
4038 4922 4178 5005 ipse
4220 4920 4344 4988 sibi
4385 4917 4557 4983 dissi·

2639 5008 2812 5075 milis
2835 5019 3024 5087 esset,
3063 5016 3129 5073 et
3168 5029 3208 5071 a
3235 5006 3399 5091 legis
3426 5029 3583 5073 suae
3626 5008 3856 5091 regula
3880 5007 4281 5075 deflecteret:
4318 4999 4558 5089 quando

2642 5096 2736 5162 sic
2797 5092 3051 5179 agendo
3095 5114 3227 5158 non
3284 5092 3526 5159 iudicat
3579 5092 3854 5160 diversis
3897 5092 4126 5176 modis,
4183 5091 4298 5158 sed
4350 5106 4556 5156 omnes

2643 5200 2970 5265 peraequa
3022 5178 3428 5260 damnando,
3504 5178 3807 5265 indulget
3863 5180 4103 5263 quibus
4174 5180 4387 5244 visum
4452 5180 4554 5250 est,

2646 5266 2749 5333 vel
2807 5274 3059 5349 partem
3122 5286 3365 5347 poenae
3411 5265 3699 5331 remittit.
3789 5266 3893 5332 De
3938 5266 4281 5351 Aegyptiis
4321 5276 4554 5347 quoque

2644 5350 2893 5418 moveri
2959 5359 3173 5433 potest
3235 5351 3559 5434 quaestio,
3626 5373 3744 5419 cur
3798 5350 3929 5417 illis
3979 5351 4340 5435 obstringat
4391 5348 4552 5413 Deus
