4867 6150
343 446 465 513 365

343 636 658 702 excidetur
711 636 932 700 anima
975 633 1095 700 illa
1137 656 1169 700 e
1211 635 1415 701 medio
1459 635 1694 718 populi
1748 636 1872 701 sui.
1964 634 2065 701 31.
2132 635 2300 718 Quia

343 741 680 787 sermonem
724 720 988 787 Iehovae
1021 722 1399 807 contevnpsit,
1436 728 1495 787 et
1523 726 1929 804 praeceptum
1972 723 2112 787 eius
2143 722 2297 787 irri-

342 813 473 908 tum
510 807 687 906 fecit:
744 808 1078 874 excidendo
1138 808 1459 874 excidetur
1513 808 1735 874 anima
1791 808 1938 874 saa:
1992 807 2299 890 iniquita-s·

342 913 481 962 eius
520 914 590 958 in
636 914 728 959 ea.

974 1236 1107 1303 EX
1150 1237 1457 1304 LEVIT.
1503 1235 1664 1303 XX.

515 1408 573 1473 1.
641 1407 967 1490 Loquutus
1046 1413 1135 1474 eet
1196 1407 1430 1476 Ichova
1509 1410 1597 1476 ad
1676 1409 1929 1489 Mosen,
2007 1409 2297 1475 dicendo.-

340 1494 400 1560 2.
451 1493 652 1559 Finis
685 1494 902 1561 Israel
939 1496 1143 1561 dices.-
1240 1496 1600 1578 Quicunque
1639 1516 1672 1560 e
1714 1495 1874 1578 filiis
1907 1495 2134 1569 Israel,
2164 1501 2219 1561 et
2263 1516 2295 1560 e

330 1582 1086 1733 Wfflfflzss'fflmmmi
860 1582 1469 1734 Pm'ss’ssssfi‘ffl‘-
1485 1582 2296 1752 Ῑροᾌαάἰέῑῗῖῗέιΐῖἓὲῗ

339 1687 456 1818 ff
497 1718 806 1836 lapidabit
845 1773 1001 1818 eum.
1065 1752 1124 1818 3.
1154 1753 1292 1838 Eyo
1335 1718 1524 1820 etiam
1553 1773 1791 1837 ponam
1822 1755 2050 1835 faciem
2091 1687 2294 1818 necant

339 1842 553 1905 contra
594 1840 809 1904 virum
839 1840 1041 1919 illm,
1086 1844 1144 1905 ct
1185 1839 1602 1906 exterminabo
1639 1861 1783 1906 eum
1802 1861 1835 1906 c
1856 1840 2057 1906 medio
2064 1839 2294 1922 populi

338 1925 465 2001 sui,
513 1944 578 1990 co
619 1926 787 2006 quod
830 1925 1065 1991 dederit
1120 1946 1152 1991 e
1194 1926 1429 1992 semine
1484 1946 1599 1993 suo
1645 1926 1889 1993 Moloch
1906 1976 1922 2006 ,
1979 1930 2053 1992 ut
2094 1929 2295 1992 conta-

337 2011 611 2076 minaret
671 2013 1111 2076 sanctuarium
1184 2032 1391 2077 meum
1404 2063 1420 2092 ,
1500 2018 1560 2077 et
1622 2013 2006 2095 profanaret
2075 2031 2295 2076 nomen

336 2098 692 2162 sanctitatis
733 2117 922 2163 meae.
1013 2098 1074 2162 4.
1125 2098 1301 2179 Quod
1341 2099 1404 2165 si
1446 2098 1866 2165 abscondendo
1908 2097 2296 2163 absconderit

325 2182 610 2265 populus
653 2188 859 2248 terrae
902 2183 1105 2250 oculos
1161 2204 1310 2249 suos
1366 2205 1410 2250 a
1459 2186 1597 2250 viro
1649 2185 1760 2250 illo
1816 2184 2068 2267 quando
2123 2182 2295 2249 dabit

337 2289 416 2334 ex
461 2269 697 2334 semine
730 2289 845 2335 suo
869 2267 1128 2348 Μοῑοοῆ,
1174 2290 1297 2335 non
1338 2270 1756 2351 interficiendo
1776 2269 1979 2350 illum,
2022 2269 2084 2336 5.
2118 2270 2292 2336 Tunc

325 2375 718 2506 ww
739 2355 1046 2506 ..immim-
1029 2357 1348 2507 2252..ss
1388 2356 1839 2508 mmm,
1861 2356 2144 2509 {dmm
2091 2355 2292 2506 stt&

319 2531 473 2609 post
515 2490 743 2609 ipsuv'n,
795 2533 867 2592 ut
917 2532 1255 2594 scortantur
1298 2533 1446 2611 post
1500 2463 1862 2610 Malaca&
1915 2527 2118 2595 medio
2171 2546 2289 2611 po-

318 2612 474 2694 puli
514 2613 637 2678 sui.

974 2956 1106 3022 EX
1147 2955 1451 3023 EXODI
1493 2956 1656 3023 XII.

513 3128 612 3195 15.
667 3128 1032 3212 Quicunque
1073 3129 1398 3195 comederit
1443 3130 1885 3213 fermentatum
1928 3150 1971 3193 a
2013 3129 2118 3195 die
2151 3129 2293 3211 pri-

329 3235 674 3368 ἳςοναιὲῗςαε
719 3216 804 3281 ad
844 3217 1013 3283 diem
1032 3215 1384 3296 septimum,
1430 3216 1750 3282 excidetur
1791 3216 2010 3281 anima
2043 3215 2168 3282 illa
2212 3236 2292 3280 etc

983 3645 1217 3711 ITEM
1262 3645 1363 3712 IN
1406 3644 1647 3711 FINE.

513 3817 613 3883 19.
671 3816 1033 3900 Quicunque
1054 3819 1376 3884 comederit
1414 3821 1875 3901 fermentatum,
1920 3816 2291 3882 memina-

327 3903 505 3969 bitur
548 3902 767 3969 anima
807 3903 924 3969 illa
965 3925 996 3969 c
1038 3911 1206 3970 coetu
1233 3904 1441 3970 lsrael
1454 3930 1474 3970 .-
1515 3910 1645 3970 tam
1670 3904 2052 3989 pere-minus
2094 3923 2290 3986 quam

326 3990 633 4074 indiqena
670 3994 892 4055 terrae.

513 4160 730 4227 Exodi
777 4161 878 4240 22,
929 4160 1028 4226 18.
1099 4161 1459 4243 Maleficum
1502 4181 1643 4228 non.
1711 4160 1839 4226 His
1882 4161 2041 4227 locis
2076 4182 2287 4244 poena

326 4248 675 4325 statuitur,
719 4249 773 4312 si
818 4269 948 4330 qua
989 4249 1058 4312 in
1096 4257 1284 4330 parte
1308 4247 1594 4313 violatus
1638 4249 1837 4313 fuerit
1879 4248 2097 4314 cultus
2135 4247 2284 4313 Dei.

325 4334 569 4418 Nuper
613 4334 895 4398 vidimus
943 4354 1136 4416 quam
1184 4354 1411 4400 severe
1456 4332 1639 4399 Deus
1695 4333 1873 4399 ultus
1929 4335 2126 4399 fuerit
2173 4333 2284 4399 de-

325 4420 685 4486 fectionem
731 4441 770 4484 a
811 4420 1086 4503 pietate:
1149 4440 1327 4485 nunc
1385 4431 1605 4485 autem
1663 4422 1913 4503 species
1970 4420 2283 4504 quasdam

327 4507 627 4589 attingit,
673 4505 785 4570 ubi
828 4527 961 4570 non
997 4529 1078 4571 ex
1137 4507 1426 4590 professo
1481 4506 1710 4590 religio
1762 4505 2115 4588 deseritur,
2170 4506 2285 4572 sed

325 4591 683 4658 invehitur
747 4590 990 4674 aliquid
1055 4593 1518 4676 corruptionis,
1587 4613 1712 4675 quo
1780 4592 2071 4657 inficitur
2141 4593 2287 4676 ipsa

325 4680 610 4763 puritas.
699 4678 967 4744 Primus
1018 4677 1199 4745 locus
1254 4678 1601 4762 capitalem
1660 4698 1935 4761 poenam
1996 4677 2289 4743 decernit

330 4764 658 4831 adversus
704 4764 1059 4830 maleficas:
1107 4786 1236 4848 quo
1282 4766 1547 4830 nomine
1583 4762 1898 4846 intelligit
1918 4763 2139 4829 Moses
2182 4765 2287 4829 in-

329 4851 762 4925 cantatrices,
823 4851 924 4915 vel
986 4872 1207 4935 sagas,
1267 4871 1431 4934 quae
1489 4850 1759 4934 magicis
1817 4850 2071 4915 artibus
2128 4848 2289 4913 dant

330 4956 629 5019 operam,
672 4944 805 5001 tam
851 4949 926 5003 ut
968 4937 1231 5003 fascinis
1255 4935 1538 5017 laedant,
1584 4956 1778 5018 quam
1824 4946 1899 4999 ut
1942 4935 2287 5000 revelatio-

330 5045 459 5088 nes
508 5044 546 5086 a
589 5021 841 5087 diabolo
888 5032 1145 5107 petant:
1207 5023 1418 5106 qualis
1476 5023 1603 5086 fuit
1643 5021 1761 5086 illa
1803 5041 2002 5104 quam
2060 5042 2290 5087 consu-

330 5107 468 5174 luit
515 5106 693 5185 8801,
738 5109 887 5175 licet
934 5109 1125 5175 aliter
1168 5120 1457 5175 vocetur.
1528 5106 1858 5189 Quoniam
1896 5105 2060 5172 tales
2104 5129 2288 5191 prae·

330 5195 579 5279 stig-iae
622 5194 964 5261 scelestam
1008 5194 1136 5260 Dei
1182 5194 1680 5278 abnegationem
1727 5213 1948 5266 secum
1995 5192 2287 5273 trahunt,

331 5301 481 5345 non
522 5281 765 5346 mirum
810 5290 910 5348 est
968 5283 1023 5347 si
1081 5290 1289 5346 morte
1334 5280 1556 5363 puniri
1600 5279 1785 5345 Deus
1832 5279 2011 5345 velit.
2081 5279 2287 5345 Porro

328 5387 547 5449 quum
615 5366 777 5434 haec
835 5369 1036 5451 pestis
1096 5366 1302 5432 nihilo
1370 5366 1583 5450 magis
1635 5367 1703 5431 in
1763 5367 1903 5432 viro
1958 5386 2156 5448 quam
2217 5367 2287 5431 in

1832 446 2213 514 PRIMUM
2258 445 2911 555 PRAnOEPTUM.

4232 448 4361 515 366

2403 634 2682 700 muliere
2728 633 2999 701 ferenda
3039 635 3147 714 eit,
3192 632 3515 718 probabili
3538 635 3792 700 ratione
3838 634 4224 701 existimant
4265 638 4359 704 le-

2401 741 2553 805 gem
2599 720 2679 785 de
2723 720 3113 787 mulieribus
3155 721 3358 786 fuisse
3400 718 3604 786 latam
3625 771 3641 801 ,
3687 721 3839 804 quia
3884 742 4082 788 sexus
4125 722 4233 788 hic
4275 725 4358 791 ad

2400 807 2937 890 superstitionem
2982 807 3370 891 propensior
3414 807 3519 871 sit.
3591 806 3786 874 Certe
3809 807 4006 873 Deut.
4032 809 4135 887 18,
4180 807 4355 876 idem

2400 892 2802 976 praecipitur
2847 892 2927 957 de
2972 891 3165 958 viris:
3225 892 3354 958 nisi
3399 891 3572 976 quod
3618 892 3755 959 illic
3807 914 3939 959 non
3983 892 4358 962 decernitur

2400 998 2632 1061 poena,
2678 978 2793 1044 sed
2839 985 3099 1043 tantum
3145 986 3326 1043 vetat
3348 977 3531 1044 Deus
3576 999 3663 1044 ne
3706 980 3852 1063 quis
3894 980 3985 1044 sit
4019 982 4357 1048 maleficus

2399 1064 2471 1129 in
2539 1065 2810 1148 popule,
2865 1064 2971 1130 vel
3026 1064 3415 1129 incantator.
3518 1064 3662 1129 Iam
3722 1086 3880 1131 vero
3947 1078 4195 1132 certum
4257 1081 4357 1136 est

2401 1149 2565 1215 alias
2624 1170 2852 1215 omnes
2926 1150 3173 1233 species
3227 1171 3394 1234 quae
3460 1149 3596 1217 illic
3652 1160 4121 1230 numerantur,
4178 1175 4354 1221 nunc

2400 1235 2524 1300 sub
2568 1258 2707 1301 una
2750 1235 3251 1318 comprehendi:
3299 1256 3374 1301 ac
3396 1237 3453 1302 si
3496 1236 3765 1320 capitali
3809 1238 4130 1321 supplicio
4153 1239 4353 1306 subii·-
4420 1310 4431 1325 ⁸

2399 1330 2579 1388 ceret
2621 1322 2809 1387 Deus
2853 1330 2987 1387 tam
3033 1342 3351 1406 augures,
3398 1331 3464 1387 et
3507 1343 3757 1407 magos,
3817 1331 3884 1388 et
3946 1324 4351 1407 pythonicos,

2399 1418 2465 1472 et
2513 1408 2993 1474 necromantiae
3039 1411 3146 1472 vel
3198 1408 3469 1492 magicis
3513 1408 3767 1476 artibus
3813 1408 4098 1489 deditos,
4156 1432 4350 1494 quam

2398 1494 2857 1560 incant-atores.
2957 1493 3167 1577 quue
3222 1494 3456 1559 melius
3515 1493 3721 1577 liquet
3786 1517 3869 1560 ex
3938 1498 4219 1562 secundo
4286 1508 4353 1563 et

2397 1581 2590 1645 tertio
2633 1580 2806 1646 loco:
2852 1580 2962 1646 ubi
2987 1581 3171 1646 Deus
3216 1600 3288 1645 se
3330 1580 3468 1646 fore
3503 1581 3958 1646 adversarium
3996 1581 4354 1650 denunciat

2397 1664 2702 1732 omnibus
2745 1667 2859 1750 qui
2902 1688 2972 1732 se
3017 1667 3096 1731 ad
3123 1666 3457 1751 pythones
3502 1676 3569 1731 et
3612 1667 3849 1733 ariolos
3885 1670 4347 1749 converterint,

2397 1759 2474 1816 ut
2517 1771 2628 1817 eos
2686 1753 3083 1817 exterminet
3141 1774 3178 1818 e
3232 1750 3475 1836 populo
3531 1772 3652 1818 suo
3663 1804 3681 1835 ‚
3734 1752 3968 1820 deinde
4025 1754 4348 1838 lapidibus

2397 1837 2583 1903 obrui
2630 1837 2832 1904 iubet.
2923 1839 3137 1923 Ergo,
3199 1839 3351 1922 quia
3410 1859 3692 1922 aequum
3748 1862 3879 1904 non
3938 1852 4111 1906 esset
4170 1842 4349 1908 viros

2397 1924 2667 2007 impune
2711 1924 3007 2005 evadere,
3050 1925 3162 1991 ubi
3208 1925 3559 1990 mulierum
3603 1926 3973 1991 infirmitati
4017 1947 4154 1992 non
4197 1947 4348 2010 par-

2396 2010 2581 2086 citur,
2628 2020 2697 2074 et
2738 2011 2810 2076 in
2853 2012 3068 2077 causis
3114 2010 3381 2094 paribus
3427 2011 3744 2077 dissimile
3789 2012 3949 2077 ferri
3996 2011 4348 2078 iudicium:

2395 2094 2622 2161 eadem
2669 2116 2880 2178 poena
2916 2117 3080 2180 quae
3112 2099 3193 2174 ⁴in
3238 2117 3431 2180 sagas
3475 2104 3543 2162 et
3585 2098 4048 2165 incantatrices
4099 2106 4348 2165 statuta

2395 2182 2542 2261 fuit,
2589 2203 2768 2248 nunc
2811 2182 3191 2248 extenditur
3249 2183 3333 2248 ad
3387 2192 3738 2266 utrumque
3795 2204 4032 2249 sexum
4085 2192 4153 2249 et
4209 2205 4345 2250 om-

2396 2288 2516 2332 nes
2608 2268 2896 2351 magicas
2986 2270 3503 2352 superstitiones.
3647 2268 3728 2333 In
3817 2269 4032 2336 verbis
4110 2271 4340 2336 etiam:

2394 2353 2793 2436 Respexerit
2837 2355 2917 2419 ad
2964 2354 3406 2431 scortandum‚
3467 2356 3857 2437 exprimitur
3920 2356 4160 2421 iterum
4218 2356 4344 2422 cri-

2395 2441 2592 2505 minis
2657 2442 2995 2519 atrocitas,
3077 2441 3275 2507 ducta
3353 2440 3784 2507 similitudine
3852 2442 3932 2507 ab
3997 2442 4343 2526 impudicis

2396 2525 2813 2606 mulieribus,
2870 2548 3039 2610 quae
3097 2547 3267 2611 vago
3326 2538 3594 2609 aspectu
3646 2527 3955 2593 feruntur
4011 2528 4094 2594 ad
4154 2549 4342 2594 suam

2392 2609 2754 2678 libidinem.
2845 2611 3194 2697 Significat
3234 2634 3390 2698 ergo
3435 2613 3674 2693 Moses,
3718 2613 3912 2680 simul
3959 2634 4034 2680 ac
4077 2614 4342 2682 coniici-

2394 2718 2545 2763 mus
2588 2698 2808 2765 oculos
2850 2698 2979 2765 huc
3023 2699 3130 2765 vel
3175 2699 3349 2778 illuc,
3396 2720 3515 2765 nec
3570 2720 3679 2765 eos
3738 2709 4039 2766 tenemus
4097 2700 4346 2768 defixos

2394 2784 2462 2847 in
2510 2804 2645 2849 uno
2689 2784 2835 2851 Deo
2881 2794 2953 2850 ut
3006 2786 3212 2851 simus
3273 2806 3348 2850 eo
3408 2786 3735 2865 contenti,
3795 2786 4029 2851 violari
4084 2807 4345 2852 sacrum

2395 2871 2775 2954 coniugium
2817 2892 2945 2953 quo
2989 2891 3107 2937 nos
3142 2870 3270 2937 sibi
3303 2869 3623 2937 devinxit.

2570 2956 2766 3023 Num.
2830 2957 2931 3036 15,
2990 2957 3095 3022 30.
3186 2957 3431 3022 Anima
3495 2977 3654 3040 quae
3713 2957 3930 3039 fecerit
3991 2957 4063 3021 in
4125 2976 4341 3023 manu.

2395 3040 2601 3108 Varie
2647 3043 3040 3110 transfertur
3083 3042 3191 3111 hic
3237 3063 3498 3122 versus,
3559 3041 3825 3125 quidam
3879 3045 4052 3108 enim
4115 3042 4208 3108 sic
4247 3042 4340 3108 le-

2397 3137 2598 3213 gunt:
2660 3130 2903 3195 Anima
2962 3150 3129 3213 quae
3189 3128 3432 3212 aliquid
3491 3128 3722 3195 fecerit
3778 3149 3978 3194 manu
4039 3129 4339 3213 superba,

2397 3215 2792 3280 contumelia
2849 3217 3065 3281 Deum
3126 3215 3373 3294 affecit,
3432 3214 3709 3298 ideoque
3763 3215 4339 3280 exterminabitur:

2396 3302 2495 3366 ita
2550 3312 2770 3366 esseut
2828 3302 2995 3367 duae
3036 3302 3530 3386 propositiones.
3621 3302 3756 3366 Nos
3810 3301 4141 3366 diversam
4191 3323 4339 3367 sen-

2398 3387 2668 3452 tentiam
2715 3390 2971 3471 sequuti
3016 3409 3263 3466 sumus,
3308 3408 3440 3452 uno
3464 3394 3781 3453 contextu
3806 3387 4127 3472 leg-entes:
4175 3388 4340 3453 Ani-

2397 3494 2505 3537 ma
2549 3493 2715 3557 quae
2758 3493 3030 3538 manum
3054 3475 3404 3556 superbam
3427 3473 3742 3538 extulerit
3783 3472 4342 3540 incontumeliam

2397 3559 2541 3637 Dei,
2588 3558 3164 3625 exterminabitur:
3220 3559 3303 3625 ad
3360 3560 3639 3624 verbum
3696 3567 3826 3626 est:
3887 3558 4129 3623 Anima
4174 3580 4339 3642 quae

2394 3645 2621 3710 fecerit
2663 3645 2734 3709 in
2783 3667 2983 3710 manu
3028 3645 3318 3726 excelsa,
3377 3667 3461 3709 ex
3523 3645 3835 3730 indigena
3893 3655 3958 3710 et
4008 3665 4091 3709 ex
4149 3665 4338 3730 pere·

2393 3731 2605 3815 grin0,
2651 3731 2967 3797 Iehovam
3013 3731 3153 3816 ipse
3198 3730 3678 3815 blasphemans,
3721 3739 3789 3796 et
3832 3730 4154 3797 evelletur
4197 3732 4339 3797 ani-

2392 3839 2501 3881 ma
2543 3817 2659 3881 illa
2702 3837 2739 3883 e
2784 3817 2997 3883 medio
3041 3817 3260 3901 populi
3306 3816 3428 3882 sui.
3508 3814 3639 3882 Sed
3683 3817 3838 3900 quia
3871 3826 4152 3901 utraque
4189 3838 4336 3882 ver—

2392 3903 2489 3969 sio
2533 3903 2888 3986 probabilis
2931 3911 3051 3983 est,
3093 3924 3215 3969 nec
3270 3902 3622 3987 quidquam
3682 3911 3896 3968 mutat
3950 3904 4020 3968 in
4078 3924 4340 3969 summa

2391 3989 2508 4069 rei,
2558 3989 2757 4055 libere
2802 3989 2964 4054 mihi
3010 3990 3278 4072 permisi
3323 3989 3565 4074 eligere
3601 3987 3771 4072 quod
3793 4009 4060 4053 sensum
4096 3988 4339 4056 clarius

2391 4075 2780 4158 explicabat.
2870 4075 3112 4141 Porro:
3168 4075 3417 4141 Facere
3460 4074 3531 4139 in
3578 4095 3778 4139 manu
3822 4073 4110 4155 excelsa,
4168 4074 4337 4140 nihil

2393 4161 2572 4226 aliud
2617 4171 2717 4226 est
2760 4182 2954 4245 quam
3001 4170 3255 4227 tentare
3299 4162 3405 4227 vel
3465 4160 3735 4246 aggredi
3791 4181 3909 4243 per
3962 4160 4334 4244 superbiam

2391 4247 2562 4332 quod
2626 4249 2723 4313 fas
2779 4269 2909 4313 non
2969 4258 3087 4314 est.
3177 4247 3352 4313 Nam
3414 4268 3648 4312 manus
3706 4258 3968 4312 nostras
4024 4247 4337 4313 convenit

2391 4335 2531 4418 regi
2576 4334 2702 4399 Dei
2748 4332 2978 4409 verbe,
3035 4343 3103 4399 et
3162 4336 3345 4417 quasi
3405 4332 3721 4410 fraenari,
3769 4354 3853 4397 ue
3898 4353 3969 4398 80
4012 4333 4332 4398 attollant.

2391 4420 2538 4486 Etsi
2605 4430 2826 4487 autem
2887 4421 3186 4503 pluribus
3244 4419 3454 4484 modis
3510 4419 3861 4483 lasciviunt
3924 4419 3995 4483 in
4062 4417 4336 4486 audacia

2392 4506 2737 4571 hominum
2784 4527 3037 4584 manus,
3082 4506 3384 4591 specialis
3424 4517 3640 4569 tamen
3685 4504 3793 4569 hic
3852 4525 4067 4570 sermo
4112 4514 4212 4569 est
4256 4505 4337 4571 de

2391 4592 2847 4676 profanatione
2893 4593 3034 4658 veri
3076 4614 3151 4659 ac
3174 4592 3453 4677 legitimi
3497 4590 3712 4657 cultus
3735 4588 3887 4670 Dei,
3936 4591 4048 4657 ubi
4091 4599 4335 4657 temere

2393 4678 2638 4761 aliquid
2684 4679 3094 4764 excogitatur
3138 4677 3221 4744 ab
3262 4679 3404 4742 eius
3458 4678 3745 4759 puritate
3805 4676 4113 4742 alienum.
4204 4677 4332 4742 Ne·

2392 4786 2517 4848 que
2563 4766 2739 4830 enim
2786 4765 2887 4831 vel
2936 4766 3147 4842 furtis,
3196 4764 3295 4828 vel
3342 4761 3662 4841 caedibus,
3709 4760 3814 4827 vel
3873 4762 4018 4827 aliis
4074 4762 4333 4829 sceleri-

2392 4851 2515 4916 bus
2557 4871 2767 4935 poena
2810 4852 3151 4916 statuitur:
3194 4849 3309 4916 sed
3356 4850 3682 4932 perversis
3742 4849 4108 4932 figmentis,
4168 4869 4333 4931 quae

2391 4936 2474 5001 ad
2540 4938 2849 5019 pietatem
2918 4933 3276 5001 vitiandam
3333 4943 3651 5017 spectant.
3770 4933 4009 4999 Postea
4072 4933 4335 4998 additur

2390 5023 2579 5099 ratio,
2626 5022 2800 5103 quod
2844 5019 3258 5105 vilipenderit
3312 5040 3680 5085 sermonem
3727 5019 4045 5097 Iehovae,
4103 5029 4170 5082 et
4213 5039 4332 5102 pro

2392 5106 2601 5172 nihilo
2645 5107 2911 5173 duxerit
2953 5109 3091 5173 eius
3136 5114 3574 5190 praeceptum.
3663 5104 3893 5187 Neque
3952 5105 4128 5168 enim
4184 5105 4332 5169 leve

2393 5192 2700 5259 delictum
2744 5201 2874 5274 est,
2918 5194 3081 5258 fines
3139 5214 3179 5258 a
3222 5191 3366 5258 Deo
3417 5191 3659 5274 positos
3710 5188 4100 5273 transgredi.
4188 5189 4332 5254 Iam

2392 5289 2643 5345 certum
2695 5289 2796 5343 est
2852 5279 3117 5345 fictitios
3175 5298 3402 5342 omnes
3462 5277 3675 5342 cultus
3730 5274 4003 5360 prodere
4055 5276 4331 5358 impium

2393 5375 2836 5450 contemptum
2885 5385 2960 5430 ac
3020 5365 3076 5430 81
3120 5364 3418 5430 homines
3464 5385 3547 5428 ex
3592 5363 3881 5447 professo
3927 5362 4145 5427 Deum
4182 5361 4332 5428 vili-
