4867 6150
396 468 518 534 317

394 658 764 722 immundus
797 662 918 723 est:
956 677 1239 724 seorsum
1270 657 1605 724 habitabit.-
1646 663 1827 743 extra
1861 662 2070 723 castra
2104 657 2350 724 mansio

393 744 532 808 eius
565 744 700 808 em't.
768 742 873 809 47.
922 742 1000 808 Si
1030 745 1099 808 in
1144 748 1307 808 veste
1345 744 1542 825 fuerit
1572 745 1775 828 plaqa
1811 744 2040 826 leprae,
2084 744 2155 806 in
2186 748 2350 808 veste

392 829 597 905 lanea,
643 836 756 894 aut
797 832 867 895 in
909 834 1071 895 veste
1114 829 1297 909 linea,
1363 830 1467 895 48.
1514 831 1651 895 Aut
1692 831 1763 895 in
1806 833 2089 905 stamine,
2135 834 2245 893 aut
2278 830 2349 894 in

391 914 772 997 sabteqmine
815 935 893 979 ea:
938 916 1081 994 lino,
1127 921 1240 981 aut
1280 936 1357 981 esc
1400 916 1554 981 lana
1571 967 1589 995 ,
1634 921 1747 981 aut
1787 918 1857 980 in
1885 916 2083 997 pelle,
2131 919 2244 980 aut
2275 916 2347 979 in

391 1001 619 1083 quovis
652 1021 833 1082 opere
862 1001 1140 1082 pelliceo,
1203 1000 1308 1067 49.
1355 1001 1444 1066 Et
1480 1002 1682 1085 fuerit
1708 1003 1912 1085 playa
1954 1001 2072 1067 illa
2113 1001 2348 1066 viridis

391 1092 503 1152 md
545 1088 700 1167 rufa
743 1090 814 1152 in
855 1093 1019 1153 veste
1034 1136 1049 1166 ,
1094 1093 1208 1152 aut
1252 1089 1325 1154 in
1367 1089 1633 1153 stamine
1646 1137 1661 1167 ,
1705 1087 1800 1153 vel
1843 1089 1909 1151 in
1950 1086 2345 1169 subteqmine,

389 1172 487 1237 vel
518 1173 590 1237 in
623 1173 844 1254 quovis
876 1193 1055 1256 opere
1079 1173 1348 1257 pelliceo,
1377 1175 1575 1257 playa
1610 1173 1821 1254 leprae
1854 1176 1959 1250 est,
1997 1174 2345 1239 ostendetur

389 1259 710 1324 sacerdoti.
767 1258 871 1324 50.
911 1258 1004 1324 Et
1030 1261 1316 1341 inspiciet
1335 1261 1624 1325 sacerdos
1642 1260 1924 1344 plaqam,
1957 1258 2346 1341 includetque

379 1344 645 1427 playam
701 1345 880 1410 illam
943 1350 1171 1426 septem
1239 1345 1476 1412 diebus.
1581 1344 1685 1411 51.
1762 1345 1991 1410 Postea
2055 1345 2345 1427 inspiciet

383 1430 646 1514 playam
687 1430 869 1496 illam
909 1432 1013 1496 die
1053 1431 1352 1513 septimo:
1404 1433 1467 1497 si
1521 1432 1781 1497 creverit
1823 1431 2026 1515 playa
2074 1430 2190 1495 illa
2224 1451 2345 1512 per

389 1523 646 1596 vestem,
702 1516 797 1581 vel
843 1537 964 1599 per
1004 1516 1377 1599 subtemen,
1435 1517 1532 1584 vel
1572 1516 1801 1598 pellem
1839 1520 1912 1581 iu
1954 1517 2123 1582 omni
2164 1535 2343 1598 opere

379 1603 637 1686 pelliceo
652 1654 668 1680 ‚
720 1601 895 1683 lepra
950 1603 1329 1668 corrodentis
1375 1603 1610 1687 plaqae
1664 1608 1780 1680 est,
1848 1602 2177 1668 immunda
2232 1607 2341 1667 est.

390 1690 494 1756 52.
544 1687 984 1770 Gomburetque
1023 1694 1267 1768 vestem
1312 1689 1407 1754 vel
1447 1693 1702 1768 stamen,
1746 1686 1847 1754 vel
1885 1689 2230 1772 subteqmen
2263 1707 2341 1752 ex

390 1777 568 1853 lana,
622 1774 718 1839 vel
760 1794 838 1839 ex
879 1775 1043 1853 lino,
1101 1775 1193 1839 vel
1235 1775 1495 1856 quodvis
1547 1796 1706 1858 opus
1735 1773 2065 1856 pelliceum
2107 1775 2179 1840 in
2219 1793 2340 1855 quo

386 1861 579 1944 fuerit
610 1860 814 1943 playa
855 1859 1002 1926 illa.-
1047 1862 1202 1942 quia
1244 1862 1422 1942 lepra
1466 1861 1803 1926 corrodens
1846 1866 1954 1939 est,
1997 1861 2137 1944 iqui
2178 1880 2336 1926 com·

389 1947 657 2012 buretur.
748 1946 851 2012 53.
905 1946 1083 2028 Quod
1123 1948 1184 2012 si
1200 1998 1214 2024 ,
1267 1946 1378 2011 ubi
1433 1948 1779 2028 inspexerit
1832 1947 2152 2024 sacerdos,
2211 1964 2339 2011 ecce

387 2054 509 2099 non
553 2034 811 2098 creverit
838 2031 1041 2116 playa
1085 2032 1203 2098 illa
1245 2033 1314 2097 in
1356 2038 1534 2110 veste,
1579 2032 1671 2097 vel
1699 2034 1774 2124 jin
1807 2034 2093 2110 stamine,
2138 2032 2231 2097 vel
2265 2032 2337 2096 in

388 2117 760 2202 subteqmine
774 2169 790 2198 ,
854 2119 951 2185 vel
1006 2120 1077 2183 in
1130 2120 1352 2202 quovis
1408 2139 1585 2200 opere
1629 2118 1906 2199 pelliceo,
1994 2118 2096 2183 54.
2162 2118 2339 2183 Tunc

387 2397 532 2442 vero
573 2377 862 2442 sacerdos
877 2426 892 2455 ,
938 2380 1275 2457 postquam
1318 2378 1512 2443 lotum
1551 2376 1747 2458 fuerit
1763 2426 1777 2454 ,
1813 2378 2080 2460 playam
2121 2377 2336 2442 illam:

389 2467 475 2538 et,
534 2463 595 2527 si
633 2482 757 2527 non
798 2464 1176 2527 mutuaverit
1220 2462 1422 2546 playa
1481 2462 1597 2527 illa
1653 2462 1906 2527 colorem
1960 2482 2175 2539 suum,
2228 2480 2338 2526 nec

378 2547 579 2632 playa
644 2549 928 2626 creverit,
996 2549 1325 2613 immunda
1382 2554 1501 2628 est,
1567 2549 1706 2631 iqui
1760 2548 2076 2613 combures
2137 2548 2336 2612 illud.-

387 2635 655 2701 corrosio
697 2638 788 2700 est
827 2635 898 2698 in
930 2634 1185 2700 calvitio
1220 2636 1359 2699 eius
1389 2634 1485 2699 vel
1525 2635 1597 2699 in
1624 2639 1817 2715 parte
1858 2636 1996 2699 eius
2038 2633 2331 2716 depilata.

388 2719 492 2786 56.
545 2720 720 2801 Quod
753 2721 814 2784 si
847 2720 998 2785 dum
1040 2720 1384 2801 inspexerit
1425 2722 1732 2799 sacerdos,
1782 2739 1924 2800 ecce,
1960 2719 2333 2785 subobscura

382 2807 582 2890 fuerit
608 2806 813 2889 playa
848 2811 1182 2888 postquam
1225 2805 1347 2872 lota
1385 2808 1529 2889 fuit,
1573 2806 1883 2872 abscindet
1915 2826 2055 2872 eam
2087 2827 2120 2872 e
2156 2811 2334 2883 veste,

385 2893 482 2994 vel
520 2913 554 2957 e
582 2892 765 2974 pelle,
808 2892 903 2956 vel
944 2913 978 2957 e
1015 2893 1298 2990 stamine,
1316 2892 1438 2992 ‚vel
1471 2912 1504 2957 e
1545 2891 1936 2992 subteqmine.
2003 2892 2106 2991 57:
2160 2892 2335 2974 Quod

489 2977 1259 3148 msam&
1281 2977 1757 3147 gezem
1797 2975 2336 3148 emm

383 3152 748 3235 yerminans
781 3155 885 3227 est,
930 3172 1068 3234 aym
1101 3149 1415 3227 combures
1446 3151 1611 3217 illud
1644 3152 1716 3216 in
1750 3172 1869 3232 quo
1906 3152 2104 3234 fuerit
2133 3149 2333 3234 playa

386 3237 521 3302 illa.
612 3235 714 3302 58.
777 3235 979 3302 Vestis
1021 3242 1254 3316 autem,
1297 3238 1432 3303 sive
1472 3241 1739 3315 stamen,
1791 3239 1925 3302 sive
1965 3236 2331 3321 subteymen,

388 3329 503 3388 aut
543 3323 806 3404 quodvis
845 3343 1005 3404 opus
1033 3322 1362 3403 pelliceum
1404 3323 1569 3405 quod
1612 3321 1845 3388 laveris
1858 3373 1874 3403 ‚
1917 3324 1978 3389 si
2017 3323 2335 3389 recesserit

388 3410 468 3474 ab
516 3411 610 3474 eis
663 3408 862 3492 playa
878 3458 894 3486 ,
962 3409 1279 3474 lavabitur
1344 3410 1609 3476 secundo
1623 3459 1638 3488 ,
1705 3413 1762 3474 et
1821 3411 2130 3475 muudum
2191 3408 2331 3473 erit.

387 3494 490 3562 59.
537 3494 714 3561 Haec
756 3501 847 3559 est
887 3495 988 3560 lex
1028 3494 1238 3576 leprae
1279 3496 1622 3560 vestimenti
1663 3494 1851 3572 lanei,
1894 3496 1991 3560 vel
2025 3495 2196 3570 linei,
2239 3493 2335 3559 vel

386 3582 703 3660 staminis,
746 3581 841 3645 vel
883 3579 1321 3665 subteqminis,
1365 3582 1461 3647 vel
1499 3581 1780 3647 cuiusvis
1818 3582 2028 3666 operis
2058 3581 2332 3664 pellicei,

388 3668 476 3735 ad
516 3667 930 3734 iudicandum
970 3666 1137 3733 illud
1177 3666 1482 3733 mundum
1520 3668 1620 3734 vel
1660 3668 2073 3734 immundum.

562 3839 762 3904 Deut.
826 3838 930 3919 24,
992 3839 1049 3904 8.
1125 3838 1399 3905 Observa
1462 3840 1534 3904 in
1580 3839 1782 3922 playa
1847 3838 2073 3921 leprae.
2180 3837 2332 3905 Soio

389 3934 787 4010 quantopere
828 3926 1005 3990 inter
1040 3945 1111 3990 se
1148 3924 1533 3992 dissentiant
1575 3927 1993 4010 interpretes,
2032 3935 2101 3990 et
2134 3946 2330 4009 quam

393 4013 576 4079 varie
636 4020 985 4095 torqueant
1042 4010 1357 4094 quidquid
1425 4011 1504 4076 de
1568 4010 1752 4094 lepra
1809 4012 2035 4078 scribit
2091 4012 2331 4077 Moses.

391 4098 681 4181 Quidam
747 4096 1077 4183 allegoriis
1143 4096 1341 4162 nimis
1397 4096 1631 4180 cupide
1688 4108 1845 4162 sunt
1895 4096 2165 4162 addicti:
2222 4097 2334 4162 alii

393 4181 611 4250 D'eum
658 4184 1076 4263 existimant,
1121 4193 1430 4267 tanquam
1477 4181 1823 4267 providum
1866 4182 2332 4268 legislatorem,

392 4269 652 4336 salubre
709 4269 964 4335 dedisse
1007 4267 1421 4348 mandatum,
1481 4290 1566 4333 ne
1610 4270 1874 4340 morbus
1917 4270 2335 4354 contagiosus

393 4359 465 4422 in
507 4356 744 4440 populo
787 4363 1099 4439 serperet.
1189 4354 1375 4436 Quae
1429 4355 1647 4437 opinio
1704 4356 1901 4421 nimis
1958 4364 2059 4420 est
2110 4356 2334 4434 diluta,

392 4452 465 4507 et
506 4462 708 4527 prope
751 4440 1049 4525 insipida,
1090 4451 1156 4506 et
1198 4442 1487 4507 breviter
1522 4464 1562 4506 a
1594 4441 1782 4506 Mose
1817 4442 1959 4525 ipso
1994 4441 2336 4520 refellitur,

393 4539 532 4594 tam
576 4528 692 4594 ubi
735 4528 988 4593 Mariae
1032 4526 1412 4611 exemplum
1456 4538 1939 4606 commemorat,
1986 4548 2179 4610 quam
2222 4525 2336 4593 ubi

392 4634 656 4682 causam
702 4614 994 4696 assignat
1034 4634 1152 4679 cur
1193 4614 1340 4679 eiici
1384 4611 1695 4692 debeant,
1754 4635 1840 4678 ne
1891 4613 2141 4679 scilicet
2184 4635 2335 4680 con-

392 4701 724 4766 taminent
765 4711 979 4765 castra
1034 4701 1101 4764 in
1163 4697 1397 4782 quibus
1455 4698 1710 4764 habitat
1768 4701 1982 4765 Deus:
2046 4699 2126 4764 ad
2173 4699 2338 4765 haec

393 4785 506 4853 ubi
550 4786 953 4852 seminifluos
997 4797 1064 4850 et
1106 4785 1386 4869 pollutos
1427 4807 1626 4869 super
1665 4796 1926 4850 mortuo
1983 4786 2050 4849 in
2109 4785 2335 4851 eodem

392 4871 606 4958 gradu
663 4884 903 4939 censet.
994 4870 1217 4952 Quare
1272 4885 1621 4955 antequam
1679 4873 1945 4955 plenam
2005 4871 2337 4938 tractatio-

393 4978 548 5025 nem
593 4958 1017 5043 aggrederer,
1066 4959 1283 5024 visum
1328 4966 1460 5038 est,
1506 4960 1694 5040 quasi
1739 4959 1951 5023 instar
1994 4957 2338 5041 praefatio-

394 5048 532 5121 nis,
593 5044 754 5109 duos
798 5045 972 5110 locos
1015 5044 1340 5127 proferre,
1394 5065 1474 5108 ex
1522 5044 1762 5128 quibus
1807 5043 2041 5109 melius
2085 5053 2341 5128 pateret

394 5131 526 5196 Dei
569 5130 933 5196 consilium.
1009 5130 1188 5195 Dum
1232 5131 1304 5194 in
1350 5128 2101 5196 Deuteronomio.iubet
2136 5151 2336 5214 popu-

393 5216 538 5282 lum
582 5215 807 5283 sedulo
852 5226 1178 5281 attentum
1224 5237 1365 5282 esse
1407 5238 1605 5300 super
1647 5217 1845 5302 plaga
1886 5217 2143 5300 leprae,
2204 5238 2336 5281 non

395 5302 665 5369 dubium
710 5312 814 5368 cst
854 5302 1013 5385 quin
1059 5302 1185 5367 hoc
1227 5303 1420 5367 modo
1477 5303 1732 5368 sanciat
1784 5304 1957 5386 quod
2016 5302 2338 5385 prolixius

389 5399 550 5456 ante
570 5388 927 5454 tradiderat
950 5389 1018 5453 in
1042 5387 1361 5454 LeviticO.
1409 5390 1508 5454 Ac
1531 5389 1741 5472 primo
1777 5388 1988 5454 defert
2023 5389 2334 5455 iudicium

1865 468 2243 536 PRIMUM
2290 465 2941 534 PRAEOEPTUM.

4282 469 4409 535 318

2453 655 2920 738 sacerdotibus,
2988 662 3064 720 ut
3105 655 3274 738 quod
3318 654 3902 738 pronunciaverint
3941 666 4159 722 ratum
4203 659 4291 723 sit
4333 679 4409 725 ac

2450 744 2755 811 firmum:
2815 740 3052 807 deinde
3117 741 3481 808 sacerdotes
3524 743 3732 825 ipsos:
3793 763 3878 809 ne
3935 751 4180 808 temere
4236 744 4408 828 quod

2450 827 2712 894 libitum
2773 827 2974 893 fuerit
3031 828 3504 911 pronuncient,
3579 829 3962 912 simpliciter
4017 830 4201 913 sequi
4261 831 4410 896 vult

2449 913 2618 998 quod
2664 914 2797 981 illis
2840 914 3245 997 praescribit,
3309 925 3385 979 ut
3430 926 3691 979 tantum
3735 916 4019 980 ministri
4066 916 4230 993 sint,
4304 917 4406 981 vel

2448 1021 2834 1083 praecones,
2901 1001 3041 1082 ipse
3100 1012 3319 1065 autem
3364 999 3574 1082 quoad
3619 1022 3944 1066 summam
3991 1002 4407 1067 autoritatem

2449 1086 2685 1151 unicus
2748 1084 2835 1152 sit
2896 1085 3115 1152 iudex.
3206 1086 3458 1169 Legem
3525 1108 3719 1170 quam
3780 1088 3997 1170 posuit
4062 1090 4410 1154 confirmat

2450 1172 2772 1257 singulari
2818 1170 3149 1254 exemplo:
3197 1172 3347 1256 quia
3389 1172 3530 1255 ipse
3568 1172 3851 1238 Mariam
3886 1194 4176 1239 sororem
4201 1173 4406 1240 Mosis

2446 1258 2711 1323 eiecerit
2752 1256 2834 1321 ad
2879 1266 3174 1341 tempus,
3236 1279 3320 1322 ne
3364 1259 3505 1324 eius
3549 1259 4030 1337 immundities,
4090 1258 4406 1343 quamdiu

2444 1343 2703 1428 leprosa
2746 1350 2909 1422 erat,
2955 1353 3170 1409 castra
3214 1342 3551 1427 pollueret.
3597 1345 3768 1410 Nam
3805 1344 3980 1428 quod
4015 1346 4404 1429 quibusdam

2447 1429 2713 1495 videtur
2757 1428 3068 1513 populum
3111 1429 3393 1510 hortari,
3453 1452 3537 1495 ne
3579 1432 3910 1513 peccando
3946 1433 4196 1497 malum
4240 1430 4404 1496 illud

2445 1516 2569 1579 sibi
2614 1525 2927 1591 accersat,
2971 1515 3142 1580 sicut
3184 1516 3424 1582 fecerat
3470 1516 3705 1594 Maria,
3767 1516 4055 1583 alienum
4100 1529 4219 1583 est.
4310 1518 4402 1582 Il·

2444 1600 2559 1667 lud
2618 1612 2838 1666 autem
2893 1601 3066 1685 quod
3125 1600 3262 1667 dixi
3322 1602 3566 1687 optime
3625 1603 3802 1684 fluit,
3871 1604 4218 1685 imperium
4275 1604 4404 1683 Dei

2444 1686 2618 1770 quod
2678 1688 2958 1753 Mariam
3017 1687 3349 1769 prohibuit
3407 1709 3444 1752 e
3502 1690 3768 1768 castris,
3828 1699 4184 1772 perpetuae
4239 1689 4404 1773 legis

2445 1775 2577 1839 vim
2621 1771 2865 1838 habere
2909 1781 2976 1838 et
3018 1774 3305 1856 pondus,
3364 1776 3516 1857 quia
3560 1785 3722 1840 tunc
3766 1775 4189 1859 praescripsit
4246 1773 4402 1859 quid

2442 1879 2703 1943 semper
2745 1860 2887 1924 fieri
2931 1859 3152 1924 vellet.

2612 1944 2884 2010 Numer.
2932 1944 2993 2025 5,
3037 1946 3097 2010 2.
3169 1944 3479 2026 Praecipe
3516 1945 3679 2027 filiis
3722 1946 3936 2011 Israel
3967 1951 4037 2011 ut
4081 1948 4339 2012 eiiciam
4369 1968 4404 2014 e

2440 2032 2687 2096 castris.
2733 2030 2929 2096 Olare
2976 2031 3262 2097 ostendit
3297 2030 3405 2097 hic
3450 2032 3628 2098 locus
3653 2032 3869 2096 Deum
3908 2033 4182 2098 minime
4216 2034 4403 2100 func·

2441 2127 2583 2182 tum
2619 2138 2763 2182 esse
2800 2116 3035 2182 medici
3071 2117 3305 2195 officio,
3342 2127 3417 2183 ut
3450 2118 3721 2183 sanitati
3756 2116 3980 2202 populi
4005 2117 4400 2200 consuleret,

2441 2202 2597 2267 dum
2622 2202 2838 2268 voluit
2857 2202 3150 2287 leprosos
3185 2225 3222 2268 e
3257 2205 3488 2269 castris
3534 2205 3770 2270 arceri:
3815 2205 3926 2269 sed
3966 2205 4090 2270 hoc
4125 2213 4401 2270 externo

2440 2289 2575 2353 ritu
2640 2298 2708 2353 et
2771 2291 3179 2356 caeremonia
3244 2290 3555 2373 populum
3622 2292 3990 2356 exercuisse
4056 2292 4122 2355 in
4180 2291 4401 2356 studio

2438 2374 2779 2459 puritatis,
2859 2376 3012 2458 quia
3076 2376 3351 2458 leprosis
3417 2376 3822 2441 seminifluos
3886 2387 3953 2441 et
4023 2376 4401 2442 immundos

2440 2481 2637 2543 super
2693 2461 2915 2526 anima
2972 2462 3416 2546 coniungens,
3490 2462 3872 2545 simpliciter
3935 2462 4249 2546 populum
4316 2463 4397 2529 ab

2439 2548 2615 2612 omni
2676 2545 3097 2612 immunditia
3152 2556 3476 2613 remotum
3523 2569 3665 2614 esse
3710 2547 3909 2613 iubet.
3997 2548 4185 2613 Idem
4244 2570 4396 2616 con-

2440 2634 2661 2698 firmat
2702 2653 2868 2714 quae
2926 2655 2995 2699 se
3041 2634 3224 2699 uitur
3282 2634 3483 2699 ratio:
3542 2634 3644 2699 Ne
3700 2644 3918 2700 castra
3971 2634 4271 2718 polluant
4325 2635 4397 2699 in

2442 2720 2677 2801 quibus
2719 2717 2974 2783 habitat
3078 2742 3211 2785 eus.
3280 2718 3564 2785 Perinde
3607 2729 3830 2786 autem
3875 2730 3976 2786 est
4018 2741 4095 2787 ac
4130 2720 4187 2787 si
4225 2720 4398 2787 dice-

2437 2813 2562 2883 ret,
2600 2806 2822 2870 omnia
2857 2803 3184 2870 domicilia
3206 2805 3396 2871 electi
3434 2806 3680 2889 populi,
3717 2807 4074 2873 sanctuarii
4110 2807 4214 2872 sui
4252 2827 4396 2872 esse

2441 2899 2692 2973 partes,
2746 2911 2910 2973 quas
2967 2888 3314 2974 iudignum
3374 2892 3463 2957 sit
3521 2891 3652 2957 ullo
3709 2893 4207 2976 inquinamento
4261 2894 4396 2957 foe-

2439 2975 2602 3041 dari.
2693 2973 2953 3042 Scimus
2996 2978 3175 3042 enim
3219 2996 3413 3060 quam
3460 2977 3793 3051 licentiose
3827 2975 3958 3043 Dei
4000 2979 4252 3044 cultum
4295 2977 4398 3044 vi-

2439 3062 2610 3129 tiare
2664 3062 2787 3129 sibi
2846 3064 3234 3146 permittant
3291 3063 3620 3145 homines,
3687 3063 3844 3129 dum
3889 3084 4076 3130 sacra
4118 3065 4395 3130 miscent

2437 3147 2732 3234 profanis
2777 3149 3324 3232 quemadmodum
3372 3149 3573 3236 vulgo
3615 3149 3873 3217 dicitur.
3938 3149 4171 3233 Itaque
4216 3149 4394 3216 vide·

2437 3256 2585 3301 mus
2628 3248 2702 3300 ut
2765 3234 3031 3319 pessimi
3077 3236 3319 3319 quique
3362 3256 3434 3301 se
3477 3258 3606 3301 non
3651 3236 3918 3301 ultimos
3962 3257 4105 3303 esse
4147 3237 4396 3301 iactent

2437 3322 2612 3386 inter
2676 3321 2806 3387 Dei
2868 3321 3171 3399 cultores,
3241 3342 3362 3387 nec
3428 3320 3735 3388 dubitent
3799 3344 4037 3388 manus
4112 3323 4394 3406 pollutas

2437 3408 2774 3491 ingerere,
2843 3408 3268 3490 quantumvis
3334 3428 3562 3473 severe
3623 3408 3770 3474 illos
3837 3409 4136 3493 repudiet
4192 3409 4393 3475 Deus.

2438 3495 2618 3577 Ergo
2674 3493 2834 3559 utile
2887 3493 3015 3558 fuit
3062 3494 3183 3560 hoc
3226 3493 3471 3560 visibili
3515 3494 3905 3560 documento
3948 3505 4241 3561 veterem
4284 3515 4397 3578 po-

2437 3579 2667 3664 pulum
2705 3579 2974 3660 moneri,
3021 3600 3132 3646 eos
3168 3601 3397 3645 omnes
3433 3582 3545 3665 qui
3579 3580 3907 3665 inquinati
3953 3590 4130 3662 sunt,
4172 3580 4395 3646 Deum

2397 3687 2569 3760 ‘non
2631 3665 2758 3731 rite
2813 3665 3056 3747 colere,
3113 3668 3273 3750 quin
3330 3666 3548 3750 potius
3605 3668 3742 3733 suis
3786 3665 4085 3734 sordibus
4128 3668 4396 3732 inficere

2437 3750 2610 3835 quod
2654 3752 2891 3836 alioqui
2951 3765 3251 3818 sanctum
3297 3762 3429 3831 est,
3489 3752 3765 3836 ideoque
3821 3754 4085 3837 pietatis
4142 3753 4395 3819 exerci-

2438 3837 2548 3903 tiis
2593 3859 2931 3921 perperam
2981 3839 3191 3903 abuti:
3252 3836 3489 3904 deinde
3541 3861 3672 3903 non
3719 3838 3956 3905 debere
4000 3839 4263 3903 tolerari
4321 3838 4392 3903 in

2435 3933 2663 3990 sancto
2709 3933 2917 4002 coetu,
2961 3944 3046 3989 ne
3089 3924 3170 3989 ad
3216 3925 3378 3989 alios
3420 3926 3765 4007 perveniat
3808 3925 4128 4009 contagio,
4197 3924 4395 3990 Nunc

2437 4011 2722 4076 breviter
2755 4009 3204 4094 expendamus
3226 4009 3549 4076 decimum
3573 4011 3843 4076 tertium
3868 4020 4066 4094 caput
4088 4010 4393 4076 Levitici.

2608 4096 2828 4162 Levit.
2870 4097 2969 4174 13,
3016 4095 3078 4161 2.
3155 4096 3360 4161 Homo
3404 4117 3600 4178 quum
3638 4096 3837 4177 fuerit
3876 4099 3948 4162 in
3988 4102 4138 4162 cute.
4212 4094 4390 4176 Quo-

2438 4182 2613 4247 niam
2651 4202 2784 4248 non
2809 4182 3137 4265 quaelibet
3154 4181 3404 4249 scabies
3434 4182 3618 4267 lepra
3638 4193 3799 4262 erat,
3834 4204 3955 4249 nec
3977 4182 4395 4248 immundum

2437 4265 2748 4333 reddebat
2806 4269 3173 4347 hominem,
3219 4267 3406 4334 Deus
3447 4268 3759 4334 iudicium
3806 4267 4247 4335 sacerdotibus
4282 4266 4395 4331 de-

2441 4354 2676 4435 ferens,
2721 4355 2916 4420 certis
2965 4356 3138 4420 notis
3181 4353 3466 4420 scabiem
3511 4354 3853 4440 vulgarem
3914 4376 3954 4420 a
4011 4353 4197 4439 lepra
4256 4352 4387 4419 dis-

2437 4440 2650 4507 cernit
2693 4439 2927 4506 deinde
2972 4440 3274 4525 adiungit
3317 4440 3662 4507 discrimen
3710 4441 3886 4505 inter
3951 4439 4248 4506 diversas
4303 4440 4396 4506 le·

2440 4547 2596 4610 prae
2632 4527 2898 4609 species.
2947 4527 3096 4592 Non
3138 4527 3318 4592 enim
3355 4528 3569 4592 omnis
3602 4525 3788 4610 lepra
3823 4526 4208 4592 insanabilis
4248 4525 4399 4605 fuit,

2440 4612 2554 4678 sed
2599 4633 2802 4694 quum
2848 4615 3170 4697 sanguine
3213 4633 3481 4697 prorsus
3524 4614 3776 4692 vitiato,
3822 4613 3990 4678 cutis
4034 4613 4180 4696 ipsa
4213 4632 4395 4677 arro-

2440 4699 2622 4764 sione
2687 4697 3119 4776 obduruerat,
3176 4698 3284 4765 vel
3348 4698 3754 4764 intumuerat
3806 4720 3889 4763 ex
3956 4699 4390 4780 corruptione.

2445 4784 2592 4850 Hoc
2652 4784 2859 4867 igitur
2910 4786 3124 4868 primo
3190 4784 3335 4851 loco
3404 4783 3798 4864 notandum,
3866 4806 4104 4850 nomen
4176 4785 4396 4867 leprae

2442 4870 2717 4937 Graecis
2760 4880 2828 4936 et
2871 4871 3155 4949 Latinis,
3199 4881 3266 4935 et
3307 4891 3549 4936 nomen
3595 4883 3774 4947 nrm
3820 4868 4142 4935 Hebraeis
4194 4869 4394 4934 latius

2441 4967 2665 5040 patere
2701 4979 2894 5040 quam
2934 4957 3015 5022 ad
3039 4956 3344 5022 morbum
3379 4956 3841 5033 insanabilem,
3879 4958 4030 5039 quia
4064 4954 4395 5021 amedicis

2442 5053 2714 5109 vocatur
2774 5043 3273 5125 elephantiasis,
3322 5054 3460 5107 tam
3505 5042 3587 5107 ob
3631 5042 3941 5107 duritiem
3986 5042 4152 5108 cutis
4196 5061 4391 5124 quam

2442 5128 2523 5195 ob
2567 5129 2856 5195 colorum
2897 5131 3320 5195 varietatem:
3365 5150 3498 5195 non
3536 5130 3704 5212 quod
3744 5129 4006 5213 penitus
4041 5126 4395 5192 conveniat

2439 5214 2728 5281 densitas
2794 5216 2954 5281 corii
3018 5215 3086 5280 in
3147 5212 3412 5280 homine
3477 5225 3545 5281 et
3607 5215 3989 5299 elephante,
4056 5212 4171 5277 sed
4237 5212 4393 5294 quia

2439 5301 2705 5367 morbus
2724 5301 2837 5365 ille
2859 5302 2993 5367 cuti
3017 5311 3350 5383 stuporem
3394 5300 3665 5367 inducit.
3716 5299 3915 5385 Ψήρα
3930 5319 4094 5382 quae
4118 5296 4395 5363 Graecis

2442 5386 2711 5462 dicitur,
2775 5388 2899 5453 etsi
2972 5408 3143 5453 non,
3179 5394 3283 5452 est
3344 5385 3567 5471 leprae
3637 5386 3915 5470 species,
3981 5384 4390 5467 aliquantum
