4867 6150
587 433 715 501 247

587 622 743 689 edas
784 625 841 687 et
879 618 1221 697 satureris,
1278 623 1336 684 et
1375 617 1587 684 domos
1641 617 1923 717 eyreqias
1976 615 2292 698 aedifices,
2349 622 2533 698 atque

586 707 824 774 habites
863 707 937 771 in
968 706 1140 771 illis.-
1206 704 1304 770 13.
1350 699 1438 769 Ee
1478 703 1654 770 boves
1696 709 1795 768 tut
1836 722 2092 785 ovesque
2134 707 2279 768 tuae
2316 701 2532 767 multi·

577 794 915 877 plicantur,
979 795 1303 875 arpentum
1369 808 1607 871 quoquc
1673 795 1730 855 et
1792 809 2024 855 aarum
2087 786 2534 869 multiplicetur

586 878 735 944 tibi.-
768 897 943 944 omne
961 876 1228 960 inquam
1254 876 1417 959 quod
1438 874 1656 940 esttibi
1674 874 2146 957 multiplicetur:
2217 874 2317 938 14.
2373 873 2535 938 Tum

588 964 851 1031 elevetur
890 983 999 1030 cor
1038 967 1234 1041 taum,
1276 967 1333 1027 et
1373 960 1766 1027 obliviscaris
1809 959 2072 1026 lehovae
2095 959 2225 1025 Dei
2266 960 2377 1037 tui,
2421 958 2535 1040 qui

588 1050 802 1116 eduxit
842 1053 895 1114 te
934 1070 967 1114 e
1009 1053 1182 1114 terra
1224 1048 1512 1131 Aegypti,
1556 1067 1589 1113 e
1630 1047 1811 1113 domo
1852 1065 2186 1112 servorum.
2255 1045 2355 1110 15.
2408 1044 2535 1126 Qui

589 1135 845 1202 deduxit
889 1140 945 1200 te
975 1153 1099 1215 per
1137 1134 1452 1200 desertum
1491 1153 1788 1217 maynum
1828 1137 1884 1198 et
1925 1130 2198 1197 terribile
2230 1131 2535 1214 serpentis

591 1220 936 1299 adurentia
996 1223 1052 1284 et
1104 1218 1488 1302 scorpionis,
1546 1223 1628 1297 et·
1655 1218 1831 1295 sitite,
1898 1218 1969 1283 in
2019 1237 2138 1299 quo
2175 1218 2358 1283 nulla
2398 1221 2535 1283 erat

591 1327 793 1389 aqua.-
833 1305 944 1387 qui
986 1305 1203 1371 eduxit
1244 1305 1358 1369 tibi
1401 1324 1633 1386 aquam
1667 1325 1699 1369 e
1729 1309 1919 1386 petra
1950 1304 2170 1368 silicis.
2255 1303 2356 1368 16.
2409 1303 2534 1383 Qui

576 1392 766 1475 pavit
792 1396 850 1457 te
881 1411 1028 1456 man
1074 1390 1145 1455 in
1177 1391 1431 1469 deserto,
1473 1390 1637 1472 quod
1675 1410 1798 1455 uon
1838 1393 2133 1455 noverant
2158 1394 2383 1470 patres
2416 1388 2530 1467 tui,

587 1483 661 1543 ut
701 1478 1004 1561 affliyeret
1044 1481 1116 1556 te,
1158 1480 1214 1542 et
1243 1475 1542 1557 probaret
1598 1480 1653 1541 te
1667 1521 1685 1550 ,
1738 1480 1808 1541 ut
1861 1474 2237 1558 benefaceret
2288 1475 2403 1540 tibi
2459 1475 2531 1539 in

588 1562 924 1630 novissimo
965 1565 1088 1626 tuo.
1195 1561 1293 1627 17.
1355 1560 1434 1628 Ut
1483 1561 1661 1627 dicas
1714 1563 1785 1626 in
1836 1561 2015 1627 corde
2066 1565 2200 1641 tue,
2255 1560 2532 1642 potentia

588 1669 726 1715 mea
785 1654 842 1713 et
898 1647 1092 1713 robur
1153 1667 1383 1713 manus
1443 1666 1614 1713 meae
1657 1647 1925 1728 paravit
1986 1645 2147 1710 mihi
2201 1645 2321 1712 has
2368 1665 2527 1727 opes.

593 1735 694 1801 18.
759 1734 882 1800 Sed
933 1734 1288 1799 memineris
1342 1732 1604 1798 Iehovae
1656 1733 1785 1799 Dei
1836 1732 1949 1813 tui,
2014 1732 2169 1814 quia
2232 1733 2368 1815 ipse
2423 1732 2533 1796 dat

589 1820 705 1886 tibi
744 1819 1098 1903 facultatem
1132 1819 1219 1884 ad
1249 1819 1588 1902 parandas
1619 1838 1781 1901 epea,
1826 1823 1896 1883 ut
1938 1819 2244 1900 confirmet
2278 1822 2533 1899 paetum

588 1925 777 1973 suum
819 1905 985 1989 quod
1021 1905 1260 1971 iuravit
1277 1905 1577 1986 patribus
1618 1905 1762 1983 tuis,
1806 1905 1969 1970 sicut
2007 1904 2081 1969 in
2111 1903 2228 1969 hac
2268 1903 2389 1969 die.

755 2076 862 2147 .11.
912 2074 1074 2142 Cave
1113 2076 1228 2142 tibi
1268 2096 1362 2141 ne.
1458 2074 1674 2157 Quam
1723 2075 2089 2140 necessaria
2132 2073 2328 2140 fuerit
2371 2073 2533 2141 haec

587 2161 959 2241 admonitio,
1006 2182 1089 2226 ex
1125 2162 1452 2228 communi
1493 2161 1697 2225 totius
1731 2160 2007 2225 humani
2042 2160 2303 2244 generis
2349 2159 2530 2239 vitio,

580 2247 754 2333 quod
781 2249 1026 2331 passim
1072 2246 1285 2314 adhuc
1329 2246 1608 2311 nimium
1655 2254 2014 2330 grassatur,
2060 2247 2407 2310 aestimare
2453 2245 2530 2308 li-

582 2341 703 2400 cet.
774 2333 908 2398 Vix
951 2333 1122 2398 enim
1162 2332 1557 2398 centesimus
1592 2333 1862 2415 quisque
1899 2331 2264 2416 reperietur
2298 2332 2367 2394 in
2404 2352 2530 2413 quo

581 2420 894 2485 ferociam
941 2440 1071 2482 non
1117 2430 1385 2503 generet
1428 2418 1714 2483 satietas,
1801 2418 2000 2482 Dicet
2041 2427 2265 2500 postea
2309 2417 2531 2482 Moses

580 2506 654 2571 in
701 2504 951 2572 cantico
995 2502 1077 2568 de
1120 2504 1487 2586 pervicacia
1521 2504 1699 2568 illius
1734 2502 1986 2586 populi:
2036 2502 2346 2583 Dilectus,
2381 2501 2529 2584 pin-

584 2590 867 2676 guedine
910 2588 1229 2656 obductus
1272 2600 1337 2655 et
1382 2591 1719 2674 saginatus
1760 2589 2142 2655 calcitravit.
2246 2589 2528 2654 Necesse

582 2677 788 2760 igitur
842 2676 971 2740 fuit
1025 2676 1320 2741 fraenum
1375 2676 1553 2743 iniici
1619 2682 1755 2739 tam
1799 2676 2197 2741 refractariis
2240 2674 2528 2739 homini-

584 2761 707 2828 bus
749 2763 882 2827 imo
924 2761 1167 2827 arctius
1219 2760 1579 2846 constringi
1635 2781 1858 2826 eorum
1918 2760 2251 2827 lasciviam
2310 2761 2378 2823 in
2424 2781 2527 2825 re-

584 2847 708 2913 bus
752 2845 1099 2931 prosperis.
1191 2845 1325 2913 Sed
1370 2847 1450 2913 ad
1509 2867 1630 2912 nos
1671 2866 1922 2929 quoque
1966 2845 2240 2911 eandem
2287 2845 2527 2912 doctri-

587 2954 743 2998 nam
787 2932 1137 2998 ext-endere
1180 2933 1337 2999 licet
1379 2953 1454 2999 ac
1496 2932 1840 2999 convenit:
1899 2933 2052 3016 quia
2109 2951 2336 2997 omnes
2393 2930 2528 2996 fere

583 3019 869 3086 inebriat
931 3018 1243 3099 felicitas,
1311 3028 1385 3085 ut
1449 3025 1676 3085 contra
1741 3016 1951 3083 Deum
2015 3019 2531 3102 intemperanter

584 3105 955 3184 lasciviant,
1022 3106 1251 3189 suique
1307 3114 1373 3170 et
1457 3106 1634 3171 illius
1700 3104 2186 3170 obliviscantur.
2297 3104 2529 3186 Itaque

586 3192 811 3258 Moses
853 3212 984 3256 non
1014 3199 1269 3257 tantum
1309 3199 1486 3257 vetat
1508 3190 1841 3257 Israelitas
1875 3192 2169 3274 ingratos
2203 3211 2343 3255 esso
2369 3191 2531 3270 Dec,

588 3277 704 3343 sed
748 3275 1055 3342 admonet
1098 3286 1171 3341 ιιι
1213 3298 1283 3342 se
1328 3277 1697 3344 custodiant
1744 3274 1893 3363 (hoe
1936 3278 2109 3340 enim
2156 3274 2353 3341 verbo
2402 3276 2527 3340 uti-

591 3372 702 3428 tur
735 3383 853 3447 pro
889 3361 1148 3448 cavere)
1181 3361 1264 3427 ab
1304 3362 1508 3446 impia
1541 3362 1658 3428 illa
1693 3361 2187 3447 ingratitudine.
2237 3362 2530 3427 Alteram

589 3469 746 3514 mox
823 3448 1187 3515 custodiam
1259 3447 1557 3533 adiungit
1633 3468 1753 3532 pro
1828 3448 1995 3531 legis
2059 3447 2531 3513 observatione.

588 3534 776 3601 Haec
819 3545 1038 3599 tamen
1078 3554 1335 3599 summa
1376 3543 1494 3614 est,
1539 3553 1797 3600 summa
1840 3553 1995 3599 cura
2052 3542 2120 3597 et
2171 3533 2534 3598 attentione

590 3642 756 3705 opus
799 3639 942 3686 esse
992 3619 1075 3685 ad
1121 3618 1485 3685 cavendum
1532 3640 1615 3684 nc
1669 3620 1737 3684 in
1785 3618 1982 3684 rebus
2026 3617 2215 3683 laetis
2262 3618 2537 3701 obrepat

589 3706 719 3772 Dei
765 3704 1036 3770 oblivio:
1095 3712 1291 3788 atque
1347 3706 1441 3770 ita
1499 3725 1772 3771 excusso
1815 3705 1954 3769 eius
1999 3705 2249 3784 timore,
2310 3712 2378 3770 et
2420 3703 2533 3769 ab·

591 3792 760 3857 iecto
783 3790 947 3875 legis
969 3792 1141 3875 iugc,
1184 3790 1402 3856 carnis
1435 3812 1593 3856 suae
1621 3790 2085 3874 cupiditatibus
2127 3788 2531 3875 indulgeant.

592 3876 769 3943 Nam
833 3889 1090 3943 contem
1140 3884 1280 3941 tum
1346 3876 1512 3960 legis
1576 3875 1766 3943 docet
1835 3875 2326 3959 ingratitudinis
2399 3875 2532 3960 sig·

594 3984 754 4028 num
798 3962 969 4040 fore,
1016 3983 1172 4045 qma
1214 3961 1465 4029 scilicet
1504 3962 1648 4027 fieri
1704 3981 1839 4026 non
1897 3963 2104 4046 possit
2167 3963 2327 4045 quin
2389 3962 2533 4027 Deo

593 4070 668 4115 se
702 4048 1070 4125 subiiciunt,
1110 4048 1454 4132 legemque
1495 4047 1636 4113 eius
1679 4047 2044 4125 observent,
2092 4047 2150 4113 si
2192 4048 2385 4113 modo
2429 4068 2535 4112 re-

592 4142 832 4221 putent
871 4133 1009 4199 solo
1043 4135 1182 4199 eius
1225 4133 1539 4199 beneficio
1597 4154 1668 4198 se
1725 4132 1998 4199 feliciter
2040 4153 2251 4218 agere.
2340 4131 2535 4215 Quod

591 4219 893 4306 pluribus
948 4218 1169 4285 verbis
1225 4219 1439 4303 legem
1484 4216 1805 4304 designat,
1867 4218 2150 4285 diximus
2194 4219 2322 4285 iam
2379 4218 2537 4283 alibi

595 4306 679 4374 ad
758 4306 1081 4389 perfectae
1159 4305 1490 4371 doctrinae
1565 4304 2196 4370 commendationem
2282 4305 2536 4370 valere:

593 4413 670 4459 ac
714 4391 770 4457 si
813 4391 1074 4469 diceret,
1121 4390 1371 4456 nullam
1407 4397 1584 4457 recte
1630 4389 1894 4456 vivendi
1935 4400 2188 4475 partem
2213 4389 2345 4456 illic
2390 4411 2538 4456 esse

594 4477 924 4545 omissam.
1014 4476 1275 4543 Asserit
1340 4476 1538 4541 etiam
1596 4477 1719 4543 hoc
1773 4476 1914 4543 loco
1971 4475 2072 4564 (ut
2114 4497 2308 4561 saepe
2350 4475 2538 4563 alias)

595 4562 946 4629 ministerii
981 4562 1086 4628 sui
1122 4561 1339 4641 fidem,
1377 4582 1465 4627 ne
1499 4562 2040 4647 tergiversentur,
2065 4562 2222 4627 dum
2248 4562 2538 4627 hominis

594 4648 889 4716 mortalis
952 4647 1304 4731 imperium
1370 4646 1762 4725 detrectant,
1844 4669 1975 4713 non
2055 4670 2125 4714 se
2191 4657 2540 4731 propterea

594 4736 742 4802 Deo
786 4732 1063 4799 rebelles
1105 4754 1265 4800 esse.
1324 4733 1503 4817 Ergo
1549 4756 1680 4800 non
1726 4734 1919 4799 aliter
1960 4734 2273 4817 pietatem
2310 4755 2535 4799 eorum

595 4821 743 4974 Dbeo
799 4819 1189 4903 placituram
1248 4818 1407 4885 dicit
1463 4820 1589 4885 nisi
1646 4820 1859 4906 legem
1914 4840 1953 4884 a
2009 4841 2079 4886 se
2137 4821 2536 4903 propositam

595 4928 635 4974 o
680 4914 964 4972 servent.

775 4991 875 5057 12.
927 4990 1026 5056 Ne
1063 4990 1224 5073 forte
1262 4990 1545 5058 comedas
1578 4993 1634 5055 et
1672 4991 1998 5057 satureris.
2046 4991 2289 5058 Fusius
2325 4990 2537 5075 expli-

596 5088 702 5147 cat
745 5076 912 5162 quod
960 5096 1172 5158 nuper
1217 5075 1531 5141 vidimus:
1577 5076 1718 5142 fieri
1762 5076 2009 5144 scilicet
2049 5097 2238 5163 posse
2280 5086 2354 5143 ιιι
2396 5078 2538 5142 lon-

599 5165 784 5314 {iore
826 5163 1139 5246 temporis
1196 5170 1412 5228 tractu
1474 5181 1515 5226 a
1556 5160 1686 5226 Dei
1727 5163 1960 5228 timore
2005 5173 2070 5228 et
2113 5162 2329 5230 studio
2372 5163 2538 5247 legis

644 5250 923 5329 eliciant,
969 5269 1171 5332 eoque
1214 5247 1426 5332 magis
1471 5247 1837 5313 cavendum
1881 5270 1965 5315 ne
2001 5248 2312 5315 diuturna
2353 5250 2538 5333 quies

597 5344 666 5401 et
697 5335 944 5403 laetitia
978 5335 1216 5401 callum
1252 5334 1386 5399 illis
1407 5332 1704 5399 obducat.
1750 5333 1967 5400 Causa
1988 5345 2205 5400 autem
2230 5334 2534 5402 defectio-

2050 428 2581 495 PRAEFATIO
2625 429 2727 495 IN
2772 425 3121 494 LEGEM.

4431 425 4538 490 248

2635 616 2740 680 nis
2785 635 2979 699 quam
3039 613 3348 697 exprimit
3404 612 3756 697 diligenter
3798 612 4116 678 notanda:
4183 631 4410 694 nempe
4447 634 4541 678 su·

2633 702 2876 785 perbia,
2922 721 3051 784 qua
3094 699 3432 764 hominum
3481 700 3732 764 animos
3774 698 4006 764 inflare
4051 696 4266 764 solent
4301 697 4542 764 divitiae

2633 796 2700 852 et
2742 807 2915 870 opes.
3004 786 3258 850 Rarum
3305 784 3477 850 euim
3527 784 3884 850 modestiae
3928 783 4301 867 exemplum
4342 792 4437 849 est
4481 785 4543 851 in

2632 873 2805 939 laeta
2847 873 3123 952 fortuna,
3169 873 3326 954 quin
3371 871 3606 954 potius,
3652 871 3925 937 simulac
3974 891 4045 936 se
4078 871 4311 935 florere
4342 869 4545 937 vident

2634 958 2955 1036 homines,
3000 965 3263 1041 turgere
3301 955 3473 1022 fastu
3508 956 3858 1040 incipiunt:
3906 966 4102 1040 atque
4135 957 4230 1021 ita
4263 976 4438 1020 suam
4467 957 4543 1021 al-

2634 1044 2984 1110 titudinem
3030 1043 3356 1108 mirantnr
3412 1051 3487 1107 ut
3528 1043 3745 1108 Deum
3800 1063 4051 1127 quoque
4094 1042 4310 1125 ipsum
4356 1040 4546 1124 despi-

2633 1131 2826 1198 ciant.
2872 1129 3020 1194 Hac
3056 1128 3309 1193 ratione
3352 1137 3534 1193 vetat
3577 1127 3824 1193 Paulus
3866 1127 3953 1215 (1.
3999 1128 4167 1193 Tim.
4213 1127 4273 1204 6,
4322 1125 4424 1214 17)
4462 1128 4546 1192 di-

2633 1217 2802 1282 vites
2845 1215 3046 1280 huius
3088 1213 3331 1282 saeculi
3367 1213 3564 1278 nimis
3597 1213 3726 1278 alte
3760 1233 4006 1298 sapere,
4050 1213 4155 1279 vel
4199 1233 4456 1297 sperare
4486 1214 4548 1277 in

2631 1302 2820 1368 bonis
2875 1300 3161 1367 incertis.
3250 1299 3542 1366 Decebat
3594 1300 3889 1382 quidem,
3952 1320 4078 1383 quo
4133 1298 4474 1382 benignius
4515 1320 4551 1363 a

2633 1387 2776 1453 Deo
2800 1396 3176 1465 tractamur,
3258 1384 3532 1451 lacidius
3566 1406 3687 1451 nos
3723 1384 4104 1450 submittere
4133 1384 4278 1450 eius
4299 1385 4553 1468 imperio

2632 1473 2745 1538 sed
2797 1473 2924 1538 alio
2959 1470 3059 1559 (ιιι
3094 1407 3257 1559 άίκῧ
3292 1491 3414 1536 nos
3450 1472 3623 1554 rapit
3657 1486 3930 1537 naturae
3973 1471 4286 1554 pravitas,
4333 1480 4404 1535 ut
4440 1469 4550 1534 Dei

2633 1558 3059 1643 indulgentia,
3094 1578 3260 1640 quae
3296 1576 3416 1621 nos
3448 1558 3709 1623 flectere
3745 1557 3829 1622 ad
3864 1556 4431 1622 mansuetudinem
4456 1554 4553 1619 de-

2632 1645 2844 1724 bebat,
2881 1644 3362 1711 insolescamus.
3430 1641 3621 1724 Quod
3662 1642 3719 1708 si
3742 1664 3870 1708 non
3894 1644 4192 1726 protinus
4213 1643 4553 1724 contingat,

2633 1731 2741 1796 ubi
2766 1740 2983 1796 tamen
3008 1729 3319 1795 continuo
3340 1736 3565 1793 tenore
3606 1729 3753 1793 fluit
3795 1729 4212 1813 prosperitas,
4254 1727 4556 1812 paulatim

2631 1817 2909 1899 optimos
2951 1820 3708 1900 quosque'corrumpunt
3760 1814 4051 1896 delitiae,
4106 1822 4184 1878 ut
4226 1812 4481 1879 tandem
4521 1832 4557 1875 a

2634 1923 2703 1967 se
2744 1903 2903 1985 ipsis
2945 1901 3357 1985 degenerent.
3423 1900 3604 1984 Ergo
3648 1901 3701 1966 si
3743 1910 3995 1966 rectum
4040 1920 4304 1967 cursum
4352 1912 4558 1963 tenere

2632 1989 2964 2071 cupimus,
3018 1989 3089 2052 in
3144 1986 3268 2052 hoc
3325 1994 3459 2050 tam
3518 1986 3766 2051 exitiali
3811 1986 4156 2070 superbiae
4200 1984 4425 2051 morbo
4464 2004 4555 2048 sa-

2636 2073 2855 2139 nando
2877 2072 3040 2137 eniti
3062 2093 3181 2138 nos
3215 2080 3485 2156 oportet.
3533 2071 3790 2138 Deinde
3812 2074 3964 2155 quia
3988 2071 4275 2139 Satanae
4298 2070 4560 2135 artificio

2632 2158 2940 2225 continua
3004 2160 3399 2244 prosperitas
3464 2158 3600 2224 suis
3663 2158 3987 2225 illecebris
4045 2178 4164 2224 nos
4221 2156 4559 2232 demulcet,

2631 2244 2958 2312 discamus
3002 2266 3130 2310 non
3175 2265 3307 2310 uno
3350 2250 3607 2309 tantum
3654 2243 3758 2310 die
3802 2265 4053 2322 cavere,
4103 2242 4217 2309 sed
4260 2241 4559 2309 excubias

2633 2351 2828 2416 agere
2867 2338 3005 2396 toto
3048 2331 3224 2396 vitae
3266 2349 3480 2395 cursu.
3544 2328 3905 2413 Superbiae
3948 2343 4170 2395 autem
4215 2329 4563 2412 prudenter

2631 2416 2915 2484 occurrit
2980 2416 3231 2492 Moses,
3289 2436 3606 2482 revocans
3670 2416 3993 2482 Israelitis
4053 2415 4122 2480 in
4189 2415 4561 2480 memoriam

2632 2503 2842 2585 qualis
2884 2502 3082 2567 fuerit
3125 2502 3336 2585 prima
3380 2521 3603 2567 eorum
3648 2502 3951 2568 conditio.
4039 2501 4234 2568 Unde
4279 2502 4454 2565 enim
4498 2500 4568 2563 fit

2633 2598 2711 2654 ιιι
2745 2587 3137 2655 confidentia
3176 2596 3244 2653 et
3286 2589 3455 2655 fastu
3501 2588 3939 2654 intumescant
3982 2587 4093 2670 qui
4148 2586 4270 2652 sibi
4318 2598 4389 2651 et
4428 2585 4566 2649 aliis

2630 2674 2945 2740 videntur
2987 2673 3054 2739 in
3100 2672 3344 2740 mundo
3388 2672 3606 2740 beati?
3651 2674 3779 2741 nisi
3821 2673 3992 2756 quod
4038 2672 4117 2737 de
4160 2672 4424 2756 origine
4458 2690 4568 2736 sua

2632 2780 2768 2824 non
2822 2760 3141 2844 cogitant:
3210 2758 3324 2825 sed
3380 2757 3651 2844 perinde
3707 2780 3784 2827 ac
3832 2760 3889 2825 si
3949 2759 4199 2843 delapsi
4257 2770 4483 2824 essent
4534 2776 4568 2820 e

2631 2846 2932 2924 nubibus,
2977 2845 3193 2911 omnia
3216 2865 3371 2927 prae
3393 2867 3464 2911 se
3488 2844 3871 2928 despiciunt.
3917 2847 4118 2912 Pauci
4154 2844 4337 2910 enim
4361 2842 4571 2909 Codro

2634 2932 2898 3011 similes,
2943 2932 3056 3015 qui
3099 2951 3375 3014 regnum
3423 2931 3726 3014 adeptus,
3793 2953 4049 3015 semper
4091 2932 4382 3015 ingenue
4426 2948 4570 3011 prae

2634 3039 2705 3086 se
2728 3017 2884 3084 tulit
2901 3037 2986 3083 ex
3064 3038 3146 3084 uo
3180 3026 3367 3101 patre
3403 3026 3599 3085 natus
3635 3031 3823 3101 esset,
3855 3037 4092 3101 nempe
4130 3017 4355 3102 figuIO.
4403 3014 4571 3081 Huic

2635 3104 2798 3171 vitio
2863 3038 3062 3190 (quod
3131 3104 3321 3169 nimis
3387 3105 3629 3187 passim
3695 3103 3967 3191 regnat)
4030 3125 4207 3170 nunc
4275 3102 4572 3168 medetur

2637 3191 2836 3268 Deus,
2873 3191 3027 3254 dum
3073 3189 3391 3254 Israelitis
3426 3200 3887 3257 commemorat
3924 3190 4270 3273 pristinum
4310 3200 4572 3264 statum,

2635 3287 2700 3341 et
2758 3284 3062 3360 reputare
3114 3275 3298 3340 iubet
3353 3275 3675 3361 singulari
3731 3277 4041 3343 beneficio
4098 3275 4251 3340 inde
4322 3285 4576 3358 ereptos

2634 3363 2852 3428 fuisse.
2943 3360 3098 3428 Sola
3143 3361 3317 3426 enim
3373 3361 3777 3428 liberationis
3821 3361 4133 3427 memoria
4175 3361 4246 3425 in
4296 3360 4435 3425 illis
4477 3378 4574 3424 ar·

2633 3449 2998 3532 rogantium
3043 3446 3309 3512 domare
3351 3456 3636 3531 poterat:
3683 3447 3942 3531 quando
3995 3447 4161 3512 nihil
4206 3448 4427 3530 magis
4471 3443 4577 3509 ab·

2633 3533 2903 3600 surdum
2978 3554 3174 3617 quam
3242 3553 3353 3599 eos
3417 3534 3803 3601 insolescere
3859 3534 3969 3617 qui
4034 3541 4189 3598 ante
4246 3529 4576 3613 mancipia

2632 3620 2891 3685 fuerant
2933 3617 3430 3702 superbissimae
3472 3621 3706 3704 gentis,
3750 3640 3871 3684 nec
3906 3618 4029 3684 sibi
4066 3617 4446 3684 libertatem
4485 3637 4580 3680 ac-

2633 3706 2993 3788 quisierant
3036 3705 3300 3788 propria
3340 3706 3607 3783 virtute,
3649 3704 3766 3771 scd
3811 3715 4070 3789 praeter
4105 3726 4293 3788 spem
4343 3713 4414 3768 et
4452 3721 4578 3766 me-

2635 3793 2837 3856 ritum
2900 3790 3320 3856 obtinuerant
3362 3810 3401 3854 a
3440 3812 3622 3856 mera
3664 3791 3793 3856 Dei
3835 3791 4077 3876 gratia:
4144 3790 4393 3855 deinde
4436 3809 4579 3872 pro-

2633 3878 2773 3961 fugi
2816 3885 3202 3943 erraverant
3230 3897 3348 3959 per
3381 3876 3732 3958 desertum,
3775 3897 3852 3943 ac
3885 3875 4170 3956 tandem,
4217 3875 4372 3942 Deo
4400 3875 4579 3951 duce,

2633 3972 2877 4028 terram
2922 3962 3043 4028 sibi
3090 3962 3471 4046 promissam
3516 3962 3797 4047 ingressi
3834 3963 4109 4027 fucrant.
4166 3961 4250 4026 In
4295 3980 4582 4037 summa,

2633 4047 2906 4134 perinde
2950 4047 3088 4133 agit
3143 4068 3293 4115 cum
3349 4047 3485 4114 illis
3529 4046 3713 4115 Deus
3766 4068 3842 4112 ac
3896 4048 3954 4113 si
3997 4047 4271 4128 homini,
4327 4047 4446 4132 qui
4488 4066 4579 4109 re·

2680 4143 2833 4200 ente
2867 4133 3051 4200 dives
3094 4134 3305 4201 factus
3347 4154 3417 4199 se
3456 4134 3973 4217 intemperanter
4016 4142 4294 4219 gereret,
4344 4151 4579 4216 expro-

2634 4158 2862 4286 bretur
2919 4220 3194 4303 pristina
3248 4219 3467 4302 inopia
3531 4229 3597 4284 et
3658 4219 4057 4287 mendicitas.
4169 4220 4385 4285 Porro
4432 4217 4583 4302 quia

2636 4304 2955 4372 tardiores
3013 4315 3205 4371 erant
3260 4325 3452 4388 quam
3512 4314 3584 4370 ut
3640 4315 3939 4389 prompto
3998 4317 4065 4370 et
4107 4304 4314 4371 alacri
4360 4305 4583 4370 animo

2636 4393 2809 4458 hanc
2871 4391 3379 4457 admonitionem
3461 4391 3905 4475 susciperent,
3985 4390 4281 4476 pluribus
4366 4388 4585 4456 verbis

2635 4477 2988 4561 amplificat
3049 4478 3268 4543 Moses
3312 4475 3440 4541 Dei
3499 4477 3812 4543 beneficia
3865 4496 4031 4561 quae
4074 4476 4337 4560 experti
4394 4483 4585 4541 erant

2634 4565 2706 4629 in
2751 4564 3025 4630 deserto.
3114 4563 3275 4628 Fuit
3327 4564 3501 4628 enim
3558 4563 3680 4630 hoc
3736 4562 4146 4639 incredibile,
4205 4584 4341 4628 non
4390 4558 4586 4627 modo

2635 4650 2813 4716 inter
2846 4649 3253 4715 truculentas
3285 4648 3545 4729 bestias,
3589 4647 3703 4715 sed
3737 4650 3912 4714 inter
3954 4648 4333 4733 scorpiones
4382 4656 4455 4714 et
4488 4646 4580 4710 vi·

2637 4756 2846 4821 peras,
2892 4745 2960 4801 et
2999 4734 3311 4819 quidquid
3342 4734 3743 4800 virulentum
3789 4745 3888 4801 est
3924 4735 3990 4799 in
4036 4755 4276 4819 genere
4314 4754 4586 4817 serpen·

2637 4824 2841 4900 tium,
2886 4821 3146 4887 turbam
3192 4820 3372 4885 illam
3423 4841 3507 4885 ex
3550 4821 3732 4896 viris,
3778 4820 4179 4898 mulieribus,
4224 4820 4479 4904 pueris,
4521 4825 4585 4882 et

2636 4909 2848 4974 servis
2907 4907 3295 4991 permixtam
3354 4905 3653 4972 habitare
3718 4906 3942 4972 multis
3998 4906 4207 4972 annis.
4316 4905 4588 4972 Clarius

2636 4994 2892 5061 refulsit
2916 4994 3039 5058 Dei
3083 4993 3339 5059 bonitas
3374 4992 3444 5057 in
3480 4992 3820 5076 repentino
3857 4992 4186 5069 miracu10,
4231 4991 4413 5075 quod
4448 4990 4581 5056 siti·

2637 5079 2876 5146 culosis
2940 5086 3164 5162 potum
3232 5099 3313 5143 ex
3373 5099 3535 5162 rupe
3593 5086 3744 5144 ante
3803 5077 3986 5143 arida
4027 5077 4353 5161 praebuit.
4451 5072 4580 5143 Sed

2637 5166 2790 5250 quia
2840 5165 3144 5250 proximo
3201 5185 3396 5230 versu
3451 5173 3946 5244 commemorat,
4000 5184 4153 5228 man
4207 5162 4421 5229 fuisse
4468 5179 4585 5245 pro

2637 5272 2808 5335 pane
2850 5249 2959 5315 vel
3004 5251 3335 5329 alimento,
3379 5250 3540 5316 haec
3585 5249 3714 5316 duo
3750 5250 3945 5315 simul
3991 5250 4410 5333 coniungam.

2812 5337 2913 5402 16.
2957 5336 3082 5419 Qui
3105 5337 3293 5420 pavit
3323 5340 3545 5402 tentem
3577 5337 3649 5404 in
3667 5338 3915 5403 deserto.
3963 5335 4245 5403 Dixerat
4265 5335 4581 5401 eductam
