4867 6150
565 451 705 518 475

571 641 707 708 ciat
760 641 942 706 Deus
998 660 1069 705 se
1126 637 1427 704 addicere
1485 634 1934 703 sacerdotibus
1984 634 2297 719 quidquid
2355 635 2533 701 utili-

577 729 731 793 tatis
786 748 868 792 ex
925 725 1377 808 primogenitis
1419 723 1742 790 obveniet.
1832 721 2027 805 Quod
2072 721 2253 787 iubet
2296 719 2530 787 nedimi

578 814 1047 899 primogenitos
1106 809 1466 878 secundum
1521 809 2041 877 aestimationem
2097 808 2528 887 sacerdotum,

578 921 712 965 non
770 898 1083 983 intelligit
1139 917 1336 980 quam
1390 893 1758 962 sacerdotes
1816 894 1944 978 ipsi
1987 893 2530 979 praescriberent,

575 1006 658 1053 ac
691 985 746 1053 si
785 1006 986 1069 penes
1031 1005 1143 1049 eos
1186 989 1359 1049 esset
1404 983 1750 1048 autoritas:
1798 981 1913 1046 sed
1957 1001 2185 1046 eorum
2232 981 2533 1045 aestima-

578 1072 672 1138 tio
705 1070 1120 1154 intelligitur,
1165 1070 1268 1134 cui
1316 1067 1607 1135 adstricti
1654 1076 1848 1134 erant
1891 1087 1975 1132 ex
2019 1065 2153 1132 Dei
2197 1066 2526 1147 mandato,

573 1160 751 1225 sicut
807 1158 960 1223 alibi
1005 1157 1218 1222 visum
1262 1154 1421 1220 fuit:
1488 1154 1688 1238 idque
1730 1153 1968 1220 elicere
2010 1161 2383 1236 promptum
2429 1161 2532 1220 est

573 1267 662 1309 ex
721 1252 1070 1320 contextu,
1127 1242 1284 1325 quia
1341 1262 1495 1306 mox
1552 1240 1934 1325 adiungitur
1984 1239 2302 1323 pretium,
2358 1238 2527 1323 quod

581 1332 763 1396 Deus
805 1330 948 1413 ipse
989 1328 1414 1411 imposuerat.
1484 1325 1586 1391 De
1631 1325 2088 1410 primogenitis
2135 1324 2530 1390 mundorum

579 1415 968 1482 animalium
991 1416 1099 1479 lex
1146 1413 1410 1479 diversa
1454 1413 1694 1477 fertur:
1743 1432 1995 1495 nempe,
2045 1420 2118 1476 ut
2160 1419 2533 1476 mactentur

573 1501 663 1567 ad
708 1501 932 1581 altare,
978 1509 1046 1565 et
1090 1499 1289 1583 adeps
1334 1506 1684 1578 exuratur,
1730 1518 1881 1565 caro
1917 1505 2141 1563 autem
2187 1497 2273 1562 sit
2317 1517 2529 1563 sacer-

579 1586 839 1667 dotum,
899 1586 1098 1653 sicuti
1154 1597 1382 1670 pectus
1427 1596 1491 1649 et
1535 1605 1758 1655 armus
1801 1584 2031 1649 dexter
2075 1583 2144 1649 in
2190 1582 2534 1649 sacrificiis

579 1674 828 1759 ignitis.
931 1673 1139 1737 Porro
1190 1693 1277 1736 ne
1334 1670 1480 1754 quis
1534 1691 1616 1736 ex
1668 1670 1957 1747 Levitis,
2018 1680 2134 1734 aut
2191 1691 2274 1734 ex
2332 1669 2532 1755 vulgo

578 1758 684 1847 (ιιι
736 1760 1036 1825 homines
1083 1778 1302 1823 rerum
1348 1776 1667 1822 novarum
1710 1748 1925 1839 cupi'di
1973 1753 2154 1841 sunt)
2198 1754 2531 1822 decretum

579 1847 705 1913 hoc
752 1847 994 1911 violare
1037 1851 1276 1920 tentet,
1334 1843 1547 1909 omnis
1592 1843 1662 1907 in
1706 1850 2041 1927 posterum
2088 1842 2536 1907 controversia

582 1932 861 2013 tollitur,
898 1931 1009 1997 ubi
1032 1929 1424 2015 pronunciat
1447 1929 1651 2008 Deus,
1690 1927 1861 2012 quod
1886 1925 2068 1992 dedit
2088 1926 2535 1994 sacerdotibus

585 2040 657 2085 se
715 2018 888 2084 nolle
951 2037 1237 2100 unquam
1283 2015 1417 2081 illis
1463 2014 1650 2099 eripi.
1740 2014 1970 2080 Primo
2012 2015 2226 2078 utitur
2270 2015 2536 2079 nomine

584 2103 780 2170 edicti
804 2105 908 2170 vel
937 2103 1199 2182 decreti,
1244 2100 1415 2185 quod
1452 2101 1562 2165 alii
1600 2108 1925 2166 statutum
1966 2108 2260 2165 vertunt:
2299 2098 2538 2164 deinde

585 2191 888 2276 adiungit
956 2189 1127 2273 pacti
1194 2208 1434 2254 nomen
1491 2207 1619 2270 quo
1675 2187 1963 2253 sanctior
2023 2186 2110 2251 sit
2165 2185 2538 2251 observatio

584 2287 650 2343 et
687 2275 1215 2343 contentionibus
1251 2295 1326 2340 ac
1359 2273 1595 2358 iurgiis
1632 2275 1850 2338 minus
1872 2271 2182 2337 obnoxia:
2231 2271 2536 2356 quoniam

584 2363 753 2429 nihil
812 2362 1031 2426 minus
1088 2358 1359 2425 decebat
1413 2380 1608 2442 quam
1666 2356 2035 2424 sacerdotes
2092 2356 2175 2422 de
2233 2359 2374 2423 iure
2419 2378 2539 2423 suo

585 2456 655 2515 et
711 2447 1077 2534 privilegiis
1133 2446 1415 2530 litigare.
1505 2443 1596 2512 Se
1654 2465 1812 2528 ergo
1859 2443 2183 2509 xviolatum
2228 2444 2309 2508 iri
2355 2443 2540 2508 Deus

586 2536 950 2619 significat,
1009 2533 1062 2599 si
1123 2531 1267 2614 quis
1312 2531 1678 2597 molestiam
1724 2528 2032 2595 exhibeat
2074 2528 2538 2595 sacerdotibus.

586 2619 1038 2704 Metaphorice
1097 2637 1252 2684 vero
1311 2637 1430 2701 per
1483 2637 1726 2681 nomen
1769 2615 1926 2682 salis
1969 2614 2356 2698 designatur
2396 2636 2539 2700 per-

585 2708 902 2793 petuitas:
950 2706 1061 2769 ubi
1097 2712 1320 2768 tamen
1365 2702 1625 2785 videtur
1668 2701 1959 2767 alludere
1980 2701 2162 2766 Deus
2209 2702 2289 2765 ad
2336 2701 2538 2768 sacri-

586 2795 737 2860 ficia
770 2812 936 2876 quae
971 2792 1067 2856 Fas
1112 2810 1247 2854 non
1290 2794 1434 2854 erat
1473 2789 1728 2867 offerre,
1774 2787 1902 2853 nisi
1948 2788 2087 2853 sale
2129 2786 2419 2853 condita:
2467 2796 2541 2852 ut

589 2881 835 2945 scirent
879 2876 1247 2953 Israelitae‚
1305 2896 1421 2957 per
1464 2895 1569 2941 res
1613 2882 1912 2939 terrenas
1954 2882 2020 2938 et
2062 2874 2537 2956 corruptibiles,

585 2967 804 3030 maius
845 2962 1091 3047 aliquid
1136 2961 1486 3046 designari.
1576 2959 1842 3026 Scimus
1886 2958 2063 3024 enim
2107 2979 2339 3026 carnes
2383 2959 2539 3026 sali-

585 3061 694 3119 tas
737 3071 870 3117 non
915 3060 1050 3115 tam
1095 3047 1286 3114 facile
1332 3058 1727 3131 putrescere.
1817 3046 2120 3130 Denique
2165 3045 2291 3111 hac
2333 3054 2543 3112 meta-

588 3138 799 3222 phora
841 3145 1113 3202 notatur
1155 3134 1558 3199 inviolabilis
1601 3135 1898 3199 firmitas.
2494 3139 2499 3144 '

763 3224 865 3289 16.
918 3223 1098 3306 Quod
1137 3221 1536 3303 superfice-it.
1615 3220 1887 3303 Repetit
1929 3218 2098 3303 quod
2145 3220 2343 3302 paulo
2389 3225 2544 3285 ante

590 3309 912 3389 vidimus,
971 3306 1281 3391 reliquias
1335 3306 1768 3385 oblationum,
1826 3306 2065 3389 quibus
2121 3307 2329 3371 maior
2370 3306 2547 3371 inest

588 3397 925 3473 sanctitas,
961 3391 1372 3460 sacerdotum
1410 3411 1586 3458 esse:
1631 3392 1747 3457 sed
1784 3413 1864 3457 ea
1900 3391 2064 3475 lege,
2110 3403 2188 3456 ut
2221 3414 2353 3458 non
2388 3392 2546 3456 alibi

588 3482 1024 3549 comedantur
1080 3499 1279 3562 quam
1335 3479 1406 3542 in
1450 3478 1839 3545 sanctuario.
1928 3478 2032 3543 De
2075 3477 2304 3543 minha
2343 3480 2546 3544 etiam

589 3568 874 3652 speciale
931 3565 1127 3631 datur
1184 3574 1604 3648 praeceptum
1626 3615 1642 3642 ,
1698 3585 1786 3628 ne
1827 3563 1986 3629 inde
2026 3565 2145 3629 fiat
2187 3565 2373 3648 panis
2412 3565 2545 3629 fer-

588 3663 965 3719 mentatus:
1025 3672 1180 3718 nam
1239 3650 1363 3717 hoc
1410 3649 1605 3716 modo
1659 3649 1874 3714 farina
1930 3669 2097 3731 quae
2155 3650 2284 3715 iam
2329 3649 2545 3716 dicata

591 3749 738 3804 erat
779 3738 950 3816 Deo,
996 3737 1343 3803 transisset
1383 3736 1455 3801 in
1501 3736 1843 3818 vulgarem
1887 3736 2137 3812 cibum,
2179 3736 2355 3819 quod
2399 3737 2544 3801 sine

591 3825 1044 3909 profanatione
1110 3824 1254 3888 fieri
1326 3842 1458 3888 non
1514 3830 1789 3907 poterat.
1885 3820 2082 3904 Quod
2143 3843 2300 3907 ergo
2358 3821 2545 3888 Deus

591 3910 962 3977 sacerdotes
1016 3910 1201 3993 quasi
1261 3908 1331 3973 in
1375 3910 1750 3974 convictum
1788 3905 2112 3988 admittit,
2168 3910 2292 3975 hoc
2335 3908 2541 3991 privi-

589 3996 764 4082 legio
822 4016 953 4062 non
998 4016 1232 4079 parum
1279 4006 1553 4060 ornatur
1598 3995 1893 4059 muneris
1935 3993 2256 4078 dignitas:
2302 3995 2398 4061 sic
2442 4004 2541 4060 ta·

588 4105 765 4164 men,
806 4104 890 4147 ne
925 4104 1010 4148 ex
1045 4102 1272 4147 eorum
1306 4080 1576 4145 licentia
1612 4080 1947 4145 minuatur
1991 4082 2363 4146 reverentia
2404 4081 2543 4148 cul-

592 4181 701 4235 tus
746 4170 890 4235 Dei.
981 4167 1219 4233 Postea
1263 4168 1331 4231 in
1377 4187 1618 4251 genere
1661 4166 2007 4232 confirmat
2052 4166 2269 4231 Moses
2312 4166 2420 4232 ius
2463 4167 2543 4231 il-

590 4255 727 4334 lud,
771 4254 946 4339 quod
982 4263 1134 4319 ante
1168 4252 1301 4318 illis
1343 4253 1661 4333 attribuit,
1705 4261 1778 4316 ιιι
1820 4251 1994 4335 quod
2037 4252 2373 4318 residuum
2419 4254 2548 4318 erit

593 4360 678 4405 ex
714 4341 943 4425 ignitis
977 4339 1318 4407 sacrificiis
1363 4347 1647 4419 sumant,
1693 4337 1886 4403 modo
1933 4359 1971 4403 a
2015 4339 2170 4404 solis
2214 4339 2542 4419 masculis,

594 4436 662 4490 et
703 4427 772 4491 in
816 4427 956 4492 loco
1000 4447 1185 4492 sacro
1228 4422 1636 4492 comedatur:
1692 4434 1769 4489 ut
1810 4425 1956 4508 ipsa
2000 4424 2128 4490 Dei
2172 4425 2548 4509 praesentia

595 4533 729 4576 non
759 4511 969 4584 ‚modo
1013 4513 1340 4576 luxuriem
1390 4520 1457 4577 et
1498 4510 2044 4592 incontinentiam
2090 4509 2381 4588 fraenet,
2427 4511 2544 4577 sed

594 4598 679 4663 ad
716 4598 1132 4663 sobrietatem
1172 4618 1284 4664 eos
1325 4598 1566 4663 formet
1587 4597 1713 4662 Dei
1758 4598 1968 4663 servis
2011 4595 2315 4681 dignam:
2361 4595 2546 4662 deni-

596 4704 724 4768 qne
768 4684 1161 4750 assuefaciat
1203 4682 1286 4749 ad
1327 4704 1653 4750 summam
1699 4683 2086 4765 puritatem,
2148 4682 2304 4747 dum
2349 4704 2543 4768 repu—

596 4779 742 4835 tant
799 4791 869 4834 se
925 4768 1009 4833 ab
1065 4769 1210 4835 aliis
1266 4771 1573 4836 omnibus
1615 4778 2008 4853 segregatos.
2098 4767 2179 4833 In
2227 4770 2356 4833 fine
2394 4791 2545 4836 ver-

597 4880 710 4923 sus
752 4857 833 4922 18
872 4856 984 4919 alii
1022 4867 1289 4919 vertunt
1323 4857 1391 4919 in
1432 4865 1662 4921 neutro
1697 4875 1970 4940 genere:
2013 4853 2205 4937 Quod
2249 4855 2547 4939 tetigerit

597 4965 710 5008 eas
746 4940 1292 5008 sanctificabitur:
1340 4941 1454 5005 sed
1499 4942 1622 5007 hoc
1666 4941 1805 5007 loco
1851 4941 2110 5006 videtur
2154 4939 2316 5008 mihi
2354 4963 2541 5024 prae-

598 5030 814 5113 cipere
859 5028 1095 5106 Moses,
1143 5049 1223 5091 ne
1268 5025 1376 5091 alii
1417 5049 1611 5110 quam
1657 5025 2024 5092 sacerdotes
2069 5027 2299 5092 minha
2341 5030 2541 5093 attin-

598 5124 781 5201 gant.
845 5114 1025 5180 Alibi
1064 5112 1144 5178 de
1179 5112 1369 5177 altari
1405 5123 1471 5176 et
1512 5113 1694 5179 vasis
1737 5112 1984 5179 dictum
2029 5113 2172 5192 fuit,
2218 5114 2545 5179 unctionis

600 5223 757 5267 suae
824 5202 1070 5266 virtute
1136 5199 1545 5264 sanctificare
1609 5198 1924 5282 quidquid
1989 5198 2123 5264 illic
2182 5200 2541 5282 reponitur.

600 5288 856 5353 Verum
925 5306 1099 5352 nunc
1164 5284 1465 5350 videmus
1530 5285 1736 5350 arceri
1800 5285 2034 5370 vulgus
2098 5286 2442 5351 hominum
2505 5308 2545 5351 a

600 5382 907 5440 contactu
972 5381 1377 5452 sanctorum,
1458 5377 1533 5436 ut
1598 5390 1720 5436 sua
1783 5370 1887 5436 his
1963 5379 2225 5436 maneat
2291 5371 2540 5455 religio.

1978 445 2498 514 SECUNDUM
2545 447 3200 518 PRAEOEP'PUM.

4436 449 4543 518 476

2635 637 2903 705 Scimus
2957 647 3175 704 autem
3234 639 3401 705 filios
3448 638 3715 705 Aharon
3773 648 4002 705 unctos
4056 638 4257 704 fuisse
4308 638 4378 703 in
4415 658 4546 705 eum

2636 726 2842 790 finem
2867 734 2941 790 ut
2961 725 3121 793 solis
3141 726 3303 809 ipsis
3325 726 3655 810 attingere
3674 725 3902 792 liceret
3923 724 4238 809 quidquid
4264 726 4399 790 Deo
4415 743 4548 791 con-

2634 822 2968 877 secratum
3026 822 3189 877 erat.
3277 811 3434 877 Ideo
3493 811 3765 878 verbum
3825 811 4037 877 futuri
4080 812 4386 893 temporis
4426 812 4549 879 vine
4658 854 4668 863 ·

2629 897 3007 980 imperativi
3040 899 3341 977 sumitur,
3385 898 3480 964 sic
3515 899 3713 965 etiam
3750 898 3945 982 paulo
3986 908 4133 980 post
4178 897 4285 963 ubi
4326 896 4403 963 de
4440 898 4551 964 vic-

2635 983 2816 1047 timis
2858 984 3111 1066 agitur:
3159 981 3293 1065 Qui
3336 984 3630 1070 tetigerit
3672 1005 3937 1051 carnem
3979 987 4122 1049 eius
4162 992 4423 1049 sanctus
4458 982 4549 1060 sit,

2633 1069 2788 1151 quia
2840 1069 2946 1134 ius
3004 1070 3331 1152 peculiare
3388 1069 3839 1137 sacerdotibus
3894 1070 4131 1135 statuit
4184 1069 4425 1146 Moses,
4488 1077 4552 1134 ut

2632 1155 2755 1220 soli
2809 1162 3089 1221 tractent
3143 1155 3476 1222 sacrificia.
3574 1155 3714 1222 Nec
3770 1154 3987 1223 obstat
4045 1153 4219 1239 quod
4272 1156 4554 1222 continuo

2633 1249 2782 1323 post
2823 1239 3115 1307 additur:
3178 1240 3257 1308 Si
3302 1241 3654 1308 defluxerit
3690 1242 3962 1326 sanguis
4002 1244 4073 1307 in
4118 1249 4395 1320 vestem,
4449 1250 4554 1308 etc.

2635 1327 2867 1411 Neque
2901 1327 3078 1392 enim
3114 1327 3446 1412 significat
3482 1342 3695 1396 vestes
3730 1339 3845 1394 aut
3888 1327 4019 1395 alia
4060 1327 4382 1411 quaelibet
4424 1347 4560 1393 vasa

2635 1414 3001 1480 consecrari
3036 1412 3173 1479 solo
3209 1422 3425 1479 tactu:
3469 1414 3583 1481 sed
3621 1424 4084 1498 argumentum
4128 1424 4231 1480 est
4269 1434 4308 1479 a
4346 1414 4561 1479 minori

2637 1499 2721 1564 ad
2779 1499 3023 1579 maius,
3084 1500 3140 1565 si
3185 1510 3438 1567 vestem
3482 1502 3806 1585 sanguine
3849 1520 4179 1585 aspersam
4200 1550 4216 1575 ,
4274 1498 4377 1565 vel
4418 1498 4562 1565 ollas

2637 1585 2751 1650 ubi
2808 1593 2995 1651 cocta
3052 1585 3251 1651 fuerit
3303 1607 3455 1652 caro
3474 1638 3490 1665 ,
3553 1596 3746 1652 extra
3800 1585 4300 1653 tabernaculum
4352 1585 4564 1651 efferre

2638 1671 2737 1735 fas
2773 1692 2903 1735 non
2953 1679 3069 1750 est,
3114 1671 3245 1737 nisi
3290 1671 3494 1739 vestis
3538 1672 3764 1738 abluta
3805 1674 4022 1752 fuerit,
4067 1671 4235 1737 ollae
4278 1691 4430 1737 vero
4472 1670 4564 1736 vel

2638 1755 2919 1834 fractae,
2979 1758 3082 1823 vel
3143 1758 3502 1838 abstersae,
3562 1758 3769 1824 multo
3824 1759 4033 1844 magis
4076 1754 4439 1826 cavendum
4478 1767 4568 1822 est

2639 1864 2725 1908 ne
2760 1845 2905 1926 quis
2940 1865 3022 1908 ex
3059 1844 3265 1928 vulgo
3300 1865 3371 1910 ee
3405 1845 3684 1929 ingerat.
3743 1843 4085 1927 Quomodo
4128 1845 4309 1910 enim
4350 1842 4565 1910 sancti-

2643 1930 2764 1993 tati
2809 1929 3111 1995 mortalis
3155 1931 3350 1996 homo
3397 1930 3752 1997 admovere
3795 1931 4063 1997 audebit
4103 1951 4371 2010 manus,
4423 1948 4569 2013 quac

2640 2035 2726 2079 ne
2778 2015 2849 2079 in
2895 2023 3078 2081 veste
3122 2016 3386 2099 quidem
3432 2016 3788 2084 sacerdotis
3831 2017 3975 2083 sine
4018 2016 4279 2101 piaculo
4321 2015 4569 2081 haerere

2641 2100 2900 2186 potest?
2969 2099 3247 2168 Summa
3304 2110 3437 2186 est,
3503 2125 3583 2169 ne
3640 2104 3996 2169 misceatur
4051 2104 4251 2169 rebus
4311 2100 4574 2186 profanis

2642 2195 2829 2252 tanta
2872 2189 3206 2254 sanctitas.

3292 2529 3427 2597 Ex
3469 2530 3822 2598 NUMER.
3871 2531 3954 2596 V.

2817 2697 2880 2765 8.
2930 2698 3009 2766 Si
3063 2701 3987 2785 nonfueritvv’mredkibitor
4026 2703 4132 2770 oui
4171 2705 4579 2774 restituat&-

2644 2785 2895 2865 Βούνου,
2949 2786 3240 2854 delictum
3291 2789 3661 2855 restituetur·
3717 2788 4012 2869 Iehovae,
4069 2790 4413 2859 εαωνᾱώιε·
4460 2793 4578 2874 erit,

2635 2876 2895 2954 praeter
2932 2873 3189 2940 aridem
3230 2875 3663 2957 expiationum
3703 2894 3826 2957 quo
3866 2874 4145 2957 capiat&
4185 2897 4352 2944 eum.

2821 3044 2881 3111 8.
2912 3042 2987 3111 Si
3019 3066 3141 3113 non
3171 3046 3368 3129 fuerit
3399 3046 3554 3113 ciro.
3615 3046 3837 3114 Locus
3870 3045 3979 3118 hic
4012 3068 4211 3132 quem
4249 3074 4336 3117 ex
4371 3051 4580 3136 quinto

2645 3131 2860 3215 capite
2894 3132 3166 3212 inserui,
3202 3131 3450 3216 pendet
3484 3133 3748 3217 quidem
3785 3154 3869 3200 ex
3914 3131 4047 3199 alio
4085 3144 4440 3203 contextu:
4482 3135 4580 3205 sod

2648 3217 2808 3369 ἓξὲξ
2857 3218 4581 3390 {32:2⁰0{31.{”2?..222⁰.ff¹‚3‘”3.ff.ffi'33‚03122ffi

2648 3390 2949 3457 sacrificii
2986 3390 3317 3475 exprimat
3351 3412 3548 3475 quam
3586 3412 3796 3475 nuper
3830 3392 4055 3476 attigit
4077 3392 4326 3476 Moses,
4369 3416 4582 3480 nempe

2647 3476 2763 3541 ubi
2821 3476 3177 3561 expiabant
3218 3475 3377 3542 furti
3422 3481 3691 3544 crimen.
3782 3477 4065 3544 Nolebat
4103 3481 4373 3563 quidem
4418 3483 4581 3547 Deus

2647 3560 2929 3627 aliorum
2989 3562 3229 3628 damno
3273 3561 3645 3630 sacerdotes
3685 3562 3909 3646 ditari,
3961 3586 4176 3649 neque
4219 3566 4404 3634 fures
4444 3567 4581 3634 libe-

2646 3648 2837 3714 rabat
2871 3649 2928 3715 si
2956 3647 3128 3733 quod
3163 3648 3309 3715 aliis
3342 3647 3752 3716 abstulerant
3786 3650 4102 3716 offerrent
4134 3653 4580 3721 sacerdotibus.

2651 3734 2902 3800 Verum
2939 3735 2998 3800 si
3040 3756 3233 3801 nemo
3276 3743 3421 3800 erat
3462 3736 3569 3801 cui
3610 3745 3884 3820 possent
3926 3736 4297 3817 restituere,
4346 3738 4583 3806 volebu

2646 3827 2869 3885 tamen
2917 3819 3145 3888 domos
3185 3822 3365 3905 ipsas
3407 3822 3588 3887 omni
3633 3843 3809 3888 noxa
3851 3844 3996 3889 esse
4039 3843 4315 3892 vacuas:
4362 3835 4430 3892 et
4467 3846 4583 3891 mo·

2646 3905 2794 3986 rito,
2838 3907 2992 3990 quia
3032 3906 3553 3992 improbissimus
3594 3909 3870 3992 quisque
3904 3908 4075 3975 bona
4109 3910 4403 3978 hominis
4432 3931 4583 3977 nior·

2648 3991 2775 4073 tui,
2831 3994 2888 4060 si
2943 3993 3144 4059 orbus
3187 4000 3396 4072 esset,
3453 4015 3687 4078 rapere
3728 4014 3860 4060 non
3904 3994 4289 4064 dubitasset.
4380 3998 4584 4064 Primo

2646 4078 2872 4162 itaque
2929 4080 3125 4146 iussit
3178 4079 3486 4163 legitimis
3545 4080 3834 4146 dominis
3887 4082 4146 4149 restitui
4191 4082 4368 4167 quod
4410 4103 4584 4156 suum

2647 4177 2819 4230 erat:
2868 4164 3109 4232 deinde
3139 4166 3271 4233 illie
3307 4167 3585 4232 mortuis
3626 4166 3969 4233 substituit
4010 4170 4083 4232 in
4126 4189 4362 4237 eornm
4396 4171 4583 4237 vicem

2647 4252 3064 4335 propinquos,
3109 4252 3220 4336 qui
3256 4261 3575 4319 vocantur
3611 4265 3683 4322 ἰδ’
3856 4254 3940 4320 cb
3976 4254 4078 4320 ius
4114 4253 4584 4341 redemptionis,

2647 4336 2820 4419 quod
2867 4336 3050 4404 Deus
3094 4340 3391 4424 cognatis
3436 4340 3737 4422 permisit
3775 4341 3844 4405 in
3888 4340 4057 4423 lege,
4100 4350 4174 4406 ut
4219 4342 4380 4409 alibi
4423 4339 4585 4409 vide·

2649 4422 2892 4490 bimus:
2939 4432 3007 4489 et
3041 4425 3194 4508 quia
3228 4425 3370 4491 eius
3410 4424 3672 4491 viduam
3717 4427 3828 4509 qui
3872 4426 4131 4492 nullum
4175 4448 4411 4495 semen
4449 4426 4585 4494 reli·

2647 4519 2895 4591 querat,
2940 4511 3050 4593 qui
3087 4512 3388 4595 proximo
3422 4511 3633 4594 gradu
3670 4512 4202 4597 consanguineus
4235 4525 4382 4581 erat
4426 4514 4585 4581 iube-

2648 4595 2845 4661 batur
2899 4594 3154 4664 ducere.
3243 4597 3689 4666 Rarissimam
3734 4620 3891 4684 ergo
3933 4598 4079 4677 fuit,
4123 4608 4202 4665 ut
4245 4601 4361 4684 qui
4404 4601 4585 4665 alium

2646 4681 3103 4763 fraudaverat,
3177 4683 3352 4768 apud
3424 4684 3825 4749 sacerdotem
3893 4683 4207 4750 damnum
4269 4693 4588 4770 pensaret:

2645 4769 2801 4851 quia
2835 4777 2911 4833 ut
2944 4770 3307 4854 plurimum
3340 4770 3790 4853 reperiebatur
3825 4770 4148 4855 quispiam
4188 4774 4431 4840 mortui
4456 4792 4586 4838 suc·

2647 4875 2885 4921 cessor.

3285 5147 3419 5213 EX
3462 5149 3770 5220 LEVIT.
3816 5152 3977 5219 VH.

2824 5286 2884 5351 6.
2938 5284 3162 5352 Omnis
3215 5287 3534 5352 masculus
3575 5289 3644 5353 in
3685 5287 4100 5358 sacerdotibus
4142 5287 4410 5355 amedei
4447 5304 4585 5366 eam,

2651 5372 2725 5435 in
2765 5370 2894 5438 loeo
2934 5377 3142 5439 sancto
3182 5374 3547 5454 comedetur,
3591 5375 4004 5458 sanctificatio
4044 5373 4585 5457 sanctificationum
