4867 6150
531 426 672 494 499
1937 422 2451 492 SECUNDUM
2492 422 3046 492 PRAEOEPTU
3049 426 3140 491 M.
4399 424 4511 494 500

541 634 634 695 se,
681 618 736 679 et
773 614 1110 698 femoralia
1152 615 1321 680 linea
1363 617 1547 680 erunt
1601 633 1791 694 super
1850 632 2098 678 carnem
2141 613 2306 690 eius,
2363 611 2498 677 bal-

544 708 759 783 teoque
813 701 974 767 lineo
1036 702 1305 784 accinqet
1358 722 1425 767 se
1438 752 1452 777 ‚
1512 704 1568 765 et
1622 701 1814 765 mitra
1866 699 2037 765 linea
2077 698 2297 763 velabit
2337 718 2500 764 sese:

548 792 741 855 vestes
783 789 1137 854 sanctitatis
1178 792 1355 852 sunt:
1396 785 1746 868 lavabitque
1789 805 1959 866 aqua
2000 804 2253 851 carnem
2293 804 2497 859 suam,

555 880 615 942 et
654 875 870 939 induet
909 894 974 939 se
1015 873 1167 938 illis.
1256 872 1315 938 5.
1364 874 1429 938 A
1473 877 1642 938 coetu
1696 876 1901 937 autem
1951 870 2231 952 filiorum
2286 870 2499 936 Israel

531 961 811 1042 accipiet
850 961 1008 1026 duos
1050 959 1255 1025 hircos
1297 978 1636 1041 caprarum
1679 958 1750 1022 in
1790 956 2057 1022 hostiam
2083 977 2206 1039 pro
2227 961 2497 1039 peccate,

545 1052 608 1113 ct
649 1047 902 1113 arietem
944 1065 1141 1109 unum
1184 1046 1254 1109 in
1296 1044 1735 1110 holocaustum.
1826 1043 1883 1108 6.
1939 1041 2279 1125 offeretque
2322 1041 2500 1108 Aha-

548 1153 665 1198 ron
705 1132 1025 1197 iuvencum
1070 1131 1373 1212 sacrificii
1405 1150 1526 1213 pro
1559 1132 1809 1211 peccato
1849 1148 2038 1195 suum
2104 1133 2160 1193 et
2200 1128 2498 1210 expiatio-

546 1238 687 1283 nem
726 1217 914 1301 faciet
942 1236 1065 1298 pro
1107 1236 1174 1281 se
1217 1221 1272 1281 et
1302 1238 1429 1298 pro
1471 1216 1648 1281 domo
1691 1235 1830 1280 sua.
1922 1215 1981 1281 7.
2033 1180 2259 1280 Postea
2299 1215 2501 1296 capiet

544 1305 704 1371 duos
744 1303 965 1381 hircos,
1011 1323 1162 1385 quos
1202 1307 1428 1368 statuet
1466 1322 1673 1366 coram
1718 1300 1948 1366 Iehova
2003 1300 2091 1366 ad
2131 1302 2360 1366 ostium
2401 1305 2495 1364 ta-

544 1389 864 1455 bernaculi
922 1390 1356 1454 conventionis.
1468 1388 1527 1453 8.
1589 1386 1911 1468 Mittetque
1975 1385 2246 1451 Aharon
2307 1406 2499 1467 super

551 1477 708 1542 duos
752 1476 895 1540 illos
937 1474 1143 1540 hircos
1183 1479 1392 1551 sortes,
1437 1478 1658 1541 sortem
1699 1493 1895 1538 unam
1942 1472 2222 1554 1ehovae,
2271 1478 2327 1537 et
2367 1492 2500 1537 sor-

553 1566 673 1628 tem
716 1564 982 1628 alteram
1034 1580 1161 1642 pro
1202 1560 1457 1626 Aeaeel.
1557 1560 1618 1625 9.
1688 1558 1913 1641 Offerct
1968 1563 2176 1624 autem
2232 1558 2499 1623 Aharon

548 1648 794 1713 hircum
836 1668 1031 1729 super
1072 1667 1251 1727 quem
1287 1646 1573 1712 ceciderit
1604 1665 1743 1711 sors
1763 1665 1892 1725 pro
1929 1643 2177 1723 Iehova,
2222 1649 2277 1710 et
2306 1644 2497 1726 faciet

553 1755 695 1800 eum
725 1754 850 1814 pro
881 1739 1145 1816 peccata
1240 1733 1339 1798 10.
1387 1731 1657 1799 Hircum
1701 1751 1843 1797 vero
1895 1751 2087 1813 super
2127 1751 2305 1813 quem
2346 1730 2497 1796 ceci-

553 1820 718 1886 derit
773 1840 913 1885 sors
955 1839 1081 1900 pro
1138 1818 1411 1895 Aeaeel,
1468 1821 1692 1883 statuet
1750 1817 1961 1881 vivum
2015 1836 2225 1882 coram
2268 1816 2498 1882 Iehova

552 1908 640 1973 ad
661 1905 1124 1970 emundandum
1133 1925 1256 1988 per
1278 1904 1482 1981 illum,
1505 1904 1592 1968 ad
1614 1903 2008 1969 emittendum
2028 1902 2212 1967 illum
2235 1904 2304 1968 in
2329 1903 2499 1966 Aea-

551 1992 647 2057 eel
689 1992 759 2056 in
800 1992 1127 2057 desertum.
1205 1990 1305 2055 11.
1361 1989 1585 2072 Offeret
1620 1994 1827 2054 autem
1861 1987 2128 2054 Aharon
2172 1990 2499 2054 iuvencum

537 2097 663 2160 pro
705 2077 910 2142 hostia
947 2078 1189 2159 peccati
1229 2096 1445 2155 suum,
1502 2081 1562 2139 et
1602 2075 2014 2158 expiationem
2050 2068 2242 2157 faciet
2271 2095 2395 2155 pro
2432 2093 2501 2138 se

545 2167 603 2228 et
648 2183 770 2245 pro
826 2164 1003 2229 domo
1055 2182 1206 2233 sua.
1271 2162 1676 2242 mactabitque
1733 2162 2057 2226 iuvencum
2108 2181 2236 2241 pro
2296 2160 2500 2225 hostia

537 2250 779 2332 peccati
830 2269 1037 2315 suum.
1131 2248 1232 2314 12.
1289 2248 1587 2314 Assumet
1641 2266 1877 2329 quoque
1910 2247 2168 2328 plenum
2210 2245 2499 2311 thuribu-

548 2335 680 2400 lum
724 2337 963 2418 prunis
1015 2335 1236 2418 iqnitis
1291 2336 1367 2400 de
1425 2333 1617 2399 altari
1668 2355 1711 2398 a
1751 2337 2071 2414 conspectu
2119 2332 2397 2411 Iehovae,
2445 2336 2502 2397 et

539 2420 771 2502 plenas
808 2421 984 2487 volas
1024 2441 1181 2485 suas
1224 2421 1298 2485 de
1338 2421 1587 2486 incenso
1630 2421 1969 2484 aromatico
2011 2420 2395 2501 comminuto,
2444 2422 2501 2482 et

544 2507 769 2588 inferet
801 2508 972 2571 intra
1006 2507 1223 2572 velum.
1316 2506 1414 2571 13.
1465 2505 1773 2586 Ponetque
1814 2505 2132 2570 incensum
2175 2525 2367 2586 super
2409 2505 2501 2586 iq-

542 2612 684 2658 nem
724 2612 935 2657 coram
978 2592 1240 2658 Iehova:
1291 2594 1635 2674 operietque
1676 2590 1867 2655 nubes
1908 2591 2148 2657 incensi
2177 2591 2496 2672 propitia-

549 2680 782 2743 torium
825 2679 987 2761 quod
1030 2683 1119 2743 est
1159 2699 1352 2759 super
1393 2677 1810 2742 testimonium
1824 2727 1841 2757 ‚
1896 2681 1953 2741 et
2006 2696 2132 2741 non
2172 2679 2492 2742 morietur.

550 2764 652 2830 14.
697 2763 947 2830 Deinde
1003 2765 1262 2847 accipiet
1316 2764 1392 2829 de
1432 2763 1740 2846 sanquine
1797 2764 2058 2840 iuvenci,
2118 2767 2173 2827 et
2215 2767 2499 2845 asperqet

545 2851 739 2934 diqito
790 2871 907 2917 suo
969 2855 1185 2916 contra
1250 2850 1478 2934 faciem
1522 2849 1962 2931 propitiatorii
2014 2848 2102 2913 ad
2166 2850 2464 2913 orientem
2480 2873 2499 2912 .-

542 2956 754 3003 coram
799 2937 1241 3019 propitiatorio
1298 2938 1559 3017 inquam
1615 2940 1905 3019 asperqet
1965 2940 2193 3016 septem
2257 2934 2497 3000 vicibus

540 3024 619 3089 de
659 3022 967 3107 sanquine
1008 3022 1144 3104 illo,
1198 3021 1391 3107 diqito
1446 3041 1577 3086 suc.
1668 3019 1768 3086 15.
1816 3019 2123 3086 Mactabit
2164 3025 2496 3101 praeterea

541 3109 787 3174 hircum
843 3109 1110 3174 hostiam
1152 3129 1280 3190 pro
1312 3113 1587 3190 peccata,
1644 3108 1756 3189 qui
1794 3107 1987 3190 fuerit
2007 3108 2258 3188 populi,
2300 3113 2359 3172 et
2399 3108 2497 3172 in-

539 3196 697 3278 feret
749 3195 1120 3278 sanquinem
1174 3196 1311 3259 eius
1367 3195 1538 3259 intra
1596 3193 1829 3258 velum:
1883 3193 2189 3275 facietque
2232 3194 2307 3257 de
2349 3213 2496 3258 san·

541 3283 733 3365 quine
788 3283 926 3346 eius
983 3281 1496 3362 quemadmodum
1546 3279 1695 3363 fecit
1749 3279 1824 3343 de
1880 3280 2188 3362 sanquine
2231 3280 2493 3357 iuvenci,

546 3387 880 3450 asperqens
932 3367 1159 3431 scilieet
1215 3365 1397 3430 illurn
1452 3386 1655 3446 supra
1686 3365 2228 3446 propitiatorium,
2287 3370 2344 3431 et
2397 3385 2494 3429 co·

545 3473 691 3518 ram
720 3453 1182 3535 propitiatorio,
1275 3453 1374 3517 16.
1420 3451 1511 3516 Et
1551 3451 1911 3517 emundabit
1943 3452 2373 3515 sanctuarium
2418 3451 2497 3515 ab

546 3538 969 3605 immunditiis
1018 3539 1302 3621 filiorum
1358 3538 1597 3616 Israel,
1654 3542 1710 3603 et
1757 3559 1800 3602 a
1840 3537 2497 3618 praevaricationibus

545 3646 759 3691 eorum
774 3674 790 3702 ,
843 3626 1197 3707 cunctisque
1230 3625 1512 3706 peccatis
1571 3643 1816 3688 eorum:
1871 3623 1964 3688 sic
2017 3642 2252 3704 quoque
2305 3623 2496 3705 faciet

548 3710 935 3777 tabernaculo
976 3711 1386 3776 conventionis
1427 3710 1591 3792 quod
1631 3714 1917 3774 moratur
1956 3728 2098 3774 cum
2128 3711 2222 3773 eis
2262 3711 2332 3773 in
2372 3729 2497 3773 me·

547 3797 656 3862 dio
720 3798 1264 3863 immunditiarum
1319 3816 1546 3863 eorum.
1641 3796 1741 3860 17.
1790 3794 2030 3860 Nullus
2070 3800 2278 3859 autem
2318 3795 2497 3861 homo

550 3884 672 3949 erit
714 3883 782 3948 in
833 3882 1219 3949 tabernaculo
1275 3883 1690 3948 conventionis
1731 3882 1884 3946 dum
1937 3881 2318 3964 inqredietwr
2357 3882 2496 3963 ipse

546 3971 634 4035 ad
675 3970 1144 4035 emundandum
1175 3969 1245 4033 in
1282 3969 1662 4046 sanctuario,
1706 3969 1894 4033 donec
1935 3968 2289 4049 eqrediatur
2329 3968 2497 4050 ipse.-

543 4062 605 4121 et
648 4056 1064 4136 expiationem
1101 4055 1319 4136 fecerit
1349 4074 1470 4136 pro
1513 4075 1580 4118 se
1621 4058 1679 4118 et
1708 4073 1834 4134 pro
1876 4053 2055 4117 domo
2096 4074 2235 4133 sua,
2279 4059 2336 4119 et
2367 4075 2494 4137 pro

543 4142 839 4207 universo
896 4146 1064 4205 coetu
1121 4139 1349 4205 Israel.
1467 4140 1568 4204 18.
1615 4138 1841 4203 Exibit
1895 4143 2102 4203 autem
2158 4141 2243 4205 ad
2295 4139 2495 4206 altare

545 4228 709 4309 quod
750 4233 840 4292 est
879 4246 1087 4292 coram
1131 4225 1398 4291 Iehova:
1440 4230 1496 4291 et
1530 4223 1804 4308 expiabit
1847 4224 2034 4289 illud:
2095 4225 2373 4306 tolletque
2416 4226 2493 4290 de

541 4313 848 4395 sanquine
889 4314 1148 4389 iuvenci,
1194 4332 1269 4377 ac
1310 4313 1386 4377 de
1428 4312 1734 4394 sanquine
1766 4309 1947 4384 hirci,
1992 4316 2048 4375 et
2080 4317 2266 4393 ponet
2301 4332 2494 4394 super

542 4418 776 4464 cornua
819 4399 1048 4465 altaris
1081 4419 1202 4482 per
1242 4398 1587 4464 cirwitum.
1681 4396 1781 4461 19.
1826 4395 2249 4479 Asperqetque
2301 4418 2495 4477 super

547 4483 711 4549 illud
765 4484 841 4548 de
891 4487 1197 4567 sanquine
1247 4485 1373 4562 illo,
1434 4484 1627 4566 diqito
1667 4503 1799 4562 suo,
1852 4487 2079 4562 septem
2115 4483 2372 4559 vicibus,
2419 4503 2493 4549 ac

546 4568 871 4634 mundabit
904 4570 1069 4634 illud
1088 4570 1616 4652 sanctificabitque
1649 4567 1727 4632 ab
1760 4569 2185 4634 immunditiis
2212 4568 2492 4649 filiorum

546 4655 772 4720 Israel.
859 4655 962 4720 20.
1014 4656 1221 4736 Quum
1265 4661 1470 4720 autem
1499 4655 1743 4736 finierit
1773 4655 2031 4735 expiare
2062 4655 2494 4720 sanctuarium

546 4741 1132 4823 tabernaculumque
1194 4743 1608 4808 conventionis
1672 4746 1726 4805 et
1790 4741 2018 4818 altare,
2084 4746 2228 4807 tunc
2290 4742 2497 4824 offeret

544 4828 790 4892 hircum
846 4828 1076 4891 vivum.
1164 4827 1267 4891 21.
1329 4827 1732 4909 Imponetque
1775 4826 2040 4891 Aharon
2094 4829 2311 4892 ambas
2360 4849 2492 4895 ma·

541 4933 666 4978 nus
707 4933 865 4978 suas
905 4933 1097 4995 super
1138 4919 1325 4995 caput
1363 4915 1528 4979 hirci
1569 4914 1733 4995 vivi,
1778 4918 1834 4977 et
1881 4912 2264 4993 confitebitur
2304 4935 2496 4998 super

542 4999 707 5064 illud
748 5019 958 5065 omnes
1000 4999 1361 5080 iniquitates
1396 5000 1677 5079 filiorum
1715 4997 1942 5074 Israel,
1987 5005 2042 5065 et
2075 5020 2280 5065 omnes
2303 5020 2495 5081 prae-

540 5086 954 5151 varicationes
1010 5105 1220 5149 eorum
1273 5105 1415 5149 cum
1470 5085 1753 5149 omnibus
1804 5086 2083 5164 peccatis
2138 5105 2377 5151 eorum.-
2441 5094 2496 5152 et

529 5176 723 5252 ponet
761 5171 882 5237 illa
923 5191 1118 5252 super
1158 5176 1343 5251 caput
1382 5170 1561 5249 hirci,
1604 5190 1679 5235 ac
1719 5171 1945 5235 emittet
1983 5171 2168 5237 illum
2196 5192 2321 5252 per
2361 5193 2495 5238 ma-

2600 613 3098 693 inhabitabilern,
3157 620 3214 681 et
3253 614 3424 680 abire
3469 615 3630 679 sinet
3663 613 3905 680 hircum
3948 614 4134 680 illum
4174 613 4244 678 in
4287 613 4509 680 deserto.

2599 700 2701 766 23.
2764 699 2975 765 Veniet
3014 704 3162 783 post
3218 701 3366 767 haec
3420 700 3687 766 Aharon
3747 701 3819 766 in
3875 699 4337 766 tabernaculum
4394 719 4513 764 con-

2596 786 2932 864 ventionis,
3000 792 3055 851 et
3098 792 3276 852 exuet
3316 807 3381 852 se
3422 786 3693 852 vestibus
3734 787 3940 866 lineis,
3982 787 4209 868 quibus
4249 785 4515 851 induerat

2597 894 2665 939 se
2719 874 2872 939 dum
2925 872 3350 955 in9rederetur
3401 873 3861 952 sanctuarium,
3925 877 3977 937 et
4025 876 4212 954 ponet
4264 891 4367 937 eas
4418 871 4515 938 ibi.

2598 959 2700 1025 24.
2748 958 3130 1040 Lavabitque
3193 978 3441 1024 carnem
3495 979 3680 1025 suam
3741 979 3909 1039 aqua
3974 959 4045 1024 in
4110 957 4236 1023 loco
4298 962 4520 1023 sancto.-

2598 1050 2654 1110 et
2703 1045 2921 1109 induet
2969 1063 3035 1109 se
3087 1045 3355 1109 vestibus
3394 1046 3567 1109 suis.-
3608 1045 3958 1129 eqredietur
3999 1048 4206 1110 autem
4257 1048 4312 1107 et
4353 1043 4523 1124 faciet

2597 1131 3021 1196 holocaustum
3042 1150 3231 1195 suum
3251 1136 3307 1196 et
3317 1132 3564 1212 populi,
3602 1135 3656 1195 et
3677 1131 4092 1211 expiationem
4120 1129 4305 1210 faciet
4329 1149 4445 1210 pro
4463 1147 4523 1194 se

2599 1222 2653 1283 et
2665 1237 2788 1299 pro
2801 1216 3053 1298 populo.
3105 1215 3209 1282 25.
3249 1217 3525 1299 Adipem
3545 1237 3686 1282 vero
3719 1212 3955 1281 hostiae
3978 1236 4104 1297 pro
4126 1220 4367 1298 peccato
4388 1214 4527 1279 ado·

2598 1303 2741 1369 lebit
2781 1322 2969 1384 super
3010 1300 3226 1368 altare.
3315 1302 3419 1368 26.
3474 1303 3597 1384 Qui
3632 1321 3774 1367 vero
3820 1303 4148 1367 deduxerit
4184 1301 4423 1366 hircum
4459 1301 4524 1364 in

2599 1388 2840 1454 Aeazel
2853 1435 2867 1463 ,
2933 1388 3168 1453 lavabit
3227 1390 3587 1454 vestimenta
3650 1408 3802 1472 sua,
3857 1393 4267 1469 posteaquam
4323 1385 4527 1451 laverit

2598 1494 2845 1541 carnem
2887 1494 3071 1538 suam
3111 1495 3277 1557 aqua
3293 1526 3308 1554 ‚
3361 1480 3416 1540 et
3446 1481 3668 1556 postea
3706 1475 4088 1557 inqredietur
4128 1478 4336 1538 castra
4374 1473 4524 1554 ipsa.

2598 1563 2700 1627 27.
2749 1560 3091 1626 Iuvencum
3148 1565 3356 1626 autem
3396 1581 3521 1644 pro
3550 1565 3835 1641 peccate,
3894 1565 3952 1624 et
3991 1558 4238 1624 hircum
4272 1578 4391 1640 pro
4429 1558 4527 1622 de-

2597 1649 2739 1715 licto
2781 1666 3044 1728 quorum
3101 1646 3318 1712 illatus
3366 1648 3565 1728 fuerit
3618 1646 3884 1730 sanquis
3939 1646 4024 1711 ad
4078 1644 4530 1710 emundandum

2576 1735 2670 1809 .in
2727 1734 3116 1809 sanctuaria,
3171 1732 3378 1798 educet
3416 1739 3598 1798 ema
3639 1737 3868 1809 castra,
3924 1736 3980 1796 et
4020 1732 4366 1796 comburent
4407 1729 4531 1813 iqui

2586 1819 2813 1900 pellem
2875 1839 3115 1897 comm,
3194 1823 3252 1884 et
3314 1839 3532 1884 carnes
3598 1838 3845 1895 eorum,
3918 1822 3973 1882 et
4032 1817 4252 1899 fimum
4317 1835 4529 1881 eorum.

2599 1906 2703 1972 28.
2750 1902 2839 1969 Et
2892 1905 3004 1986 qui
3061 1905 3457 1970 combusserit
3512 1925 3616 1981 ea,
3687 1904 3921 1971 lavabit
3982 1903 4343 1969 vestimenta
4404 1921 4529 1981 sua,

2586 1995 2929 2074 postquam
2969 1990 3197 2055 laverit
3237 2011 3488 2057 carnem
3529 2010 3715 2055 suam
3758 2010 3944 2073 aqua,
3990 1994 4045 2055 et
4079 1993 4306 2071 postea
4346 1988 4535 2071 inqre-

2597 2079 2805 2144 dictur
2847 2081 3073 2142 castra.
3162 2076 3266 2142 29.
3314 2076 3584 2158 Eritque
3637 2077 3809 2143 vobis
3853 2077 3925 2140 in
3977 2080 4281 2141 statutum
4324 2092 4535 2155 perpe-

2599 2170 2804 2229 tuum:
2849 2182 3056 2228 mense
3095 2163 3354 2245 septimo
3396 2162 3635 2228 decima
3678 2162 3911 2227 mensis
3953 2162 4255 2245 affliqetis
4298 2161 4539 2226 animas

2599 2254 2870 2315 vestras.-
2925 2269 3117 2331 neque
3170 2269 3328 2331 opus
3368 2249 3570 2315 ullum
3618 2249 3884 2331 facietis,
3924 2248 4228 2332 indiqena
4278 2252 4337 2312 et
4366 2266 4537 2328 pere-

2595 2337 2823 2420 qrinus
2863 2336 2975 2417 qui
3007 2336 3455 2417 pereqrinatur
3498 2337 3566 2400 in
3609 2335 3811 2400 medio
3853 2335 4063 2399 vestri.
4154 2333 4263 2399 30.
4311 2332 4397 2396 In
4435 2330 4539 2397 hac

2601 2423 2764 2487 enim
2834 2422 2939 2486 die
3006 2421 3286 2501 expiabit
3340 2441 3448 2486 vos
3499 2425 3571 2485 ut
3621 2421 3907 2486 emundet
3962 2440 4069 2484 vos
4128 2420 4208 2484 ab
4268 2418 4539 2484 omnibus

2589 2508 2865 2589 peccatis
2906 2508 3144 2585 vestris,
3181 2527 3389 2572 coram
3426 2506 3654 2573 Iehova
3696 2506 4174 2571 mundabimini.
4238 2504 4343 2569 31.
4394 2502 4538 2568 Sab-

2600 2593 2851 2659 bathum
2906 2593 3132 2675 quietis
3185 2598 3277 2658 est
3321 2592 3490 2659 vobis
3508 2641 3522 2669 ‚
3569 2598 3628 2658 et
3678 2593 3972 2676 affliqetis
4014 2593 4271 2657 animas
4310 2595 4539 2656 vestras

2599 2684 2829 2746 statuto
2871 2682 3189 2761 perpetuo.
3281 2679 3382 2743 32.
3427 2677 3740 2760 Expiabit
3796 2678 3961 2742 enim
4018 2678 4315 2743 sacerdos
4371 2693 4542 2758 quem

2599 2766 2853 2831 unxerit
2882 2784 3135 2847 unqens,
3181 2770 3235 2829 et
3269 2765 3454 2830 cuius
3495 2765 3937 2830 consecraverit
3977 2783 4239 2829 manum
4282 2763 4369 2828 ad
4408 2762 4542 2843 fun-

2638 2853 2864 2917 endum
2901 2849 3214 2939 sacrificio
3246 2872 3368 2932 pro
3400 2855 3589 2933 patre
3630 2870 3761 2926 suo,
3806 2851 4140 2931 induetque
4182 2869 4249 2914 se
4283 2848 4541 2914 vestibus

2594 2875 2818 3020 lineis,
2862 2935 3130 3002 vestibus
3170 2939 3426 3002 sanctis.
3517 2936 3618 3001 33.
3664 2936 3755 3000 Et
3796 2935 4072 3017 expiabit
4112 2935 4542 3001 sanctuarium

2600 3023 2952 3091 sanctitatis
2983 3028 3039 3088 et
3080 3022 3547 3090 tabernaculum
3588 3022 4022 3100 conventionis,
4070 3022 4276 3088 altare
4319 3038 4542 3104 quoque

2599 3111 2874 3193 expiabit
2928 3114 2985 3174 et
3025 3109 3369 3174 sacerdotes
3385 3158 3400 3187 ‚
3456 3114 3512 3174 et
3552 3114 3838 3174 cunctum
3867 3109 4182 3192 populum
4222 3128 4543 3190 conqreqa-

2599 3197 2788 3262 tionis
2855 3196 3145 3275 expiabit.
3249 3195 3353 3260 34.
3409 3195 3673 3276 Eritque
3737 3195 3847 3260 hoc
3900 3194 4071 3261 vobis
4125 3195 4196 3260 in
4254 3198 4545 3258 statutum

2591 3287 2963 3363 perpetuum
2979 3330 2994 3359 ,
3039 3281 3126 3346 ad
3167 3281 3635 3347 emundandum
3674 3282 3843 3363 filios
3890 3280 4100 3346 Israel
4144 3281 4225 3345 ab
4270 3278 4544 3345 omnibns

2587 3369 2866 3450 peccatis
2906 3368 3063 3442 suis,
3103 3368 3288 3432 semel
3331 3367 3684 3448 quotannis.
3777 3365 3867 3432 Et
3904 3366 4051 3450 fecit
4097 3365 4312 3432 Moses
4344 3384 4543 3431 secun-

2596 3455 2748 3520 dum
2791 3452 2953 3536 quod
2982 3457 3388 3535 praeceperat
3429 3454 3489 3518 ei
3533 3452 3781 3518 Iehova.

2770 3625 2826 3690 1.
2887 3624 3213 3706 Loquutus
3255 3629 3348 3691 est
3388 3629 3611 3690 autem.
3684 3624 3817 3689 Hic
3860 3624 4116 3707 copiose
4161 3622 4546 3690 describitur

2594 3710 2768 3795 quod
2810 3710 3007 3794 paulo
3053 3720 3204 3776 ante
3252 3711 3455 3776 veluti
3498 3711 3570 3773 in
3618 3717 4005 3775 transcursu
4051 3710 4432 3793 attigimus,
4473 3705 4544 3771 de

2595 3799 2847 3864 solenni
2915 3798 3283 3878 expiatione
3377 3817 3545 3879 quae
3635 3797 3983 3879 quotannis
4056 3796 4264 3861 fiebat
4332 3815 4545 3859 mense

2594 3885 2888 3966 septimo.
2975 3883 3149 3948 Nam
3209 3904 3410 3965 quum
3470 3881 3730 3948 doceret
3780 3881 4001 3947 Moses
4056 3884 4301 3964 quibus
4358 3880 4544 3948 sacri·

2593 3970 2757 4035 ficiis
2800 3968 3124 4034 litandum
3169 3982 3341 4034 esset
3382 3971 3450 4032 in
3497 3969 3789 4051 singulos
3838 3967 3976 4033 dies
4034 3969 4255 4044 festos,
4319 3967 4432 4034 ubi
4472 3964 4545 4030 de

2594 4058 2738 4138 ipso
2798 4055 2903 4120 die
2960 4056 3409 4137 expiationum
3467 4074 3594 4138 quo
3651 4054 4033 4138 affligebant
4091 4056 4353 4119 animas
4406 4071 4545 4118 suas

2596 4142 2906 4224 loquutus
2964 4150 3098 4220 est,
3168 4142 3407 4206 diserte
3464 4140 3721 4224 excepit
3776 4140 3898 4205 hoc
3958 4141 4390 4216 sacrificinm,
4441 4135 4546 4204 sed

2594 4237 2857 4292 tantum
2903 4249 3033 4292 uno
3080 4228 3295 4292 verbo,
3387 4227 3583 4292 Nunc
3629 4228 3850 4309 itaque
3909 4247 4207 4292 seorsum
4269 4227 4447 4291 clara
4486 4231 4546 4287 et

2595 4314 2905 4379 distincta
2949 4313 3268 4395 expositio
3315 4313 3615 4377 traditur.
3673 4314 3821 4378 Etsi
3859 4320 4079 4377 autem
4117 4313 4264 4378 aliis
4301 4330 4544 4396 quoque

2594 4401 2751 4464 anni
2809 4398 3209 4481 temporibus
3273 4399 3709 4482 expiabantur
3766 4409 4030 4482 peccata
4094 4407 4229 4464 tam
4294 4398 4546 4481 'publice

2593 4506 2787 4568 quam
2834 4485 3161 4569 privatim,
3208 4493 3401 4568 atque
3444 4484 3526 4549 ad
3571 4485 3748 4550 hunc
3789 4506 3981 4550 usum
4041 4483 4354 4550 valebant
4398 4503 4544 4566 quo·

2595 4571 2877 4636 tidianae
2924 4571 3246 4650 victimae,
3300 4572 3405 4636 hic
3452 4583 3666 4635 tamen
3731 4572 3895 4635 ritus
3940 4569 4271 4636 solennior
4331 4589 4547 4652 exper-

2593 4658 2890 4742 gefacere
2936 4657 3156 4723 debuit
3200 4658 3425 4741 populi
3472 4668 3745 4734 mentes
3809 4668 3881 4722 ut
3925 4657 4244 4721 attentius
4304 4677 4381 4720 se
4420 4663 4543 4719 toto

2594 4764 2767 4809 anno
2813 4755 3192 4809 exercerent
3237 4746 3304 4807 in
3351 4745 3545 4809 venia
3590 4754 3655 4806 et
3714 4743 4096 4808 remissione
4142 4742 4406 4808 assidue
4448 4760 4544 4822 pe-

2595 4829 2808 4895 tenda.
2916 4831 3094 4913 Ergo
3139 4841 3212 4895 ut
3255 4831 3466 4913 magis
3527 4829 3785 4895 solliciti
3832 4838 4050 4894 essent
4093 4828 4174 4894 de
4232 4822 4543 4912 placando

2595 4917 2755 4996 Dec,
2800 4917 3086 4998 expiatio
3123 4937 3273 4994 una,
3311 4936 3482 4981 anno
3529 4925 3843 4992 vertente,
3890 4925 4155 4997 peracta
4197 4913 4345 4993 fuit,
4389 4933 4544 4995 quae

2594 5002 2877 5084 reliquas
2920 5024 3145 5067 omnes
3180 5002 3483 5066 sanciret.
3574 5002 3927 5066 Caeterum
3988 5022 4115 5084 quo
4172 4998 4544 5084 diligentius

2594 5088 2948 5154 observent
2990 5087 3162 5170 quod
3209 5085 3575 5165 mandatur,
3622 5087 4181 5153 circumstantiam
4240 5083 4545 5168 temporis

2595 5184 2780 5239 notat
2825 5175 3060 5251 Messe,
3104 5174 3318 5256 legem
3363 5174 3557 5237 latam
3597 5195 3739 5239 esso
3775 5195 3856 5239 ex
3902 5194 4029 5256 quo
4074 5171 4391 5237 divinitus
4436 5191 4538 5234 ex-

2596 5260 2819 5324 stincti
2865 5261 3122 5324 fuerant
3163 5256 3391 5323 Nadab
3437 5271 3500 5323 et
3543 5259 3781 5340 Abiud‚
3827 5262 3937 5342 qui
3983 5280 4103 5325 sua
4148 5254 4541 5342 negligentia

2596 5354 2841 5411 temere
2888 5344 3093 5409 altare
3140 5346 3263 5409 Dei
3310 5344 3703 5428 polluerant.
