4867 6150
604 415 728 509 351

599 605 984 690 superstitio
1031 605 1205 689 quod
1254 604 1692 672 substiterunt
1726 603 1958 670 Iudaei
1992 604 2063 669 in
2100 603 2552 670 observatione

604 691 871 757 frivola:
918 711 993 758 ac
1037 693 1095 757 si
1137 690 1283 775 quis
1327 691 1803 757 elementorum
1839 692 2120 776 figuram
2166 688 2390 768 discat,
2439 711 2550 754 ne·

606 798 732 862 que
775 777 846 843 in
889 798 1084 844 usum
1131 777 1600 855 accommodet,
1667 786 1744 842 ut
1799 777 1978 861 legat
2021 775 2191 859 quod
2235 776 2551 858 scriptum

605 870 726 929 est.
817 865 917 930 Ac
973 885 1054 928 ex
1108 884 1333 928 eornm
1390 863 1688 947 exemplo
1754 863 2165 947 cognoscitur
2208 882 2401 945 quam
2448 883 2556 927 cu-

606 948 760 1034 pide
803 950 1123 1032 arripiant
1166 949 1467 1014 homines
1522 968 1944 1033 quaecunque
1996 948 2248 1013 faciunt
2303 948 2385 1013 ad
2432 948 2559 1031 by-

606 1037 890 1119 pocrisin
929 1034 1294 1101 fovendam.
1341 1035 1570 1119 Neque
1609 1036 1782 1101 enim
1827 1045 2083 1099 tantum
2126 1033 2208 1098 ad
2248 1044 2560 1098 terrestre

606 1143 803 1188 suum
859 1122 1199 1205 ingenium
1254 1130 1602 1187 traxerunt
1654 1142 1819 1205 qnae
1874 1120 2064 1185 utilia
2119 1129 2311 1185 erant
2368 1120 2555 1184 adiu-

605 1219 830 1273 menta
905 1207 988 1272 ad
1055 1228 1281 1273 veram
1348 1207 1561 1274 cordis
1627 1207 2078 1291 integritatem
2143 1205 2556 1271 sectandam:

607 1292 723 1358 sed
788 1293 921 1359 illis
987 1313 1121 1358 non
1183 1294 1476 1359 contenti
1495 1346 1511 1374 ,
1591 1302 2062 1360 coacervarunt
2127 1292 2250 1357 sibi
2316 1291 2558 1357 multos

606 1399 1045 1463 supervacuos
1090 1381 1278 1445 ritus.
1323 1379 1504 1446 Hinc
1547 1401 1717 1463 aqua
1760 1378 2121 1462 expiatoria
2163 1377 2272 1443 vel
2316 1378 2557 1442 lustra-

606 1465 689 1529 lis
732 1486 992 1548 semper
1048 1467 1120 1529 in
1165 1487 1319 1543 usu,
1377 1469 1677 1549 quamvis
1722 1465 1968 1530 nullius
2009 1463 2388 1548 pollutionis
2432 1463 2557 1528 sibi

607 1551 849 1618 conscii
894 1563 1147 1616 essent:
1209 1551 1366 1618 hinc
1420 1553 1657 1618 anxius
1715 1551 1897 1617 labor
1937 1551 2011 1615 in
2055 1548 2357 1615 lavandis
2400 1549 2555 1613 cali—

607 1636 793 1703 cibus
819 1645 887 1702 et
922 1638 1192 1720 patinis:
1239 1647 1311 1703 ut
1346 1638 1533 1703 facile
1562 1646 1895 1723 appareat,
1933 1658 2192 1719 semper
2214 1635 2556 1701 hominum

607 1723 768 1789 vitio
836 1723 905 1788 in
971 1721 1245 1790 abusum
1292 1726 1576 1807 torqueri
1621 1722 1796 1809 quod
1839 1722 2026 1788 Deus
2076 1724 2323 1806 optima
2362 1740 2560 1788 causa

609 1808 914 1875 instituit.

1204 2149 1339 2214 Ex
1381 2149 1652 2217 naum.
1697 2148 1967 2237 x1v¹).

785 2322 890 2387 21.
940 2320 1086 2386 Non
1127 2322 1449 2388 comedetis
1493 2321 1692 2387 ullum
1735 2324 2036 2390 cadaver.-
2081 2322 2412 2406 pereyo-ino
2454 2320 2566 2402 qui

613 2411 702 2474 est
757 2409 934 2473 intra
976 2412 1202 2489 portas
1256 2412 1401 2473 tuas
1452 2407 1638 2474 dabis
1687 2409 1882 2484 illud,
1956 2413 2015 2473 et
2064 2408 2327 2474 comedet
2382 2406 2565 2487 illud,

614 2493 992 2646 ἶέιυατὲενῦἰέἔ
1022 2491 1460 2645 tzloieniyenae:
1516 2495 1800 2576 populus
1857 2495 2023 2560 enim
2063 2499 2318 2561 sanctus
2359 2513 2425 2559 es
2470 2492 2568 2558 Ie-

1214 2922 1345 2988 Ex
1389 2920 1690 2988 EXODI
1734 2920 1971 2988 XXII.

789 3093 871 3159 31
904 3094 974 3180 2).
1051 3094 1195 3160 Viri
1252 3095 1455 3160 sancti
1508 3096 1686 3160 eritis
1730 3094 1921 3159 mihi.-
1978 3114 2231 3161 carnem
2283 3095 2350 3159 in
2417 3113 2569 3177 ayro

615 3185 873 3262 raptam
913 3200 1036 3247 mm
1074 3180 1413 3259 comedetiS,
1459 3182 1605 3246 cani
1636 3181 1993 3263 proiicietis
2035 3199 2190 3245 emn.

1203 3523 1336 3590 Ex
1391 3523 1696 3590 LEVIT.
1756 3524 1986 3591 XVII.

798 3695 899 3762 15.
955 3695 1179 3762 Omnis
1241 3696 1461 3762 anima
1518 3717 1677 3778 quae
1727 3695 2052 3762 comederit
2104 3695 2398 3770 cadaver,
2462 3699 2576 3760 aut

622 3788 896 3865 raptum,
939 3786 1068 3848 tam
1111 3782 1187 3848 de
1221 3781 1537 3864 indiyenis
1578 3804 1770 3866 quam
1811 3783 1887 3848 de
1915 3782 2291 3866 peregrinis,
2337 3779 2576 3846 lavabit

620 3870 981 3934 vestimenta
1000 3887 1138 3946 sua,
1182 3866 1292 3932 ubi
1323 3867 1550 3933 laverit
1589 3889 1655 3934 se
1686 3889 1891 3951 aqua.-
1934 3868 2171 3949 eritque
2209 3867 2573 3933 immundus

621 3975 821 4038 usque
863 3954 948 4019 ad
981 3972 1323 4034 vesperam,
1356 3954 1581 4020 deinde
1622 3956 1895 4020 mundus
1937 3954 2069 4018 erit.
2146 3953 2248 4019 16.
2302 3953 2478 4035 Quod
2511 3954 2573 4018 si

621 4062 747 4107 non
788 4040 1014 4106 laverit
1051 4043 1260 4116 vestes,
1306 4042 1363 4103 et
1402 4060 1657 4105 omem
1696 4060 1822 4105 non
1862 4040 2104 4118 laverit,
2132 4039 2410 4120 portabit
2443 4039 2570 4103 ini-

620 4128 919 4210 quitatem
950 4145 1158 4191 suam.

798 4296 997 4362 Deut.
1048 4296 1151 4376 14,
1187 4295 1289 4360 21.
1342 4295 1486 4361 Non
1520 4296 1853 4362 comedetis.
1902 4294 2318 4361 Cadaverum
2342 4304 2409 4361 et
2429 4317 2574 4362 car-

627 4384 729 4449 nis
774 4405 815 4448 a
848 4384 1003 4449 feris
1040 4381 1405 4467 discerptae
1442 4401 1594 4448 esus
1630 4382 1911 4447 refertur
1945 4383 2122 4446 inter
2157 4380 2571 4466 pollutiones.

627 4467 930 4536 Cadaver
986 4479 1206 4534 autem
1272 4468 1577 4535 animalis
1619 4468 1949 4552 intellige,
2008 4467 2178 4551 quod
2236 4469 2342 4532 vel
2403 4469 2575 4533 fame

627 4555 734 4622 vel
782 4553 1010 4620 morbo
1055 4554 1278 4637 periit:
1340 4554 1494 4637 quia
1551 4576 1638 4620 ex
1694 4557 1910 4638 specie
1968 4556 2196 4620 mortis
2240 4554 2577 4621 contraxit

627 4639 1111 4710 immunditiem
1135 4639 1309 4722 quod
1335 4661 1450 4724 per
1493 4661 1562 4707 se
1607 4640 1848 4724 alioqui
1894 4661 2131 4724 purum
2177 4649 2334 4706 erat.
2389 4640 2577 4707 Finis

628 4727 959 4814 praecepti
1002 4725 1336 4809 colligitur
1378 4748 1461 4793 ex
1497 4726 1751 4792 ratione
1796 4747 1948 4791 mox
1995 4726 2219 4791 addita
2262 4726 2416 4809 quia
2444 4726 2580 4792 sint

628 4813 908 4898 populus
952 4821 1219 4877 sanctus
1266 4811 1409 4889 Dei,
1455 4823 1521 4878 et
1557 4813 1691 4877 ritu
1728 4812 2098 4888 ablutionis,
2148 4811 2228 4876 de
2264 4833 2390 4894 quo
2429 4820 2577 4877 tan-

630 4900 779 4966 dem
839 4902 911 4964 in
971 4896 1274 4963 Levitico
1338 4899 1754 4983 praecipitur.
1846 4897 2152 4965 Secundo
2208 4897 2350 4963 loco
2402 4898 2577 4964 idem

630 4985 986 5053 mandatur
1042 4981 1122 5047 de
1177 5003 1372 5048 carne
1425 4997 1614 5066 rapta
1666 4984 1840 5069 quod
1899 4995 2050 5050 ante
2116 4983 2198 5048 de
2241 4985 2579 5063 cadavere,

631 5074 787 5157 quia
869 5068 1285 5137 lacerationis
1364 5066 1642 5136 foeditas
1717 5071 2170 5137 immundities
2257 5082 2580 5137 censetur.

806 5274 869 5413 ἐξ
901 5274 1080 5396 &aba
1106 5274 1461 5398 ggpendence
1497 5274 1593 5328 des
1640 5275 1831 5329 choses
1877 5275 2118 5346 impares
2171 5293 2271 5346 par
2317 5275 2584 5330 accident.

958 5359 988 5396 e
1030 5361 1072 5397 r.
1179 5383 1192 5396 .

2057 415 2434 482 PRIMUM
2503 414 3150 482 PRAECEPTUM.

4372 423 4560 504 ‚352

2655 602 2894 685 Populi
2939 603 3253 671 sanctitas
3297 605 3538 671 iterum
3589 604 3874 671 refertur
3916 627 4046 689 quo
4091 604 4457 691 diligentius
4492 613 4559 679 ab

2655 688 3168 770 inquinamentis
3217 698 3460 756 caveat.
3551 691 3744 759 Unde
3787 694 4081 775 sequitur
4123 695 4562 765 contaminatos

2658 773 2854 839 fuisse
2911 775 3025 856 qui
3082 797 3346 841 carnem
3414 776 3805 860 discerptam
3851 779 4283 844 comederent.
4369 780 4564 865 Itaque

2659 861 2853 924 tertio
2896 860 3036 925 loco
3097 883 3325 927 rursus
3370 865 3721 929 confirmat
3764 863 4158 931 abstinuisse
4202 863 4466 932 Iudmos
4510 877 4567 933 et

2658 945 3022 1028 prohibitos
3046 948 3248 1014 fuisse
3283 948 3363 1013 ab
3399 972 3517 1015 esu
3554 947 3891 1015 cadaveris
3928 950 4033 1016 vel
4069 951 4284 1017 carnis
4320 972 4358 1016 a
4389 952 4568 1020 bestia

2658 1030 3000 1111 laceratae,
3048 1055 3131 1099 ne
3175 1055 3246 1100 se
3289 1034 3674 1117 polluerent.
3763 1035 3901 1101 Nec
3944 1035 4159 1102 obstat
4201 1037 4368 1119 quod
4407 1039 4569 1104 cada-

2663 1120 2837 1184 veris
2888 1129 2953 1184 et
3009 1120 3349 1204 sanguinis
3408 1120 3761 1204 prohibitio
3814 1122 4011 1187 simul
4067 1122 4203 1188 illic
4260 1124 4568 1209 coniungi-

2661 1215 2801 1269 tur:
2859 1205 3011 1288 quia
3064 1207 3307 1271 scimus
3366 1207 3535 1291 apud
3586 1209 3815 1273 Mosen
3875 1229 4006 1273 non
4051 1229 4312 1291 semper
4354 1212 4574 1275 servari

2660 1291 2892 1355 seriem
2930 1290 3000 1354 in
3037 1293 3416 1374 praeceptis,
3462 1293 3575 1359 sed
3617 1293 3981 1377 promiscue
4016 1294 4276 1360 misceri
4313 1316 4468 1377 quae
4505 1297 4573 1362 ad

2661 1375 2954 1442 diversas
2999 1376 3236 1443 classes
3282 1379 3631 1460 pertinent.
3681 1379 3834 1445 Ideo
3876 1379 4339 1462 distinguenda
4378 1382 4577 1448 censui

2659 1482 2823 1544 quae
2882 1462 3176 1529 diversos
3234 1463 3563 1530 habebant
3617 1467 3802 1532 fines.
3891 1466 4089 1532 Certe
4146 1465 4576 1533 dissimilitudo

2660 1568 2826 1630 quae
2870 1569 2952 1613 ex
2994 1569 3204 1633 poena
3246 1549 3523 1627 elicitur,
3570 1552 3786 1634 palam
3834 1565 4131 1634 apparet:
4213 1551 4351 1634 Qui
4392 1574 4577 1619 come·

2662 1633 2832 1698 derit
2873 1635 3282 1718 sanguinem,
3326 1636 3664 1703 excidetur
3699 1658 3737 1701 6
3779 1639 4046 1721 populo:
4092 1639 4205 1720 qui
4250 1639 4579 1705 comederit

2661 1719 2961 1800 cadaver,
3029 1722 3276 1787 lavabit
3337 1742 3432 1801 se,
3499 1733 3567 1788 et
3631 1723 4013 1788 immundus
4077 1723 4207 1789 erit
4259 1746 4459 1808 usque
4512 1723 4582 1789 ad

2663 1826 3024 1887 vesperam.
3074 1807 3176 1871 De
3211 1828 3408 1873 carne
3444 1818 3633 1893 rapta
3669 1808 3774 1874 vel
3806 1808 4348 1893 lacerata-posset
4367 1810 4583 1876 iterum

2665 1891 2916 1957 moveri
2954 1894 3265 1975 quaestio,
3310 1895 3423 1959 sed
3459 1917 3541 1959 ex
3578 1903 3911 1972 contextu,
3954 1917 4102 1961 meo
4137 1896 4398 1974 iudicio,
4445 1895 4587 1960 satis

2663 1986 2863 2060 patet,
2907 1999 3171 2043 carnem
3208 2001 3248 2044 a
3282 1979 3508 2046 bestiis
3543 1980 3892 2046 laceratam
3934 1980 4184 2047 censeri
4219 1981 4397 2047 inter
4428 1980 4586 2047 cibos

2662 2063 3057 2130 immundos.
3107 2064 3302 2129 Ratio
3338 2066 3516 2131 enim
3551 2067 3715 2151 legis
3751 2067 4170 2151 exprimitur,
4231 2070 4387 2151 quia
4419 2065 4591 2133 electi

2665 2149 2733 2214 in
2771 2150 3082 2234 populum
3119 2160 3420 2217 sanctum
3456 2174 3656 2236 puros
3691 2174 3762 2218 se
3792 2162 3855 2218 et
3891 2155 4182 2239 integros
4219 2173 4480 2220 servare
4501 2150 4593 2217 de-

2663 2233 2894 2299 beant:
2962 2257 3084 2303 nec
3150 2237 3331 2303 Deus
3400 2239 3617 2304 cibum
3676 2238 3923 2304 homini
3990 2238 4388 2305 destinatum
4460 2237 4591 2304 cani

2668 2321 2982 2403 proiicere
3025 2322 3309 2388 iuberet:
3371 2325 3500 2389 nisi
3556 2325 3706 2391 tabe
3749 2324 4063 2392 infectum
4122 2347 4291 2409 quae
4357 2334 4593 2390 sanctos

2667 2405 3005 2490 pollueret.
3096 2406 3292 2489 Quod
3349 2418 3566 2475 autem
3626 2413 3959 2494 superiore
4018 2411 4156 2477 loco
4214 2411 4400 2477 iubet
4454 2411 4593 2475 dare

2671 2494 3045 2576 peregrino,
3112 2501 3226 2559 aut
3291 2493 3578 2561 vendere
3641 2496 4046 2579 alienigenae
4105 2505 4181 2562 ut
4246 2496 4594 2572 comedant,

2669 2577 2999 2661 probabile
3044 2600 3173 2644 non
3220 2579 3509 2646 videtur:
3570 2582 3725 2666 quia
3778 2582 3843 2647 id
3889 2592 4031 2648 erat
4075 2603 4432 2666 suggerere
4474 2601 4594 2645 ma·

2671 2664 2904 2729 teriam
2947 2664 3287 2748 peccandi:
3335 2666 3608 2750 perinde
3644 2689 3717 2734 ac
3756 2668 3814 2734 si
3848 2669 3993 2751 quis
4027 2668 4275 2734 furioso
4324 2666 4597 2754 gladium

2674 2752 2980 2836 porrigat,
3026 2761 3141 2816 aut
3175 2772 3423 2818 merces
3458 2753 3720 2820 illicitas
3756 2754 3824 2818 in
3862 2755 4024 2820 alios
4062 2754 4437 2820 transferat.
4484 2748 4597 2819 Sed

2672 2836 2868 2902 huius
2939 2836 3093 2901 nodi
3171 2847 3474 2922 prompta
3547 2849 3648 2905 est
3723 2841 3993 2906 solutio:
4078 2841 4232 2924 quia
4312 2837 4598 2925 gentibus

2674 2921 2858 2987 licuit
2923 2923 3097 2990 vesci
3159 2923 3614 2991 indifferenter
3674 2925 4075 3010 quibuslibet
4138 2927 4337 3005 cibis,
4414 2941 4598 3009 quum

2672 3008 2933 3074 nullum
2989 3010 3151 3094 ipsis
3214 3012 3497 3094 positum
3555 3022 3729 3079 esset
3785 3010 4169 3092 discrimen,
4227 3011 4349 3079 sed
4403 3009 4600 3096 potius

2673 3094 3082 3177 quorundam
3148 3097 3437 3163 ciborum
3515 3097 3865 3182 probibitio
3945 3099 4379 3182 separationis
4452 3102 4601 3163 esset

2675 3190 2832 3244 nota
2874 3182 3049 3247 inter
3089 3183 3266 3266 ipsos
3311 3194 3376 3249 et
3418 3183 3702 3251 electum
3747 3186 3873 3250 Dei
3919 3185 4252 3269 populum.
4372 3181 4601 3250 Diffici-

2673 3265 2799 3330 lior
2842 3271 3123 3351 emergit
3165 3270 3456 3352 quaestio
3513 3293 3596 3335 ex
3642 3273 3854 3355 specie
3899 3272 4412 3355 repugnantiae,
4470 3268 4603 3351 quia

2674 3353 2744 3416 in
2783 3352 2988 3418 altero
3023 3353 3161 3420 loco
3199 3356 3419 3421 Moses
3455 3364 3589 3421 tam
3626 3357 4009 3441 peregrinos
4043 3377 4240 3441 quam
4277 3355 4600 3439 indigenas

2674 3438 2903 3504 eadem
2962 3440 3105 3524 lege
3146 3439 3528 3525 obstringit,
3587 3455 3653 3507 et
3704 3453 4016 3527 utrosque
4058 3444 4440 3508 immundos
4481 3457 4603 3504 esse

2674 3527 3068 3608 pronunciat
3111 3529 3164 3592 si
3210 3526 3490 3593 cadaver
3546 3529 3976 3613 gustaverint.
4065 3529 4325 3595 Verum
4382 3544 4602 3591 memo·

2674 3612 2773 3674 ria
2838 3612 3191 3677 tenendum
3257 3622 3386 3690 est,
3456 3616 3835 3699 peregrinos
3901 3616 4118 3682 vocari
4184 3614 4514 3680 interdum
4572 3629 4606 3672 a

2674 3696 2878 3776 Mose,
2923 3700 3034 3780 qui
3080 3699 3291 3781 legem
3337 3700 3625 3783 amplexi
3671 3711 3874 3780 erant,
3921 3700 4001 3765 ab
4037 3702 4283 3767 exteris
4320 3697 4604 3784 gentibus

2672 3782 2952 3848 oriundi.
3066 3783 3491 3851 circumcisio
3557 3787 3760 3870 igitur
3823 3786 3970 3852 illos
4034 3787 4310 3870 perinde
4377 3780 4609 3851 addixit

2677 3868 2847 3945 Dec,
2907 3890 2983 3936 ac
3037 3871 3093 3935 si
3152 3870 3474 3955 originem
3535 3870 3878 3937 duxissent
3921 3873 4002 3939 ab
4040 3871 4404 3939 Abraham.
4489 3864 4607 3932 Alii

2673 3963 2893 4019 autem
2962 3966 3150 4021 erant
3219 3957 3587 4041 peregrini,
3655 3980 3815 4041 quos
3881 3959 4297 4042 praeputium
4366 3977 4407 4022 a
4472 3951 4609 4020 filiis

2680 4039 2984 4107 Abrahae
3042 4044 3419 4125 separabat,
3477 4051 3791 4128 tanquam
3847 4044 4157 4128 profanos
4212 4054 4284 4108 ct
4342 4041 4605 4123 exleges.

2677 4124 2951 4192 Summa
3030 4138 3162 4206 est,
3251 4130 3621 4212 quicunque
3708 4129 3837 4195 Dei
3915 4151 4155 4195 nomen
4235 4125 4609 4200 obtendunt,

2674 4233 2869 4294 seque
2914 4215 3160 4281 iactant
3202 4235 3346 4280 esse
3391 4236 3476 4280 ex
3521 4216 3661 4281 eius
3707 4215 3943 4299 populo
3962 4265 3979 4297 ,
4034 4223 4301 4282 vocatos
4348 4235 4489 4280 esse
4541 4205 4611 4274 ad

2673 4297 3011 4366 colendam
3071 4300 3513 4381 sanctitatem,
3580 4310 3655 4366 ut
3711 4300 3793 4366 ab
3847 4304 4027 4367 omni
4085 4302 4230 4369 labe
4297 4320 4498 4386 puros
4552 4312 4613 4360 00

2674 4392 3086 4470 conservent.

3275 4728 3409 4793 Ex
3446 4727 3717 4795 unum.
3754 4726 3936 4795 XXI
3962 4727 4033 4815 ι).

2854 4899 2954 4965 10.
3009 4899 3217 4981 Quum
3366 4919 3548 4966 essue
3586 4899 3794 4981 fueris
3860 4899 3944 4964 ad
3984 4898 4212 4965 bellum
4252 4902 4468 4966 coma
4509 4893 4615 4960 ini·

2681 4985 2869 5052 mices
2909 4990 3064 5066 tuos,
3108 4992 3162 5051 et
3394 4987 3407 4999 ‘
3465 4984 4041 5051 eosIehova‘Deus
4081 4990 4230 5051 tuus
4274 4986 4615 5051 tamnus·

2681 5076 2889 5152 tuam,
2952 5076 3007 5137 et
3071 5092 3150 5137 ex
3217 5073 3310 5138 eis
3373 5072 3646 5155 captivos
3710 5070 4083 5137 abduxeris:
4194 5071 4298 5135 11.
4383 5065 4618 5134 Videris

2682 5161 2891 5224 autem
2932 5158 3005 5222 in
3045 5159 3404 5239 captivitate
3444 5156 3768 5223 mulierem
3804 5158 4101 5241 pulcram
4139 5155 4388 5240 foma,
4434 5160 4491 5219 et
4524 5152 4615 5218 de-

2861 5344 2918 5414 1)
2955 5347 3129 5400 Antra
3164 5346 3513 5414 dependence
3547 5344 3618 5399 de
3653 5362 3712 5400 se
3746 5345 3950 5399 maricr
3985 5361 4117 5398 avec
4144 5346 4224 5399 les
4241 5340 4556 5398 incredulos.
