4867 6150
344 433 459 499 125

342 624 443 709 qui
487 620 769 688 scientes
815 629 882 687 et
925 620 1220 687 volentes
1266 619 1644 687 hominibus
1687 619 2009 699 illudunt,
2067 628 2135 682 et
2178 638 2288 684 eos

379 708 445 776 ui
498 708 624 774 sibi
679 708 841 790 ipsis
898 706 1255 773 blanditias
1314 708 1586 785 faciunt,
1657 712 1724 771 et
1777 706 1871 772 sic
1930 703 2288 769 exhorrent

338 732 457 861 {ei
511 792 829 861 iudicium
888 802 962 859 ut
1026 793 1301 858 interior
1355 792 1570 858 cordis
1628 812 1922 858 recessus
1965 790 2286 855 malit-iam

341 890 402 948 et
440 880 847 963 impietatem
896 880 1135 944 foveat.
1202 878 1423 944 Huius
1468 878 1794 945 secundae
1837 885 2034 945 notae
2073 875 2285 960 hypo-

338 968 492 1034 crita
548 966 675 1029 fuit
729 965 1025 1041 Pharao,
1085 966 1197 1048 qui
1261 966 1520 1029 tametsi
1579 986 1663 1029 ex
1722 964 2011 1047 professo
2075 962 2290 1026 noluit

337 1051 437 1118 vel
492 1050 640 1117 Deo
698 1051 803 1116 vel
861 1050 1034 1116 Mosi
1091 1050 1395 1129 illudere,
1462 1051 1617 1134 quia
1675 1061 1894 1114 tamen
1955 1069 2023 1113 se
2068 1048 2285 1130 ipsum

337 1159 462 1205 non
509 1138 815 1215 excussit,
862 1158 995 1201 non
1042 1139 1294 1203 sincere
1336 1146 1669 1219 peccatum
1717 1156 1908 1201 suum
1954 1134 2287 1201 confessus

335 1233 445 1291 est.
550 1223 773 1306 Atque
829 1222 897 1287 id
954 1221 1306 1308 diligenter
1366 1220 1725 1287 notandum
1800 1230 1931 1299 est,
1996 1240 2081 1285 ne
2141 1218 2286 1302 quis

335 1312 587 1377 fucatae
625 1308 1072 1392 poenitentiae
1114 1308 1502 1388 indm-mist,
1571 1330 1648 1373 ac
1707 1308 1763 1372 si
1807 1308 2028 1372 Deum
2072 1304 2285 1388 placa-

333 1405 432 1462 ret
491 1395 872 1477 temporalis
917 1407 1165 1475 metus,
1233 1395 1337 1459 vel
1378 1404 1598 1460 coacta
1643 1393 2001 1459 humilitas.
2092 1389 2285 1472 Quod

333 1503 399 1548 se
440 1482 515 1544 in
561 1481 778 1546 Deum
827 1491 891 1543 et
930 1480 1265 1546 Israelitas
1347 1499 1604 1547 eccasse
1650 1478 1840 1556 dicit,
1892 1478 1987 1542 ita
2044 1476 2285 1541 resolvi

334 1567 543 1644 debet,
591 1567 787 1631 fuisse
833 1567 902 1630 in
949 1565 1167 1632 Deum
1227 1589 1293 1631 re
1341 1566 1552 1645 ellem,
1616 1567 1769 1648 quia
1813 1565 2053 1628 iniuste
2113 1562 2283 1627 affli-

331 1654 499 1718 xerit
550 1652 856 1735 populum
905 1673 1096 1734 quem
1158 1652 1267 1717 ille
1326 1653 1397 1717 in
1457 1672 1678 1717 curam
1727 1650 2052 1733 fidemque
2096 1669 2282 1714 suam

332 1750 689 1821 receperat.
758 1738 910 1803 Etsi
956 1739 1130 1802 enim
1177 1758 1309 1802 non
1356 1747 1499 1802 erat
1544 1759 1584 1802 a
1610 1736 1951 1821 prophetis
1995 1733 2281 1811 edoctus,

334 1824 596 1890 tenebat
655 1836 872 1888 tamen
933 1825 1332 1906 principium
1381 1822 1575 1888 illud:
1632 1823 1786 1906 quia
1841 1823 2027 1887 Deus
2086 1820 2282 1886 claris

330 1918 391 1976 et
453 1908 827 1994 insignibus
891 1910 1226 1975 miraculis
1283 1910 1659 1975 ostenderat
1714 1907 2030 1992 populum
2094 1906 2283 1972 illum

331 1996 449 2064 sub
537 1995 746 2060 tutela
825 2004 892 2059 et
975 1995 1382 2079 protectione
1469 2015 1589 2060 sua
1671 2014 1846 2069 esse,
1927 1993 2154 2076 iniqua
2217 2006 2283 2056 et

329 2083 678 2167 tyrannica
742 2080 920 2146 illius
983 2080 1407 2165 oppressione
1474 2082 1713 2146 factam
1778 2101 1920 2145 esse
1969 2077 2280 2143 iniuriam

326 2178 603 2250 patrono
647 2175 712 2230 et
755 2164 1027 2233 custodi.
1117 2167 1238 2233 Bis
1280 2188 1437 2251 ergo
1473 2188 1543 2232 se
1579 2187 1766 2231 reum
1804 2165 2065 2244 fatetur,
2109 2162 2281 2248 quod

324 2254 389 2319 in
447 2252 764 2336 populum
817 2253 1018 2317 fuerit
1072 2253 1386 2332 crudelis,
1453 2266 1519 2318 et
1580 2253 1802 2319 Deum
1867 2250 2067 2334 impie
2133 2271 2283 2317 con-

325 2340 685 2422 tempserit.
785 2338 932 2404 Hoc
985 2361 1183 2404 verae
1232 2339 1752 2422 resispiscentiae
1810 2338 2044 2402 fuisset
2102 2336 2281 2401 testi-

324 2426 625 2490 monium
689 2424 745 2488 si
812 2446 894 2490 ex
946 2447 1110 2508 puro
1175 2425 1593 2510 ingenuoque
1658 2423 1895 2488 affectu
1962 2422 2277 2488 fluxisset.

320 2511 489 2577 Nam
556 2520 882 2594 peccator,
948 2518 1181 2594 sponte
1240 2533 1312 2578 se
1369 2508 1764 2576 damnando:
1835 2508 1963 2574 Dei
2036 2507 2278 2574 iudicio

321 2597 628 2665 occurrit.
719 2597 1082 2663 Humilitas
1128 2599 1321 2662 etiam
1389 2599 1462 2662 in
1505 2617 1583 2662 ea
1624 2604 1813 2680 parte
1856 2616 1986 2660 non
2033 2593 2278 2659 medio-

321 2685 444 2749 cris
505 2694 815 2766 apparet.
883 2681 1040 2749 dum
1100 2684 1482 2766 suppliciter
1541 2682 1802 2746 veniam
1869 2691 2173 2763 precatur
2240 2701 2280 2745 a

319 2770 534 2837 Mose.
624 2769 842 2834 Rarae
887 2770 1057 2834 enim
1106 2771 1373 2835 virtutis
1416 2769 1554 2848 fuit,
1605 2769 2132 2851 potentissimum
2181 2787 2281 2831 re-

317 2877 463 2941 gem
510 2876 592 2920 se
635 2855 728 2919 ita
762 2852 1147 2919 submittere
1186 2855 1436 2919 homini
1469 2855 1745 2920 obscuro
1781 2864 1847 2917 et
1882 2860 2275 2935 contempto,

322 2942 487 3027 quod
549 2961 746 3024 saepe
803 2940 1137 3024 gregarios
1191 2941 1402 3007 facere
1466 2939 1688 3024 pudet.
1778 2938 1914 3006 Sed
1958 2938 2109 3021 quia
2167 2959 2278 3004 cor

321 3028 576 3095 occulta
642 3027 972 3111 pravitate
1038 3024 1253 3092 adhuc
1317 3035 1461 3093 erat
1536 3024 1930 3110 implicitum
2009 3023 2276 3091 fraudu-

318 3115 532 3180 lenter
577 3113 771 3197 signa
813 3135 931 3197 pro
975 3133 1046 3176 re
1090 3113 1235 3196 ipsa
1269 3121 1574 3180 ostentat.
1623 3113 1844 3193 Quare
1883 3133 2016 3177 non
2054 3112 2278 3176 imme—

320 3201 445 3267 rito
457 3197 686 3266 David
708 3197 910 3285 (Psal.
928 3198 1030 3276 32,
1056 3198 1144 3286 2),
1171 3199 1280 3265 ubi
1307 3200 1568 3266 beatum
1584 3198 1919 3282 praedicat
1945 3197 2279 3263 hominem

324 3288 427 3354 cui
461 3287 746 3353 remissa
790 3293 945 3351 sunt
987 3293 1251 3368 peccata
1294 3296 1362 3352 et
1394 3287 1584 3351 cuius
1609 3293 1816 3350 tectae
1853 3291 2010 3350 sunt
2043 3283 2279 3365 iniqui-

320 3381 505 3452 tates,
554 3370 753 3437 simul
798 3371 1154 3437 exclamat:
1191 3370 1275 3437 In
1319 3371 1508 3439 cuius
1530 3372 1769 3456 spiritu
1790 3391 1922 3436 non
1947 3376 2047 3436 est
2066 3366 2275 3435 dolus.

319 3459 551 3543 Itaque
612 3471 686 3523 ut
722 3458 883 3538 Deo,
943 3458 1127 3523 cuius
1180 3459 1520 3541 proprium
1580 3466 1680 3524 est
1737 3455 1932 3522 corda
1975 3454 2278 3535 scrutari,

318 3547 675 3628 probemus
721 3554 1011 3609 nostram
1059 3544 1561 3628 poenitentiam,
1631 3543 1956 3608 discamus
2000 3541 2170 3607 serio
2213 3548 2280 3606 et

317 3635 585 3714 penitus
632 3651 748 3694 nos
785 3632 1201 3708 examinare,
1250 3652 1331 3695 ne
1373 3651 1500 3713 qua
1544 3630 1727 3695 intus
1768 3628 2139 3714 hypocrisis
2181 3628 2278 3693 la-

316 3727 466 3782 teat.
565 3715 762 3797 Quod
818 3715 1028 3782 addit:
1089 3716 1572 3781 Tantummodo
1618 3716 1742 3782 hac
1786 3717 1960 3793 vice,
2021 3714 2105 3780 ad
2151 3719 2278 3779 tes-

318 3801 591 3868 tandam
638 3802 796 3868 recti
833 3803 1037 3866 animi
1071 3802 1505 3868 constantiam
1542 3802 1860 3886 pertinet:
1906 3821 1983 3866 ac
2025 3801 2083 3867 si
2128 3810 2281 3866 ante

318 3911 386 3954 se
430 3886 761 3973 perfidum
806 3889 1007 3953 fuisse
1053 3908 1449 3971 agnoscens,
1511 3889 1924 3971 promitteret
1979 3907 2050 3954 se
2108 3887 2280 3952 bona

316 3976 445 4041 fide
506 3974 779 4059 posthac
837 3974 1441 4056 obtemperaturum
1499 3973 1660 4040 Deo.
1759 3972 1955 4040 Unde
2027 3971 2279 4057 colligi-

316 4082 484 4139 mus,
556 4059 867 4142 reprobos
930 4081 1064 4124 non
1125 4060 1272 4126 ideo
1338 4059 1615 4127 subinde
1671 4059 1920 4126 reverti
1980 4057 2063 4124 ad
2127 4078 2279 4125 suos

319 4168 541 4213 mores
601 4159 667 4210 et
721 4147 1061 4229 ingenium
1128 4145 1302 4229 quod
1367 4147 1502 4212 vim
1573 4156 1637 4211 et
1701 4157 2008 4210 naturam
2084 4165 2279 4212 verae

317 4232 776 4298 conversionis
833 4234 1163 4317 ignorent,
1224 4233 1340 4299 sed
1384 4233 1539 4316 quia
1589 4232 1824 4317 spiritu
1866 4230 2279 4298 rectitudinis

318 4320 547 4399 vacui,
609 4337 722 4384 cor
773 4317 1021 4383 habent
1063 4320 1433 4384 flexuosum
1478 4328 1544 4384 et
1587 4326 1981 4385 contortum.
2068 4317 2277 4383 Porro

317 4406 443 4472 sibi
501 4412 788 4469 mortem
836 4413 1246 4487 praesentem
1307 4405 1552 4470 auferri
1610 4405 1930 4470 duntaxat
1986 4404 2277 4488 cupiens,

318 4490 592 4558 videtur
653 4491 979 4574 integram
1048 4511 1200 4556 cum
1266 4491 1409 4556 Deo
1487 4489 2081 4557 reconciliationem
2148 4511 2275 4554 non

316 4576 682 4644 admodum
736 4595 1000 4642 curare:
1062 4576 1257 4643 sicuti
1312 4577 1405 4641 im
1452 4577 1532 4643 iis
1575 4597 1717 4643 mos
1761 4583 1862 4641 est
1904 4576 2127 4641 odium
2170 4575 2277 4642 vel

314 4664 621 4731 favorem
666 4663 793 4728 Dei
840 4682 974 4727 non
1009 4662 1273 4740 morari,
1330 4684 1363 4728 s
1487 4683 1760 4728 manum
1800 4662 2120 4727 duntaxat
2163 4683 2278 4727 ex-

314 4749 727 4817 horrescere.
813 4748 995 4832 Ergo
1034 4746 1115 4814 de
1159 4748 1353 4833 culpa
1417 4769 1716 4827 securus,
1782 4756 2037 4813 tantum
2095 4755 2280 4831 optat

316 4856 607 4921 poenam
651 4854 692 4898 a
733 4853 803 4899 se
846 4833 1076 4918 procul
1120 4835 1314 4919 abigi.

499 4921 605 4986 18.
650 4918 742 4986 Et
781 4941 1067 5004 egressus
1109 4925 1216 4987 est.
1282 4920 1594 4986 Diximus
1637 4943 1755 4987 cur
1796 4926 2067 4986 sanctus
2111 4918 2276 4984 Pro·

316 5008 528 5091 pheta
574 5005 806 5072 orandi
851 5026 1048 5072 causa
1093 5028 1131 5072 a
1167 5028 1322 5092 rege
1358 5006 1757 5074 discesserit:
1818 5007 1971 5089 quia
2028 5006 2279 5072 scilicet

314 5094 646 5178 indignus
687 5100 832 5158 erat
872 5113 1093 5158 coram
1138 5114 1264 5176 quo
1308 5113 1565 5159 sacrum
1610 5092 1741 5158 Dei
1806 5112 2047 5158 nomen
2088 5092 2274 5158 invo-

318 5188 615 5246 caretur.
726 5179 832 5246 Ita
879 5202 960 5245 ue
1024 5180 1466 5262 precationem
1532 5179 1751 5245 Moses
1817 5200 1934 5262 pro
2000 5199 2077 5244 eo
2141 5199 2274 5244 non

317 5264 632 5347 concepit
691 5284 821 5348 quo
924 5275 1183 5348 putaret
1247 5287 1331 5330 ex
1384 5266 1606 5330 animo
1673 5285 2096 5345 conversum,
2159 5262 2276 5331 sed

319 5360 397 5417 ut
464 5352 652 5417 viam
715 5348 863 5417 Deo
927 5353 1324 5435 patefaceret
1402 5350 1484 5417 ad
1564 5351 1849 5436 reliquos
1910 5351 2270 5419 conflictus.

1535 427 2285 497 COMMENTARIUS
2330 428 2427 492 IN
2477 426 2778 492 EXODI
2824 427 3021 493 CAP.
3069 426 3159 493 X.

4218 433 4342 498 126

2391 616 2718 699 Equidem
2764 617 2825 683 si
2868 617 3022 682 dat-a
3066 625 3293 684 sancto
3339 618 3482 683 viro
3525 619 3755 686 fuisset
3795 622 3990 703 optio,
4050 643 4181 687 non
4227 623 4343 689 du-

2390 703 2526 768 bito
2582 724 2701 786 pro
2756 703 3078 787 singulari
3136 705 3645 771 mansuetudine
3710 706 3803 772 sic
3846 708 4046 774 fuisse
4090 707 4342 775 anima-

2389 797 2532 853 tum
2578 801 2653 853 ut
2695 787 2974 854 libenter
3017 790 3390 855 consuleret
3432 792 3705 875 tyranni
3749 792 3966 871 saluti,
4033 792 4146 858 sed
4191 796 4344 878 quia

2389 874 2470 940 de
2536 874 2795 958 perdita
2871 875 3011 941 eius
3086 874 3528 942 obstinatione
3605 879 3940 947 oraculum
4023 879 4339 961 audierat,

2388 961 2602 1027 solum
2693 960 2772 1024 ad
2864 960 3323 1026 illustrandam
3392 963 3521 1029 Dei
3600 966 3956 1047 potentiam
4043 964 4342 1033 intentus

2386 1046 2533 1112 fuit.
2622 1046 2762 1112 Nec
2826 1067 2982 1112 vero
3050 1046 3317 1113 dubium
3389 1058 3490 1113 est
3543 1050 3868 1134 singulari
3927 1050 4193 1135 spiritus
4236 1051 4339 1117 in-

2388 1133 2636 1198 stinctu
2703 1132 2920 1215 ipsum
2983 1153 3234 1211 orasse,
3302 1133 3506 1202 donec
3559 1136 3772 1201 factus
3827 1144 3931 1202 est
3981 1139 4217 1204 certior
4260 1136 4340 1205 de

2387 1219 2620 1283 ultimo
2667 1227 2837 1284 actu.
2926 1219 3020 1284 Et
3055 1228 3333 1284 eventus
3377 1219 3780 1287 demonstrat
3816 1241 3947 1287 non
3987 1232 4233 1289 temere
4268 1226 4341 1289 in

2387 1317 2606 1370 aerem
2653 1308 2856 1370 iactas
2898 1304 3102 1371 fuisse
3144 1325 3403 1389 preces:
3451 1307 3607 1389 quia
3641 1308 3862 1373 statim
3907 1310 4194 1393 purg'ata
4215 1309 4343 1375 fuit

2386 1399 2564 1456 terra
2604 1390 2889 1456 locustis.
2948 1390 3051 1456 De
3096 1401 3294 1457 vento
3339 1393 3722 1458 occidentali
3758 1394 3930 1460 idem
3979 1395 4338 1461 tenendum

2387 1477 2559 1560 quod
2630 1476 2710 1541 de
2774 1477 3101 1542 contrario
3166 1499 3376 1561 nuper
3443 1477 3749 1545 diximus.
3859 1480 4089 1564 Neque
4162 1483 4336 1547 enim

2387 1562 2608 1646 exigui
2677 1562 2990 1645 temporis
3047 1564 3246 1629 flatus
3309 1562 3392 1627 ad
3458 1564 3708 1631 tant'am
3779 1565 4132 1632 colluviem
4192 1588 4338 1650 pro-

2385 1647 2738 1732 fligandam
2788 1650 3087 1714 sufficere
3132 1658 3408 1733 poterat,
3453 1651 3564 1715 sed
3612 1653 3796 1717 Deus
3853 1652 4096 1718 visibili
4158 1674 4337 1739 sym-

2384 1734 2531 1800 bolo
2586 1742 2896 1800 testatum
2957 1736 3113 1801 fecit
3168 1756 3239 1800 se
3298 1736 3367 1800 in
3413 1745 3758 1821 utramque
3851 1750 4059 1803 artem
4105 1760 4335 1806 exora-

2386 1830 2526 1885 tum
2573 1821 2773 1886 fuisse
2817 1823 2995 1887 servi
3031 1822 3132 1887 sui
3170 1821 3358 1899 votis,
3405 1832 3599 1905 atque
3634 1821 3758 1889 hac
3837 1844 3874 1888 e
3908 1844 4105 1890 causa
4149 1825 4330 1890 seda-

2384 1915 2520 1973 tam
2568 1927 2711 1975 esse
2757 1906 3028 1972 cladem.
3118 1907 3328 1973 Maris
3362 1909 3547 1974 rubri
3594 1911 3859 1974 nomine
3904 1909 4122 1975 sinum
4168 1914 4334 1977 Ara-

2384 1992 2599 2059 bicum
2645 1993 2861 2058 notari
2905 1992 3066 2059 satis
3122 2003 3351 2058 notum
3409 2003 3526 2060 est.
3616 1994 3942 2061 Hebraeis
4031 2008 4100 2064 io
4146 2019 4335 2062 voca-

2384 2088 2526 2157 tur,
2586 2079 2694 2142 vel
2746 2100 2785 2144 a
2833 2078 3048 2144 iuncis
3096 2089 3162 2143 et
3205 2081 3495 2146 ‘carectis
3544 2082 3780 2165 quibus
3817 2081 3989 2147 abun
4039 2094 4106 2147 at
4146 2083 4252 2148 vel
4297 2105 4337 2149 a

2385 2164 2776 2242 turbinibus,
2836 2165 2987 2247 quia
3034 2175 3311 2247 utroque
3360 2188 3556 2232 sensu
3613 2189 3852 2232 nomen
3903 2168 4024 2233 hoc
4079 2169 4337 2252 capitur

2381 2251 2455 2315 in
2500 2251 2867 2334 scripturis,
2912 2251 3082 2332 quod
3130 2252 3185 2315 si
3230 2250 3437 2316 latine
3478 2260 3737 2318 vertere
3780 2254 4065 2337 placeat,
4111 2255 4331 2319 dicen-

2383 2337 2540 2402 dum
2594 2338 2722 2403 erit
2780 2336 3074 2422 algosum
3134 2346 3200 2401 et
3248 2337 3554 2404 iunceum
3629 2360 3808 2405 mare
3862 2339 3969 2405 vel
4034 2342 4331 2407 turbino-

2382 2443 2551 2489 sum.
2642 2422 2991 2489 Caeterum
3038 2423 3193 2507 quia
3236 2424 3305 2486 in
3345 2436 3482 2490 tam
3524 2425 3771 2490 furiosa
3813 2426 4173 2510 pertinacia
4228 2428 4331 2492 in-

2381 2506 2689 2574 credibile
2754 2516 3134 2591 portentum
3201 2508 3359 2590 fuit,
3448 2511 3691 2576 diserte
3757 2512 4155 2595 exprimitur
4220 2534 4333 2581 cor

2381 2595 2525 2661 eius
2576 2615 2614 2658 a
2650 2595 2793 2659 Deo
2827 2594 3036 2661 fuisse
3071 2593 3482 2677 obduratum,
3526 2606 3603 2661 ut
3637 2597 3966 2664 discamus
4001 2598 4082 2662 ad
4120 2599 4332 2664 horri-

2380 2681 2511 2746 bile
2553 2680 2721 2746 illud
2774 2679 3085 2746 iudicium
3131 2703 3583 2764 expavescere,
3630 2683 3784 2749 dum
3843 2683 4031 2768 impii
4085 2685 4332 2751 scilicet

2382 2767 2615 2852 spiritu
2652 2768 3000 2851 vertiginis
3044 2769 3357 2852 correpti,
3408 2770 3647 2849 Deum,
3703 2771 3887 2836 cuius
3932 2790 4173 2836 nomen
4220 2792 4329 2837 eos

2378 2855 2734 2931 exanimat,
2771 2853 2983 2938 magis
3019 2873 3094 2920 ac
3129 2855 3341 2940 magis
3378 2855 3693 2921 lacessere
3730 2876 3866 2920 non
3910 2855 4234 2923 dubitant.

2554 3024 2658 3092 21.
2711 3023 2888 3091 Tunc
2928 3024 3098 3091 dixit
3142 3024 3370 3093 Iehova
3415 3025 3502 3092 ad
3547 3025 3800 3093 Mosen.-
3864 3026 4146 3096 Extende
4191 3049 4329 3095 ma·

2380 3133 2531 3177 num
2575 3118 2751 3177 tuam
2792 3114 2864 3176 in
2905 3112 3138 3178 eoelum
3151 3164 3168 3191 ,
3230 3118 3301 3178 at
3351 3114 3479 3178 sint
3542 3113 3821 3179 tenebrae
3861 3134 4054 3197 super
4095 3120 4330 3180 terram

2382 3198 2669 3282 Aeqypti,
2713 3201 2766 3262 et
2797 3198 3019 3281 palpet
3058 3199 3339 3264 tenebras
3364 3196 3426 3285 ¹).
3503 3199 3607 3265 22.
3653 3199 3742 3265 Et
3793 3200 4063 3266 eoetendit
4119 3200 4332 3268 Moses

2381 3305 2641 3349 manum
2682 3304 2867 3349 suam
2908 3284 2979 3349 in
3023 3283 3282 3349 coelum.-
3329 3289 3385 3349 et
3423 3285 3681 3361 fuerunt
3721 3287 3998 3351 tenebrae
4039 3286 4329 3370 caliyino-

2381 3391 2490 3435 sae
2525 3371 2594 3435 in
2636 3374 2763 3435 tota
2806 3375 2978 3435 terra
3024 3368 3291 3454 Aeyypti
3325 3371 3528 3437 tribus
3569 3371 3804 3438 diebus.
3891 3371 3995 3439 23.
4047 3372 4191 3438 Non
4232 3375 4328 3438 vi-

2380 3457 2558 3523 debat
2599 3455 2757 3522 alter
2799 3456 3084 3534 alterum,
3139 3477 3334 3539 neque
3374 3463 3784 3524 surrexerunt
3826 3461 4085 3541 quisque
4129 3480 4161 3524 e
4205 3459 4328 3525 loco

2379 3563 2495 3608 suo
2526 3541 2730 3607 tribus
2770 3542 3019 3607 diebus:
3062 3546 3129 3607 at
3169 3542 3454 3608 omnibus
3491 3544 3651 3625 filiis
3687 3544 3898 3610 Israel
3933 3550 4066 3610 erat
4108 3546 4223 3612 lua:
4257 3546 4329 3611 in

2378 3628 2751 3694 habitaculis
2791 3630 2948 3693 suis.
3037 3628 3143 3693 24.
3199 3629 3371 3694 Tunc
3413 3631 3736 3696 accersivit
3783 3629 4040 3696 Pharao
4085 3630 4328 3707 Mosen,

2379 3720 2438 3781 et
2476 3715 2676 3780 dixit:
2720 3715 2834 3791 Ite,
2879 3716 3102 3779 servite
3147 3715 3424 3795 Iehovae‚
3466 3720 3706 3781 tantum
3741 3736 3933 3800 pecus
3973 3723 4242 3782 vestram
4274 3722 4330 3783 et

2380 3804 2730 3866 armentum
2787 3804 3061 3865 vestrum
3122 3802 3496 3868 remanebit:
3558 3804 3747 3867 etiam
3800 3803 4066 3883 parvuli
4135 3804 4329 3869 vestri

2380 3886 2558 3952 ibunt
2589 3885 2916 3952 vobiscum.
3005 3886 3109 3951 25.
3156 3888 3468 3970 Dixitque
3512 3886 3725 3953 Moses
3739 3914 3758 3953 .·
3808 3889 3908 3953 Tu
3940 3910 4178 3971 quoqne
4214 3890 4327 3955 da-

2381 3974 2478 4039 bis
2529 3972 2600 4036 in
2644 3990 2836 4036 mana
2892 3978 3111 4037 nostra
3153 3975 3475 4055 sacrificia
3510 3978 3566 4038 et
3606 3973 3974 4053 holocausta,
4019 3980 4089 4039 ut
4127 3976 4329 4057 faeia-

2381 4078 2524 4124 mus
2561 4057 2825 4123 Iebovae
2861 4056 2995 4123 Deo
3029 4064 3254 4125 nostro.
3330 4060 3433 4125 26.
3475 4060 3748 4143 Insuper
3778 4060 4050 4142 pecudes
4082 4065 4329 4128 nostrae

2380 4145 2558 4211 ibunt
2607 4141 2952 4221 nobiscum,
3019 4164 3143 4211 non
3197 4147 3532 4212 remanebit
3587 4145 3855 4230 unqala:
3910 4148 4062 4227 quia
4121 4166 4199 4210 ex
4260 4166 4328 4212 eo

2380 4231 2758 4313 accipiemus
2800 4231 2886 4295 ad
2927 4230 3240 4296 colendam
3277 4232 3571 4298 Iehovam
3614 4231 3823 4297 Deum
3864 4237 4171 4297 nostrum:
4219 4251 4330 4298 nos

2379 4322 2585 4384 autem
2626 4317 2939 4383 nescimus
2979 4337 3102 4398 quo
3141 4317 3406 4384 colemus
3450 4316 3762 4396 Iehovam,
3820 4316 4005 4384 donec
4036 4338 4329 4400 pervene-

2378 4405 2585 4470 rimas
2626 4403 2796 4468 illue.
2852 4402 2987 4468 27.
3047 4402 3135 4466 Et
3176 4404 3488 4470 roboravit
3524 4402 3754 4469 Iehova
3796 4422 3900 4469 cor
3948 4402 4327 4483 Pharaonis,

2377 4510 2573 4572 neque
2634 4488 2827 4555 voluit
2878 4488 3190 4555 dimittere
3239 4490 3400 4556 illos.
3503 4489 3606 4554 28.
3681 4489 3767 4555 Et
3820 4490 3987 4556 dixit
4035 4489 4329 4556 Pharao:

2381 4575 2620 4642 Recede
2686 4597 2726 4641 a
2789 4595 2887 4639 me
2900 4624 2914 4651 ,
2980 4594 3127 4640 eave
3197 4575 3309 4640 tibi
3366 4597 3442 4639 ne
3495 4576 3774 4657 amplias
3828 4575 4046 4642 videas
4097 4577 4328 4659 faeiem

2378 4682 2584 4728 meam
2600 4709 2615 4736 ,
2660 4681 2785 4745 qua
2839 4662 3005 4726 enim
3047 4661 3150 4728 die
3189 4661 3430 4727 videbis
3468 4661 3696 4743 faciem
3738 4682 3957 4741 meam,
4015 4661 4323 4728 morieris.

2378 4749 2483 4814 29.
2533 4747 2879 4831 Respondit
2922 4746 3135 4812 Moses
3148 4772 3167 4811 .·
3212 4747 3476 4814 Rectum
3518 4748 3768 4825 dixisti,
3812 4767 3937 4816 non
3978 4749 4192 4814 videbo
4226 4747 4325 4813 ul-

2379 4840 2480 4902 tra
2510 4836 2741 4918 faeiem
2782 4837 2974 4898 tuam.

2547 5007 2655 5073 21.
2729 5004 2904 5071 Twne
2979 5006 3146 5071 dixit
3223 5003 3472 5071 Iehova.
3603 5005 3735 5072 Hic
3821 5004 4325 5071 denunciatione

2378 5093 2618 5159 omissa
2677 5112 2958 5174 poenam
3003 5092 3185 5158 Deus
3229 5091 3496 5176 infligit:
3569 5091 3725 5175 quia
3780 5091 4100 5157 fallaciter
4151 5090 4322 5156 dicto

2377 5201 2447 5245 se
2514 5179 2888 5244 audientem
2954 5177 3095 5243 fore
3159 5177 3570 5261 promiserat.
3682 5178 3862 5262 Ergo
3925 5198 4127 5261 quum
4188 5183 4323 5241 tam

2550 5366 2608 5436 1)
2643 5367 2718 5421 In
2753 5370 3028 5438 maraine.-
3061 5366 3177 5436 Vel,
3230 5371 3289 5420 et
3325 5367 3617 5436 palpentur
3650 5365 3926 5420 tenebrae.
