4867 6150
374 447 461 512 49

373 644 598 702 autem
683 634 790 700 hic
868 635 1158 701 continet
1242 633 1506 699 uberem
1591 633 2008 719 amplamque
2088 635 2327 702 doctri-

370 741 563 786 nam:
636 720 886 804 quoties
955 720 1022 785 in
1089 741 1212 801 nos
1277 722 1583 787 atrociter
1639 721 1941 787 homines
2006 723 2327 806 saeviunt,

370 827 512 871 non
563 808 705 873 sine
748 804 876 871 Dei
920 805 1191 872 consilio
1247 805 1370 871 hoc
1415 806 1735 883 accidere,
1794 809 1945 890 quia
1997 819 2328 874 momento

368 894 863 959 mansuefacere
947 914 1057 958 eos
1146 904 1395 976 posset:
1485 891 1643 958 dare
1720 892 1925 977 igitur
1996 894 2326 960 licentiam

369 1001 605 1044 eorum
650 978 962 1043 saevitiae
1002 979 1155 1061 quia
1203 977 1285 1043 ad
1331 1000 1449 1045 nos
1492 978 1906 1063 castigandos
1960 979 2064 1045 vel
2113 980 2327 1045 humi-

369 1063 632 1130 liandos
677 1067 767 1129 ita
813 1063 1095 1147 expedit.
1184 1063 1475 1130 Rursum
1518 1064 1672 1131 hinc
1706 1064 2074 1149 colligimus
2110 1066 2328 1131 nullos

374 1172 519 1217 esse
564 1150 753 1216 nobis
790 1149 1011 1216 hostes
1046 1159 1183 1215 tam
1223 1152 1552 1216 immanes
1583 1163 1648 1216 et
1682 1152 2011 1227 barbaros,
2048 1173 2326 1234 quorum

370 1236 680 1302 ferociam
727 1236 1023 1302 cicurare
1068 1234 1211 1301 Deo
1257 1237 1447 1301 facile
1489 1258 1622 1302 non
1668 1238 1758 1303 sit
1801 1259 1876 1303 ac
1930 1250 2324 1322 promptum.

370 1323 523 1388 Hoc
568 1325 624 1388 si
672 1322 858 1387 nobis
902 1342 1059 1386 vere
1102 1328 1486 1406 persuasum
1534 1333 1726 1402 esset,
1770 1343 2008 1389 arcano
2053 1323 2181 1389 Dei
2224 1325 2328 1387 in-

372 1408 617 1475 stinctu
664 1409 790 1474 huc
834 1418 899 1473 et
943 1408 1101 1475 illuc
1144 1410 1310 1473 verti
1355 1407 1701 1474 hominum
1761 1410 1989 1488 corda,
2058 1432 2188 1474 non
2233 1410 2329 1474 ita

377 1515 965 1577 expavesceremus
1009 1493 1091 1558 ad
1136 1515 1362 1560 eorum
1399 1495 1578 1574 odia,
1641 1495 1855 1561 minas
1914 1507 1980 1560 et
2025 1503 2326 1573 terrores,

375 1601 501 1646 nec
556 1602 782 1646 eorum
839 1590 1017 1645 metu
1076 1589 1211 1644 tam
1271 1580 1509 1646 leviter
1566 1582 1647 1648 ab
1692 1581 1907 1647 officio
1954 1580 2326 1646 deflectere·

373 1689 541 1732 mus.
637 1670 853 1748 Atque
896 1666 1058 1731 haec
1102 1665 1448 1749 trepidatio
1492 1666 1668 1733 iusta
1710 1677 1809 1733 est
1850 1666 2328 1733 incredulitatis

372 1774 643 1832 merces,
690 1753 800 1818 ubi
843 1753 912 1816 in
937 1750 1065 1819 Dei
1107 1750 1526 1834 providentia
1563 1774 1693 1818 non
1722 1752 2130 1836 quiescimus.
2177 1753 2329 1818 Etsi

371 1850 594 1904 autem
634 1851 1005 1904 nostrarum
1053 1837 1339 1921 partium
1387 1852 1485 1903 est
1521 1837 1677 1904 darc
1719 1859 1985 1921 operam
2022 1850 2099 1904 ut
2133 1840 2329 1904 comi-

369 1933 475 1990 ter
537 1926 721 1990 nobis
775 1925 1065 1989 omnium
1123 1924 1407 2008 gratiam
1476 1925 1931 2003 conciliemus,
1991 1926 2324 1991 sciendum

370 2021 595 2077 tamen
642 2019 756 2089 est,
825 2018 1051 2075 nostra
1095 2009 1422 2075 industria
1463 2031 1597 2075 non
1642 2010 1969 2076 conciliari
2012 2010 2327 2090 favorem,

371 2098 500 2164 nisi
546 2096 729 2162 Deus
772 2094 969 2163 corda
1013 2095 1302 2161 inclinet.

547 2183 652 2249 22.
698 2180 787 2247 Et
817 2181 1165 2265 postulabit
1204 2181 1449 2247 mulier.
1540 2180 1797 2262 Quibus
1844 2182 2107 2248 videtur
2167 2181 2326 2248 haec

373 2270 635 2335 ditandi
657 2269 879 2352 populi
922 2268 1092 2332 ratio
1128 2268 1418 2333 iustitiae
1442 2265 1571 2333 Dei
1609 2289 1844 2351 parum
1869 2276 2325 2347 consentanea,

371 2377 611 2440 parum
647 2355 772 2438 ipsi
818 2354 1234 2419 considerant
1275 2375 1471 2437 quam
1517 2353 1651 2419 late
1693 2362 1911 2437 pateat
1950 2354 2201 2419 iustitia
2246 2353 2326 2420 de

373 2462 504 2524 qua
546 2442 921 2524 loquuntur.
1008 2440 1252 2504 Fateor
1314 2441 1454 2504 eius
1519 2460 1662 2505 esse
1767 2441 2086 2523 roprium,
2156 2441 2326 2505 tueri

374 2529 482 2593 ius
526 2549 722 2593 suum
766 2526 1019 2609 cuique,
1068 2525 1411 2609 prohibere
1455 2525 1646 2601 furta,
1754 2546 2020 2591 amnare
2063 2526 2325 2591 fraudes

374 2620 442 2680 et
497 2613 779 2696 rapinas.
893 2610 1028 2677 Sed
1088 2611 1421 2676 videamus
1488 2611 1800 2694 quidnam
1863 2612 1950 2678 sit
1992 2613 2320 2695 cuiusque.

372 2699 543 2780 Quis
569 2720 763 2764 suum
785 2719 927 2764 esse
970 2697 1239 2763 iactabit
1282 2698 1414 2764 nisi
1458 2697 1627 2781 quod
1674 2698 1878 2763 aDeo
1923 2697 2146 2763 datum
2173 2698 2320 2762 est?

372 2798 443 2851 et
487 2785 749 2868 quidem
794 2797 868 2849 ut
912 2784 1202 2866 precario
1245 2782 1621 2866 possideant
1664 2784 1909 2868 singuli
1956 2784 2130 2867 quod
2181 2785 2324 2850 Deo

372 2871 621 2955 placet,
681 2870 789 2936 cui
846 2869 1124 2936 liberum
1179 2879 1280 2935 est
1335 2870 1613 2954 singulis
1658 2876 2007 2936 momentis
2065 2870 2325 2936 auferre

371 2955 550 3040 quod
608 2956 803 3021 dedit.
908 2954 1295 3038 Spoliarunt
1354 2955 1644 3022 Hebraei
1702 2958 2090 3042 Aegyptios:
2151 2957 2208 3022 si
2254 2956 2323 3022 hi

374 3051 739 3127 querantur
804 3040 1045 3108 factam
1112 3040 1235 3107 sibi
1299 3040 1644 3121 iniuriam,
1713 3042 2131 3127 expostulent
2174 3062 2323 3108 cum

371 3130 519 3196 Deo
563 3127 733 3212 quod
778 3149 898 3194 sua
944 3128 1257 3193 beneficia
1301 3128 1382 3192 ab
1426 3128 1588 3213 ipsis
1633 3127 1715 3194 ad
1759 3129 1920 3196 alios
1964 3130 2323 3195 transtule-

370 3216 478 3281 rit.
570 3213 1005 3281 Audiendane
1048 3215 1175 3278 erit
1216 3213 1379 3280 haec
1423 3214 1862 3297 querimonia,
1930 3213 2188 3294 Deum,
2254 3216 2324 3280 in

369 3301 565 3369 cuius
607 3321 805 3366 manu
852 3306 1008 3364 sunt
1048 3300 1214 3365 fines
1259 3308 1495 3378 terrae,
1543 3301 1654 3383 qui
1700 3322 1814 3383 pro
1850 3301 2127 3386 imperio
2164 3323 2326 3384 gen-

372 3389 553 3454 tibus
597 3388 761 3452 fines
804 3387 1148 3462 terminat,
1205 3384 1314 3469 qui
1370 3406 1560 3470 reges
1604 3385 1687 3451 ad
1730 3386 1842 3451 ino
1887 3387 2019 3451 iam
2067 3385 2327 3469 redigit,

372 3474 669 3558 privasse
740 3471 1053 3556 quosdam
1125 3470 1427 3536 homines
1509 3408 1909 3554 supellectile
1978 3481 2047 3538 et
2101 3472 2324 3539 vasis?

372 3559 678 3624 Affertur
722 3580 761 3622 a
802 3556 1187 3640 quibusdam
1236 3556 1366 3621 alia
1411 3556 1721 3636 defensio,
1758 3558 1927 3641 quod
1965 3558 2134 3624 nihil
2171 3559 2327 3625 alie·

373 3666 537 3711 num
585 3644 921 3726 rapuerint
955 3642 1262 3719 Hebraei,
1309 3642 1423 3707 sed
1468 3643 1754 3709 debitam
1800 3644 1923 3710 sibi
1959 3645 2326 3711 mercedem

375 3731 776 3813 acceperint:
854 3729 1008 3811 quia
1066 3729 1287 3811 inique
1346 3728 1556 3793 adacti
1623 3729 1886 3796 fuerant
1950 3729 2034 3796 ad
2100 3752 2328 3815 operas

378 3816 677 3894 serviles,
723 3825 789 3880 et
823 3815 1111 3880 tenuiter
1153 3813 1620 3880 victitaverant
1668 3815 1746 3880 de
1791 3838 1928 3881 suc.
2017 3817 2108 3882 Et
2151 3828 2329 3884 certe

374 3923 655 3985 aequum
714 3901 841 3966 fuit
899 3901 1117 3984 aliquo
1177 3901 1387 3984 pretio
1446 3921 1668 3966 eorum
1715 3901 2004 3967 laborem
2049 3903 2327 3986 pensari.

376 3986 513 4054 Sed
559 3986 722 4052 nihil
767 4007 931 4069 opus
974 3995 1076 4052 est
1125 4007 1207 4050 ex
1249 3986 1395 4068 lege
1438 3988 1767 4053 communi
1812 3990 2159 4054 aestimare
2202 3989 2332 4055 Dei

375 4072 726 4153 iudicium,
785 4071 1047 4155 quando
1090 4071 1222 4137 iam
1268 4073 1487 4138 visum
1532 4081 1633 4138 est
1673 4073 1880 4157 ipsius
1925 4095 2067 4141 esse
2102 4095 2331 4140 omnes

378 4158 610 4225 mundi
656 4159 901 4242 copias,
956 4167 1033 4223 ut
1096 4158 1372 4243 singulis
1416 4168 1641 4243 eroget
1681 4169 1998 4243 quantum
2042 4159 2327 4226 libuerit.

378 4244 615 4328 Neque
704 4254 924 4309 tamen
998 4244 1126 4309 hoc
1215 4242 1408 4309 modo
1492 4265 1644 4310 eum
1745 4245 1909 4311 facio
2012 4246 2327 4325 exlegem,

377 4332 504 4396 etsi
565 4351 761 4414 supra
819 4351 1045 4396 omnes
1099 4329 1278 4415 leges
1323 4330 1567 4396 eminet
1611 4331 1751 4398 eius
1797 4342 2111 4415 potestas,
2178 4332 2331 4415 quia

378 4427 601 4482 tamen
648 4417 953 4482 voluntas
997 4417 1135 4482 eius
1179 4416 1543 4482 certissima
1585 4427 1684 4483 est
1738 4420 2063 4501 perfectae
2108 4418 2329 4502 aequi-

378 4503 537 4568 tatis
584 4501 827 4586 regula,
874 4501 1308 4568 rectissimum
1356 4512 1456 4566 est
1510 4502 1824 4586 quidquid
1886 4505 2071 4569 facit:
2131 4514 2330 4589 atque

375 4588 528 4654 ideo
580 4587 835 4673 legibus
872 4588 1125 4653 solutus
1168 4600 1286 4666 est,
1331 4590 1486 4670 quia
1527 4589 1671 4672 ipse
1727 4590 1848 4655 sibi
1873 4604 1883 4617 ·
1911 4599 1979 4655 et
2028 4589 2330 4657 omnibus

374 4674 489 4740 lex
534 4684 653 4740 est.
740 4673 969 4757 Neque
1030 4675 1225 4739 etiam
1284 4672 1671 4758 simpliciter
1725 4675 1867 4741 dico
1911 4697 2058 4741 cum
2094 4676 2328 4761 Augu-

376 4759 573 4840 stino,
633 4759 1015 4826 mandatum
1061 4760 1190 4826 Dei
1234 4780 1375 4826 esse
1420 4759 1501 4824 de
1543 4781 1671 4845 quo
1715 4783 1847 4826 non
1890 4773 1990 4826 est
2033 4762 2326 4828 iudican-

377 4846 559 4923 dum,
605 4845 721 4911 sed
766 4847 871 4911 cui
925 4855 1025 4912 est
1067 4846 1668 4928 obtemperandum,
1714 4848 1864 4929 quia
1907 4848 2098 4913 novit
2131 4870 2325 4931 quam

374 4932 552 4998 iuste
619 4932 917 4997 mandet:
997 4933 1170 4998 servi
1229 4945 1446 4997 autem
1513 4941 1613 4998 est
1675 4932 2049 4999 obedienter
2114 4934 2329 4999 facere

378 5017 701 5101 quidquid
759 5017 1044 5083 mandat.
1136 5019 1311 5083 Vere
1369 5017 1629 5101 quidem
1691 5019 1813 5084 hoc
1871 5019 2142 5098 dicitur,
2211 5019 2324 5085 sed

379 5102 743 5170 tenendum
803 5121 903 5168 est
959 5103 1116 5169 illud
1178 5103 1372 5169 altius
1428 5105 1853 5187 principium,
1921 5128 2125 5187 quum
2189 5106 2329 5172 sola.

380 5191 508 5258 Dei
597 5189 983 5255 liberalitate
1070 5189 1312 5273 singuli
1399 5190 1779 5273 possideant
1865 5191 2038 5275 quod
2134 5213 2326 5257 suum

380 5284 653 5353 vocant,
710 5276 968 5341 nullum
1025 5296 1166 5340 esse
1224 5276 1560 5342 iustiorem
1713 5276 2001 5343 ssidendi
2059 5278 2324 5344 titulum

378 5383 577 5446 quam
622 5384 703 5426 ex
748 5365 886 5427 eius
933 5361 1295 5426 donatione.
1384 5363 1532 5427 Non
1643 5364 1891 5429 icemus
1937 5384 2092 5447 ergo
2137 5385 2322 5447 prae-

588 5462 808 5518 Caluini
834 5478 1020 5532 opera.
1099 5462 1213 5519 Vol.
1250 5462 1476 5518 XXIV.

1566 444 2311 515 COMMENTARIUS
2355 448 2456 514 IN
2500 448 2803 515 EXODI
2844 448 3041 515 OAP.
3087 448 3202 516 IV.
3311 449 3320 460 '

4305 450 4402 518 50

2437 638 2623 703 datas
2667 660 2808 705 esse
2853 638 3159 704 mulieres
3193 638 3535 705 Hebraeas
3579 637 3751 722 quod
3802 660 3913 704 eas
3957 659 4215 704 sumere
4258 640 4400 705 ius-

2433 724 2522 789 sit
2577 723 2795 805 Deus,
2855 733 2922 789 et
2978 725 3149 808 quod
3209 725 3338 791 illis
3397 724 3630 809 largiri
3677 724 3908 789 voluit:
3974 726 4124 808 quia
4166 733 4388 789 autem

2431 832 2563 875 non
2614 809 2741 875 nisi
2788 809 2869 876 de
2907 832 3023 876 suo
3068 810 3348 895 largitus
3392 822 3527 887 est,
3584 812 3872 876 iniustus
3916 833 4045 876 non
4100 810 4393 876 censebi-

2433 910 2565 961 tur.
2671 895 2801 962 Ubi
2872 897 3037 962 verti
3100 896 3466 981 hospitem,
3531 896 3796 980 quidam
3857 896 4393 963 cohabitatricem

2429 993 2715 1064 ponunt:
2784 1003 2903 1048 nec
2949 1002 3342 1066 magnopere
3387 982 3469 1048 ad
3504 1006 3647 1049 rem
3691 984 4009 1066 pertinet,
4076 983 4228 1064 quia
4293 1004 4379 1047 ex

2428 1066 2640 1133 altera
2704 1088 2864 1132 voce
2944 1069 3275 1151 colligitur
3342 1070 3702 1151 permixtos
3779 1070 3982 1134 fuisse
4065 1068 4386 1135 Hebraeis

2430 1153 2815 1237 Aegyptios.
2927 1154 3009 1217 In
3071 1155 3199 1220 fine
3255 1176 3507 1234 versus,
3559 1158 3709 1238 quia
3760 1154 4061 1220 hebraice
4114 1155 4383 1235 legitur:

2429 1238 2701 1304 Ponetis
2760 1261 2958 1323 super
3015 1240 3183 1306 filios
3230 1251 3481 1306 vestros
3527 1252 3592 1307 et
3658 1261 3856 1324 super
3899 1240 4069 1306 filias
4115 1253 4391 1320 vestras,

2427 1324 2567 1389 fere
2612 1325 3133 1409 interpretantur
3177 1348 3403 1393 omnes
3428 1324 3703 1393 Ornare.
3791 1327 3933 1411 Ego
3961 1347 4117 1391 vero
4164 1325 4383 1410 potius

2430 1411 2714 1476 arbitror
2758 1413 2971 1485 notari
3019 1433 3324 1497 magnam
3372 1433 3567 1496 opum
3616 1413 4005 1496 congeriem,
4053 1434 4127 1477 ac
4172 1413 4226 1477 si
4252 1412 4387 1478 dic-

2432 1507 2573 1561 tum
2618 1509 2818 1563 esset:
2867 1494 3018 1561 Non
3065 1499 3254 1564 modo
3299 1499 3738 1581 impetrabitis
3781 1506 4095 1581 quantum
4143 1499 4390 1580 poteri-

2431 1582 2519 1646 tis
2563 1581 2857 1734 humeilis
2899 1596 3176 1667 gestare,
3222 1584 3335 1651 sed
3381 1583 3741 1651 onerabitis
3785 1584 3981 1649 etiam
4027 1585 4198 1650 filios
4245 1606 4392 1651 ves-

2430 1680 2569 1734 tros
2613 1680 2681 1734 et
2722 1671 2767 1735 fi
2796 1671 2911 1735 ias.

3172 2009 3473 2077 CAPUT
3516 2009 3641 2076 IV.

2605 2182 2660 2247 1.
2715 2183 2888 2248 Tunc
2927 2183 3243 2263 respondit
3285 2181 3512 2262 Mose-e,
3557 2186 3612 2247 et
3655 2180 3846 2245 dixit.-
3909 2178 4030 2245 Sed
4088 2197 4215 2244 ecce
4256 2198 4383 2243 non

2427 2267 2671 2334 credent
2725 2267 2917 2347 mihi,
2973 2289 3164 2351 neque
3219 2268 3492 2334 obedient
3549 2268 3680 2333 voci
3736 2286 3908 2331 meae
3961 2266 4115 2346 quia
4154 2265 4384 2330 dicent.-

2430 2352 2576 2419 Non
2620 2355 2924 2438 apparuit
2964 2354 3077 2420 tibi
3099 2354 3346 2420 Iehova.
3409 2355 3467 2418 2.
3516 2353 3604 2418 Et
3645 2353 3810 2417 dixit
3850 2351 3936 2417 ad
3956 2371 4096 2417 eum
4119 2350 4384 2416 Ielzova:

2434 2439 2600 2520 Quia
2621 2446 2709 2506 est
2749 2439 2856 2507 hoc
2887 2441 2960 2506 in
2993 2460 3191 2506 manu
3231 2439 3390 2506 tua?
3437 2438 3725 2515 Etdioeit,
3751 2437 4062 2503 Baculus.
4109 2436 4170 2502 3.
4202 2437 4382 2503 Tunc

2425 2526 2624 2591 dixit.-
2672 2526 2921 2592 Proiice
2963 2546 3105 2592 emm
3144 2528 3217 2592 in
3260 2533 3514 2591 terram.
3581 2523 3669 2589 Et
3698 2524 3971 2605 proiecit
4013 2525 4082 2589 in
4125 2528 4381 2602 terram,

2425 2615 2485 2675 et
2521 2611 2730 2693 factus
2772 2618 2862 2678 eet
2902 2632 3157 2694 serpens
3199 2617 3253 2678 et
3302 2613 3470 2695 sapit
3514 2610 3727 2677 Moses
3768 2630 3811 2675 a
3852 2613 4175 2690 conspectu
4223 2609 4381 2674 eius.

2427 2697 2489 2762 4.
2536 2696 2626 2761 Et
2666 2698 2829 2763 dixit
2873 2698 3106 2764 Iehova
3148 2699 3234 2763 ad
3257 2697 3514 2764 Mosen.-
3557 2696 3840 2762 Extende
3881 2714 4143 2761 manum
4184 2699 4379 2772 tuam,

2426 2788 2486 2848 et
2528 2783 2915 2865 apprehende
2957 2785 3224 2850 caudam
3265 2785 3418 2849 eius.
3479 2782 3569 2847 Et
3600 2782 3872 2847 extendit
3891 2802 4149 2847 manum
4176 2800 4380 2860 suam,

2427 2874 2487 2968 et
2542 2870 2947 2952 apprehendit
3002 2891 3183 2936 eum.-
3237 2875 3292 2935 et
3344 2869 3554 2951 factus
3606 2873 3695 2933 est
3749 2868 4009 2933 baculus
4072 2866 4144 2932 in
4185 2885 4384 2931 mnu

2396 2954 2584 3021 'etna
2671 2955 2728 3022 5.
2792 2954 2872 3023 Ut
2911 2956 3162 3022 credant
3203 2956 3364 3037 quod
3397 2954 3772 3038 apparuerit
3813 2953 3928 3018 tibi
3949 2951 4179 3017 Iehova
4201 2952 4382 3018 Deus

2420 3045 2680 3124 patrum
2742 3043 3030 3124 ipsorum
3045 3092 3060 3119 .
3128 3041 3310 3109 Deus
3374 3040 3703 3107 Abraham
3719 3090 3734 3120 ‚
3798 3039 3979 3104 Deus
4040 3036 4260 3119 Isaac,
4326 3042 4384 3104 et

2429 3127 2612 3193 Deus
2655 3127 2862 3195 Iacob.
2953 3129 3013 3195 6.
3061 3128 3150 3193 Et
3190 3128 3359 3195 dixit
3402 3125 3632 3193 Iehova
3674 3125 3774 3190 illi
3815 3144 4107 3190 rursum.-
4175 3122 4382 3189 Indue

2427 3233 2595 3279 nunc
2656 3234 2917 3281 manum
2992 3221 3168 3280 tuam
3231 3216 3300 3279 in
3366 3214 3579 3279 sinum
3642 3218 3837 3277 tuum.
3963 3209 4055 3274 Et
4120 3210 4381 3275 induxit

2428 3319 2686 3365 manum
2728 3321 2916 3366 suam
2957 3302 3027 3366 in
3068 3302 3280 3366 sinum
3321 3320 3541 3374 suum,
3588 3303 3641 3363 et
3679 3316 3804 3364 ecce
3845 3315 4074 3361 manus
4116 3296 4254 3361 eius
4297 3295 4378 3360 le-

2419 3405 2624 3465 prosa
2668 3389 2857 3468 quasi
2895 3388 3029 3452 nix.
3122 3388 3179 3453 7.
3225 3385 3315 3450 Et
3357 3386 3483 3451 ait.-
3531 3384 3751 3450 Reduc
3792 3401 4051 3447 manum
4084 3385 4260 3446 tuam
4293 3381 4381 3448 ad

2429 3472 2642 3536 sinum
2698 3480 2893 3539 tuum.
2995 3472 3084 3538 Et
3143 3472 3397 3537 reduxit
3457 3490 3715 3535 manum
3777 3489 3960 3534 suam
4024 3467 4109 3533 ad
4163 3467 4381 3550 sinum

2383 3599 2395 3620 .
2427 3576 2617 3622 suum
2634 3583 2653 3622 .·
2694 3563 2748 3623 et
2779 3565 3118 3642 postquam
3160 3558 3434 3624 extraxit
3474 3579 3506 3621 e
3546 3559 3696 3622 sinu
3737 3576 3851 3622 suo
3866 3607 3882 3635 ,
3926 3573 4069 3633 ecce,
4127 3573 4381 3619 reversa

2427 3648 2520 3708 eet
2558 3643 2719 3710 sicut
2761 3665 2905 3710 caro
2947 3646 3099 3712 eius,
3180 3645 3239 3710 8.
3289 3643 3376 3708 Et
3419 3643 3539 3708 erit
3569 3643 3632 3707 si
3664 3661 3789 3707 non
3829 3638 4206 3706 crediderint
4246 3639 4379 3719 tibi,

2429 3748 2621 3810 neque
2678 3731 3010 3796 obedierint
3048 3732 3181 3796 voci
3222 3730 3396 3813 siyni
3424 3728 3687 3811 prior-te,
3753 3727 3998 3792 credent
4038 3725 4169 3789 voci
4211 3726 4382 3809 siqui

2419 3816 2810 3895 posterioris.
2899 3817 2960 3883 9.
3005 3815 3156 3882 Erit
3199 3819 3436 3894 autent,
3491 3815 3552 3879 si
3610 3833 3725 3878 non
3769 3811 4149 3878 crediderint
4190 3812 4380 3876 etiam

2428 3900 2670 3968 duobus
2710 3903 2914 3985 eiynis
2956 3903 3118 3980 istis,
3175 3922 3369 3984 neque
3411 3901 3746 3967 obedierint
3801 3899 3938 3962 voci
3995 3902 4139 3962 tuae
4153 3948 4168 3976 ,
4233 3902 4380 3964 tunc

2429 3988 2698 4069 accipies
2754 4009 2835 4054 ex
2887 3989 3078 4071 aquis
3124 3989 3311 4069 fluvii
3326 4039 3341 4067 ,
3410 3992 3466 4052 et
3519 3986 3796 4067 effundes
3848 3986 3918 4048 in
3974 3982 4259 4047 aridam.-
4324 3987 4382 4047 et

2428 4078 2612 4139 crearet
2656 4094 2857 4155 aquae
2912 4095 3073 4156 quae
3114 4074 3460 4156 sumpseris
3514 4094 3545 4136 e
3595 4070 3822 4151 fluvio,
3888 4073 4069 4134 erunt
4110 4068 4382 4151 inquam

2427 4161 2695 4243 sanquis
2735 4161 2808 4225 in
2850 4162 3058 4226 arida.

2604 4333 2664 4397 1.
2717 4332 2891 4398 Tunc
2946 4332 3279 4415 respondit.
3389 4330 3655 4396 Recitat
3713 4327 3834 4392 hoc
3894 4326 4102 4408 capite
4159 4326 4381 4393 Moses

2431 4438 2624 4499 quam
2670 4427 3059 4485 cunctanter
3103 4418 3245 4483 Deo
3289 4418 3601 4499 paruerit,
3649 4435 3776 4478 non
3823 4411 4201 4495 pervicacia,
4260 4412 4378 4479 sed

2431 4504 2798 4569 timiditate.
2908 4504 3138 4587 Neque
3218 4505 3424 4580 enim,
3512 4511 3588 4567 ut
3664 4499 3878 4564 solent
3956 4498 4378 4565 refractariae

2429 4589 2709 4668 bestiae,
2768 4590 2997 4673 iugum
3052 4590 3330 4665 excutit,
3389 4588 3501 4654 sed
3566 4586 3698 4651 huc
3741 4585 3899 4649 illuc
3934 4581 4244 4658 declinat,
4290 4607 4377 4651 ne

2428 4676 2552 4741 sibi
2621 4687 2901 4760 aptetur.
2991 4680 3210 4758 Atque
3284 4675 3438 4739 hinc
3502 4673 3735 4737 melius
3801 4670 4167 4752 perspicere
4222 4670 4379 4737 licet

2428 4771 2674 4844 quanta
2728 4762 3109 4828 infirmitate
3165 4760 3584 4832 laboraverit,
3648 4773 3719 4822 ut
3774 4756 3936 4822 fides
3992 4754 4133 4819 eius
4175 4777 4380 4841 prope

2428 4858 2602 4913 esset
2658 4849 2992 4914 suffocata.
3083 4849 3189 4913 Ab
3247 4868 3378 4912 una
3421 4847 3681 4929 quidem
3726 4855 3912 4927 parte
3961 4841 4378 4909 voluntarius

2425 4935 2553 4998 fuit
2596 4955 2671 5000 ac
2712 4954 3076 5017 propensus
3121 4933 3200 4997 ad
3248 4932 3663 5015 obsequium:
3723 4929 3832 4994 sed
3882 4948 4083 5010 quum
4129 4929 4376 4995 arduae

2425 5018 2845 5086 difficultates
2887 5028 3116 5086 contra
3153 5018 3575 5096 obsisterent,
3633 5037 3717 5080 ex
3777 5015 3900 5079 hac
3944 5013 4122 5078 lucta
4164 5036 4376 5079 emer-

2426 5127 2580 5190 gere
2625 5127 2754 5171 non
2801 5107 3028 5189 potuit,
3074 5103 3280 5171 donec
3323 5101 3816 5188 tergiversando
3862 5099 4105 5183 effugia
4147 5101 4371 5165 omnia

2426 5200 2762 5256 tentasset.
2864 5192 3003 5258 Nec
3062 5207 3237 5256 certe
3296 5202 3398 5255 est
3453 5213 3572 5256 cur
3616 5187 3804 5254 valde
3849 5187 4165 5249 miremur
4219 5208 4376 5251 eum

2427 5276 2510 5342 ad
2578 5290 2832 5360 tempus
2905 5279 3271 5344 restitasse:
3351 5297 3549 5358 quum
3615 5275 3731 5339 vix
3796 5272 4004 5336 ullum
4070 5284 4378 5338 cerneret

2424 5384 2662 5447 operae
2684 5384 2841 5430 suae
2882 5365 3184 5447 pretium.
3254 5362 3500 5428 Debuit
3545 5361 3826 5445 quidem,
3870 5359 4094 5432 fateor,
4130 5357 4378 5425 clausis

4181 5563 4204 5595 Χ
