4867 6150
516 433 643 500 307

518 623 673 689 vult
707 621 776 687 in
821 623 1145 688 rationem
1181 621 1429 689 venire.
1495 621 1680 689 Hace
1716 643 1849 688 non
1885 622 2050 688 levis
2085 623 2209 687 fuit
2244 641 2472 705 poena,

519 717 599 776 ut
643 708 723 774 de
777 708 1039 794 integro
1083 717 1306 774 votum
1367 707 1622 774 solvere
1681 709 2000 792 inciperet
2055 708 2167 792 qui
2226 707 2487 774 nullius·

520 794 754 878 culpae
797 816 953 860 reus
996 804 1157 860 erat.
1226 795 1498 859 Praeter
1543 795 1856 879 temporis
1901 797 2239 873 iacturam,
2283 794 2476 860 sacri·

525 883 744 948 ficium
790 902 1046 963 quoque
1101 880 1437 959 adiicitur,
1500 901 1628 962 quo
1686 903 1756 946 se
1815 880 1899 946 ad
1956 901 2195 945 novam
2250 901 2475 946 conse·

525 968 888 1032 crationem
946 975 1291 1049 praeparet
1349 966 1461 1048 qui
1527 966 1820 1049 pollutus
1877 965 2019 1032 fuit.
2123 964 2259 1031 Sed
2324 967 2480 1049 quia

526 1053 897 1120 voluntaria
920 1062 1061 1116 erat
1081 1052 1498 1130 consecratio,
1535 1073 1727 1118 nemo
1763 1052 1843 1117 de
1879 1050 2226 1119 immodico
2261 1052 2479 1135 rigore

528 1139 840 1221 conqueri
896 1139 1142 1222 potuit,
1200 1138 1306 1202 cui
1366 1159 1435 1203 se
1498 1138 1667 1203 ultro
1713 1139 2126 1204 submiserat.
2224 1137 2481 1202 [nterea

528 1233 866 1291 ostensum
924 1224 1048 1289 fuit
1105 1244 1300 1308 quam
1358 1223 1645 1307 pretiosa
1688 1225 1830 1290 Deo
1887 1233 2061 1289 esset
2117 1223 2334 1290 cultus
2376 1223 2481 1288 sui

528 1313 804 1395 puritas.
867 1310 1059 1375 Duae
1097 1321 1463 1392 pronuntur
1498 1310 1843 1376 hebraicae
1880 1332 2070 1377 voces
2092 1331 2174 1375 ex
2199 1309 2482 1374 diversis

527 1395 888 1472 radicibus,
948 1397 1252 1478 quamvis
1313 1397 1451 1460 sint
1506 1395 1739 1461 affines
1799 1397 2092 1461 eiusdem
2151 1395 2481 1479 significa-

528 1482 754 1547 tionis:
800 1502 929 1563 qua
973 1481 1282 1564 loquendi
1327 1482 1536 1547 forma
1581 1480 1814 1547 melius
1857 1483 2228 1565 exprimere
2274 1480 2484 1546 voluit

528 1567 753 1633 Moses
840 1567 1253 1650 inopinatum
1343 1568 1577 1633 mortis
1674 1589 1919 1634 casum.
2051 1567 2221 1632 Nam
2311 1565 2481 1649 quod

528 1654 715 1737 prius
768 1653 1153 1737 intelligunt
1206 1651 1468 1736 quidam
1516 1652 1745 1718 Iudaei
1803 1652 1883 1719 de
1940 1662 2211 1719 cruenta
2266 1652 2482 1729 caede,

530 1739 809 1890 algerum
881 1760 1038 1806 vero
1096 1737 1176 1804 de
1235 1739 1447 1805 subito
1511 1739 1814 1819 interitu,
1868 1740 2120 1823 puerile
2181 1747 2280 1805 est
2339 1759 2482 1804 meo

529 1847 596 1890 iu
644 1847 787 1892 icio.

705 1910 806 1976 13.
853 1909 1032 1976 Haec
1073 1915 1161 1976 est
1194 1915 1401 1977 autem
1435 1910 1910 1978 lechazaraei.
1975 1912 2171 1977 Nunc
2214 1909 2481 1977 tandem

530 1996 721 2063 docet
765 1997 985 2063 Moses
1028 1996 1350 2079 quomodo
1394 2006 1542 2080 post
1585 1998 1980 2080 completum
2029 1997 2166 2063 voti
2218 2006 2482 2080 tempus

531 2080 747 2148 redire
791 2081 1072 2148 debeant
1113 2083 1436 2148 Nazaraei
1480 2082 1562 2148 ad
1608 2104 2020 2149 communem
2066 2084 2292 2148 vitam.
2379 2085 2481 2149 Ac

528 2169 743 2251 primo
776 2169 960 2234 iubet
994 2190 1064 2234 se
1100 2169 1331 2234 sistere
1368 2168 1449 2233 ad
1487 2170 1728 2235 ostium
1766 2169 2205 2234 tabernaculi:
2245 2168 2480 2233 deinde

529 2255 767 2320 offerre
812 2254 946 2321 illic
991 2275 1240 2339 agnum
1286 2256 1617 2339 integrum
1664 2257 1731 2320 in
1769 2255 2242 2333 holocaustum,
2289 2275 2478 2320 ovem

527 2340 603 2405 in
647 2340 1043 2407 sacrificium
1089 2360 1210 2423 pro
1255 2352 1518 2423 peccato
1544 2391 1559 2421 ,
1618 2350 1686 2406 et
1741 2343 2013 2407 arietem
2067 2342 2135 2405 in
2194 2341 2476 2406 hostiam

528 2426 1059 2510 prosperitatum,
1092 2447 1239 2491 cum
1263 2426 1584 2509 placentis
1606 2426 1749 2493 oleo
1781 2428 2167 2510 conspersis,
2202 2426 2266 2490 la
2313 2427 2476 2505 anis,

528 2520 596 2577 et
629 2512 909 2596 panibus
946 2511 1215 2596 azymis,
1259 2511 1604 2591 oblatione,
1648 2523 1713 2578 et
1747 2513 2182 2578 libaminibus.
2253 2448 2479 2593 &uan-

527 2607 671 2663 tum
717 2597 800 2662 ad
845 2597 1127 2663 hostiam
1173 2599 1695 2681 prosperitatum,
1742 2600 1892 2683 quia
1938 2610 2078 2664 erat
2111 2598 2475 2682 gratiarum

528 2685 715 2764 actio,
753 2705 884 2748 non
907 2684 1077 2748 male
1106 2682 1493 2767 quadrabat:
1534 2705 1743 2767 neque
1766 2686 1966 2750 etiam
1991 2685 2474 2750 holocaustum:

527 2768 683 2852 quia
727 2770 961 2835 merito
1006 2767 1132 2835 sibi
1176 2770 1495 2854 gratulari
1537 2780 1842 2854 poterant
1884 2780 1951 2836 et
1993 2770 2324 2836 celebrare
2348 2770 2475 2835 Dei

526 2854 884 2921 bonitatem
929 2856 1043 2939 qui
1086 2856 1415 2938 perfuncti
1463 2856 1725 2922 fuerant
1766 2856 1881 2921 illo
1939 2857 2200 2940 pietatis
2243 2857 2475 2937 officio,

528 2942 837 3025 quoniam
904 2962 1012 3007 eos
1080 2939 1392 3024 dignatus
1455 2943 1670 3008 fuerat
1732 2941 1920 3008 Deus
2002 2963 2134 3007 non
2214 2942 2469 3026 vulgari

528 3025 793 3094 honore.
903 3027 1034 3096 Sed
1101 3027 1261 3111 quid
1330 3025 1454 3095 sibi
1534 3028 1817 3095 voluerit
1892 3029 2286 3095 sacrificium
2353 3049 2473 3112 pro

527 3123 821 3197 peccato,
880 3114 1174 3198 quaestio
1228 3124 1360 3181 est:
1416 3136 1631 3198 neque
1674 3116 1851 3180 enim
1897 3117 2074 3198 puris
2119 3126 2185 3181 et
2229 3116 2475 3181 sanctis

525 3202 895 3266 necessaria
969 3210 1113 3265 erat
1185 3202 1489 3283 expiatio.
1589 3201 1721 3267 Hic
1785 3212 1961 3267 certe
2028 3202 2475 3285 perspicimus,

527 3286 891 3368 quamlibet
955 3286 1257 3353 alacriter
1321 3295 1389 3351 et
1452 3297 1719 3353 strenue
1785 3298 2104 3353 conentur
2179 3288 2477 3353 homines

528 3379 702 3437 totos
747 3394 819 3437 se
863 3373 1096 3437 offerre
1143 3372 1312 3450 Deo,
1377 3394 1711 3456 nunquam
1756 3381 1975 3439 tamen
2019 3374 2346 3454 attingere
2390 3372 2474 3439 ad

526 3471 772 3523 metam
829 3457 1281 3542 perfectionis,
1349 3480 1559 3542 neque
1625 3460 1887 3543 assequi
1951 3459 2123 3542 quod
2189 3460 2477 3539 student,

528 3544 693 3627 quin
726 3565 986 3628 semper
1010 3543 1274 3609 obnoxii
1297 3541 1433 3609 sint
1461 3543 1592 3610 Dei
1615 3543 1872 3625 iudicio,
1898 3546 2026 3610 nisi
2047 3566 2271 3610 eorum
2297 3546 2478 3612 vitiis

527 3629 911 3712 ignosceret.
1003 3629 1197 3697 Unde
1251 3640 1524 3713 apparet
1573 3652 1768 3714 quam
1826 3632 2110 3714 turpiter
2154 3630 2479 3714 desipiant

528 3715 851 3801 papistae:
918 3715 1076 3797 dum
1135 3715 1440 3799 operibus
1494 3718 2088 3802 supererogationis
2144 3739 2214 3782 se
2259 3718 2477 3782 Deum

528 3799 789 3884 placare
847 3802 1197 3869 somniant.
1287 3803 1460 3867 Nam
1504 3805 1562 3867 si
1605 3824 1732 3884 qua
1791 3825 2078 3886 unquam
2135 3824 2476 3887 superero·

530 3887 708 3973 gatio
765 3900 955 3972 grata
1002 3888 1142 3954 Deo
1199 3888 1354 3967 fuit,
1411 3891 1726 3955 sanctitas
1770 3889 2248 3954 Nazaraeorum
2310 3911 2480 3973 quae

531 3974 980 4039 testimonium
1027 3973 1260 4039 habuit
1301 3994 1341 4038 a
1386 3973 1578 4058 lege,
1616 3975 1739 4040 hoc
1797 3975 2045 4039 honore
2092 3974 2290 4059 digna
2333 3976 2476 4041 fuit.

533 4061 714 4126 Deus
775 4069 1026 4138 tamen,
1086 4060 1408 4143 completo
1466 4069 1651 4137 voto,
1708 4072 1964 4125 reatum
2021 4061 2208 4126 fateri
2269 4061 2476 4128 iubet:

528 4167 739 4229 neque
782 4146 972 4211 illum
1017 4146 1267 4213 cultum
1323 4145 1463 4211 loco
1521 4146 1740 4211 meriti
1797 4146 2149 4211 obtrudere
2209 4149 2478 4231 patitur,

529 4231 642 4296 sed
689 4232 1080 4298 sacrificium
1121 4231 1428 4314 requirit:
1475 4241 1552 4296 ut
1586 4231 1848 4297 aliunde
1885 4242 2272 4298 mutuentur
2307 4233 2480 4316 quod

531 4317 695 4401 ipsis
735 4317 919 4384 deest
961 4319 1074 4400 qui
1122 4318 1427 4383 videntur
1469 4317 1764 4383 omnium
1807 4318 2284 4401 perfectissimi.

1029 4660 1161 4727 Ex
1204 4645 1986 4749 DEUTER.'XXV1¹).

708 4830 766 4896 1.
835 4831 1042 4912 Quum
1098 4836 1307 4896 autem
1369 4833 1396 4897 i
1515 4853 1697 4900 essus
1746 4834 1957 4916 fueris
2009 4839 2242 4899 terram
2293 4854 2485 4916 quam

536 4915 768 4985 Iebova
812 4916 996 4982 Deus
1039 4921 1190 4982 tuus
1229 4917 1342 4983 dat
1383 4920 1433 4982 t'
1473 4920 1499 4984 i
1539 4920 1610 4985 in
1651 4918 2094 4986 haereditatem
2109 4968 2125 4998 ,
2182 4925 2239 4984 et
2267 4940 2486 5000 posse-

531 5003 702 5069 deris
743 5024 900 5079 eam,
946 5008 1001 5067 et
1044 5002 1424 5069 habitaveris
1463 5005 1536 5070 in
1578 5026 1687 5071 ea.-
1767 5006 1827 5071 2.
1880 5006 2056 5072 Tunc
2098 5007 2369 5086 accipies
2410 5007 2489 5073 de

519 5090 842 5170 primitiis
877 5088 1153 5155 omnium
1185 5090 1507 5171 fructuum
1541 5096 1760 5171 terrae,
1797 5113 1961 5173 quas
1995 5093 2218 5175 afferes
2251 5112 2282 5157 e
2314 5097 2490 5158 terra

532 5179 645 5240 tua
709 5172 1427 5258 quamIebovaDeus
1486 5177 2002 5257 tuusdattibi‚
2068 5179 2491 5262 etponesin

706 5364 766 5434 1)
798 5367 977 5419 Antra
1012 5363 1364 5434 dependence
1399 5363 1605 5419 d'offrir
1638 5365 1719 5420 les
1753 5363 2038 5434 promices.

1984 433 2361 500 PRIMUM
2403 430 3051 499 PRAEOEPTUM.

4392 433 4504 500 308

2579 621 2884 685 canistm:
2927 619 3171 702 ibisque
3214 621 3302 686 ad
3342 621 3543 687 locum
3585 642 3764 704 quem
3806 621 4052 705 eleqerit
4083 621 4311 686 Iebova
4345 622 4510 690 Deus

2580 712 2745 786 tuus,
2779 711 2850 770 ut
2883 705 3015 771 illic
3046 706 3331 773 habitare
3362 708 3562 789 faciat
3594 727 3810 773 nomen
3843 728 4048 773 suum.
4105 708 4166 773 3.
4203 705 4294 773 Et
4323 712 4512 776 venies

2580 793 2667 859 ad
2722 793 3097 858 sacerdotem
3150 794 3263 875 qui
3316 795 3436 859 erit
3476 796 3549 859 in
3589 793 3805 859 diebus
3846 794 3984 859 illis
3998 844 4014 872 ,
4067 795 4352 876 dicesque
4391 796 4511 862 illi:

2582 879 2918 944 Annuncio
2959 877 3137 943 hodie
3182 879 3446 944 Iehovae
3489 879 3627 945 Deo
3664 885 3769 944 tuo
3814 881 3977 961 quod
4019 881 4346 963 inyressus
4384 902 4515 947 sum

2581 970 2810 1030 terram
2834 984 3023 1045 quam
3047 964 3287 1030 iuravit
3311 965 3539 1031 Iebova
3561 966 3858 1048 patribus
3890 967 4124 1032 nostris
4143 987 4209 1032 se
4230 967 4516 1032 daturum

2582 1051 2775 1116 nobis.
2863 1050 2925 1116 4.
2996 1050 3330 1133 Capietquc
3370 1053 3660 1117 sacerdos
3698 1053 4047 1117 canistrum
4089 1074 4122 1118 e
4161 1072 4358 1118 manu
4394 1059 4514 1125 tua.

2584 1142 2639 1201 et
2684 1140 2875 1217 ponet
2929 1137 3089 1202 illud
3145 1157 3354 1203 coram
3410 1137 3602 1203 altari
3647 1137 3912 1203 Iebovae
3953 1137 4081 1204 Dei
4135 1140 4249 1203 tui.
4338 1138 4396 1204 5.
4438 1137 4519 1205 Et

2584 1222 2888 1304 loqueris,
2949 1244 3023 1288 ac
3074 1224 3239 1290 dices
3282 1244 3495 1291 coram
3538 1222 3768 1289 Iebova
3809 1223 3945 1290 Deo
3987 1229 4123 1289 tuo.-
4169 1223 4374 1307 Syrus
4415 1226 4516 1290 ille

2584 1309 2804 1388 inopia
2850 1307 3147 1374 laborans
3176 1316 3365 1392 pater
3405 1330 3581 1376 meus
3623 1310 3933 1375 descendit
3964 1310 4036 1375 in
4071 1312 4435 1394 Ammona,
4468 1317 4519 1377 et

2574 1396 3016 1477 pereyrinatus
3056 1400 3146 1460 est
3190 1394 3319 1461 illic
3360 1415 3499 1461 cum
3534 1397 3699 1461 viris
3742 1397 3976 1477 paucis
3992 1448 4006 1474 ,
4066 1403 4121 1462 et
4163 1398 4359 1461 evasit
4397 1398 4520 1463 illic

2586 1481 2657 1544 in
2693 1485 2930 1563 yentcm
2970 1501 3286 1564 maynam,
3328 1481 3644 1548 robustam
3685 1487 3740 1546 et
3779 1482 4060 1547 multam.
4127 1483 4186 1547 6.
4232 1481 4519 1550 Molestia

2585 1571 2796 1631 autem
2856 1586 2970 1630 nos
3048 1567 3383 1648 affecerunt
3444 1569 3743 1652 Aeyyptii
3759 1618 3775 1641 .
3838 1572 3910 1633 ,et
3971 1569 4339 1650 afflicter-unt
4398 1590 4519 1650 nos,

2586 1652 3130 1734 imposueruntque
3184 1653 3359 1719 nobis
3411 1657 3768 1721 servitutem
3820 1655 4069 1720 duram.
4161 1654 4218 1719 7.
4279 1654 4520 1720 Clama-

2584 1737 2794 1802 vimus
2846 1740 3067 1818 itaque
3116 1740 3203 1805 ad
3247 1739 3543 1805 Iebovam
3587 1739 3796 1806 Deum
3837 1745 4100 1820 patrum
4157 1746 4518 1815 nostrorum,

2586 1828 2644 1888 et
2684 1825 3009 1889 exaudivit
3051 1823 3281 1890 Iebova
3322 1844 3519 1891 vocem
3574 1831 3885 1904 nostram,
3942 1832 3997 1891 et
4050 1827 4294 1909 aspexit
4337 1829 4522 1907 afflic-

2585 1911 2810 1974 tionem
2852 1914 3129 1975 nostram
3144 1961 3159 1987 ‚
3208 1915 3266 1976 et
3306 1911 3574 1978 laborem
3615 1916 3896 1977 nostrum
3912 1963 3927 1991 ,
3973 1917 4030 1977 et
4071 1914 4521 1993 omressionevn

2584 2001 2879 2060 nostram.
2970 1995 3027 2060 8.
3084 1994 3173 2061 Et
3225 1997 3442 2063 eduxit
3498 2018 3616 2064 nos
3671 2017 3748 2063 ex
3812 1999 4085 2081 Aeqypto
4139 2019 4279 2063 cum
4338 2019 4523 2064 manu

2581 2081 2738 2163 forti
2757 2131 2771 2157 ,
2834 2101 2906 2147 ac
2948 2080 3197 2148 brachio
3240 2088 3475 2149 extento
3491 2133 3507 2163 ‚
3563 2089 3619 2148 et
3661 2088 3892 2148 terrore
3932 2103 4186 2166 magno,
4230 2090 4287 2148 et
4329 2086 4522 2168 siquis

2586 2171 2768 2248 atque
2806 2169 3127 2247 portentis.
3194 2169 3255 2234 9.
3302 2169 3390 2233 Et
3431 2171 3782 2235 introduxit
3812 2190 3926 2237 nos
3959 2171 4044 2233 ad
4078 2169 4274 2235 locum
4320 2172 4520 2247 istum,

2582 2253 2866 2333 deditque
2906 2252 3082 2318 nobis
3124 2260 3355 2320 terram
3404 2256 3614 2336 istam,
3670 2262 3904 2321 terram
3954 2256 4239 2334 fluentem
4283 2256 4435 2321 lacte
4471 2260 4523 2321 et

2581 2338 2772 2403 mlle.
2867 2339 2966 2404 10.
3017 2340 3207 2406 Nunc
3246 2343 3445 2425 igitur
3487 2362 3614 2409 ecce
3631 2393 3647 2420 ‚
3700 2342 3883 2406 attuli
3913 2343 4247 2422 primitias
4284 2343 4523 2424 fructus

2580 2429 2785 2489 terrae
2827 2446 3015 2506 quam
3058 2427 3282 2493 dedisti
3326 2428 3485 2492 mibi
3518 2449 3553 2493 o
3576 2426 3822 2494 Iebova.
3884 2427 3974 2492 Et
4014 2428 4331 2510 relinques
4370 2429 4523 2495 illud

2580 2518 2790 2576 coram
2833 2511 3064 2576 Ieltova
3108 2512 3243 2579 Deo
3284 2518 3422 2591 tuo,
3486 2520 3667 2595 atque
3711 2514 4005 2579 adorabis
4048 2534 4258 2580 coram
4306 2515 4527 2580 Iebova

2581 2595 2719 2663 Deo
2754 2602 2877 2662 tuo.
2949 2598 3049 2662 11.
3096 2595 3186 2664 Et
3217 2597 3548 2666 laetaberis
3582 2602 3653 2664 in
3694 2600 3864 2665 omni
3899 2600 4051 2665 bono
4092 2602 4256 2681 quod
4299 2602 4528 2666 dederit

2579 2683 2694 2748 tibi
2738 2682 2970 2749 Iebova
3013 2683 3195 2750 Deus
3237 2691 3382 2751 tuus
3424 2690 3479 2751 et
3520 2687 3734 2752 domui
3776 2691 3936 2765 tuae,
3980 2692 4049 2750 tu
4092 2691 4147 2752 et
4191 2687 4433 2766 Levita,
4474 2691 4527 2751 et

2569 2769 2947 2851 peregrinus
2989 2772 3100 2851 qui
3142 2776 3233 2836 est
3276 2773 3346 2836 in
3389 2772 3586 2838 medio
3629 2773 3743 2837 tui.

3193 3115 3326 3182 EX
3372 3114 3431 3179 N
3434 3114 3720 3181 UMER.
3766 3114 3922 3181 XV.

2757 3285 2858 3350 17.
2927 3286 3256 3368 Loquutus
3317 3291 3409 3352 est
3475 3286 3706 3352 Iebova
3768 3287 3855 3352 ad
3920 3284 4142 3352 Mosen
4160 3337 4175 3364 ,
4240 3287 4528 3353 dicendo:

2584 3369 2685 3436 18.
2732 3371 3066 3453 Alloquere
3096 3371 3266 3453 filios
3289 3372 3515 3452 Israel,
3551 3377 3611 3437 et
3643 3372 3818 3438 dicas
3852 3373 3975 3437 eis.-
4024 3372 4227 3453 Quum
4262 3373 4527 3457 inyressi

2578 3456 2837 3537 fueritis
2880 3463 3118 3523 terram·
3159 3460 3247 3525 ad
3289 3479 3481 3540 quam
3522 3479 3628 3542 eqo
3660 3459 3982 3524 introduco
4015 3478 4143 3536 vos,
4216 3458 4317 3524 19.
4373 3460 4527 3523 Tum

2577 3541 2703 3623 fiet,
2747 3563 2939 3623 quum
2981 3545 3297 3626 incipietis
3330 3545 3640 3610 comedere
3670 3546 3748 3611 de
3778 3564 3954 3625 pane
3995 3548 4216 3620 terrae,
4262 3545 4526 3627 offeretis

2582 3628 2944 3696 oblationem
2996 3630 3273 3696 Iebovae.
3365 3631 3470 3695 20.
3522 3629 3625 3696 De
3669 3630 3985 3713 primitiis
4025 3632 4526 3713 conspersionum

2582 3719 2934 3782 vestrarum
3003 3715 3358 3797 placentam
3434 3718 3699 3798 offeretis
3762 3717 3835 3782 in
3896 3715 4293 3782 oblationem:
4370 3718 4527 3782 sim

2584 3801 2949 3867 oblationem
2991 3823 3195 3879 areae,
3239 3803 3334 3868 sic
3365 3803 3634 3885 offeretis
3670 3803 3869 3868 illam.
3936 3802 4040 3866 21.
4085 3800 4187 3867 De
4218 3803 4532 3883 primitiis

2584 3888 3091 3970 comersionum
3146 3894 3502 3954 vestrarum
3543 3888 3775 3954 dabitis
3818 3887 4081 3953 Iebovae
4095 3938 4112 3968 ,
4167 3888 4531 3954 oblationem

2574 3992 2700 4055 per
2737 3976 3163 4057 yenerationes
3206 3979 3462 4040 vestras.

3191 4316 3323 4382 EX
3360 4315 3663 4383 EXODI
3704 4315 3941 4382 XXII.

2587 4574 2717 4657 diff
2761 4488 2864 4555 28.
2931 4487 3397 4555 Plenitudinem
3451 4494 3627 4554 tuam
3682 4495 3739 4553 et
3788 4488 4129 4572 lacrymam
4180 4493 4362 4556 tuam
4415 4507 4533 4554 non

2705 4595 2854 4642 eres.

3167 4917 3302 4984 EX
3345 4915 3648 4984 EXODI
3691 4917 3963 4983 XXIII.

2766 5090 2867 5156 19.
2897 5088 3237 5156 Primitiae
3266 5090 3528 5174 fruyum
3560 5110 3866 5157 novarum
3885 5094 4087 5157 terrae
4106 5095 4252 5158 tuae
4272 5090 4537 5157 adduces

2591 5178 2662 5244 in
2704 5177 2959 5245 domum
3002 5176 3265 5243 Iebovae
3308 5175 3438 5242 Dei
3477 5177 3589 5242 tui.
