4867 6150
335 458 452 525 381

334 644 489 713 illud
541 646 989 728 proverbium,
1042 655 1261 730 patres
1312 645 1669 712 comedisse
1719 667 1916 713 uvam
1955 646 2273 729 acerbam,

336 734 561 800 dentes
596 746 814 798 autem
852 733 1131 798 filiorum
1176 732 1658 815 obstupescere:
1700 731 2047 815 respondet
2070 734 2270 815 Deus,

333 821 654 888 neminem
715 840 940 886 eorum
998 819 1234 902 quibus
1292 819 1587 884 infensus
1652 826 1720 884 et
1784 838 2053 885 severus
2112 828 2273 899 erat,

331 910 686 973 immunem
726 926 868 971 esse
893 927 931 969 a
953 904 1250 970 crimine:
1296 902 1573 987 ideoque
1608 903 1839 970 falsam
1878 925 2022 970 esse
2055 907 2274 989 queri-

331 994 643 1070 moniam,
698 1012 901 1074 quum
958 990 1205 1074 singuli
1262 993 1564 1074 propriae
1626 991 1982 1074 impietatis
2026 1012 2271 1058 merce-

330 1079 473 1145 dem
519 1079 904 1160 reciperent.
992 1076 1075 1140 Et
1126 1075 1253 1142 hoc
1296 1077 1714 1142 verissimum
1758 1085 1878 1159 est,
1929 1098 2266 1161 nunquam

330 1165 455 1232 Dei
518 1165 933 1230 severitatem
1004 1162 1291 1247 grassari
1359 1184 1565 1246 usque
1632 1162 1713 1228 ad
1793 1163 2121 1230 insontes:
2205 1172 2270 1229 et

325 1250 624 1335 quamvis
669 1250 1003 1332 obstrepat
1045 1248 1334 1314 mundus
1377 1249 1520 1314 eius
1556 1248 1831 1327 iudiciis,
1875 1270 2135 1333 semper
2169 1258 2267 1315 ta-

326 1359 471 1403 men
516 1338 657 1402 fore
700 1337 1011 1401 victorem
1070 1335 1323 1418 quoties
1378 1332 1557 1401 hunc
1615 1335 1722 1400 vel
1764 1334 1950 1399 illum
1996 1335 2267 1401 damna·

323 1424 511 1489 verit.
600 1422 739 1488 Nec
781 1443 940 1487 vero
984 1421 1097 1487 ubi
1141 1428 1424 1486 testatur
1469 1421 1653 1486 Deus
1696 1443 1766 1487 se
1822 1420 2091 1487 reiicere
2148 1443 2259 1506 pa·

322 1524 495 1575 trum
559 1509 972 1592 iniquitatem
1031 1508 1099 1572 in
1159 1507 1378 1573 sinum
1437 1506 1759 1586 filiorum,
1830 1507 2139 1592 intelligit
2195 1528 2267 1573 se

321 1596 675 1662 vindictam
755 1605 1174 1677 sumpturum
1252 1593 1332 1658 de
1399 1593 1654 1659 miseris
1720 1593 1831 1676 qui
1898 1593 2064 1658 nihil
2133 1593 2265 1658 tale

320 1682 538 1747 meriti
581 1681 746 1746 sint:
804 1680 917 1745 sed
979 1680 1099 1745 sibi
1160 1700 1302 1745 esse
1345 1678 1416 1743 in
1463 1700 1664 1745 manu
1709 1688 1974 1763 patrum
2019 1678 2266 1745 scelera

316 1766 620 1853 persequi
663 1768 733 1831 in
777 1766 929 1831 filiis
974 1778 1040 1830 et
1083 1766 1444 1848 nepotibus,
1501 1773 1580 1830 ut
1623 1774 1842 1830 tamen
1889 1764 1958 1830 hi
2005 1786 2265 1849 quoque

314 1855 490 1919 iuste
534 1853 927 1938 puniantur:
989 1852 1143 1935 quia
1183 1866 1442 1936 patrum
1490 1872 1760 1917 suorum
1806 1861 2002 1917 erunt
2045 1853 2261 1916 imita-

313 1951 510 2006 tores.
600 1938 675 2005 Si
720 1938 865 2023 quis
909 1938 1210 2021 excipiat,
1272 1936 1398 2002 hoc
1442 1937 1607 2003 nihil
1654 1957 1795 2003 esse
1840 1936 2017 2002 aliud
2064 1959 2260 2021 quam

310 2028 551 2109 cuique
594 2023 862 2108 rependi
907 2022 1266 2090 secuudum
1315 2043 1515 2105 opera
1558 2045 1694 2100 sua,
1738 2022 2096 2089 tenendum
2142 2036 2261 2103 est,

307 2114 567 2196 quoties
612 2112 798 2176 Deus
861 2112 1209 2193 impiorum
1254 2107 1421 2174 filios
1466 2117 1801 2188 excaecat,
1867 2109 2132 2175 coniicit
2189 2110 2260 2174 in

305 2219 581 2264 sensum
625 2197 993 2280 reprobum,
1038 2207 1104 2261 et
1147 2195 1431 2280 percutit
1472 2195 1704 2279 spiritu
1754 2195 2099 2279 vertiginis
2144 2203 2262 2260 aut

304 2284 619 2369 stuporis,
677 2294 752 2348 ut
806 2305 875 2349 se
920 2283 1263 2367 proiiciant
1305 2281 1375 2345 in
1433 2281 1656 2347 foedas
1712 2279 2136 2365 cupiditates,
2193 2289 2258 2346 et

300 2370 746 2454 praecipitent
786 2369 854 2433 in
904 2367 1209 2434 ultimum
1255 2367 1624 2449 interitum,
1695 2366 1816 2432 hoc
1861 2366 2055 2431 modo
2103 2366 2254 2433 visi-

298 2457 424 2522 tari
471 2468 742 2540 patrum
786 2456 1199 2538 iniquitatem
1246 2454 1316 2518 in
1362 2452 1531 2519 filiis.
1621 2451 1755 2520 Ubi
1809 2462 2029 2518 autem
2074 2473 2254 2520 aoce-

298 2542 465 2608 dunt
542 2542 709 2609 aliae
775 2562 1055 2625 poenae,
1135 2548 1443 2604 tenentur
1505 2560 1734 2605 omues
1796 2539 2113 2617 convicti,
2180 2548 2254 2604 ut

294 2630 558 2696 frustra
600 2627 744 2694 Deo
788 2627 1308 2705 obmurmurant.
1397 2626 1584 2691 'Punc
1627 2645 1886 2709 quoque
1922 2625 2251 2690 nihilomi-

293 2737 419 2782 nus
462 2713 693 2799 pergit
728 2715 910 2780 Deus
938 2713 1008 2778 in
1053 2709 1467 2795 exsequenda
1509 2733 1703 2795 quam
1747 2709 1856 2778 hic
1900 2709 2252 2777 denunciat

299 2802 630 2868 vindicta:
703 2801 855 2884 quia
908 2798 1065 2863 dum
1122 2819 1288 2883 opus
1341 2818 1548 2863 unum
1619 2797 1903 2882 dirigere
1969 2796 2115 2863 vult
2180 2797 2251 2862 in

298 2890 522 2954 varios
571 2889 767 2965 fines,
825 2885 1014 2950 miris
1057 2894 1123 2948 et
1165 2883 1562 2950 absconditis
1605 2882 1968 2949 rationibus
2022 2883 2249 2949 utitur.

298 2973 525 3056 Quum
598 2973 794 3039 iussit
864 2971 1140 3056 populos
1214 2970 1531 3036 Ohanaan
1605 2970 1921 3050 interfici,
1996 2978 2247 3035 certum

293 3075 396 3127 est
442 3061 687 3144 dignos
743 3058 948 3125 fuisse
992 3058 1107 3123 tali
1151 3056 1474 3140 supplicio
1529 3056 1641 3140 qui
1701 3064 1857 3123 tunc
1903 3055 2249 3122 vivebant:

292 3149 448 3231 quia
527 3163 755 3212 tamen
836 3144 1168 3229 praedicat
1233 3142 1451 3223 Deus,
1525 3141 1819 3226 nondum
1893 3141 2249 3226 completas

290 3255 434 3301 esse
482 3234 865 3316 iniquitates
911 3231 1194 3310 illorum,
1261 3228 1415 3295 inde
1459 3228 1847 3313 colligimus,
1893 3250 2085 3312 quam
2134 3250 2251 3312 per

289 3340 506 3387 annos
554 3319 1070 3403 quadringentos
1105 3335 1381 3399 poenam
1419 3314 1776 3394 distulerat,
1823 3328 1979 3381 tunc
2022 3335 2248 3398 sump-

287 3408 475 3473 sisse.
574 3404 724 3487 Qua
779 3404 1033 3470 ratione
1085 3401 1367 3468 Iudaeos
1423 3402 1525 3468 sui
1593 3401 1904 3484 temporis
1962 3401 2249 3466 affirmat

287 3492 612 3558 Christus
678 3512 824 3557 reos
887 3491 1028 3555 fore
1085 3487 1430 3575 sauguinis
1495 3488 1608 3572 qui
1676 3487 1921 3553 effusus
1979 3496 2123 3553 erat
2166 3487 2246 3553 ab

284 3577 457 3644 Abel
523 3598 738 3661 usque
794 3574 875 3641 ad
929 3573 1316 3641 Zachariam
1377 3573 1589 3640 filium
1633 3572 1998 3639 Barachiae
2054 3570 2245 3659 (Mat.

283 3665 388 3741 23,
431 3663 574 3750 35).
663 3661 857 3744 Quod
899 3663 955 3727 si
997 3661 1238 3727 iudicio
1283 3671 1505 3725 nostro
1540 3681 1672 3725 non
1704 3659 1983 3738 arridet,
2032 3660 2245 3725 Deum

283 3750 526 3834 cuique
590 3748 947 3833 rependere
1004 3758 1196 3831 prout
1252 3748 1528 3812 meritus
1572 3753 1704 3826 est,
1760 3745 1956 3812 simul
2021 3753 2247 3811 tamen

281 3855 637 3920 reposcere
716 3856 755 3900 a
822 3834 976 3899 filiis
1057 3841 1320 3916 patrum
1401 3832 1681 3900 scelera:
1755 3832 2247 3897 meminerimus

282 3924 428 3987 eius
474 3920 723 3987 iudicia
757 3918 1156 4003 profundam
1218 3940 1361 3984 esse
1423 3919 1751 4004 abyssum.
1848 3917 2135 4002 Ideoque
2190 3919 2247 3985 si

279 4007 440 4091 quid
492 4007 686 4073 nobis
743 4007 811 4071 in
867 4005 1012 4071 eius
1053 4004 1358 4088 operibus
1400 4004 2060 4088 incomprehensibile
2126 4012 2244 4083 est,

278 4095 510 4158 sobrie
558 4104 625 4158 et
671 4104 1051 4158 reverenter
1102 4088 1592 4173 suspiciendum
1650 4112 1810 4156 esse.
1902 4088 2033 4158 Sed
2095 4091 2248 4175 quia

279 4180 442 4246 alibi
485 4187 785 4245 recurret
828 4178 989 4244 haec
1034 4176 1352 4257 doctrina,
1413 4176 1703 4243 breviter
1746 4178 1868 4242 hoo
1911 4178 2051 4242 loco
2096 4198 2246 4260 per-

277 4267 628 4349 stringere
693 4266 912 4331 visum
971 4279 1087 4329 est.
1200 4263 1433 4327 Restat
1501 4285 1632 4328 una
1693 4264 2017 4346 quaestio,
2090 4284 2248 4346 quo-

276 4353 483 4417 modo
547 4351 898 4416 conveniat
951 4349 1115 4414 illud
1177 4349 1399 4426 Pauli,
1461 4349 1766 4433 quintum
1825 4361 2247 4435 praeceptum

276 4460 427 4504 esse
495 4438 783 4520 primum
847 4457 996 4502 cum
1056 4435 1482 4517 promissione
1540 4433 1813 4521 (Ephos.
1873 4435 1942 4518 6,
2005 4434 2104 4522 2),
2181 4444 2245 4501 et

273 4522 437 4591 huic
485 4522 782 4590 secundo
839 4521 1335 4606 promissionem
1398 4542 1540 4587 esse
1598 4543 1946 4587 annexam.
2038 4521 2247 4588 Cuius

274 4610 533 4676 solutio
582 4610 777 4693 plana
817 4617 941 4674 est:
991 4608 1143 4690 quia
1178 4607 1235 4671 si
1271 4607 1472 4691 probe
1507 4606 1859 4690 expendas,
1907 4609 2247 4691 promissio

273 4716 483 4779 quam
537 4716 715 4760 nunc
759 4693 1193 4778 explicuimus
1237 4714 1371 4758 non
1401 4704 1500 4759 est
1536 4693 1949 4777 peculiariter
1987 4715 2246 4760 annexa

271 4784 396 4847 uni
446 4792 823 4865 praecepto,
869 4779 983 4845 sed
1028 4779 1150 4844 toti
1194 4780 1399 4862 priori
1443 4780 1607 4865 legis
1650 4779 1913 4844 tabulae
1956 4800 2244 4845 commu-

273 4869 384 4933 nis
433 4878 583 4933 est:
631 4880 827 4949 atque
871 4868 965 4931 ita
1009 4874 1191 4949 patet
1235 4863 1317 4930 ad
1363 4875 1576 4931 totum
1625 4866 1750 4931 Dei
1794 4866 2067 4931 cultum.
2117 4864 2246 4932 Ubi

269 4967 509 5019 autem
566 4952 835 5019 dicitur:
895 4953 1167 5017 Honora
1223 4965 1476 5036 patrem
1537 4960 1605 5017 et
1646 4960 1917 5016 matrem
1977 4960 2052 5016 ut
2109 4953 2247 5017 dies

272 5049 432 5106 tuos
482 5060 822 5123 prorogas,
865 5039 1126 5121 proprie
1177 5048 1242 5101 et
1286 5037 1713 5121 singulariter
1756 5037 2049 5104 sancitur
2107 5037 2248 5104 eius

266 5125 597 5192 mandati
641 5124 1029 5191 observatio,

1721 458 2235 526 SECUNDUM
2275 460 2587 529 PRAEO
2597 464 2926 533 EP'PUM.

4204 466 4331 532 382

2578 651 3079 722 ΕΧΡΟΒΙΤῙΟ
3135 653 3435 723 SEOUN
3447 655 3547 721 DI
3589 654 4132 723 PRAECEPTI.

2916 791 3048 857 EX
3104 789 3410 858 EXODI
3451 791 3790 859 XXXIV.

2550 959 3885 1049 17.Deosconflatilosnonfaoiesubi..

2971 1320 3104 1387 EX
3167 1321 3473 1390 LEVIT.
3530 1322 3728 1391 XIX.

2541 1493 2606 1559 4.
2658 1492 3568 1576 Nevertatisvosadidoza,
3626 1497 4324 1581 nequedeoecmv‘luti-

2367 1581 2462 1648 les
2500 1580 2759 1663 faciatis
2801 1578 3004 1647 vobis.-
3047 1599 3154 1665 eqo
3198 1579 3429 1647 Iehova
3473 1579 3656 1649 Deus
3695 1587 3908 1649 vester.

2942 1942 3076 2009 EX
3121 1941 3425 2009 LEVIT.
3472 1941 3741 2009 XXVI.

2542 2114 2600 2179 1.
2650 2112 2795 2180 Non
2825 2114 3076 2197 facietis
3107 2114 3279 2182 vobis
3312 2114 3567 2194 ι’ἆοῑαηι,
3607 2119 3663 2181 d
3696 2112 4010 2196 sculptile:
4042 2120 4320 2183 statuam

2363 2218 2486 2263 non
2508 2199 2761 2284 αἱρεταὶ·
2801 2199 2992 2279 vobi-⁹,
3037 2221 3147 2268 nec
3188 2200 3463 2285 lapidem
3483 2201 3755 2284 politum
3776 2201 4026 2284 pondis
4058 2203 4128 2267 in
4148 2207 4320 2270 terra

2363 2288 2568 2349 vestra
2581 2291 2899 2438 ,υώιιιξνυοε
2955 2288 3293 2353 incurvatis
3334 2307 3546 2354 coram
3587 2307 3686 2353 eo:
3731 2288 3883 2371 quia
3928 2309 4035 2373 eqo
4079 2287 4318 2355 Iehova

2981 2712 3114 2779 EX
3174 2711 3476 2780 EXODI
3519 2713 3657 2780 XX
3667 2660 3685 2781 .-

2529 2884 2635 2952 22.
2696 2884 2787 2951 Et
2847 2887 2942 2951 ait
2997 2884 3223 2953 Iahova
3280 2885 3369 2951 ad
3424 2884 3677 2952 Mosen:
3749 2884 3857 2953 Sic
3918 2886 4088 2953 dices
4145 2888 4311 2970 filiis

2357 2970 2572 3039 Israel
2583 2997 2602 3038 .·
2672 2971 2795 3037 Vos
2851 2972 3107 3038 vidistis
3149 2972 3315 3054 quod
3355 2992 3388 3037 e
3428 2972 3614 3038 coelis
3669 2971 3965 3055 loquutus
4018 2993 4161 3039 sum
4200 2994 4305 3039 vo-

2353 3059 2607 3125 biscum.
2678 3057 2781 3124 23.
2832 3058 2975 3124 Non
3008 3057 3258 3142 facietis
3291 3078 3524 3125 meeum
3568 3059 3712 3125 deos
3745 3063 4074 3145 arqenteos,
4111 3080 4308 3144 neque

2352 3146 2497 3212 deos
2540 3165 2765 3211 aureos
2804 3145 3058 3229 facietis
3090 3145 3276 3212 vobis.

2529 3316 2654 3383 Ex.
2679 3316 2783 3396 34,
2812 3317 2912 3382 17.
2951 3316 3127 3384 Deos
3160 3316 3523 3398 conflatiles.
3571 3316 3750 3383 Deos
3775 3314 4066 3384 vocando
4091 3316 4304 3400 sculp-

2354 3402 2519 3482 tilia,
2556 3411 2827 3483 statuas,
2868 3413 2934 3468 et
2970 3405 3309 3489 imagines,
3346 3405 3546 3469 finem
3584 3412 3650 3469 et
3684 3423 4007 3470 summam
4032 3401 4301 3469 secundi

2351 3490 2685 3575 praecepti
2710 3489 3150 3561 demonstrat:
3196 3511 3432 3573 nempo
3468 3490 3831 3575 ignominia
3856 3489 4039 3554 affici
4065 3489 4302 3568 Deum,

2354 3577 2465 3641 ubi
2508 3596 2819 3659 corporea
2872 3576 3090 3661 effigie
3147 3575 3465 3642 induitur.
3556 3575 3765 3642 Porro
3830 3597 3913 3641 ex
3970 3574 4301 3641 communi

2353 3661 2658 3746 loquendi
2703 3683 2860 3740 usu,
2908 3671 2974 3727 et
3016 3681 3223 3745 prava
3258 3663 3558 3746 gentium
3604 3683 3643 3727 o
3691 3661 3939 3742 inione,
3997 3660 4077 3726 ad
4124 3659 4301 3725 idola

2353 3748 2749 3814 transfertur
2795 3748 2921 3813 Dei
2988 3768 3258 3813 nomen:
3320 3770 3451 3814 non
3509 3684 3688 3832 quod³
3739 3747 4051 3813 deitatem
4107 3758 4301 3832 puta-

2353 3835 2490 3899 rint
2533 3834 2852 3900 increduli
2897 3834 2963 3898 in
3012 3835 3285 3899 materia
3327 3834 3735 3919 corruptibili
3780 3833 4099 3901 inclusam
4138 3851 4300 3913 esse,

2353 3919 2468 3988 sed
2515 3922 2666 4004 quia
2708 3921 2830 3986 sibi
2878 3921 3248 4004 propiorem
3286 3942 3429 3986 esse
3465 3920 4015 4005 imaginabantur,
4053 3919 4108 3983 si
4146 3928 4301 3984 ante

2350 4006 2573 4073 oculos
2637 4015 2927 4072 exstaret
2992 4017 3303 4071 terrestre
3360 4007 3622 4091 aliquod
3681 4005 4087 4090 praesentiae
4158 4006 4299 4070 eius

2350 4091 2742 4177 symbolum.
2823 4093 2970 4159 Hoc
3013 4114 3210 4158 sensu
3256 4092 3410 4158 deos
3447 4102 3768 4159 vocarunt
3802 4092 4122 4175 imagines
4157 4088 4305 4155 deo-

2350 4199 2528 4245 rum:
2574 4179 2726 4262 quia
2771 4200 2901 4242 non
2946 4178 3267 4263 putabant
3310 4201 3381 4244 se
3425 4176 3858 4244 conscendere
3903 4176 3982 4241 ad
4035 4176 4300 4242 deitatis

2352 4263 2770 4330 altitudinem
2836 4265 2965 4329 nisi
3021 4275 3439 4330 occurrerent
3505 4275 3769 4330 terrena
3837 4261 3999 4328 haec
4064 4261 4297 4329 media.

2351 4351 2563 4416 Porro
2608 4370 2736 4415 non
2784 4349 3053 4416 dubium
3099 4360 3200 4417 est
3244 4352 3402 4435 quin
3447 4372 3565 4436 per
3609 4347 4061 4431 synecdochen
4105 4369 4299 4432 quas·

2349 4437 2452 4503 vis
2475 4435 2727 4520 effigies
2752 4436 3067 4521 designet,
3104 4458 3302 4520 quum
3330 4445 3512 4503 vetat
3534 4437 3819 4503 conflare
3851 4434 4005 4500 deos
4040 4432 4297 4500 fusiles:

2349 4526 2504 4604 quia
2540 4523 2746 4587 nihilo
2782 4523 2993 4607 magis
3038 4524 3453 4589 abominatur
3491 4524 3671 4588 Deus
3716 4522 4055 4587 metallum
4102 4540 4298 4605 quam

2348 4609 2605 4693 lignum
2676 4609 2777 4675 vol
2824 4607 3134 4692 lapidem,
3202 4619 3318 4674 aut
3365 4609 3559 4675 aliam
3610 4609 3913 4692 quamvis
3957 4607 4297 4671 materiam

2348 4717 2429 4760 ex
2470 4715 2598 4779 qua
2640 4695 2858 4760 solent
2899 4695 3075 4761 idola
3117 4696 3453 4761 fabricari:
3499 4695 3612 4761 sed
3657 4695 3811 4779 quia
3845 4692 4054 4778 pretio
4090 4701 4159 4757 et
4193 4714 4298 4758 ar-

2346 4781 2549 4847 tificio
2573 4782 2782 4865 magis
2829 4782 3206 4847 accenditur
3249 4783 3522 4846 insanus
3565 4779 4049 4864 superstitionis
4085 4778 4298 4857 ardor,

2348 4865 2713 4934 conflatiles
2758 4866 2909 4932 deos
2968 4868 3341 4951 specialiter
3384 4867 3723 4933 damnavit
3767 4867 4003 4932 Moses.
4092 4863 4298 4930 Cuius

2347 4953 2446 5019 rei
2505 4952 2980 5018 dubitationem
3037 4954 3208 5019 tollit
3264 4963 3540 5037 quartus
3597 4954 3777 5019 locus
3835 4950 3944 5017 ubi
3989 4958 4299 5014 vetantur

2345 5037 2688 5106 Israelitae
2729 5040 2943 5105 facero
2988 5037 3141 5106 deos
3196 5051 3537 5125 argenteos
3584 5040 3687 5106 vol
3736 5058 4000 5105 aureos:
4060 5055 4296 5117 nempe

2349 5125 2503 5208 quia
2558 5125 2628 5189 in
2684 5125 3175 5208 pretiosissimis
3238 5125 3599 5209 quibusque
3643 5126 3837 5191 rebus
3890 5122 4038 5207 plus
4097 5121 4289 5186 licen-

2349 5214 2483 5276 tiae
2526 5211 2649 5277 sibi
2694 5211 3043 5297 indulgent
3084 5212 3495 5293 idololatrae,
3553 5232 3831 5295 quorum
3875 5228 4101 5273 omnes
4146 5227 4294 5271 sen-

2351 5318 2464 5362 sus
2508 5296 2588 5362 ad
2640 5318 2711 5361 se
2756 5298 2928 5380 rapit
2972 5310 3285 5363 externus
3329 5298 3658 5381 splendor.
3750 5294 3998 5360 Eodem
4043 5298 4297 5376 spectat

2350 5382 2584 5449 tertius
2628 5382 2841 5464 locus,
2910 5383 3022 5450 ubi
3070 5404 3199 5449 uon
3246 5393 3501 5449 tautum
3546 5382 3865 5465 sculptilis
3910 5383 3987 5445 fit
4032 5378 4297 5456 menti0,
