4867 6150
443 468 569 536 301

444 658 656 741 piant:
702 657 975 740 ideoque
1020 657 1141 723 sibi
1185 666 1523 723 accersant
1547 654 1837 722 diversos
1871 656 2097 722 titulos
2132 657 2215 722 ad
2250 658 2382 724 iac-

445 745 645 808 tanda
681 745 941 827 pietatis
984 744 1197 808 officia
1239 764 1404 826 quae
1451 743 1634 807 nulla
1668 756 1844 807 sunt.
1912 743 2001 807 Et
2034 753 2208 809 certe
2252 744 2383 809 nisi

443 829 706 894 Iudaeis
746 829 1055 894 iniectum
1082 829 1313 894 suisset
1333 827 1651 907 fraenum,
1686 830 1808 893 zeli
1846 828 2118 912 duplicis
2144 830 2382 894 famam

443 925 819 998 captassent
855 935 934 979 ex
974 915 1186 980 fallaci
1223 915 1570 995 oblatione,
1626 933 1745 979 nec
1790 914 1921 980 illis
1959 914 2187 999 religio
2223 915 2385 980 fuis—

444 1013 564 1079 set,
611 1000 868 1066 dicandi
912 1015 1255 1084 praetextu
1301 1002 1553 1083 eripere
1592 1000 1731 1066 Deo
1775 1000 1947 1084 quod
1981 1002 2189 1083 ipsius
2223 1009 2384 1066 erat.

617 1085 815 1152 Dent.
857 1087 957 1163 15,
1000 1086 1099 1152 19.
1163 1085 1356 1152 Omne
1387 1087 1891 1170 primoyenitum.
1981 1086 2386 1171 Adiungitur

445 1174 652 1238 altera
704 1176 938 1252 caut-ie,
995 1194 1078 1236 ne
1130 1193 1324 1256 quem
1368 1172 1654 1237 fructum
1717 1172 2082 1255 percipiant
2125 1195 2206 1238 ex
2253 1173 2386 1255 pri-

443 1259 814 1342 mogenitis.
874 1259 1188 1324 Poterant
1231 1259 1404 1322 enim
1453 1258 1636 1323 bovis
1678 1277 1877 1340 opera
1913 1258 2014 1323 vel
2064 1257 2147 1322 ad
2190 1280 2383 1323 aran-

445 1345 622 1423 dum,
692 1346 791 1410 vel
852 1345 933 1409 ad
998 1361 1299 1409 vecturas
1364 1344 1493 1409 uti:
1561 1352 1862 1426 poterant
1919 1345 2116 1408 etiam
2176 1364 2385 1427 agnos

442 1432 742 1505 tondere.
805 1442 872 1495 et
913 1443 1137 1514 postea
1176 1430 1417 1494 animal
1466 1429 1751 1495 deterius
1794 1428 2114 1495 adducere
2157 1432 2239 1496 ad
2286 1441 2383 1493 ta-

442 1516 890 1582 bernaculum.
977 1516 1171 1581 Iubet
1214 1536 1371 1599 ergo
1419 1516 1598 1580 Deus
1640 1515 1761 1579 sibi
1807 1516 1976 1579 bona
2018 1515 2145 1580 fide
2203 1525 2271 1581 et
2311 1515 2384 1579 in

443 1602 718 1667 solidum
768 1602 1051 1685 persolvi
1091 1602 1256 1684 quod
1307 1600 1595 1666 debetur.
1686 1600 1876 1681 Quod
1934 1601 1991 1665 si
2050 1623 2132 1666 ex
2190 1601 2384 1667 malis

445 1690 732 1754 moribus
772 1701 962 1753 natae
997 1702 1151 1752 sunt·
1188 1688 1394 1752 bonae
1428 1687 1641 1770 leges:
1688 1687 1843 1752 hinc
1877 1696 2151 1770 apparet
2183 1709 2380 1770 quam

443 1775 672 1838 audaci
717 1773 1070 1858 cupiditate
1113 1793 1372 1855 semper
1413 1772 1586 1856 rapti
1651 1773 1896 1837 fuerint
1943 1773 2241 1839 homines
2300 1772 2379 1837 ad

440 1859 715 1942 impium
739 1861 1024 1925 lucrum:
1071 1881 1268 1942 quum
1308 1879 1614 1941 expresso
1649 1858 1860 1923 edicto
1901 1858 2233 1943 prohiberi
2272 1880 2383 1924 ne·

441 1967 620 2011 cesse
664 1949 859 2011 fuerit
901 1966 985 2009 ne
1029 1967 1111 2009 ex
1159 1945 1284 2009 Dei
1329 1947 1581 2010 iactura
1624 1944 1939 2010 ditescere
1975 1954 2380 2028 appeterent.

439 2030 665 2111 Quare
709 2033 766 2097 si
810 2033 985 2096 acuti
1032 2043 1098 2096 et
1140 2050 1406 2112 sagaces
1449 2031 1585 2095 sint
1629 2028 1740 2094 alii
1784 2030 1865 2095 ad
1904 2032 2066 2096 alios
2101 2031 2381 2097 circum-

436 2118 824 2196 veniendos,
882 2117 1047 2181 nihil
1115 2119 1376 2196 mirum,
1441 2117 1700 2197 quando
1766 2117 2037 2182 minime
2082 2117 2383 2184 dubitant

433 2203 627 2269 malis
671 2205 920 2269 artibus
965 2224 1109 2269 cum
1158 2200 1302 2266 Deo
1348 2201 1591 2267 ludere.

1395 2354 1430 2379 O

468 2545 954 2612 APPENDIX
1000 2545 1226 2610 ALIA
1284 2543 1412 2608 DE:
1460 2541 1764 2611 GENSU
1807 2540 2330 2610 SOLVENDO.

1019 2631 1151 2697 EX
1196 2629 1498 2696 EXODI
1543 2628 1775 2695 XXX.

600 2802 698 2868 11.
769 2803 1092 2883 Loquutus
1154 2807 1246 2867 est
1298 2802 1530 2869 Iehova
1593 2801 1680 2866 ad
1748 2799 1968 2867 Mosen
1989 2853 2005 2879 ,
2079 2802 2373 2868 dicendo:

424 2889 527 2954 12.
580 2889 893 2956 Subduces
935 2908 1245 2954 summam
1294 2889 1574 2970 filiorum
1628 2886 1870 2963 Israel,
1926 2893 2123 2970 prout
2162 2908 2374 2952 nume-

419 2976 554 3041 rati
607 2975 846 3058 fuerint
899 2976 1064 3040 inter
1117 2994 1217 3038 eos
1230 3000 1250 3040 .-
1311 2974 1550 3040 dabunt
1599 2973 1843 3056 singuli
1896 2974 2372 3054 redemptionem

422 3062 677 3127 animae
717 3082 873 3129 suae
917 3060 1182 3126 Iehovae
1222 3082 1415 3142 quum
1470 3059 1903 3125 numeraveris
1954 3080 2072 3141 eos,
2130 3065 2187 3127 et
2240 3081 2370 3128 non

420 3149 542 3213 erit
594 3150 662 3213 in
720 3149 814 3213 eis
862 3148 1058 3228 playa
1112 3167 1308 3228 quum
1363 3146 1797 3212 numeraveris
1853 3165 1971 3211 eos.
2080 3146 2182 3213 13.
2232 3145 2370 3214 Hoc

419 3233 656 3299 dabunt
696 3235 957 3315 quisque
997 3234 1312 3298 transiens
1354 3234 1519 3298 inter
1573 3237 1933 3296 numeratos
1950 3281 1965 3309 ,
2026 3232 2371 3298 dimidium

418 3319 562 3385 sicli
613 3322 947 3386 secundum
1005 3318 1232 3384 siclum
1283 3320 1653 3385 sanctuarii.
1759 3316 1999 3400 Viqinti
2061 3317 2372 3384 obolorum

419 3411 513 3470 est
595 3407 789 3471 siclus
812 3457 827 3486 ,
913 3405 1253 3472 dimidium
1337 3405 1478 3470 sicli
1564 3406 1685 3471 erit
1767 3402 1995 3468 oblatio
2083 3404 2365 3470 Iehovae.

425 3490 522 3555 14
573 3491 772 3558 Dives
828 3512 950 3557 non
1003 3491 1273 3576 auyebit,
1339 3496 1396 3557 et
1440 3511 1696 3573 pauper
1746 3509 1873 3555 non
1927 3490 2232 3554 diminuet
2292 3510 2371 3555 exo

420 3578 689 3643 dimidio
731 3578 902 3651 siclo,
946 3577 1156 3643 dando
1197 3577 1561 3643 oblationem
1596 3576 1859 3642 lehovae
1899 3576 1986 3640 ad
2019 3575 2372 3659 expiandas

421 3666 673 3728 animas
714 3670 974 3728 vestras.
1083 3662 1175 3728 15.
1239 3665 1646 3746 Accipis-sque
1691 3661 2029 3743 pecuniam
2073 3661 2374 3746 expiatio-

420 3769 578 3813 num
619 3771 658 3815 α
698 3750 859 3828 filiis
902 3748 1127 3829 Israel,
1171 3754 1227 3813 et
1266 3748 1453 3815 dabis
1495 3769 1636 3813 eam
1676 3749 1748 3813 in
1789 3767 1946 3829 opus
1987 3747 2373 3813 tabernaculi

421 3836 792 3901 testimonii.-
846 3836 1080 3917 eritque
1129 3834 1289 3915 filiis
1345 3834 1554 3901 Israel
1615 3835 1688 3899 in
1750 3833 2110 3899 memoriale
2164 3852 2372 3900 eoram

425 3920 675 3996 Iehova,
719 3920 807 3986 ad
848 3921 1206 4003 expiandas
1248 3923 1504 3986 animas
1536 3924 1794 3985 vesto-as.

597 4093 697 4158 12.
749 4091 1061 4159 subduces
1103 4112 1416 4156 summam
1445 4090 1726 4172 filiorum
1749 4090 1973 4156 Israel.
2020 4089 2366 4156 Tributum

421 4177 594 4262 quod
650 4180 755 4246 hic
809 4181 877 4243 in
935 4177 1307 4263 peragendo
1361 4199 1559 4243 censu
1619 4177 1844 4261 populi
1908 4177 2117 4259 exigit
2160 4177 2366 4255 Deus,

421 4265 669 4346 optima
726 4268 976 4330 ratione
1033 4265 1403 4329 annectitur
1456 4264 1665 4346 primo
1728 4275 2089 4346 praecepto,
2195 4261 2364 4327 Nam

423 4351 607 4416 Deus
630 4350 1003 4416 tributarios
1039 4351 1159 4414 sibi
1198 4349 1465 4428 facisne,
1502 4371 1658 4414 suae
1694 4347 1961 4414 ditionis
1997 4369 2072 4414 ac
2106 4348 2364 4432 imperii

421 4458 567 4501 esse
625 4436 936 4510 ostendit,
995 4451 1062 4499 et
1115 4437 1265 4518 quia
1328 4437 1450 4501 sibi
1495 4456 1606 4500 666
1650 4436 2106 4517 acquisiverat,
2165 4434 2363 4518 pendi

419 4522 547 4587 sibi
627 4524 840 4587 voluit
914 4520 1076 4586 illud
1149 4522 1506 4605 agnitionis
1586 4522 2030 4586 voluntarium
2100 4542 2361 4586 munus.

415 4609 761 4691 Principes
824 4609 894 4671 in
960 4607 1239 4673 subditis
1305 4607 1731 4673 numerandis
1788 4617 2131 4672 recensent
2186 4607 2365 4671 vires

417 4715 598 4759 suas:
663 4694 845 4758 Deus
902 4703 1157 4771 autem,
1217 4696 1325 4776 qui
1371 4694 1710 4758 hominum
1755 4714 1956 4776 opera
2010 4701 2075 4756 et
2118 4692 2363 4756 auxilio

417 4802 547 4845 non
593 4781 864 4864 indiget,
912 4780 1118 4845 voluit
1154 4780 1488 4845 Israelitas
1532 4781 1766 4845 saltem
1811 4780 2028 4862 aliquo
2068 4777 2364 4862 symbolo

417 4869 645 4932 testari
706 4888 775 4932 66
838 4866 1073 4950 degere
1128 4867 1248 4930 sub
1308 4867 1450 4932 eius
1513 4887 1715 4930 manu
1780 4886 1820 4931 a
1873 4886 1999 4947 quo
2044 4863 2366 4946 redempti

417 4964 626 5018 erant.
746 4952 978 5033 Itaque
1056 4973 1259 5035 quum
1342 4952 1561 5017 David
1640 4949 1953 5034 populum
2033 4951 2369 5016 recensuit

418 5037 506 5124 (2.
555 5039 737 5104 Sam.
784 5039 887 5115 24,
931 5037 1028 5123 2),
1091 5039 1250 5104 haec
1285 5039 1408 5104 fuit
1451 5039 1765 5121 quaedam
1811 5036 2036 5121 populi
2080 5036 2368 5101 emanci-

419 5124 599 5208 patio
643 5146 682 5187 a
711 5126 829 5189 Dei
874 5125 1303 5190 subiectione:
1351 5124 1624 5207 ideoque
1669 5124 1829 5189 haec
1863 5124 2004 5189 sive
2038 5121 2365 5205 superbia,

417 5214 562 5275 sive
604 5212 973 5290 temeritas,
1031 5212 1169 5275 sive
1224 5209 1631 5293 ingratitudo
1675 5221 1808 5274 tam
1854 5230 2082 5275 severe
2138 5210 2367 5292 punita

416 5298 560 5362 fuit.
649 5297 855 5361 Porro
911 5300 1063 5380 quia
1124 5299 1378 5362 censeri
1423 5298 1735 5380 populum
1781 5306 1850 5360 et
1901 5295 2060 5361 utile
2110 5305 2179 5360 et
2225 5315 2363 5360 rec·

413 5392 564 5448 tum
610 5384 761 5464 fuit,
812 5382 1036 5448 addita
1078 5384 1461 5467 exceptione
1502 5383 1573 5447 id
1616 5382 2040 5467 permittitur,
2100 5389 2175 5447 ut
2215 5401 2367 5465 pre·

1893 456 2275 536 PRIMUM
2316 466 2966 537 PRAEOEPTUM.

2437 2221 2445 2339 ἡ

4305 414 4440 535 662

2488 658 2658 723 tium
2746 657 3214 741 redemptionis
3305 658 3376 722 in
3464 658 3726 743 singula
3802 657 4017 741 capita
4094 656 4429 738 solvendo,

2490 744 2705 810 Deum
2764 744 3030 810 unicum
3092 764 3316 828 regem
3360 751 3737 828 agnoscant.
3822 742 4018 826 Quod
4061 743 4177 809 alii
4217 743 4434 827 placa-

2486 830 2730 896 tionem
2792 831 2896 896 vel
2964 829 3404 913 expiationem
3475 851 3605 895 non
3671 829 3843 895 male
3909 837 4212 908 vertunt,
4275 831 4432 912 quia

2487 915 2644 981 dum
2705 937 2776 981 se
2832 914 3208 981 fatebantur
3263 917 3405 981 Deo
3454 916 3662 982 vitam
3719 916 3985 997 debere,
4040 915 4164 982 hoc
4229 916 4433 1000 grati·

2489 1002 2738 1068 tudinis
2803 1002 3177 1068 testimonio
3231 1002 3366 1068 illis
3424 1012 3567 1067 erat
3610 1002 3949 1086 propitius.
4038 1000 4434 1084 Quanquam

2487 1097 2709 1170 posset
2761 1108 2801 1153 a
2852 1088 3131 1173 tegendo
3191 1086 3452 1153 deduci:
3520 1087 3675 1171 quia
3729 1109 3877 1154 cum
3934 1088 4108 1152 ultro
4158 1109 4230 1153 se
4286 1087 4433 1153 Deo

2487 1173 2913 1254 subiicerent,
2996 1183 3064 1239 et
3128 1173 3559 1258 confugerent
3622 1173 3745 1240 sub
3810 1174 4112 1243 umbram
4178 1172 4435 1238 alarum

2488 1258 2648 1335 eius,
2705 1259 2828 1324 hoc
2875 1260 3331 1343 integumento
3389 1259 3626 1324 muniti
3686 1268 3875 1325 erant
3917 1278 3994 1324 66
4036 1263 4184 1324 tuti.
4271 1258 4432 1325 Ideo

2489 1344 2685 1429 paulo
2744 1354 2889 1429 post
2931 1346 3173 1411 dicitur
3228 1366 3474 1411 munus
3519 1346 3641 1412 hoc
3684 1346 3903 1411 offerri
3947 1346 4108 1423 Deo,
4156 1344 4238 1409 ad
4283 1364 4432 1428 pro-

2486 1430 2857 1514 pitiandum
2901 1453 3099 1515 super
3139 1430 3500 1499 animabus.
3581 1432 3671 1496 Et
3714 1431 3839 1497 hoc
3881 1430 4027 1495 aliis
4070 1430 4289 1496 verbis
4323 1451 4435 1496 ex-

2486 1516 2814 1599 primitur.
2903 1516 3004 1583 Ne
3048 1517 3387 1601 contingat
3429 1518 3644 1601 plaga,
3699 1525 3816 1581 aut
3858 1516 4099 1583 clades:
4163 1516 4317 1600 quia
4358 1517 4434 1581 in

2486 1602 2625 1668 sola
2669 1600 2799 1667 Dei
2841 1604 3244 1687 protectione
3287 1605 3417 1669 sita
3458 1613 3602 1669 erat
3645 1623 3874 1668 eorum
3919 1602 4117 1679 salus,
4162 1624 4246 1668 66
4288 1602 4435 1685 qui-

2486 1685 2769 1754 buslibet
2812 1688 3003 1754 malis
3047 1690 3313 1755 obnoxii
3357 1696 3594 1755 essent.
3682 1690 3776 1754 Et
3818 1708 4021 1773 quum
4064 1688 4435 1755 Pharaonis

2485 1774 2662 1839 servi
2726 1784 2977 1853 essent,
3036 1796 3168 1840 666
3233 1775 3463 1841 fuisset
3525 1775 3822 1859 legitima
3886 1795 4113 1840 eorum
4170 1774 4435 1841 libertas

2484 1861 2611 1924 nisi
2658 1861 2800 1926 Deo
2843 1868 3073 1926 autore
3116 1871 3184 1926 66
3225 1861 3508 1927 vindice.
3597 1859 3822 1942 Quare
3874 1881 3959 1925 ne
4020 1881 4230 1944 poena
4285 1870 4433 1924 tan-

2483 1966 2678 2029 quam
2721 1946 2934 2012 servis
2968 1947 3261 2031 fugitivis
3295 1947 3725 2032 infligeretur,
3770 1966 4047 2029 aequum
4089 1946 4212 2010 fuit
4255 1945 4429 2012 salu-

2483 2042 2616 2096 tem
2660 2031 2935 2097 solemni
2979 2033 3114 2098 ritu
3158 2034 3334 2118 ipsos
3369 2034 3511 2099 Deo
3545 2031 3932 2100 adscribere.
3989 2032 4232 2098 Parem
4268 2051 4428 2098 vero

2482 2138 2807 2182 summam
2867 2117 3170 2200 omnibus
3225 2115 3503 2198 indixit,
3555 2128 3634 2184 ut
3676 2117 3939 2203 singuli,
3983 2119 4431 2201 cuiuscunque

2484 2211 2706 2267 essent
2747 2201 3013 2283 ordinis,
3069 2225 3109 2270 a
3153 2205 3425 2270 minimo
3469 2224 3675 2287 usque
3719 2205 3802 2270 ad
3846 2203 4244 2285 maximum,
4302 2203 4429 2269 sci-

2481 2297 2634 2354 rent
2699 2309 2770 2353 66
2834 2296 3005 2355 66666
3067 2289 3248 2355 111166
3307 2311 3471 2357 6666.
3558 2290 3699 2355 Ν66
3754 2291 3996 2354 mirum
4042 2299 4169 2366 666,
4226 2309 4432 2373 quum

2480 2375 2604 2440 hoc
2646 2383 2817 2440 66666
2859 2376 2963 2440 166
2998 2376 3361 2457 personale,
3407 2373 3510 2462 (66
3542 2376 3747 2461 vulgo
3782 2374 4181 2463 loquuntur),
4226 2376 4428 2443 facul-

2479 2468 2650 2526 tates
2712 2481 2848 2526 non
2904 2461 3164 2528 venisse
3221 2463 3294 2526 16
3352 2463 3703 2537 166166616,
3762 2470 3839 2527 66
3894 2461 4045 2546 plus
4101 2462 4430 2528 conferret

2480 2545 2665 2612 dives
2708 2566 2903 2631 quam
2950 2567 3217 2630 pauper,
3262 2547 3376 2612 sed
3419 2546 3594 2613 idem
3631 2567 3751 2631 pro
3785 2546 4064 2632 singulis
4105 2546 4430 2630 capitibus

2478 2632 2762 2715 pretium
2806 2632 3186 2699 solveretur.
3234 2631 3518 2698 Valebat
3559 2643 3780 2698 autem
3825 2633 4024 2699 siclus
4067 2632 4430 2699 sanctuarii

2478 2716 2929 2784 tetradachma
2971 2719 3265 2785 Atticum
3311 2717 3483 2801 quod
3534 2718 3848 2785 Budaeus
3914 2718 4218 2785 aestimat
4269 2738 4429 2802 qua-

2476 2802 2841 2869 tuordecim
2908 2803 3134 2870 solidis
3197 2803 3481 2888 gallicis,
3549 2804 3657 2870 vel
3702 2804 3980 2870 circiter.
4088 2804 4154 2869 N
4156 2825 4263 2869 am
4330 2803 4428 2869 di-

2478 2887 2796 2955 drachma
2853 2900 3104 2972 septem
3148 2891 3306 2956 facit
3348 2888 3620 2967 solidos,
3678 2890 3872 2956 sicuti
3917 2889 4230 2956 drachma
4269 2890 4428 2956 sim-

2475 2973 2627 3057 plex
2653 2975 2817 3041 duos
2850 2983 2917 3041 66
2946 2975 3473 3059 sesquialterum,
3511 2976 3730 3040 minus
3753 2975 4087 3041 denariolo
4110 2975 4424 3041 turonico.

2476 3059 2655 3125 Illud
2710 3068 2812 3127 est
2871 3059 3251 3129 didrachma
3308 3062 3494 3128 cuius
3555 3062 3805 3128 mentio
3871 3062 3948 3127 fit
4013 3060 4193 3146 apud
4252 3060 4427 3128 Mat-

2475 3146 2744 3211 thaeum
2792 3147 2894 3228 17,
2939 3146 3044 3213 24.
3133 3147 3306 3213 Nam
3342 3167 3545 3231 quum
3589 3147 3842 3214 subacti
3885 3168 3925 3212 a
3958 3147 4281 3214 Romanis
4322 3169 4427 3213 es-

2476 3240 2624 3298 6666
2664 3231 2912 3315 Iudaei,
2958 3233 3291 3317 probabile
3334 3240 3468 3313 est,
3535 3254 3662 3316 quo
3704 3233 3918 3317 magis
3953 3232 4429 3301 contumeliosa

2475 3327 2651 3385 esset
2691 3320 2998 3399 servitus,
3045 3319 3171 3385 hoc
3204 3320 3310 3385 ius
3347 3318 3579 3385 tributi
3615 3318 3697 3383 ad
3722 3319 4006 3386 victores
4029 3320 4427 3386 translatum

2477 3425 2639 3471 esse.
2682 3404 2857 3471 Nam
2904 3405 3063 3472 haec
3106 3404 3349 3471 oblatio
3393 3404 3714 3472 divinitus
3756 3406 4177 3490 praescripta,
4222 3425 4428 3489 quum

2475 3490 2885 3557 liberationis
2930 3499 3103 3557 esset
3166 3490 3531 3571 symbolum
3577 3490 3859 3557 Iudaeos
3916 3491 4000 3557 ab
4044 3491 4225 3556 omni
4277 3512 4428 3574 pro-

2475 3576 2630 3642 fano
2673 3577 2950 3660 imperio
3008 3576 3373 3656 eximebat,
3433 3586 3749 3660 tanquam
3804 3575 4074 3659 liberos,
4131 3576 4244 3644 vel
4304 3575 4426 3643 uni

2475 3663 2622 3727 Deo
2665 3661 2976 3729 addictos.
3086 3662 3221 3728 Sed
3267 3663 3420 3747 quia
3463 3662 3591 3728 Dei
3633 3663 3863 3747 iugum
3903 3683 4022 3728 sua
4065 3662 4431 3746 pervicacia

2476 3756 2930 3830 excusserant,
2988 3769 3060 3814 se
3108 3750 3251 3814 iure
3309 3770 3428 3815 suo
3483 3748 3839 3832 exspoliari
3892 3758 4127 3831 sponte
4191 3769 4439 3833 passus·

2475 3844 2574 3899 est
2609 3835 2792 3900 Deus
2838 3842 2914 3899 ut
2956 3833 3208 3899 alienae
3251 3835 3595 3920 tyrannidi
3638 3855 3749 3901 eos
3790 3833 4155 3900 subiiceret.
4215 3834 4426 3917 quue

2473 3918 2754 4003 contigit
2794 3920 2917 3986 sub
2961 3917 3217 3988 Christi
3260 3920 3651 4000 adventum,
3708 3930 3784 3986 ut
3826 3920 3969 3986 eius
4026 3920 4426 3987 desiderium

2471 4005 2543 4070 in
2587 4026 2812 4070 eorum
2856 4006 3093 4072 animis
3152 4027 3325 4072 nova
3379 4015 3447 4072 et
3511 4005 3775 4071 insolita
3817 4006 4152 4091 oppressio
4210 4006 4423 4090 magis

2472 4092 2874 4157 accenderet.
2921 4090 3329 4176 Quantisper
3367 4099 3585 4158 autem
3623 4113 3708 4156 ex
3737 4092 3903 4177 legis
3923 4091 4233 4158 mandato
4268 4112 4421 4158 cen-

2470 4198 2582 4243 sus
2627 4178 2736 4242 hic
2778 4178 3032 4244 solutus
3073 4186 3192 4257 est,
3237 4178 3555 4245 admoniti
3598 4178 3872 4244 fuerunt
3917 4177 4147 4244 Iudaei
4192 4199 4264 4244 se
4305 4197 4420 4261 po-

2470 4264 2695 4348 pulum
2741 4283 2883 4332 esse
2928 4264 3071 4329 Deo
3114 4285 3392 4331 sacrum.

3053 4603 3186 4669 nx
3232 4602 3588 4670 Numan.
3636 4602 3742 4669 v1
3765 4599 3834 4689 ¹).

2642 4776 2700 4840 1.
2746 4774 2836 4840 Et
2891 4776 3187 4859 loquutus
3239 4778 3329 4841 est
3387 4773 3619 4841 Iehova
3682 4773 3768 4839 ad
3832 4773 4077 4854 Mosen,
4133 4775 4421 4842 dicendo.-

2469 4861 2530 4927 2.
2575 4861 2911 4945 Alloquere
2944 4861 3116 4944 filios
3161 4859 3389 4941 Israel,
3449 4865 3509 4927 et
3549 4861 3653 4927 dio
3694 4861 3821 4926 eis.-
3882 4861 3999 4927 Vir
4041 4865 4155 4944 aut
4193 4860 4421 4926 mulier

2467 4968 2660 5030 quum
2702 4949 3092 5029 separaverit
3129 4967 3197 5014 se
3236 4947 3502 5015 vovendo
3541 4951 3751 5013 votum
3796 4946 4141 5026 Nazaraei,
4196 4946 4282 5012 ad
4323 4966 4419 5012 se—

2642 5188 2699 5258 1)
2733 5189 2949 5244 Abhinc
2984 5189 3045 5244 in
3078 5189 3271 5246 latinis
3304 5187 3704 5257 exemplaribus
3747 5186 3931 5241 atalae
3966 5182 4203 5253 amplius
4234 5183 4420 5239 rubri-

2470 5273 2565 5314 cae
2599 5258 3010 5327 Appendictbus
3041 5258 3436 5328 praeligantur.
3496 5255 3765 5310 Gallicum
3800 5269 3927 5309 vero
3960 5254 4048 5308 hie
4082 5260 4131 5307 et
4165 5251 4418 5321 deuncem

2468 5326 2984 5451 §asdemelagscribit
3016 5333 3078 5383 ut
3129 5335 3322 5384 antea:
3393 5328 3572 5380 Autre
3620 5324 3970 5395 dependence
4013 5322 4087 5375 du
4132 5338 4271 5377 voeu
4317 5321 4416 5376 des
