4867 6150
551 437 635 503 71
1755 439 2493 510 COMMENTARIUS
2537 439 2639 507 IN
2681 437 2981 506 EXODI
3025 436 3223 504 CAP.
3267 436 3351 503 V.
4463 435 4541 502 72

553 629 926 716 prohibeat.
998 628 1172 694 Nam
1213 629 1270 695 si
1314 629 1669 698 vindictam
1714 640 2099 714 sumpturus
2141 641 2284 695 erat
2319 630 2505 699 Deus

557 716 641 783 de
685 716 923 800 populo
966 716 1077 799 qui
1120 717 1372 782 invitus
1407 716 1828 795 retinebatur,
1875 716 2197 799 quomodo
2235 719 2505 800 impune

554 802 874 869 evaderet
937 803 1048 884 qui
1115 823 1198 867 ex
1263 803 1551 887 professo
1617 814 1843 868 contra
1889 804 2103 868 Deum
2163 802 2504 868 certabat?

558 887 784 970 Quum
849 909 1004 972 ergo
1067 888 1187 953 sibi
1255 888 1608 971 perniciem
1674 887 1926 954 instare
1990 896 2507 955 commemorant

557 975 690 1041 nisi
714 987 1052 1040 vocantem
1077 984 1438 1057 sequantur
1461 974 1709 1039 Deum:
1734 974 2068 1041 Pharaoni
2091 974 2507 1041 subindicant

557 1070 640 1127 ut
682 1059 806 1128 sibi
850 1068 1081 1127 caveat
1115 1081 1155 1125 a
1196 1059 1428 1124 maiori
1465 1060 1668 1126 clade.

730 1146 793 1211 4.
837 1145 1030 1210 Dixit
1071 1145 1156 1211 ad
1196 1165 1298 1211 eos
1332 1166 1448 1210 rea:
1484 1145 1771 1229 Aeqypti.
1840 1144 2090 1211 Mirum
2135 1158 2238 1212 est
2279 1167 2500 1229 regem

555 1231 737 1298 fastu
781 1230 1116 1314 turgidum
1164 1253 1294 1298 non
1341 1233 1625 1297 atrocius
1668 1232 1955 1297 saevisse
1997 1231 2068 1295 in
2105 1252 2330 1297 servos
2352 1231 2502 1311 Dei,

605 1338 724 1383 uos
788 1317 1125 1383 seditionis
1190 1327 1453 1384 autores
1518 1337 1660 1383 esse
1726 1316 2020 1383 ducebat.
2132 1318 2270 1384 Nec
2343 1339 2503 1383 vero

607 1403 833 1469 ubium
879 1413 981 1469 est
1024 1402 1229 1468 fuisse
1272 1401 1631 1469 cohibitum
1664 1401 1792 1468 Dei
1834 1402 2062 1468 fraeno
2105 1426 2190 1469 ne
2234 1403 2316 1468 ad
2360 1408 2503 1469 cae'-

557 1488 708 1554 dem
752 1510 911 1554 mox
955 1489 1304 1571 prosiliret.
1393 1488 1642 1569 Quanti
1685 1509 1803 1554 sua
1860 1489 2104 1554 referre
2160 1498 2348 1573 putet
2390 1512 2502 1575 po-

556 1575 787 1659 pulum
853 1575 926 1639 in
991 1576 1300 1659 Aegypto
1377 1595 1674 1650 manere,
1752 1576 2111 1658 pertinacia
2173 1577 2243 1640 in
2323 1578 2503 1641 exitu

556 1659 861 1746 negando
919 1661 1162 1726 clarius
1221 1668 1444 1742 postea
1495 1659 1824 1726 ostendet:
1883 1661 1992 1745 qui
2051 1662 2131 1726 fit
2184 1662 2388 1746 igitur
2430 1671 2508 1727 ut

556 1746 907 1813 verborum
971 1746 1420 1831 obiurgatione
1486 1756 1835 1813 contentus
1892 1748 2202 1831 sanguini
2260 1758 2503 1829 parcat,

556 1833 686 1897 nisi
753 1830 927 1915 quod
989 1833 1285 1915 opposito
1352 1831 1748 1898 defensionis
1814 1854 1969 1898 suae
2035 1834 2263 1918 clypeo
2322 1835 2506 1900 Deus

555 1939 783 1985 servos
827 1937 981 1983 suos
1024 1918 1353 2001 protegit?
1399 1918 1675 1985 Duriter
1710 1916 1969 2001 quidem
2031 1940 2143 1985 eos
2185 1919 2505 2003 increpat,

557 2012 628 2069 et
693 2002 928 2088 quibus
993 2004 1317 2087 reliquum
1383 2004 1694 2089 populum
1753 2005 2092 2087 premebat
2156 2005 2504 2085 laboribus,

556 2110 670 2156 eos
736 2089 1010 2155 addicit:
1073 2088 1188 2155 sed
1255 2111 1463 2174 quum
1524 2091 1683 2155 satis
1738 2100 1966 2156 notum
2026 2091 2145 2169 sit,
2203 2093 2508 2175 tyrannis

558 2196 898 2258 nunquam
958 2174 1335 2241 satisfacere
1390 2176 1781 2241 mediocrem
1829 2179 2147 2259 rigorem:
2207 2176 2331 2242 sub
2377 2177 2507 2242 Dei

555 2260 849 2327 custodia
906 2270 1116 2326 tutam
1179 2262 1443 2327 illorum
1509 2262 1709 2328 fuisse
1775 2262 2052 2327 salutem
2121 2263 2508 2347 colligimus,

555 2348 711 2430 quia
754 2347 994 2430 alioqui
1038 2348 1281 2413 centies
1323 2348 1597 2431 perituri
1643 2358 1852 2413 erant.
1942 2349 2291 2415 Caeterum
2336 2348 2509 2432 quod

553 2454 703 2499 reos
741 2432 895 2498 facit
930 2434 1273 2511 tumultus,
1307 2433 1635 2500 discamus
1672 2434 2235 2518 eorum.exemplo
2273 2434 2510 2519 probra

556 2527 622 2584 et
670 2518 979 2586 falsorum
1015 2520 1365 2585 criminum
1409 2520 1803 2585 obiectiones
1838 2523 2167 2604 patienter
2199 2522 2506 2586 sufferre:

556 2604 752 2670 modo
795 2605 948 2670 freti
996 2602 1124 2669 Dei
1169 2604 1479 2670 mandato
1523 2605 1722 2689 probe
1781 2606 1971 2671 nobis
2014 2607 2257 2673 conscii
2303 2611 2508 2672 simus

564 2690 812 2756 iniuste
835 2711 957 2756 nos
979 2693 1264 2773 gravari.
1332 2691 1689 2757 Proximus
1726 2713 1973 2770 versus,
2001 2691 2109 2758 ubi
2148 2692 2305 2759 dicit
2340 2693 2509 2759 mul·

565 2784 709 2842 tum
746 2797 888 2842 esse
927 2785 1142 2842 terrae
1178 2777 1511 2861 populum,
1556 2776 1640 2842 ad
1683 2779 1930 2844 crimen
1974 2778 2510 2862 exaggerandum

558 2864 875 2947 pertinet:
960 2874 1100 2926 tum
1168 2864 1321 2945 quia
1382 2865 1753 2947 graviorem
1832 2865 2113 2929 afferant
2190 2866 2506 2931 iacturam

558 2949 730 3015 bono
765 2946 1045 3032 publico,
1084 2969 1280 3031 quam
1317 2950 1375 3013 si
1409 2969 1651 3033 paucos
1687 2949 1769 3015 ab
1805 2971 1998 3033 opere
2032 2950 2511 3031 abstraherent,

557 3033 796 3102 deinde
820 3035 989 3118 quod
1014 3055 1329 3119 magnum
1355 3036 1666 3121 populum
1692 3036 2071 3103 concitando
2104 3036 2256 3122 plus
2284 3058 2508 3104 creare

555 3122 829 3206 periculi
875 3130 1214 3187 conentur.

733 3293 794 3358 6.
841 3291 932 3357 Et
960 3294 1285 3374 praecepit
1326 3293 1429 3359 die
1483 3294 1594 3360 ino
1641 3294 1903 3360 Pharao
1957 3294 2344 3361 exactoribus
2400 3295 2511 3376 qui

559 3383 742 3444 erant
776 3379 845 3443 in
870 3379 1102 3461 populo
1135 3384 1192 3443 et
1221 3379 1563 3462 praefectis
1595 3380 1748 3458 eius,
1784 3382 2036 3447 dicens:
2081 3382 2139 3446 7.
2189 3380 2336 3446 Non
2370 3401 2511 3448 con-

559 3464 897 3530 tinuabitis
916 3465 988 3529 in
1007 3465 1223 3530 danda
1244 3465 1438 3545 palea
1462 3467 1696 3547 populo
1717 3467 1803 3533 ad
1830 3465 2238 3547 conficiendos
2272 3466 2510 3546 lateres,

563 3552 729 3616 sieut
769 3550 908 3615 heri
950 3555 1007 3616 et
1047 3551 1509 3616 nudiustertius
1523 3601 1538 3630 ,
1580 3553 1690 3619 sed
1736 3553 1865 3635 ipsi
1904 3557 2077 3629 eant,
2123 3557 2181 3617 et
2222 3553 2514 3636 colliqant

563 3636 692 3702 sibi
741 3636 989 3716 paleas.
1095 3637 1153 3702 8.
1218 3636 1541 3702 Summam
1604 3660 1747 3703 vero
1810 3638 2078 3704 laterum
2132 3659 2324 3720 quam
2382 3639 2515 3721 ipsi

561 3722 841 3805 fecerunt
858 3721 996 3787 heri
1016 3727 1074 3786 et
1093 3722 1572 3802 nudiustertius,
1595 3725 1888 3805 imponite
1912 3726 2038 3789 eis.-
2071 3744 2196 3790 non
2216 3725 2516 3790 minuetis

564 3828 643 3873 ea:
695 3828 806 3873 ea:
869 3828 1021 3874 nam
1077 3809 1231 3890 quia
1285 3811 1406 3874 otio
1458 3811 1713 3875 remissi
1767 3816 1943 3886 sunt,
1995 3817 2327 3893 propterea
2383 3811 2516 3892 ipsi

565 3894 872 3971 clamant,
932 3895 1230 3960 dicentes:
1281 3891 1560 3974 Eamus,
1614 3897 2034 3977 sacrificemus
2087 3897 2227 3960 Deo
2280 3903 2511 3961 nostro,

563 3979 627 4046 9.
675 3981 1075 4063 Ayyravetur
1124 3999 1265 4063 erqo
1325 3981 1593 4045 servitus
1643 4002 1833 4062 super
1883 3982 2053 4047 viros
2067 4033 2083 4061 ,
2142 3983 2213 4046 in
2265 4003 2393 4063 qua
2447 4001 2515 4047 se

565 4070 902 4142 werceant,
939 4070 996 4130 et
1015 4086 1138 4131 non
1163 4066 1479 4130 attendant
1500 4067 1702 4132 verbis
1726 4068 2145 4133 mendacibus.
2206 4068 2306 4133 10.
2338 4069 2514 4134 Tunc

565 4152 800 4235 cyressi
841 4155 987 4216 sunt
1020 4156 1332 4218 exactores
1363 4152 1593 4234 populi
1627 4159 1685 4218 et
1714 4153 2019 4235 praefecti
2054 4155 2206 4231 eiuS,
2251 4160 2307 4218 et
2338 4155 2513 4220 dize-

565 4242 719 4302 runt
772 4236 1039 4319 populo:
1098 4235 1207 4302 Sic
1261 4237 1411 4302 dicit
1468 4237 1761 4304 Pharao:
1824 4237 1977 4320 Ερυ-
2024 4259 2145 4305 non
2204 4241 2280 4305 do
2342 4241 2514 4306 vobis

551 4323 803 4405 paleas.
917 4321 1018 4387 11.
1114 4323 1237 4388 Vos
1314 4324 1396 4387 ite
1477 4324 1738 4408 colliyite
1808 4325 1979 4391 vobis
2051 4325 2303 4408 paleas,
2379 4325 2515 4391 ubi-

564 4429 806 4491 cunque
832 4409 1225 4474 inveneritis.-
1258 4409 1411 4489 quia
1451 4430 1576 4475 non
1610 4416 1698 4476 est
1731 4413 2135 4478 imminutum
2170 4413 2514 4495 quidquam

565 4515 645 4561 ex
688 4514 869 4578 opere
911 4499 1127 4559 vestro.
1222 4494 1319 4558 12.
1368 4495 1719 4586 Dispersus
1774 4503 1866 4563 est
1906 4519 2050 4582 erqo
2085 4499 2361 4581 populus
2393 4521 2515 4582 per

564 4586 756 4647 totam
788 4586 1022 4646 terram
1045 4580 1334 4663 Aeyypti,
1371 4586 1443 4646 ut
1474 4580 1822 4666 eolliyerent
1841 4583 2114 4664 stipulas
2138 4604 2261 4663 pro
2282 4585 2512 4664 paleis.

568 4666 669 4731 13.
715 4666 804 4731 Et
834 4664 1132 4749 uryebant
1164 4687 1266 4731 eos
1292 4672 1622 4748 exactores,
1667 4669 1957 4736 dicendo:
2003 4668 2290 4750 Pevfieite
2325 4689 2516 4749 opera

560 4757 800 4831 vestra,
850 4772 1118 4834 pensum
1172 4752 1301 4818 diei
1353 4753 1456 4818 die
1509 4774 1626 4818 suo
1667 4755 1935 4836 perinde
1991 4775 2067 4819 ac
2119 4757 2181 4819 si
2234 4756 2519 4821 adessent

552 4839 787 4922 paleae
821 4835 886 4924 ¹).
971 4838 1070 4903 14.
1106 4834 1193 4902 Et
1227 4839 1396 4904 caesi
1437 4845 1584 4905 sunt
1615 4841 1924 4923 praefecti
1960 4839 2246 4921 filiorum
2291 4841 2516 4923 Israel,

563 4945 721 5008 quos
775 4924 1217 4989 constituerant
1277 4944 1468 5006 super
1529 4925 1703 5006 ipsos
1761 4931 2075 4992 exactores
2136 4925 2515 5009 Pharaonis,

566 5010 858 5077 dicendo:
931 5009 1140 5090 Quare
1202 5030 1325 5074 non
1386 5009 1741 5076 absolvistis
1788 5032 2060 5093 pensum
2111 5019 2384 5078 vestrum
2446 5016 2517 5079 in

558 5096 867 5164 lateribus
901 5093 1317 5175 conficiendis,
1363 5098 1526 5161 sicut
1565 5095 1704 5161 heri
1746 5103 1804 5163 et
1842 5098 2314 5174 nudiustertius,
2358 5101 2517 5167 sicut

560 5188 755 5250 antea
799 5183 893 5248 ita
934 5180 1168 5247 hodie?
1263 5180 1364 5248 15.
1409 5177 1501 5247 Et
1541 5188 1843 5249 venerunt
1887 5184 2197 5267 praefecti
2235 5183 2519 5267 filiorum

706 5371 765 5441 1)
801 5370 873 5426 In
909 5370 1182 5439 margine:
1218 5370 1340 5437 Vel,
1375 5370 1536 5425 sicuti
1572 5388 1737 5441 quum
1775 5378 1933 5426 erant
1964 5373 2172 5442 paleae.

2610 628 2847 709 Israel,
2906 633 2964 693 et
3002 629 3317 711 conquesti
3350 632 3497 694 sunt
3537 628 3711 711 apud
3760 626 4192 706 Pharaonem,
4249 627 4546 695 dicentes.-

2612 714 2744 781 ΟΜ
2782 716 2876 780 sic
2917 715 3060 798 ayis
3104 734 3243 779 cum
3280 715 3482 780 servis
3521 713 3702 779 tuis?
3789 713 3888 779 16.
3939 713 4141 789 Palea
4180 733 4303 778 non
4359 713 4547 779 datur

2605 802 2806 867 servis
2861 801 3017 877 tuis,
3073 805 3128 866 et
3179 801 3392 867 dicunt
3445 800 3656 866 nobis.-
3709 799 3968 865 Latere-s
4022 799 4239 879 facite.-
4294 803 4351 864 et
4402 818 4538 879 ecce,

2605 887 2773 953 servi
2817 887 2911 951 tui
2942 888 3409 969 percutiuntur,
3470 892 3527 951 et
3567 885 3841 968 improbe
3883 887 4096 970 ayitur
4136 905 4276 951 eum
4306 884 4541 965 populo

2607 978 2730 1038 tuo,
2805 971 2904 1037 17.
2966 973 3091 1053 Qui
3123 975 3246 1037 ait:
3313 972 3437 1038 Vos
3469 973 3590 1037 otio
3624 972 3876 1037 remissi
3913 973 4078 1051 estis,
4112 972 4234 1036 otio
4265 970 4544 1036 remissi:

2607 1058 2742 1123 ideo
2784 1059 3020 1138 dicitis,
3080 1079 3325 1136 eamus,
3380 1057 3801 1138 sacrificemus
3845 1057 4123 1124 Iehovae.
4217 1057 4315 1122 18.
4366 1056 4545 1121 Nunc

2605 1144 2803 1227 iqitur
2842 1146 2941 1224 ite,
2984 1145 3363 1225 operamini.-
3405 1150 3460 1208 et
3491 1143 3714 1225 paleae
3749 1164 3869 1209 non
3909 1144 4223 1209 dabuntur
4262 1141 4453 1220 vobis,
4491 1146 4545 1207 et

2604 1250 2918 1295 summam
2958 1229 3223 1296 laterum
3267 1231 3555 1296 reddetis.

2777 1402 2837 1468 6.
2884 1401 2973 1467 Et
3000 1403 3337 1485 praecepit.
3421 1402 3524 1466 Ex
3568 1402 3736 1466 serie
3779 1400 4089 1466 historiae
4131 1402 4371 1466 certius
4414 1401 4541 1466 col-

2608 1487 2809 1570 ligere
2852 1487 3106 1565 licebit,
3164 1488 3280 1553 hos
3337 1488 3697 1571 praefectos
3761 1497 3829 1552 et
3884 1497 4222 1552 exactores
4267 1506 4352 1551 ex
4396 1486 4544 1552 filiis

2606 1573 2812 1639 Israel
2870 1573 3070 1639 fuisse
3128 1586 3441 1657 sumptos.
3530 1572 3927 1656 Quanquam
3980 1573 4179 1638 fuisse
4233 1570 4544 1655 quosdam

2608 1660 2970 1744 Aegyptios
3036 1671 3229 1725 antea
3292 1660 3609 1743 legimus,
3689 1659 3802 1725 sed
3868 1667 3945 1723 ut
4008 1659 4331 1742 ingeniosi
4399 1668 4548 1724 sunt

2609 1747 2880 1830 tyranni
2924 1749 2990 1810 in
3036 1747 3171 1812 suis
3214 1745 3603 1824 commodis,
3665 1765 3784 1828 pro
3842 1764 3960 1810 sua
4019 1745 4280 1809 vafritie
4323 1765 4551 1810 cavere

2609 1832 2818 1899 voluit
2861 1832 3123 1898 Pharao
3168 1852 3254 1897 ne
3298 1853 3427 1915 qua
3470 1841 3641 1898 esset
3683 1830 4098 1908 immunitas,
4161 1831 4276 1896 sed
4330 1852 4552 1896 omnes

2608 1917 2691 1981 ad
2751 1939 2955 1983 unum
3015 1918 3264 1984 vicibus
3310 1919 3447 1983 suis
3493 1917 3576 1983 ad
3634 1938 3804 1983 onus
3851 1918 4293 1983 traherentur.
4382 1917 4548 1982 Nam

2609 2005 2975 2087 Aegyptios
3010 2005 3080 2067 in
3116 2004 3311 2069 turba
3346 2004 3550 2068 latere
3579 2003 3840 2087 quidam
3879 2013 4200 2086 poterant,
4247 2003 4357 2068 ubi
4406 2023 4551 2069 vero

2607 2089 2930 2156 Israelitis
2971 2088 3198 2155 datum
3236 2090 3364 2155 fuit
3399 2093 3751 2174 negotium,
3798 2089 4141 2154 familiaris
4180 2091 4412 2153 notitia
4448 2109 4551 2153 eos

2610 2173 2891 2255 detexit,
2945 2197 3030 2240 ne
3074 2178 3180 2242 cui
3223 2186 3397 2241 esset
3449 2176 3852 2241 immunitas.
3944 2175 4151 2240 Porro
4195 2174 4550 2241 verisimile

2608 2271 2708 2327 est
2766 2260 2940 2345 apud
3000 2262 3120 2327 hos
3177 2262 3538 2344 praefectos
3605 2262 3963 2344 depositam
4029 2260 4231 2326 fuisse
4301 2261 4551 2343 paleam

2608 2368 2802 2431 quam
2850 2369 2969 2430 per
3013 2347 3310 2414 decurias
3355 2348 3458 2413 vel
3504 2348 3785 2432 singulis
3831 2346 4338 2412 distribuerent:
4391 2366 4551 2411 onus

2608 2455 2764 2517 ergo
2808 2433 3098 2516 duplicat
3133 2434 3256 2500 hoc
3290 2433 3502 2511 modo,
3547 2434 3701 2516 quia
3734 2433 3917 2499 iubet
3951 2433 4202 2516 paleam
4246 2433 4552 2517 colligere

2608 2540 2736 2602 qua
2779 2520 3020 2585 lateres
3066 2530 3446 2602 coquantur.
3535 2519 4101 2600 Quemadmodum
4162 2529 4385 2583 autem
4443 2518 4551 2582 ille

2609 2605 2766 2670 dicit
2799 2606 3248 2691 monosyllaba
3285 2627 3429 2671 esse
3466 2627 3694 2689 regum
3731 2605 3960 2680 edicta,
3998 2605 4315 2689 praecisis
4342 2604 4551 2670 verbis

2612 2691 2897 2756 ostendit
2962 2693 3182 2757 Moses
3247 2691 3621 2776 tyrannidis
3693 2691 4091 2758 violentiam.
4203 2691 4550 2756 Caeterum

2612 2777 2719 2843 hic
2762 2777 2940 2844 locus
2982 2778 3185 2856 docet,
3233 2799 3433 2860 quum
3479 2799 3599 2843 nos
3641 2779 3965 2861 respicere
4006 2777 4330 2860 inceperit
4374 2778 4551 2842 Deus

2614 2873 2686 2927 ut
2731 2865 2918 2929 malis
2961 2865 3200 2930 nostris
3236 2885 3427 2947 opem
3463 2864 3650 2944 ferat,
3698 2865 3819 2929 hac
3853 2864 4186 2930 occasione
4220 2862 4547 2927 interdum

2611 2949 2946 3015 molestias
2985 2969 3307 3028 crescere,
3361 2969 3525 3032 quae
3576 2971 3699 3015 nos
3756 2949 3985 3015 durius
4042 2959 4365 3033 premant.
4452 2948 4552 3012 Ita

2613 3056 2813 3118 quum
2853 3036 3171 3103 Israelitis
3205 3035 3537 3119 professus
3571 3048 3741 3102 esset
3775 3057 3846 3102 se
3880 3036 4016 3102 fore
4053 3033 4549 3119 redemptorem,

2613 3125 2877 3206 gravior
2919 3123 3054 3189 illis
3090 3125 3294 3190 moles
3338 3121 3638 3188 incubuit
3680 3121 3834 3188 dum
3881 3123 3963 3188 ad
4008 3123 4233 3188 solitas
4268 3122 4550 3187 exactio-

2612 3229 2731 3274 nes
2795 3208 3045 3274 addidit
3111 3218 3435 3294 tyrannus
3501 3220 3575 3274 ut
3635 3209 4019 3293 colligerent
4086 3207 4212 3273 sibi
4274 3208 4549 3292 paleam.

2613 3293 2729 3360 Sic
2773 3296 2948 3360 enim
2999 3296 3137 3361 Deo
3181 3295 3373 3360 fidem
3437 3317 3706 3360 suorum
3765 3296 4041 3378 probare
4100 3293 4289 3360 libet:
4354 3301 4422 3360 et
4462 3293 4552 3358 sic

2610 3401 2837 3446 eorum
2883 3382 3136 3447 animos
3170 3390 3383 3447 terrae
3418 3381 3614 3446 nimis
3646 3380 3882 3447 affixos
3915 3381 3987 3446 in
4031 3380 4311 3446 sublime
4349 3378 4550 3446 attolli

2610 3467 2953 3544 convenit,
3000 3467 3158 3532 dum
3204 3467 3454 3551 gratiae
3499 3467 3622 3533 sibi
3668 3468 4023 3550 promissae
4081 3466 4376 3533 fructum
4420 3485 4547 3531 non

2613 3554 2940 3636 extemplo
2987 3555 3382 3637 percipiunt,
3439 3554 3571 3618 imo
3618 3552 3770 3618 dum
3816 3552 3980 3618 nihil
4038 3554 4337 3619 sentiunt
4379 3548 4548 3617 aliud

2612 3661 2694 3703 ex
2717 3638 2843 3704 Dei
2866 3640 3092 3705 favore
3115 3640 3235 3706 sibi
3260 3640 3483 3704 afferri
3507 3661 3706 3723 quam
3730 3651 3805 3704 ut
3827 3638 4109 3705 deterior
4143 3640 4233 3704 sit
4252 3640 4546 3721 ipsorum

2612 3719 2913 3791 conditio.
3001 3726 3148 3791 Hoc
3191 3725 3492 3790 meditari
3539 3724 3730 3790 valde
3774 3725 3959 3791 nobis
4015 3725 4175 3791 utile
4235 3736 4371 3805 est,
4431 3742 4553 3806 quo

2614 3811 2881 3894 aequius
2947 3823 3013 3876 et
3077 3811 3393 3895 placidius
3457 3811 3741 3876 feramus
3804 3833 3996 3878 cruce
4060 3833 4182 3877 nos
4237 3820 4305 3876 et
4364 3808 4554 3876 rebus

2613 3895 2909 3964 adversis
2946 3897 3027 3963 ad
3064 3918 3352 3962 amorem
3386 3907 3455 3961 et
3487 3897 3773 3962 studium
3814 3897 4127 3963 bonorum
4174 3898 4548 3963 coelestium

2614 3983 2960 4049 stimulari.
3049 3984 3263 4049 Hodie
3308 3983 3531 4048 multis
3574 3984 3990 4068 evangelium
4034 3984 4259 4049 odium
4294 3984 4554 4057 conflat,

2615 4070 2776 4135 alios
2841 4072 3058 4153 privat
3123 4071 3261 4135 suis
3328 4068 3600 4148 delitiis,
3668 4070 3813 4135 aliis
3880 4070 4153 4153 abrogat
4215 4069 4545 4143 honorem,

2617 4156 2760 4221 aliis
2806 4157 3128 4222 iacturam
3173 4157 3367 4221 affert
3410 4155 3759 4233 bonorum,
3828 4156 3986 4221 alios
4046 4175 4340 4237 carcere,
4393 4154 4556 4220 alios

2616 4242 2845 4307 exsilio
2889 4242 3156 4320 multat,
3218 4244 3526 4324 quosdam
3587 4244 3760 4324 rapit
3817 4242 3882 4306 in
3945 4244 4118 4307 vitae
4175 4241 4550 4308 discrimen:

2617 4326 2848 4393 deinde
2892 4349 3018 4412 quo
3062 4328 3271 4412 magis
3314 4347 3497 4392 suam
3547 4329 3902 4410 potentiam
3947 4327 4192 4393 exserit
4214 4326 4418 4406 Deus,
4465 4344 4545 4389 ex

2615 4415 2824 4480 altera
2867 4424 3052 4498 parte
3096 4412 3475 4480 accenditur
3519 4411 3807 4479 Satanae
3848 4412 4088 4494 rabies,
4149 4423 4216 4478 et
4268 4411 4556 4478 atrocius

2614 4504 2919 4567 saeviunt
2961 4501 3165 4584 impii.
3253 4499 3402 4564 Hoc
3444 4500 3824 4564 scandalum
3886 4522 4006 4566 nos
4062 4501 4357 4585 graviter
4402 4517 4543 4565 con·

2615 4598 2895 4664 cuteret,
2953 4588 3080 4653 nisi
3123 4586 3246 4651 hoc
3291 4585 3590 4668 exemplo
3649 4585 3968 4651 admoniti
4024 4587 4342 4670 sciremus
4385 4579 4546 4649 tanti

2616 4673 2804 4739 nobis
2862 4673 3096 4738 debers
3156 4691 3295 4738 esse
3349 4671 3894 4737 inaestimabilem
3950 4674 4229 4756 gratiam
4277 4668 4545 4754 quaein

2616 4759 2881 4826 Christo
2924 4760 3225 4835 offertur,
3295 4767 3369 4822 ut
3426 4778 3583 4839 prae
3636 4759 3778 4842 ipsa
3834 4779 4073 4841 susque
4118 4757 4324 4842 deque
4369 4754 4549 4823 nobis

2615 4848 2750 4912 sint
2806 4845 3101 4925 divitiae,
3159 4843 3470 4918 honores.
3527 4853 3594 4909 et
3647 4843 3963 4928 quidquid
4023 4846 4199 4909 inter
4249 4840 4546 4911 mortales

2615 4931 2978 5014 expetitur:
3066 4927 3388 5013 quaelibet
3465 4930 3664 4995 etiam
3741 4929 4151 4996 incommoda
4229 4929 4550 5013 despicere

2616 5017 2962 5082 molestum
3009 5017 3193 5082 nobis
3238 5038 3368 5082 non
3412 5018 3516 5081 sit.

2786 5102 2846 5169 9.
2909 5105 3305 5187 Ayyravetur
3372 5121 3516 5185 erqo
3577 5103 3864 5168 servitus.
3974 5102 4299 5183 Quamvis
4360 5098 4550 5165 sciret

2616 5189 2877 5254 Pharao
2942 5187 3322 5254 immaniter
3384 5209 3454 5253 se
3521 5196 3802 5253 tractare
3866 5190 4139 5254 miseros
4202 5186 4552 5258 Israelitas,

2618 5275 2729 5358 qui
2789 5274 3151 5340 debuerant
3195 5275 3477 5357 benigne
3537 5284 3603 5339 et
3658 5273 4012 5340 clementer
4055 5287 4361 5357 tanquam
4406 5271 4543 5336 hos-

2621 5361 2788 5445 pites
2811 5360 3033 5444 accipi,
3080 5370 3303 5426 tamen
3323 5362 3454 5427 otio
3489 5380 3599 5424 eos
3621 5360 3803 5426 abuti
3840 5359 4014 5437 dicit,
4060 5371 4126 5426 et
4144 5360 4292 5426 ideo
4316 5355 4554 5425 tumul·
