4867 6150
326 452 447 520 593

326 642 653 710 ordinario
695 640 1007 708 sabbatho
1055 642 1393 722 differens,
1441 643 1566 708 nisi
1613 644 1920 708 tubarum
1966 642 2274 725 clangore

328 747 393 796 et
420 729 766 796 sacrificio:
812 728 1002 811 quale
1039 728 1484 794 Numerorum
1521 730 1606 795 29
1644 724 2049 795 desei-ibitur.
2089 730 2272 795 *Plus

327 816 501 882 enim
557 815 694 881 illic
759 815 1076 898 exprimit
1141 814 1360 880 Moses
1427 836 1625 900 quam
1694 815 1815 881 hoc
1880 815 2054 881 loco:
2122 816 2277 898 quia

325 912 663 967 enumerat
699 902 1011 980 vitulum,
1069 901 1373 981 arietem,
1421 921 1628 984 agnos
1671 912 1957 985 septem,
2017 901 2273 966 hircum

322 1009 441 1073 pro
486 1000 747 1072 peccato
792 1008 940 1053 eum
986 988 1478 1064 accessionibus,
1525 998 1788 1071 praeter
1826 988 2273 1052 holocaustum

326 1074 681 1141 novilunii:
727 1084 925 1155 atque
968 1094 1052 1136 cx
1098 1074 1399 1138 omnibus
1442 1074 1624 1138 iubet
1679 1073 1904 1138 offerri
1970 1074 2275 1138 holocau-

323 1172 528 1226 stum:
569 1181 745 1225 nunc
766 1172 985 1224 autem
1008 1180 1219 1241 genus
1257 1170 1513 1224 tantum
1540 1179 1675 1224 uno
1715 1160 1912 1224 verbo
1951 1158 2273 1242 designat.

497 1247 601 1312 27.
664 1245 1096 1310 Verumtamen
1144 1247 1216 1310 in
1260 1246 1493 1310 decimo
1537 1247 1773 1311 mensis
1816 1245 2025 1311 huius.
2102 1246 2272 1309 Ver-

322 1333 480 1397 bum
527 1345 693 1410 Ἶε),
755 1331 927 1396 unde
973 1352 1208 1396 nomen
1255 1344 1455 1399 D'ffm
1504 1331 1881 1410 deducitur,
1938 1339 2074 1396 tam
2127 1352 2276 1414 pro-

318 1419 559 1503 pitiare
612 1417 940 1502 significat
995 1438 1190 1500 quam
1245 1417 1575 1500 expiando
1636 1416 1850 1482 delere
1906 1417 2162 1500 culpam
2211 1425 2278 1481 et

318 1514 607 1570 reatum:
655 1517 855 1572 ovim
916 1525 1070 1586 ergo
1127 1514 1286 1568 sunt
1338 1505 1670 1568 litationes
1724 1504 1805 1566 ad
1865 1504 2083 1568 Deum
2139 1502 2278 1586 pla-

317 1592 621 1657 candum.
712 1591 801 1655 Et
864 1589 1139 1675 pluralis
1204 1611 1514 1656 numerus
1582 1590 1878 1673 ponitur,
1922 1590 2074 1672 quia
2142 1610 2274 1653 non

317 1698 452 1742 uno
501 1685 761 1741 tantum
819 1696 1059 1759 genere
1125 1688 1348 1740 reatus
1403 1675 1695 1741 obstricti
1756 1684 1977 1747 erant,
2035 1676 2148 1739 sed
2194 1674 2275 1740 ob

316 1763 536 1829 multa
610 1774 677 1828 et
744 1765 926 1828 varia
1000 1762 1237 1828 delicta
1302 1783 1468 1845 opus
1537 1761 1867 1826 habebant
1931 1761 2278 1844 multiplici

314 1848 871 1915 reconciliatione.
937 1847 1018 1912 Id
1056 1847 1316 1930 quidem
1366 1847 1562 1912 flebat
1606 1856 1741 1912 tam
1778 1847 2035 1930 publice
2080 1867 2275 1930 quam

312 1937 632 2021 privatim
679 1935 924 2018 reliquo
971 1935 1125 1998 anni
1171 1946 1493 2016 tempore:
1543 1955 1694 1997 nam
1738 1941 2057 2016 quotquot
2101 1953 2275 1998 mac-

311 2025 556 2090 tabant
599 2021 928 2099 victimas,
976 2020 1240 2085 totidem
1291 2033 1482 2085 erant
1526 2020 1998 2087 satisfactiones
2034 2019 2117 2084 ad
2155 2021 2276 2083 im-

309 2108 713 2194 petrandam
753 2108 1013 2171 veniam
1039 2120 1103 2171 et
1127 2105 1343 2170 Deum
1385 2105 1957 2171 reconciliandum.
2027 2107 2275 2171 Tamen

308 2196 393 2262 ad
449 2196 616 2260 haec
661 2191 1040 2275 quotidiana
1101 2194 1414 2258 exercitia
1471 2191 1609 2257 dies
1669 2192 1873 2257 festus
1927 2190 2276 2274 quotannis

307 2283 441 2347 fuit
476 2281 737 2346 additus
761 2290 1070 2361 tanquam
1096 2279 1375 2361 speciale
1398 2294 1917 2355 monumentum,
1958 2290 2026 2342 et
2067 2280 2277 2345 acrior

305 2368 628 2434 stimulus
665 2366 747 2431 ad
792 2368 1285 2447 poenitentiam.
1376 2363 1649 2431 Solenni
1697 2365 1870 2428 enim
1916 2366 2158 2429 ieiunio
2211 2379 2278 2427 et

303 2453 662 2520 sacrificiis
720 2472 833 2515 eos
893 2451 976 2515 ad
1043 2452 1217 2533 pium
1289 2451 1574 2515 dolorem
1641 2450 1902 2515 incitari
1970 2449 2276 2532 oportuit,

300 2539 491 2625 quod
540 2551 675 2602 toto
719 2558 890 2602 anno
938 2539 1104 2602 iram
1152 2537 1275 2603 Dei
1321 2538 1391 2600 in
1436 2557 1505 2601 se
1550 2553 2025 2617 provocassent.
2095 2536 2275 2617 Ergo

303 2627 436 2693 hoo
482 2626 652 2692 festo
697 2624 800 2688 die
845 2623 1023 2690 citati
1083 2623 1347 2688 fuerunt
1403 2623 1484 2687 ad
1529 2623 1656 2687 Dei
1701 2622 2026 2699 tribunal,
2087 2637 2163 2686 ut
2205 2642 2274 2686 se

307 2714 470 2779 illuc
521 2713 859 2790 sistentes,
898 2720 1333 2794 agnoscerent
1393 2729 1463 2774 se
1519 2708 1835 2773 obnoxios
1892 2729 2038 2774 esse
2096 2708 2274 2772 illius

305 2798 581 2875 iudicio,
618 2816 893 2881 poenam
930 2807 1152 2860 tamen
1190 2795 1729 2878 deprecarentur:
1769 2806 1964 2877 atque
2000 2794 2070 2857 in
2096 2794 2274 2859 hunc

308 2887 519 2951 finem
603 2881 939 2966 spectabat
1018 2882 1354 2946 ieiunium.
1445 2881 1708 2945 Interea
1788 2901 1868 2945 ex
1937 2879 2274 2946 sacrificiis

307 2970 659 3038 discebant
718 2991 786 3034 se
834 2967 1030 3049 recipi
1077 2969 1143 3031 in
1191 2968 1499 3049 gratiam,
1557 2968 1712 3048 quia
1771 2966 2054 3048 simplex
2119 2985 2271 3029 con-

302 3057 519 3125 fessio
565 3067 819 3121 tantum
882 3054 1349 3137 desperationis
1392 3074 1590 3118 causa
1644 3053 1774 3118 iilis
1817 3052 2068 3118 fuisset.
2160 3051 2275 3117 Sic

306 3165 475 3227 ergo
548 3141 881 3207 tristitiam
938 3155 1003 3206 et
1069 3142 1199 3205 alia
1258 3141 1691 3222 poenitentiae
1757 3141 2134 3203 testimonia
2190 3137 2272 3203 ab

302 3232 445 3296 illis
490 3230 673 3294 Deus
717 3226 972 3312 exegit,
1032 3241 1105 3292 ut
1160 3234 1472 3291 testatum
1519 3225 1802 3291 vicissim
1858 3225 1988 3290 illis
2031 3225 2274 3291 faceret

303 3319 442 3382 rite
517 3315 776 3379 litatum
844 3335 987 3380 esse
1066 3334 1192 3395 quo
1273 3311 1597 3395 propitius
1677 3321 1865 3376 esset.
1959 3312 2274 3394 Affligere

305 3405 599 3477 animas,
649 3399 730 3466 ad
776 3400 1097 3465 ieiunium
1144 3397 1427 3464 refertur
1474 3397 1596 3461 hoc
1639 3398 1797 3474 loco,
1844 3396 2013 3479 quod
2059 3399 2271 3479 requi-

303 3490 593 3556 rebatur
678 3503 988 3568 tanquam
1071 3494 1344 3550 externa
1422 3484 1863 3566 poenitentiae
1941 3482 2271 3564 professio.

301 3576 405 3641 Et.
453 3589 635 3638 certe
681 3574 745 3637 in
804 3574 1050 3636 ieiunio
1109 3592 1226 3653 per
1283 3591 1354 3634 se
1416 3570 1580 3634 nihil
1639 3568 1878 3634 fuisset
1941 3572 2273 3645 momenti,

301 3658 871 3743 quemadmodum
930 3659 1101 3723 clare
1159 3655 1330 3740 apud
1391 3656 1634 3720 Isaiam
1694 3653 1822 3740 (58,
1867 3653 1937 3740 3)
1994 3654 2277 3720 ostendit

301 3749 506 3814 Deus
552 3767 622 3811 se
665 3746 1060 3811 floccifacere
1105 3743 1502 3828 hypocritas,
1546 3743 1659 3825 qui
1697 3740 2042 3806 ieiunando
2088 3742 2279 3806 litare

299 3855 375 3899 se
427 3830 795 3899 confidunt.
888 3829 1023 3895 Sed
1068 3851 1107 3894 a
1152 3831 1425 3894 lautiore
1477 3829 1658 3895 victu
1704 3837 1770 3892 et
1814 3827 2119 3892 omnibus
2166 3827 2275 3892 de-

297 3921 517 3984 litiis·
542 3918 884 3995 abstracti,
949 3914 1538 3982 commonefiebant
1602 3913 1681 3979 de
1747 3914 1882 3978 suis
1926 3913 2158 3979 malis:
2205 3929 2279 3978 ut

298 4025 620 4071 moerore
656 4004 888 4070 deiecti
925 4016 991 4067 et
1027 4002 1356 4066 humiliati
1396 4000 1768 4065 ardentiore
1809 3999 2025 4064 studio
2071 4021 2278 4065 reme-

294 4091 504 4157 dium
552 4098 952 4173 expeterent.
1040 4087 1267 4170 Neque
1311 4088 1486 4151 enim
1533 4087 1680 4152 aliis
1726 4086 2131 4168 promittitur
2174 4108 2276 4151 re-

297 4177 551 4243 missio
618 4187 1061 4258 peecatorum,
1140 4194 1333 4256 quam
1416 4175 1529 4256 qui
1595 4175 1763 4237 serio
1831 4171 2052 4237 dolore
2119 4174 2276 4237 tacti

298 4263 625 4329 sentiunt
683 4281 753 4327 se
804 4262 1080 4326 miseros
1139 4282 1212 4326 ac
1272 4259 1590 4341 perditos,
1642 4271 2008 4342 agnoscunt
2070 4269 2139 4322 et
2188 4259 2278 4323 fa-

298 4357 553 4415 tentur
597 4345 754 4431 quid
799 4348 1015 4411 meriti
1061 4346 1212 4411 sint.
1302 4346 1448 4410 Hoc
1495 4345 1686 4410 modo
1732 4346 1929 4409 ianua
1987 4346 2277 4425 aperitur

297 4436 393 4502 ad
443 4432 932 4517 implorandam
980 4431 1108 4498 Dei
1154 4431 1687 4497 misericordiam.
1778 4431 2006 4512 Neque
2059 4443 2276 4495 tamen

293 4521 682 4604 imaginari
717 4522 1041 4593 convenit,
1080 4540 1191 4583 eos
1213 4518 1327 4601 qui
1353 4519 1444 4580 ita
1466 4516 1588 4582 sibi
1628 4516 1976 4600 displicent
2013 4518 2275 4581 veniam

297 4609 563 4673 mereri
608 4626 728 4670 sua
770 4606 1284 4689 praeparatione:
1375 4602 1510 4668 Sed
1553 4603 1707 4685 quia
1748 4612 2072 4687 pugnaret
2129 4625 2277 4668 cum

298 4701 569 4759 natura
613 4692 759 4769 Dei,
804 4692 1024 4756 favore
1083 4712 1199 4756 suo
1255 4690 1556 4773 amplecti
1609 4689 1907 4754 homines
1964 4689 2032 4753 in
2096 4690 2279 4755 vitiis

296 4782 457 4846 suis
511 4776 873 4851 demersos,
936 4793 1000 4841 et
1058 4778 1140 4842 ad
1195 4788 1532 4861 peccatum
1591 4775 1982 4840 obstinatos:
2044 4774 2280 4841 deinde

299 4865 532 4930 nimis
570 4863 917 4947 indignum
962 4871 1155 4943 esset,
1200 4865 1340 4928 eius
1384 4863 1734 4927 clementia
1779 4861 1920 4927 dari
1967 4863 2276 4943 peccandi

297 4950 660 5018 licentiam
686 4952 804 5016 sub
840 4950 1249 5031 impunitatis
1283 4961 1650 5033 praetextu,
1687 4969 1952 5012 necesse
1987 4962 2088 5013 est
2126 4969 2276 5029 poe-

294 5037 678 5103 nitentiam
735 5035 961 5100 ordine
1013 5035 1430 5118 praecedere,
1493 5043 1568 5099 ut
1624 5035 1769 5117 quis
1827 5032 2280 5099 reconcilietur

294 5124 493 5189 Deo,
614 5121 803 5188 Unde
878 5122 1074 5186 etiam
1148 5133 1450 5205 apparet,
1523 5122 1738 5206 ipsum
1793 5120 1886 5184 ita
1945 5121 2278 5203 ignoscere

294 5207 778 5295 peecatoribus
834 5221 906 5272 ut
950 5216 1170 5273 tamen
1214 5205 1425 5272 oderit
1467 5216 1765 5289 peccata:
1821 5205 2081 5289 quando
2145 5227 2278 5269 non

291 5297 489 5364 alios
541 5294 851 5371 absolvit,
903 5294 1030 5359 nisi
1077 5293 1186 5376 qui
1234 5293 1404 5357 ultro
1456 5314 1525 5357 se
1580 5293 2009 5373 damnarunt,
2070 5312 2281 5375 neque

293 5381 496 5448 redit
547 5401 690 5446 cum
740 5381 884 5445 aliis
927 5380 998 5444 in
1043 5379 1326 5462 gratiam
1373 5378 1502 5445 nisi
1546 5381 1657 5462 qui
1704 5378 1983 5462 peccatis
2031 5376 2277 5443 valedi-

543 5481 764 5539 Galvim‘
790 5498 979 5552 opera.
1053 5481 1174 5537 Vol.
1210 5480 1437 5537 XXIV.
1945 5483 1951 5490 ‘

1759 452 2218 536 QUARTUM
2259 454 2906 525 PRAEGEPTUM.

4213 465 4345 532 594

2380 653 2557 726 cunt,
2605 666 2736 710 non
2783 644 2954 729 quod
3002 646 3358 714 insolidum
3403 650 3742 733 quisquam
3776 651 3899 717 sibi
3937 673 4012 718 ac
4056 658 4345 738 peccatis

2378 733 2739 813 renunciet,
2776 731 2889 797 sed
2936 753 3053 815 per
3087 734 3567 819 indulgentiam
3617 750 3809 821 grata
3852 750 3948 803 cst
3996 740 4139 805 Deo
4184 762 4337 823 poe-

2379 818 2690 898 nitentia,
2776 836 2941 901 quae
3009 821 3243 885 merito
3310 836 3527 904 posset
3590 822 3672 887 ob
3739 824 3982 890 multas
4048 825 4338 893 defectus

2378 913 2598 986 partes
2637 904 2986 987 repudiari.
3045 905 3192 985 Quo
3230 907 3425 971 etiam
3457 910 3882 974 confirmatur
3916 910 4085 993 quod
4124 934 4337 996 nuper

2379 989 2548 1066 dixi,
2596 1009 2727 1054 non
2773 991 2915 1055 fieri
2956 993 3396 1075 poenitentiae
3441 997 3675 1060 merito
3721 1006 3793 1060 ut
3841 998 4020 1062 Deus
4067 1007 4337 1082 peccata

2380 1074 2565 1142 nobis
2623 1077 2945 1141 remittat:
3025 1097 3099 1143 ac
3170 1079 3225 1142 si
3303 1080 3562 1162 culpam
3628 1081 3735 1147 vel
3805 1104 4083 1165 poenam
4155 1086 4336 1163 fletu,

2379 1159 2620 1239 dolore,
2658 1162 3063 1227 confessione
3100 1162 3588 1247 redimeremus,
3624 1166 3882 1250 quando
3928 1172 4331 1252 poenitentia

2381 1247 2449 1310 in
2496 1248 2761 1331 optimis
2806 1250 3165 1330 quibusque
3212 1252 3445 1316 mutila
3510 1272 3768 1335 semper
3820 1275 3895 1320 ac
3941 1253 4170 1320 debilis
4231 1278 4331 1321 re·

2378 1333 2686 1415 perietur.
2792 1333 3014 1414 Quare
3099 1338 3362 1401 nonnisi
3449 1341 3775 1421 gratuitae
3850 1339 3977 1405 Dei
4056 1341 4333 1407 bonitati

2377 1440 2577 1484 causa
2655 1426 2721 1483 et
2785 1419 2930 1484 laus
2999 1422 3227 1487 veniae
3292 1422 3576 1487 adscribi
3639 1422 3847 1490 debet.
3959 1425 4116 1493 Ideo
4193 1428 4327 1493 dixi

2378 1504 2622 1570 ieiunio
2668 1508 2994 1589 professos
3059 1508 3257 1572 fuisse
3314 1508 3651 1576 Israelitas
3707 1511 3966 1593 culpam
4027 1534 4213 1578 suam
4258 1534 4334 1578 ac

2377 1599 2664 1668 reatum,
2721 1593 3038 1658 sacrificio
3094 1603 3310 1658 autem
3368 1596 3569 1662 fuisse
3614 1599 3936 1679 expiatos:
3999 1602 4152 1681 quia
4201 1622 4328 1665 non

2379 1674 2508 1742 alia
2553 1690 2693 1741 erat
2733 1677 3167 1744 satisfaciendi
3214 1680 3401 1747 ratio,

2549 1763 2653 1829 29.
2723 1762 2942 1829 Omnis
2984 1766 3147 1829 enim
3193 1768 3412 1833 anima
3455 1788 3615 1849 quae
3656 1789 3776 1834 non
3827 1769 4022 1851 fuerit
4072 1772 4330 1854 afflicta.

2379 1848 2556 1913 Hinc
2602 1849 2927 1915 discamus
2972 1863 3375 1934 quantopere
3419 1853 3672 1936 placeat
3732 1853 3876 1919 Deo
3936 1858 4327 1923 sacrificium

2381 1935 2606 1999 afflicti
2676 1944 2741 1999 et
2804 1934 3131 2001 humiliati
3200 1938 3446 2002 cordis:
3513 1939 3777 2021 quando
3830 1954 3960 2006 tam
4030 1963 4330 2008 severam

2377 2040 2656 2103 poenam
2704 2023 2877 2087 sumi
2924 2024 3115 2088 iussit
3159 2023 3238 2088 de
3273 2026 3719 2090 caeremoniae
3765 2039 4169 2112 contemptu.
4243 2031 4337 2095 Et

2379 2115 2557 2171 certe
2622 2106 2743 2172 hoc
2811 2116 2953 2173 erat
3019 2108 3216 2174 nimis
3284 2131 3544 2176 crassae
3600 2113 3931 2178 socordiae
3997 2114 4331 2193 indicium,

2380 2212 2582 2274 quum
2630 2193 2813 2258 Deus
2857 2195 3180 2261 incuteret
3225 2196 3361 2261 irae
3406 2218 3562 2262 suae
3606 2204 3947 2278 terrorem,
3992 2212 4057 2264 et
4106 2200 4184 2264 ad
4236 2201 4331 2265 la-

2379 2299 2640 2363 crymas
2664 2288 2953 2344 vocaret:
2993 2301 3219 2345 secure
3243 2296 3310 2346 et
3333 2282 3622 2347 molliter
3641 2285 3972 2367 quiescere
3999 2296 4066 2349 et
4103 2308 4336 2352 vacare

2381 2364 2641 2431 delitiis.
2757 2364 2904 2445 Qua
2978 2367 3228 2431 ratione
3310 2367 3603 2433 horribili
3671 2371 4094 2436 iureiurando
4160 2374 4330 2455 apud

2379 2450 2622 2515 Isaiam
2712 2474 2802 2515 sa.
2819 2451 2924 2533 22,
2953 2450 3056 2538 14)
3082 2452 3454 2531 denunciat,
3480 2475 3549 2519 se
3573 2476 3907 2537 nunquam
3947 2456 4331 2538 placabilem

2379 2537 2517 2600 fore
2562 2536 2640 2601 Iu
2692 2539 2859 2613 aeis,
2906 2539 3142 2621 quibus
3190 2539 3369 2603 nulla
3414 2540 3630 2604 fuerat
3664 2541 4095 2624 resipiscendi
4141 2564 4329 2609 cura:

2379 2623 2494 2687 sed
2561 2645 2763 2705 quum
2835 2624 3015 2688 Deus
3081 2626 3480 2707 increpando
3560 2626 3910 2692 clamasset
3987 2650 4104 2712 per
4182 2651 4334 2695 suos

2379 2709 2734 2791 prophetas
2800 2718 2876 2773 ut
2952 2722 3382 2794 properarent
3448 2711 3529 2776 ad
3611 2714 3870 2791 fletum,
3952 2715 4333 2796 lamentum,

2379 2794 2747 2876 calvitium,
2793 2804 2859 2860 et
2902 2794 3261 2861 cincturam
3308 2798 3507 2874 sacci,
3563 2797 3866 2863 hilariter
3910 2802 4333 2866 comessando

2380 2890 2450 2943 et
2477 2880 2759 2945 bibendo
2797 2880 3129 2946 dixerant:
3166 2882 3553 2964 Epulemur,
3593 2885 3745 2966 quia
3779 2904 3923 2949 cras
3958 2888 4331 2952 moriemur.

2382 2966 2519 3032 Nec
2585 2969 2860 3043 mirum,
2924 2967 3183 3050 quando
3241 2967 3348 3034 hic
3415 2980 3515 3033 est
3573 2981 3911 3035 extremae
3974 2973 4334 3055 impietatis

2378 3052 2713 3133 cumulus,
2769 3053 2962 3119 bruta
3022 3055 3430 3120 contumacia
3487 3056 3918 3124 conscientias
3961 3059 4329 3141 obstupefa—

2378 3159 2543 3216 cere,
2590 3151 2655 3205 et
2692 3138 2905 3205 Deum
2945 3142 3208 3222 privare
3252 3150 3570 3225 potestate
3606 3141 3858 3209 iudicis.
3928 3142 4335 3228 Quantisper

2379 3226 2554 3290 enim
2581 3247 2865 3310 eousque
2889 3225 3226 3291 mordetur
3250 3248 3324 3291 ac
3346 3228 3670 3312 pungitur
3690 3237 3992 3312 peccator
4018 3232 4329 3296 vitiorum

2379 3331 2651 3375 suorum
2694 3332 2909 3392 sensu,
2957 3320 3033 3376 ut
3074 3313 3274 3378 anxie
3312 3314 3393 3377 ad
3430 3314 3792 3378 remedium
3840 3320 4139 3397 suspiret,
4183 3339 4332 3400 spes

2377 3407 2481 3462 est
2527 3396 2747 3480 aliqua
2789 3398 3188 3464 sanationis:
3234 3400 3342 3481 qui
3391 3420 3545 3464 vero
3591 3410 3837 3465 metum
3891 3423 4035 3466 cum
4086 3402 4334 3485 pudore

2376 3484 2590 3560 exuit,
2661 3504 2929 3568 prorsus
2987 3498 3087 3549 est
3151 3484 3554 3567 desperatus.
3641 3485 3786 3551 Iam
3845 3487 3998 3569 quia
4041 3489 4336 3553 externis

2376 3569 2771 3634 rudimentis
2851 3591 2978 3633 non
3063 3570 3311 3634 frustra
3378 3573 3560 3635 Deus
3646 3583 3932 3637 veterem
4016 3574 4329 3657 populum

2378 3656 2675 3719 exercuit
2717 3656 2838 3721 sub
2897 3656 3069 3739 lege,
3131 3658 3407 3738 profana
3460 3667 3528 3721 et
3591 3657 4023 3723 intolerabilis
4081 3661 4336 3726 incuria

2377 3741 2502 3806 fuit
2567 3743 2871 3805 omittere
2947 3742 3117 3825 quod
3186 3751 3318 3807 tam
3391 3744 3824 3808 necessarium
3893 3758 4066 3809 erat:
4149 3747 4337 3828 peior

2378 3828 2576 3892 etiam
2602 3826 2892 3906 durities,
2937 3828 3122 3911 quasi
3168 3826 3323 3893 data
3357 3850 3553 3913 opera
3588 3831 3946 3912 aspernari,
3995 3841 4070 3895 ut
4105 3832 4331 3896 mirari

2379 3932 2572 3978 nemo
2640 3913 2872 3978 debeat
2914 3934 3164 3998 poenae
3221 3917 3659 3980 severitatem.
3749 3916 4188 3982 Numerorum
4247 3918 4335 3983 29

2378 4000 2589 4082 capite
2632 4000 3030 4082 exprimitur
3074 4021 3387 4065 numerus
3434 4001 3880 4066 victimarum:
3928 4001 4040 4066 sed
4080 4013 4331 4084 partem

2377 4085 2561 4149 illam
2610 4097 2962 4167 praetereo,
3009 4086 3162 4169 quia
3208 4086 3615 4169 expositione
3660 4107 3822 4169 opus
3867 4109 3996 4151 non
4047 4087 4264 4153 habet.

2551 4171 2655 4237 34.
2705 4171 3177 4254 Decimoquinto
3238 4172 3356 4238 die.
3450 4172 3527 4236 In
3595 4174 3729 4237 fine
3805 4173 4039 4256 capitis
4118 4183 4331 4238 osten-

2380 4256 2558 4322 ditur
2624 4279 2742 4323 cur
2799 4257 2971 4322 diem
3035 4259 3272 4323 festum
3332 4257 3900 4325 tabernaculorum
3969 4259 4333 4325 instituerit

2380 4344 2592 4408 Deus:
2644 4363 2876 4427 nempe
2922 4352 2995 4409 ut
3034 4346 3353 4409 memoria
3398 4352 3768 4426 repeterent
3810 4344 3929 4409 filii
3977 4345 4215 4423 Israel,
4261 4367 4332 4411 se

2378 4429 2450 4493 in
2498 4430 2755 4494 deserto
2798 4430 2919 4495 sub
2977 4431 3260 4513 tuguriis
3309 4429 3639 4495 habitasse
3696 4452 3895 4513 quum
3957 4430 4143 4494 nulla
4201 4430 4335 4496 illis

2380 4525 2553 4581 esset
2596 4529 2774 4580 certa
2821 4516 3053 4595 statio,
3106 4514 3220 4580 sed
3279 4515 3415 4579 vita
3458 4516 3645 4598 quasi
3689 4516 3986 4580 erratica.
4074 4517 4332 4582 Pascha

2381 4601 2649 4667 docebat
2709 4601 3098 4668 mirabiliter
3153 4623 3235 4666 ex
3291 4602 3621 4686 praesenti
3678 4615 3893 4667 morte
3952 4623 4149 4667 manu
4206 4604 4334 4668 Dei

2379 4688 2581 4753 fuisse
2624 4697 2918 4773 ereptos:
2963 4687 3087 4753 hoc
3132 4699 3348 4752 autem
3396 4687 3602 4753 altero
3659 4686 3761 4752 die
3817 4689 4201 4753 continuum
4265 4699 4332 4755 et

2380 4771 2762 4838 diuturnum
2804 4774 3056 4858 gratiae
3093 4794 3251 4838 suae
3287 4794 3552 4837 cursum
3593 4772 3778 4838 Deus
3812 4774 4326 4838 commendavit:

2377 4860 2534 4943 quia
2578 4881 2707 4924 non
2756 4861 2917 4925 satis
2961 4860 3195 4925 fuisset
3252 4880 3607 4941 agnoscere
3666 4860 3793 4924 Dei
3850 4861 4208 4943 potentiam
4256 4861 4327 4923 in

2373 4947 2517 5030 ipso
2563 4966 2861 5030 egressu,
2906 4954 2973 5010 et
3023 4945 3102 5010 de
3148 4953 3603 5009 momentanea
3646 4946 4033 5011 liberatione
4078 4947 4329 5029 gratias

2377 5051 2603 5116 agere,
2664 5032 2795 5097 nisi
2873 5053 3100 5097 omnes
3165 5030 3411 5096 solidae
3476 5031 3879 5098 liberationis
3945 5052 4330 5113 progressus

2379 5118 2577 5183 simul
2624 5126 3038 5201 reputarent,
3092 5138 3254 5200 quos
3310 5118 3560 5200 experti
3616 5118 3877 5184 fuerant
3925 5117 4115 5182 annis
4167 5138 4329 5200 qua·

2381 5203 2702 5287 draginta.
2767 5204 2921 5270 Huc
2965 5203 3265 5269 alludens
3309 5203 3630 5287 propheta
3672 5202 4043 5280 Zacharias,
4091 5202 4202 5267 ubi
4248 5202 4328 5269 de

2381 5290 2672 5356 secunda
2715 5290 3161 5374 redemptione
3219 5289 3421 5355 verba
3465 5290 3654 5369 facit,
3712 5289 3963 5354 cunctis
4021 5287 4330 5373 gentibus

2381 5398 2549 5460 quae
2596 5375 2677 5441 ad
2728 5376 2848 5441 Dei
2890 5376 3141 5442 cultum
3187 5395 3542 5443 conversae
3584 5374 3833 5441 fuerint
3886 5375 4206 5459 praecipit
4257 5385 4337 5441 ut
