4867 6150
555 414 689 483 215
2028 411 2562 480 PRAEFATIO
2604 409 2707 480 IN
2750 411 3101 480 LEGEM.
4415 410 4525 477 216

564 602 800 672 Iehova
836 602 1029 668 mihi.-
1074 601 1387 689 Oonyreya
1439 601 1599 667 mihi
1642 599 1950 685 populum
1966 651 1982 682 ,
2036 606 2106 667 ut
2159 606 2508 667 recenseam

565 690 706 757 illis
744 690 932 756 verba
973 709 1128 768 mea,
1172 710 1329 773 Quae
1373 689 1637 768 discant,
1681 693 1753 753 ut
1792 688 2045 753 timeant
2085 707 2181 752 me
2223 685 2511 752 omnibus

566 774 785 843 diebus
839 775 1067 858 quibus
1127 775 1395 840 vixerint
1447 794 1637 856 super
1694 777 1956 852 terram,
2020 776 2077 837 et
2130 772 2301 854 filios
2362 791 2512 837 suos

569 861 841 928 doceant.
910 861 1010 927 11.
1057 861 1279 943 Itaque
1319 859 1686 938 accessistis,
1729 863 1786 924 et
1825 859 2079 925 stetistis
2119 858 2236 924 sub
2277 861 2514 922 monte.-

570 946 776 1035 (mons
816 952 1022 1013 autem
1064 945 1168 1011 ille
1209 944 1467 1011 ardebat
1504 945 1639 1028 iyni
1680 964 1879 1027 usque
1919 945 2004 1010 ad
2035 944 2311 1011 medium
2344 941 2510 1019 coeli,

568 1031 867 1109 tenebrae,
910 1031 1118 1109 nubes,
1164 1037 1220 1096 et
1259 1028 1501 1117 caliyo).
1571 1031 1672 1095 12.
1710 1029 1799 1095 Et
1843 1030 2133 1112 loquutus
2169 1034 2259 1095 est
2281 1028 2512 1093 Iehova

569 1119 658 1185 ad
699 1138 806 1182 vos
846 1137 880 1182 e
911 1116 1109 1183 medio
1151 1118 1354 1200 iynis:
1395 1137 1592 1181 vocem
1635 1116 1953 1182 verborum
1993 1135 2101 1181 vos
2143 1114 2510 1194 audiebatis,

569 1203 991 1286 atimayinem
1025 1201 1223 1267 ullam
1257 1222 1379 1267 non
1412 1202 1714 1267 videbatis
1735 1208 1994 1283 praeter
2024 1220 2243 1266 vocem.
2300 1200 2400 1265 13.
2427 1199 2515 1264 Et

567 1289 956 1355 renunciavit
996 1287 1164 1353 vobis
1209 1293 1464 1370 pactum
1518 1307 1706 1352 suum
1761 1288 1924 1369 quod
1973 1287 2293 1369 praecepit
2343 1286 2515 1350 vobis

568 1378 644 1439 ut
688 1374 977 1456 faceretis
991 1423 1006 1453 ,
1066 1373 1268 1438 decem
1320 1373 1536 1453 verba,
1591 1378 1645 1438 et
1698 1374 1955 1454 scripsit
1997 1372 2114 1437 illa
2155 1374 2227 1437 in
2269 1371 2515 1436 duabus

567 1459 802 1526 tabulis
856 1459 1142 1542 lapideis,
1235 1458 1334 1524 14.
1396 1458 1566 1523 Mihi
1621 1478 1854 1541 quoque
1904 1458 2225 1539 praecepit
2280 1456 2513 1522 Iehova

568 1546 778 1612 eodem
819 1550 1085 1628 tempore
1127 1550 1197 1610 ut
1238 1545 1513 1611 docerem
1551 1565 1659 1610 vos
1714 1548 1949 1609 statuta
2005 1548 2063 1609 et
2117 1543 2354 1608 iudicia
2368 1593 2383 1620 ,
2445 1546 2516 1607 ut

562 1631 859 1715 faceretis
898 1650 972 1696 ea
1014 1631 1086 1695 in
1128 1635 1301 1696 terra
1335 1630 1420 1696 ad
1462 1650 1652 1712 quam
1695 1631 1989 1695 transitis
2028 1634 2100 1694 ut
2131 1628 2514 1712 possideatis

566 1737 727 1783 earn.

747 1888 807 1952 6.
859 1885 1230 1953 Custodietis
1259 1887 1484 1969 itaque.
1551 1885 1703 1967 Quo
1739 1886 2019 1952 alacrius
2054 1907 2126 1950 se
2171 1884 2518 1967 accingant

573 1972 661 2038 ad
704 1972 1095 2039 servandam
1141 1971 1352 2057 legem
1372 2023 1388 2054 ,
1452 1981 1522 2037 et
1563 1973 1634 2036 in
1677 1971 1804 2038 hoc
1846 1970 2063 2038 studio
2105 1970 2518 2036 constantius

575 2069 892 2144 pergant,
952 2059 1119 2123 nihil
1178 2058 1310 2123 illis
1362 2080 1503 2123 esse
1548 2058 1782 2124 melius
1824 2057 1931 2123 vel
1978 2058 2187 2141 magis
2230 2054 2516 2139 optabile

571 2143 900 2211 admonet.
990 2144 1217 2227 Neque
1256 2147 1430 2209 enim
1477 2145 1603 2210 rite
1647 2143 1887 2210 colitur
1931 2143 2146 2223 Deus,
2190 2142 2322 2208 nisi
2364 2161 2515 2224 pro·

569 2232 799 2317 pensis
836 2231 1071 2297 animis
1107 2240 1174 2295 et
1206 2231 1580 2296 voluntario
1614 2230 1940 2313 obsequio,
1977 2229 2148 2312 quod
2174 2226 2516 2294 dulcedine

568 2318 783 2402 magis
826 2317 1086 2382 elicitur
1128 2337 1325 2398 quam
1372 2323 1799 2399 extorquetur
1843 2316 1907 2380 vi
1951 2325 2017 2380 et
2063 2315 2300 2399 rigore.
2367 2312 2512 2378 Iam

566 2424 771 2488 quum
817 2423 1044 2468 omnes
1084 2402 1401 2468 excellere
1443 2410 1791 2485 appetant,
1850 2401 2022 2467 hanc
2065 2401 2203 2466 fore
2247 2398 2514 2465 Israelis

567 2490 927 2554 maximam
973 2490 1436 2571 praestantiam
1498 2488 1689 2567 dicit,
1746 2486 1960 2552 Deum
2019 2484 2260 2551 habere
2313 2484 2512 2569 legis·

566 2574 844 2640 latorem
911 2582 980 2639 et
1043 2575 1447 2657 magistrum.
1563 2572 1635 2639 Si
1699 2573 1845 2656 quis
1923 2571 2217 2638 obiiciat-
2261 2570 2512 2636 duobus

567 2660 977 2745 argumentis
1020 2660 1225 2724 refelli
1271 2660 1438 2743 quod
1486 2659 1673 2724 dicit:
1728 2678 1999 2741 nempe,
2058 2659 2211 2741 quia
2253 2656 2512 2722 cunctis

565 2746 863 2832 profanis
918 2745 1222 2829 gentibus
1289 2747 1616 2830 incognita
1683 2743 1814 2808 fuit
1872 2743 1998 2809 Dei
2065 2744 2204 2808 lex:
2275 2742 2513 2807 deinde

568 2831 746 2915 quod
803 2833 1207 2915 praescripta
1259 2830 1394 2896 illic
1453 2830 1707 2897 colendi
1752 2828 1881 2895 Dei
1939 2830 2179 2908 forma,
2248 2838 2513 2911 totaque

566 2917 841 2984 Iudaica
896 2917 1129 3001 religio
1187 2938 1318 2981 non
1376 2916 1568 2982 modo
1633 2916 2065 2998 contemptui,
2132 2916 2245 2981 sed
2312 2914 2511 2979 etiam

567 3002 718 3069 odio
773 3003 929 3067 fuit:
987 3002 1381 3086 responden,
1441 3002 1548 3068 hic
1605 3002 1765 3066 alios
1811 3001 2087 3086 populos
2131 3022 2264 3065 non
2310 2998 2512 3065 statui

570 3089 958 3173 simpliciter
1003 3090 1249 3155 iudices
1292 3090 1396 3155 vel
1452 3090 1761 3164 arbitrOS,
1821 3089 1935 3153 sed
1996 3088 2195 3152 verba
2236 3089 2328 3151 ita
2371 3106 2512 3152 esse

567 3175 987 3242 resolvenda:
1029 3174 1103 3241 Si
1135 3175 1215 3240 ad
1239 3176 1476 3240 iustam
1512 3175 1951 3259 cognitionem
1987 3185 2254 3239 ventum
2293 3174 2510 3251 fuerit,

569 3260 795 3326 nullus
839 3264 963 3327 erit
1006 3261 1288 3344 populus
1331 3261 1453 3327 sub
1498 3261 1679 3326 coelo
1722 3261 1832 3343 qui
1878 3280 1948 3324 se
1994 3258 2177 3324 vobis
2214 3278 2511 3342 aequare,

568 3346 814 3413 nedum
849 3347 1180 3431 praeferre
1216 3347 1479 3412 audeat:
1517 3346 1690 3411 Nam
1729 3367 1814 3410 ex
1852 3349 1994 3428 ipsa
2027 3344 2515 3428 comparatione

569 3443 930 3517 agnoscent
994 3432 1065 3495 in
1130 3454 1323 3515 quam
1393 3431 1600 3497 altum
1659 3431 2002 3515 dignitatis
2060 3430 2338 3515 gradum
2397 3450 2514 3495 vos

568 3519 755 3584 Deus
821 3518 1156 3584 extulerit.
1272 3516 1595 3598 Quamvis
1673 3538 1829 3601 ergo
1889 3517 2187 3601 neglecta
2244 3516 2517 3582 iacuerit

570 3604 741 3688 legis
785 3602 1113 3683 doctrina,
1169 3603 1303 3669 imo
1348 3604 1542 3668 etiam
1591 3603 1950 3669 detestatus
2003 3605 2091 3668 sit
2140 3612 2319 3668 totus
2378 3600 2517 3665 fere

570 3689 784 3756 orbis:
830 3711 984 3754 vere
1027 3699 1246 3754 tamen
1292 3689 1625 3772 praedicat
1668 3689 1922 3768 Moses,
1972 3709 2171 3772 quum
2218 3707 2516 3753 normam

568 3774 845 3842 vivendi
867 3775 1128 3839 Iudaeis
1152 3774 1335 3840 Deus
1369 3775 1629 3840 tradere
1673 3775 1980 3858 dignatus
2023 3783 2140 3855 est,
2186 3775 2516 3839 theatrum

568 3862 642 3926 in
687 3883 813 3944 quo
857 3860 1208 3943 conspicua
1252 3875 1424 3926 esset
1468 3862 1666 3925 unius
1710 3861 1932 3944 'populi
1971 3860 2295 3940 nobilitate,
2339 3879 2517 3925 erec-

569 3955 716 4012 tum
762 3947 964 4012 fuisse
1007 3967 1224 4012 coram
1271 3946 1418 4012 aliis
1461 3946 1788 4030 gentibus.
1877 3946 2106 4030 Neque
2150 3948 2326 4011 enim
2372 3966 2518 4011 cae-

567 4053 795 4099 corum
820 4032 1099 4112 inscitia,
1135 4032 1265 4098 Dei
1288 4032 1650 4098 claritatem
1676 4032 2007 4116 exstingui
2046 4032 2148 4096 vel
2184 4030 2519 4097 obscurari

570 4139 853 4202 aequum
911 4118 1059 4185 fuit.
1163 4118 1511 4202 Colligitur
1568 4126 1788 4182 autem
1846 4140 1927 4182 ex
1988 4118 2111 4183 hoc
2167 4118 2307 4183 loco
2363 4127 2522 4182 tune

571 4226 690 4270 nos
734 4226 889 4270 vere
934 4204 1197 4269 demum
1243 4224 1472 4286 sapere
1517 4204 1632 4268 ubi
1675 4204 2035 4286 pendemus
2086 4204 2167 4269 ab
2211 4225 2324 4269 ore
2371 4204 2519 4281 Dei,

571 4310 938 4373 sensusque
984 4299 1238 4354 nostros
1282 4291 1423 4355 eius
1466 4289 1671 4355 verbo
1726 4289 2106 4354 addicimus.
2195 4290 2326 4356 Ubi
2370 4289 2520 4354 red-

571 4374 738 4439 didi:
788 4377 983 4440 Certe
1022 4377 1298 4460 populus
1339 4376 1466 4454 hic,
1504 4375 1824 4458 particula
1866 4390 1949 4469 pff
2002 4375 2327 4441 Hebraice
2362 4374 2525 4459 legi-

571 4470 701 4539 tur,
747 4482 913 4544 quae
957 4482 1153 4543 saepe
1196 4462 1538 4528 exclusiva
1574 4472 1700 4525 est:
1747 4460 1890 4526 ideo
1927 4461 2264 4527 commode
2303 4472 2519 4526 traus-

567 4547 729 4612 ferri
765 4556 1015 4631 posset:
1053 4546 1532 4612 Tantummodo
1568 4547 1846 4630 populus
1887 4547 2013 4622 hic,
2051 4558 2174 4614 etc.
2222 4548 2515 4613 Dubium

569 4633 833 4717 quidem
879 4653 1012 4697 non
1057 4642 1160 4698 est
1206 4634 1363 4716 quin
1411 4633 1494 4697 ob
1537 4632 1790 4717 gratiae
1820 4634 2240 4717 privilegium
2278 4634 2521 4698 eximia

567 4728 839 4785 notetur
880 4719 1102 4802 populi
1148 4719 1450 4785 conditio.

745 4806 804 4871 7.
852 4805 1024 4887 Quae
1057 4807 1224 4870 enim
1252 4826 1406 4889 qens
1435 4811 1568 4870 tam
1586 4825 1834 4888 maqna.
1900 4803 2096 4885 Quod
2131 4805 2200 4869 in
2236 4805 2516 4870 aliorum

571 4912 855 4977 persona
897 4891 1213 4955 retulerat
1259 4893 1509 4969 Moses,
1570 4912 1745 4956 nunc
1802 4912 1918 4957 suo
1975 4892 2240 4956 nomine
2299 4893 2516 4969 iterat,

569 4997 649 5043 ac
682 4980 738 5043 si
773 4975 995 5042 addita
1038 4979 1289 5042 ratione
1332 4976 1722 5056 ostenderet,
1767 4998 1897 5041 non
1940 4985 2187 5043 temere
2230 4976 2518 5043 celebres

568 5064 708 5129 fore
751 5062 1032 5129 Iudaeos
1079 5066 1145 5126 in
1191 5076 1326 5127 toto
1371 5063 1648 5128 mundo:
1705 5063 1861 5146 quia
1905 5084 1978 5128 re
2020 5065 2163 5147 ipsa
2204 5073 2517 5147 appareat

570 5150 789 5215 nullos
832 5149 965 5214 illis
1010 5170 1153 5214 csse
1197 5170 1409 5232 pares.
1479 5148 1875 5232 Quanquam
1912 5148 2042 5213 duo
2077 5152 2369 5215 membra
2408 5149 2515 5214 hic

571 5246 905 5314 recenset,
961 5237 1171 5318 primo
1213 5233 1383 5319 quod
1428 5244 1689 5318 praesto
1742 5237 1831 5299 sit
1888 5235 2021 5299 illis
2066 5236 2248 5302 Deus
2293 5235 2374 5301 ad
2419 5237 2510 5300 fe-

565 5322 848 5388 rendum
917 5321 1232 5386 auxilium
1298 5322 1552 5405 quoties
1609 5342 1759 5386 eum
1823 5321 2209 5403 implorant:
2276 5321 2513 5387 deinde

2612 600 2784 685 quod
2830 622 2940 667 eos
2983 601 3278 668 docuerit
3319 601 3674 685 perfectam
3718 598 4070 679 iustitiam,
4128 597 4303 663 ultra
4355 619 4530 682 quam

2612 688 2781 753 nihil
2826 688 3187 754 desiderari
3230 695 3444 769 queat.
3491 685 3659 752 Nam
3705 707 3905 769 quum
3951 684 4108 750 dicit
4142 682 4356 749 Deum
4397 705 4530 768 prc-

2614 775 2930 857 pinquum
2977 795 3136 852 esse,
3201 772 3282 836 ad
3324 772 3760 856 praesentiam
3802 770 4072 836 virtutis
4116 770 4343 848 refero,
4386 791 4531 853 quae

2613 859 2840 924 multis
2879 858 3214 926 miraculis
3248 859 3410 925 satis
3444 878 3768 941 superque
3801 858 4063 942 cognita
4097 855 4330 921 fuerat.
4393 856 4535 923 Tale

2613 945 3012 1029 praesidium
3056 946 3126 1009 in
3164 943 3291 1010 diis
3325 945 3461 1010 suis
3498 944 3730 1009 merito
3766 951 3967 1027 negat
4000 951 4232 1027 gentes
4266 962 4534 1025 uuquam

2614 1031 2913 1109 sensisse,
2959 1051 3125 1114 quae
3170 1041 3326 1096 vota
3368 1040 3435 1095 et
3475 1030 3794 1096 clamores
3839 1027 3923 1094 ad
3963 1028 4163 1094 surda
4198 1037 4265 1093 et
4297 1037 4540 1094 mortua

2613 1117 2783 1182 idola
2827 1116 3216 1200 dirigebant.

2785 1203 2846 1268 9.
2903 1201 3337 1269 Verumtamen
3379 1221 3526 1267 cave
3566 1200 3697 1267 tibi.
3785 1198 4037 1265 Eadem
4081 1207 4184 1266 est
4239 1198 4541 1283 particula

2613 1301 2697 1381 ΡἾ
2757 1288 2838 1353 de
2894 1308 3025 1370 qua
3077 1307 3292 1370 nuper
3348 1286 3511 1352 dixi:
3582 1306 3747 1370 quae
3799 1284 4187 1351 tantundem
4246 1284 4540 1350 hocloco

2613 1373 2789 1440 valet
2831 1393 2908 1439 ac
2949 1374 3006 1438 si
3051 1374 3327 1440 dixisset
3350 1374 3586 1450 Moses,
3633 1373 3757 1438 hoc
3800 1380 4057 1437 tantum
4102 1378 4382 1437 restare:
4423 1370 4542 1435 nisi

2611 1460 2824 1543 magis
2843 1459 3114 1544 placeat,
3142 1459 3636 1524 Verumtamen.
3684 1458 3927 1523 Postea
3962 1457 4043 1523 ad
4078 1458 4356 1523 verbum
4392 1457 4542 1542 legi-

2614 1553 2745 1626 tur,
2780 1545 3034 1611 custodi
3070 1554 3153 1626 te,
3190 1544 3295 1610 vel
3333 1545 3471 1624 tibi,
3512 1554 3578 1610 et
3599 1543 3848 1610 custodi
3885 1545 4170 1609 animam
4206 1550 4407 1620 tuam,
4441 1540 4543 1607 ubi

2615 1630 2936 1716 gradatim
3004 1628 3293 1715 procedit
3348 1631 3566 1697 Moses
3583 1681 3599 1709 ,
3659 1652 3787 1695 non
3850 1629 4106 1714 vulgari
4163 1629 4544 1694 observatio·

2617 1738 2700 1783 ne
2759 1737 2901 1782 esse
2957 1737 3150 1800 opus,
3210 1715 3322 1782 sed
3379 1717 3616 1781 intima
3680 1714 4024 1800 vigilantia
4086 1724 4153 1780 et
4207 1714 4545 1781 sedulitate

2618 1802 2984 1868 cavendum
3065 1802 3196 1867 illis
3262 1822 3405 1868 esse
3469 1824 3555 1867 ne
3619 1822 3737 1885 per
3813 1801 4146 1886 ignaviam
4227 1800 4545 1867 deficiant.

2616 1889 2885 1955 Talibus
2928 1889 3103 1953 enim
3164 1887 3449 1953 stimulis
3490 1886 3838 1954 excitanda
3880 1899 3979 1953 est
4035 1887 4256 1954 carnis
4298 1894 4549 1952 nostrae

2616 1973 2910 2054 tarditas,
2947 1982 3015 2039 et
3043 1973 3238 2039 simul
3260 1972 3588 2039 firmanda
3617 1972 3944 2052 mollities,
3981 1982 4049 2039 et
4082 1971 4550 2039 inconstantiae

2615 2059 2880 2126 obviam
2937 2059 3257 2125 eundum:
3316 2061 3470 2145 quia
3524 2059 3692 2124 nihil
3742 2058 3956 2143 magis
4011 2058 4305 2143 proclive
4363 2077 4547 2142 quam

2617 2157 2688 2210 ut
2730 2146 2947 2211 subita
2989 2144 3316 2211 oblivione
3359 2143 3663 2212 concidat
3704 2152 3884 2210 totus
3926 2145 4174 2225 fervor,
4237 2145 4345 2210 vel
4404 2163 4550 2226 pau-

2616 2230 2801 2295 latim
2846 2232 3245 2315 languescat.
3336 2230 3533 2315 Apud
3573 2240 3799 2314 gratos
3844 2240 3911 2296 et
3951 2251 4310 2307 memores,
4355 2249 4550 2313 quan-

2617 2325 2755 2382 tum
2802 2338 2966 2400 opus
3010 2329 3182 2396 erat,
3249 2316 3433 2382 Deus
3500 2316 3865 2382 stabilierat
3922 2317 4116 2382 fidem
4160 2315 4331 2401 legis
4370 2332 4549 2380 suae:

2614 2423 2782 2485 quae
2825 2411 3043 2467 tamen
3079 2410 3181 2467 est
3216 2402 3552 2467 hominum
3590 2402 3865 2482 incuria,
3911 2424 4038 2467 nou
4079 2400 4192 2467 abs
4228 2424 4301 2467 re
4337 2410 4551 2485 postu·

2613 2488 2712 2552 lat
2749 2496 2825 2552 ut
2866 2488 3145 2572 populus
3190 2488 3587 2554 recordetur.
3697 2488 3837 2555 Nec
3881 2498 4141 2553 tant-um
4189 2508 4303 2553 eos
4347 2506 4553 2551 recor·

2617 2573 2759 2639 dari
2803 2574 2982 2638 iubet
3025 2575 3133 2657 qui
3178 2573 3420 2640 oculati
3459 2573 3704 2639 fuerint
3742 2582 3959 2654 testes,
4014 2573 4128 2639 sed
4164 2573 4326 2640 filiis
4363 2572 4554 2639 etiam

2615 2670 2682 2726 et
2724 2659 3068 2742 nepotibus
3113 2659 3390 2741 tradere,
3442 2669 3518 2725 ut
3570 2681 3793 2725 rerum
3836 2668 3969 2727 tam
4017 2660 4381 2745 insignium
4423 2678 4554 2725 me-

2613 2745 2825 2810 moria
2869 2754 3280 2829 propagetur.

2789 2832 2888 2896 10.
2956 2831 3086 2897 Die
3124 2852 3243 2914 quo
3286 2833 3525 2898 soetisti.
3616 2830 3852 2897 Posset
3905 2831 4101 2896 etiam
4161 2830 4298 2915 legi
4342 2829 4555 2907 Diem,

2617 2914 2965 2983 accusandi
3001 2938 3174 2997 casu,
3221 2929 3294 2982 ut
3336 2918 3424 2982 sit
3459 2918 3795 3001 appositio,
3843 2916 4039 2983 Certe
4071 2917 4285 2983 fusius
4321 2915 4559 3000 exponi

2617 3003 2823 3087 liquet
2865 3023 3029 3087 quae
3071 3003 3339 3068 brevius
3393 3004 3718 3088 attigerat.
3809 3003 4136 3087 Populum
4181 3004 4363 3067 enim
4408 3002 4560 3068 citat

2615 3098 2929 3173 tanquam
2975 3090 3301 3154 oculatum
3363 3097 3630 3155 testem:
3691 3112 3774 3154 ne
3829 3091 3997 3154 forte
4054 3090 4376 3173 excipiat,
4443 3088 4559 3154 sibi

2618 3196 2747 3240 non
2792 3185 3089 3241 constare
3145 3175 3322 3240 unde
3383 3176 3677 3241 hauserit
3718 3176 3939 3242 Moses
3983 3174 4151 3258 quod
4217 3177 4561 3259 profitetur

2617 3261 2740 3325 sibi
2784 3282 2823 3325 a
2870 3262 3009 3326 Deo
3052 3261 3441 3328 iniunctum.
3532 3260 3844 3327 Sciebant
3901 3263 4077 3325 euim
4121 3282 4356 3328 omnes
4399 3260 4560 3326 nihil

2616 3368 2766 3411 eum
2812 3355 3104 3413 tentasse
3159 3347 3290 3412 nisi
3346 3347 3695 3413 manifesto
3739 3347 3866 3412 Dei
3920 3348 4124 3412 iussu.
4214 3346 4485 3414 Deinde
4526 3366 4562 3410 a

2615 3435 2749 3497 fine
2793 3434 2951 3516 ipsc,
2989 3443 3056 3498 et
3098 3453 3356 3499 summa
3391 3432 3730 3500 doctrinae
3762 3434 4125 3510 confirmat,
4166 3431 4389 3498 Deum
4425 3452 4563 3497 esse

2616 3528 2927 3596 autorem,
2974 3519 3285 3601 quoniam
3330 3540 3460 3584 non
3506 3520 3633 3585 alio
3674 3527 3925 3603 spectet
3967 3519 4098 3583 nisi
4142 3529 4215 3583 ut
4250 3540 4420 3602 pure
4461 3539 4562 3584 co·

2616 3605 2791 3669 latur
2836 3606 3019 3670 Deus
3058 3604 3220 3687 ipse,
3278 3615 3346 3670 et
3387 3606 3701 3689 populum
3743 3606 3983 3671 habeat
4024 3603 4150 3670 sibi
4194 3604 4565 3689 obsequen·

2618 3700 2772 3770 tem,
2817 3711 2944 3772 quo
2980 3690 3147 3755 nihil
3186 3692 3428 3758 rectius
3462 3701 3576 3756 aut
3617 3691 3888 3775 aequius
3932 3691 4096 3775 fingi
4138 3699 4376 3774 potest.

2792 3776 2892 3842 11.
2940 3778 3167 3858 Itaque
3207 3778 3558 3843 accessistis
3600 3782 3656 3842 et
3695 3778 3970 3843 stetisti-5.
4073 3776 4263 3842 Haec
4308 3793 4567 3861 quoque

2618 3865 2950 3945 exegetica
2995 3864 3283 3929 narratio
3320 3863 3399 3927 ad
3438 3862 3726 3928 eiusdem
3764 3863 3860 3928 rei
3896 3862 4353 3945 probationem
4391 3861 4568 3928 valet

2617 3970 2856 4033 nempe
2891 3949 3124 4015 Mosen
3170 3949 3432 4014 nonnisi
3469 3949 3597 4015 Dei
3642 3969 4029 4033 praeconem
4073 3956 4141 4013 et
4182 3950 4567 4014 ministrum

2619 4035 2849 4100 fuisse:
2912 4036 3068 4118 quia
3124 4044 3261 4100 toto
3328 4036 3567 4119 populo
3611 4045 3944 4118 spectante
3990 4055 4177 4100 mons
4223 4033 4568 4111 exarserit,

2621 4130 2697 4184 ut
2739 4121 2952 4203 palam
2999 4123 3188 4186 fieret
3229 4122 3448 4187 Deum
3505 4143 3541 4186 e
3600 4121 3815 4186 medio
3869 4122 4020 4204 igue
4078 4120 4277 4203 loqui.
4374 4116 4565 4201 Quod

2623 4206 2800 4286 dicit,
2862 4227 3084 4272 vocem
3132 4215 3392 4273 tantum
3453 4207 3743 4284 audisse,
3813 4206 4062 4271 nullam
4121 4205 4374 4272 vidisse
4431 4204 4570 4270 effi·

2621 4293 2794 4376 giem
2814 4343 2829 4370 ‚
2884 4302 3101 4375 potest
3156 4293 3303 4359 vice
3359 4293 3795 4359 concessionis
3857 4292 4083 4375 accipi.
4171 4292 4283 4358 Ita
4331 4290 4569 4357 adver·

2622 4379 2835 4444 sative
2890 4379 3166 4462 legenda
3228 4388 3451 4445 essent
3494 4380 3656 4444 haec
3699 4380 3830 4443 duo
3874 4378 4201 4459 membra,
4260 4377 4569 4463 quamvis

2622 4463 2807 4528 nulla
2848 4465 3098 4548 effigies
3142 4465 3550 4548 apparuerit,
3616 4487 3741 4531 vox
3787 4472 4007 4529 tamen
4052 4465 4434 4548 penetravit
4490 4458 4571 4526 ad

2624 4558 2877 4616 vestras
2942 4572 3146 4634 usque
3190 4571 3402 4617 aures.
3503 4549 3638 4617 Sed
3695 4551 3819 4616 hoc
3877 4550 4120 4616 diserte
4180 4568 4572 4635 expressum

2621 4635 2821 4702 fuisse
2864 4637 3279 4722 interpretor,
3340 4658 3467 4721 quo
3511 4636 3755 4703 certius
3798 4644 4108 4703 testatum
4153 4637 4346 4702 fieret
4390 4633 4573 4700 illam

2620 4721 2825 4787 fuisse
2871 4723 2999 4787 Dei
3042 4744 3300 4802 vocem,
3368 4744 3540 4807 quae
3583 4722 3665 4788 ab
3708 4721 3973 4787 homine
4015 4723 4280 4788 mortali
4330 4722 4575 4787 emissa

2620 4830 2752 4874 non
2817 4808 3050 4875 fuerat.
3160 4808 3364 4874 Nullo
3425 4810 3602 4875 enim
3670 4808 3947 4874 artificio
4025 4828 4096 4873 se
4174 4809 4574 4875 occultasset

2619 4895 2963 4979 quisquam
3009 4895 3371 4974 homiuum,
3417 4897 3572 4979 quin
3620 4915 3693 4960 os
3722 4894 4050 4977 loquentis
4093 4894 4572 4977 conspicerent,

2618 4979 3083 5132 ᾳῑιὶᾱγίἀθδαηΐ,
3125 4981 3371 5065 absque
3414 4992 3689 5047 externo
3733 5001 3978 5065 organo
4012 5001 4243 5046 vocem
4291 5002 4381 5046 ex
4421 4980 4573 5064 igne

2617 5087 2736 5150 pro
2782 5088 2898 5132 1re.
