4867 6150
552 433 681 502 595

549 625 911 709 quotannis
978 621 1337 690 ascendant
1407 622 1486 687 ad
1553 620 2015 689 celebrandum
2087 620 2266 688 hunc
2331 621 2524 689 diem.

560 712 787 799 (Zach.
832 711 931 790 14,
972 709 1098 796 16).
1135 708 1230 774 Et
1263 728 1381 774 eur
1420 708 1634 790 potius
1671 728 1868 790 quam
1906 708 2064 773 alios
2102 708 2300 774 festos
2336 707 2523 774 dies?

564 818 800 882 nempe
841 799 993 879 quia
1038 795 1289 861 reditus
1333 816 1369 859 e
1412 794 1754 880 Babylone
1799 815 1917 877 per
1960 793 2231 877 longum
2280 805 2344 859 et
2402 793 2523 859 dif-

559 884 734 950 ficile
780 884 921 959 iter,
981 892 1048 947 et
1091 880 1172 946 ab
1209 879 1497 946 hostium
1542 881 1808 946 incursu
1853 891 1918 944 et
1960 880 2273 945 violentia
2319 880 2523 945 infes-

563 981 735 1048 tum,
794 988 1003 1051 aeque
1061 966 1504 1033 memorabilis
1558 965 1820 1031 futurus
1865 974 2039 1031 esset
2084 986 2159 1031 ac
2218 965 2523 1032 transitio

560 1055 792 1141 populi
854 1076 938 1120 ex
1005 1055 1311 1138 Aegypto
1376 1053 1444 1117 in
1511 1062 1756 1116 terram
1828 1052 2236 1134 promissam.
2328 1049 2523 1118 Unde

560 1142 947 1225 colligimus,
984 1138 1287 1223 quamvis
1306 1136 1500 1204 hodie
1535 1138 1775 1203 abolita
1809 1137 1897 1203 sit
1919 1137 2343 1216 caeremonia,
2380 1139 2522 1204 eius

560 1235 784 1293 tamen
844 1247 1037 1292 usum
1096 1224 1167 1289 in
1234 1224 1472 1308 spiritu
1533 1239 1600 1288 et
1656 1224 1936 1288 veritate
1991 1222 2208 1289 adhuc
2275 1224 2519 1308 vigere,

559 1322 643 1379 ut
687 1312 873 1378 nobis
920 1310 1181 1378 assidue
1241 1320 1395 1376 ante
1454 1309 1674 1375 oculos
1738 1318 2045 1375 versetur
2108 1310 2520 1392 incompara-

561 1398 712 1465 bilis
756 1397 883 1463 Dei
929 1399 1143 1463 virtus
1188 1403 1256 1462 et
1298 1394 1773 1473 misericordia,
1820 1397 1932 1478 qui
1977 1416 2094 1460 nos
2139 1416 2176 1459 e
2235 1394 2522 1461 tenebris

558 1496 631 1550 et
673 1482 1001 1568 profunda
1042 1483 1279 1567 abysso
1323 1482 1552 1547 mortis
1596 1493 1833 1558 erutos,
1881 1481 2216 1547 transtulit
2257 1482 2327 1546 in
2374 1502 2519 1547 coe·

557 1570 795 1637 lestem
841 1571 1066 1635 vitam.
1158 1569 1257 1634 Ac
1298 1568 1616 1652 populum
1662 1579 1953 1633 veterem
1998 1587 2118 1650 pro
2163 1588 2282 1633 sua
2342 1568 2521 1632 rudi-

560 1664 699 1722 tate
734 1656 829 1721 ita
863 1655 1155 1721 exerceri
1185 1654 1493 1738 oportuit,
1530 1661 1606 1718 ut
1638 1654 1900 1737 singuli,
1943 1675 1983 1718 a
2019 1651 2281 1719 senibus
2315 1674 2523 1737 usque

562 1742 645 1808 ad
692 1762 966 1826 pueros,
1009 1741 1311 1806 domibus
1355 1739 1601 1824 egressi
1646 1739 1835 1823 quasi
1893 1740 1963 1804 in
2014 1759 2153 1804 rem
2213 1760 2521 1822 praesen·

564 1837 699 1894 tem
763 1827 1276 1904 adducerentur,
1344 1836 1408 1890 et
1465 1825 1539 1890 in
1595 1824 1967 1911 spectaculo
2012 1825 2124 1890 illo
2176 1833 2524 1891 cernerent

562 1914 738 1998 quod
807 1913 1045 1996 alioqui
1093 1930 1430 1995 nunquam
1478 1912 1639 1977 satis
1706 1921 2115 1994 penetrasset
2156 1911 2228 1976 in
2296 1933 2521 1977 eorum

563 2000 838 2066 animos.
907 1999 1304 2081 Quanquam
1342 1997 1541 2063 simul
1576 1997 1646 2062 in
1683 1998 1978 2071 futurum
2017 2005 2274 2081 tempus
2309 1996 2521 2063 edocti

557 2085 844 2165 fuerunt,
891 2087 960 2150 in
1022 2094 1198 2150 terra
1264 2103 1521 2167 quoque
1589 2082 1909 2150 chanaan
1970 2082 2518 2167 peregrinandum

560 2193 722 2249 esse,
767 2172 957 2238 sicuti
1002 2170 1166 2237 haec
1210 2169 1496 2236 conditio
1530 2168 2000 2253 praescribitur
2044 2168 2344 2234 omnibus
2390 2169 2519 2252 piis

561 2266 630 2323 et
674 2257 825 2323 filiis
870 2257 1032 2337 Dei,
1088 2265 1164 2323 ut
1220 2255 1521 2339 inquilini
1565 2256 1700 2321 sint
1742 2257 1810 2320 in
1856 2273 2061 2337 terra,
2117 2256 2175 2321 si
2241 2255 2520 2338 cupiunt

561 2344 724 2410 coeli
771 2364 910 2410 esse
954 2341 1287 2408 haeredes.
1378 2341 1740 2424 Praecipue
1787 2350 2010 2406 tamen
2054 2361 2165 2406 eos
2224 2340 2306 2406 ad
2413 2362 2515 2407 ra-

491 2436 500 2443 ‘
564 2429 914 2495 titudinem
959 2426 1298 2493 stimulare
1357 2427 1540 2493 Deus
1600 2427 1824 2505 voluit,
1881 2447 2007 2510 quo
2064 2426 2276 2510 pluris
2329 2362 2517 2492 fisseret

560 2517 782 2598 quieta
827 2524 1040 2579 terrae
1079 2514 1438 2596 promissae
1482 2512 1830 2589 habitatio,
1870 2522 1936 2578 et
1980 2522 2303 2578 tectorum
2338 2534 2513 2578 com-

534 2600 875 2679 'moditas,
941 2621 1162 2683 quum·
1208 2598 1709 2664 recordarentur
1780 2598 1936 2664 illue
1999 2618 2082 2663 ex
2148 2596 2405 2663 deserto
2449 2607 2517 2664 et

558 2686 929 2752 miserrima
999 2705 1217 2751 rerum
1273 2684 1567 2751 omnium
1635 2693 1927 2769 egestate
1991 2705 2194 2749 manu
2244 2685 2375 2750 Dei
2442 2706 2514 2750 se

546 2773 751 2841 fuisse
794 2771 1121 2839 deductos.

725 2858 828 2927 36.
880 2858 1122 2942 Septem
1164 2857 1399 2924 diebus.
1489 2857 1641 2922 Non
1685 2855 2093 2920 feriabantur
2130 2856 2256 2920 nisi
2299 2856 2510 2939 primo

551 2955 623 3010 et
665 2953 892 3011 octavo
939 2946 1061 3024 die,
1107 2939 1492 3009 habitabant
1538 2951 1759 3007 tamen
1795 2940 1865 3006 in
1914 2941 2215 3026 tuguriis,
2261 2953 2327 3007 et
2362 2963 2509 3027 sep-

554 3041 686 3096 tem
733 3030 1065 3097 continuis
1112 3029 1340 3096 diebus
1398 3028 1761 3095 offerebant
1819 3027 2168 3095 sacrificia:
2231 3048 2505 3113 quorum

551 3117 709 3184 alibi
760 3117 935 3184 facta
991 3117 1116 3183 fuit
1169 3116 1417 3183 mentio
1474 3115 1806 3199 prolixior.
1895 3114 2053 3180 Ideo
2116 3135 2283 3199 quae
2339 3115 2507 3181 libro

550 3212 783 3286 quarto
829 3203 1133 3270 distincte
1176 3202 1592 3285 prosequitur
1634 3202 1874 3279 Moses,
1920 3201 2187 3267 reiicerc
2228 3200 2301 3266 in
2343 3201 2506 3268 alte-

553 3310 702 3354 rum
748 3289 964 3356 locum
1009 3288 1233 3367 malui,
1281 3286 1394 3353 ubi
1440 3287 1521 3353 de
1563 3286 1900 3353 sacrificiis
1943 3286 2012 3351 in
2051 3308 2290 3370 genere
2336 3296 2506 3354 trac·

552 3375 712 3440 tavi.
757 3374 863 3442 De
900 3394 1057 3440 voce
1091 3374 1504 3439 solennitatis
1538 3394 1668 3438 non
1706 3373 2016 3439 convenit
2049 3373 2225 3438 inter
2258 3394 2506 3439 omnes.

552 3473 735 3538 ΠἻΒν
781 3483 820 3527 a
865 3460 1062 3526 verbo
1108 3472 1235 3537 ‘¹315
1295 3458 1662 3539 deducitur,
1729 3457 1902 3542 quod
1964 3466 2097 3523 tam
2158 3458 2509 3542 prohibere

550 3569 751 3632 quam
787 3547 1091 3631 colligere
1124 3546 1471 3631 significat.
1539 3544 1772 3629 Itaque
1808 3543 2071 3628 quidam
2116 3545 2510 3629 interpretes

557 3635 845 3699 retinent
896 3634 1177 3716 primam
1235 3631 1725 3716 etymologiam,
1796 3629 2137 3708 vertendo,
2197 3631 2509 3698 Retentio

556 3721 662 3785 vel
728 3719 1081 3804 prohibitio
1147 3719 1276 3784 Dei
1334 3725 1453 3784 est.
1531 3715 1665 3783 Sed
1745 3716 1896 3800 quia
1952 3737 2183 3783 sensns
2247 3717 2510 3783 videtur

551 3806 917 3885 obscurior,
962 3826 1099 3870 non
1143 3803 1439 3873 dubitavi
1482 3824 1601 3887 pro
1636 3801 2025 3869 solennitate
2062 3803 2387 3886 accipere,
2437 3812 2511 3870 ut

556 3893 706 3958 aliis
770 3890 949 3958 locis.
1039 3889 1208 3955 Nam
1275 3889 1519 3974 absque
1595 3889 2040 3956 controversia
2114 3910 2292 3956 nunc
2372 3890 2510 3957 dies

555 3980 776 4056 festos,
827 4000 999 4043 nunc
1043 3984 1266 4042 coetus
1311 3984 1426 4041 aut
1466 3984 1830 4042 conventus
1874 3975 2219 4060 significat.
2308 3976 2510 4042 Libe·

557 4086 704 4130 rum
751 4071 972 4128 tamen
1024 4061 1115 4128 sit
1159 4060 1513 4128 lectoribus
1570 4061 1654 4127 eli
1704 4080 1816 4126 ere
1861 4059 2034 4144 quod
2089 4062 2301 4146 magis
2358 4083 2512 4145 pro-

559 4151 878 4217 baverint.
980 4150 1338 4232 Postquam
1420 4168 1575 4215 vero
1701 4168 1736 4211 e
1813 4146 2033 4230 quiete
2092 4154 2161 4212 et
2226 4148 2512 4214 victimis

558 4236 895 4321 praecepit
970 4235 1220 4312 Moses,
1295 4232 1595 4319 adiungit
1659 4233 2143 4316 exceptionem,
2208 4255 2294 4299 ne
2358 4234 2515 4318 quid

559 4324 895 4388 minuatur
937 4342 1020 4387 ex
1066 4320 1399 4386 ordinario
1443 4319 1644 4385 cultu.
1734 4319 2056 4385 Poterant
2100 4320 2276 4385 enim
2335 4320 2514 4385 frau-

567 4407 870 4473 dulenter
928 4406 1396 4474 transscribere
1474 4408 1543 4470 in
1626 4405 1795 4471 diem
1864 4404 2108 4471 festum
2175 4405 2518 4486 sacrificia,

567 4491 806 4576 quibus
841 4493 975 4557 iam
1034 4493 1120 4558 ali
1208 4493 1279 4558 ui
1337 4491 1636 4559 obstricti
1691 4498 1914 4570 erant,
1975 4499 2041 4556 et
2096 4492 2220 4557 hoc
2282 4493 2520 4558 cavillo

568 4577 873 4643 dealbare
930 4600 1061 4645 una
1116 4581 1162 4645 fi
1208 4578 1336 4644 elia
1392 4578 1556 4644 duos
1622 4579 1937 4662 parietes,
2004 4585 2080 4640 ut
2136 4578 2516 4660 loquuntur.

567 4665 796 4746 Quare
839 4663 1030 4729 initio
1073 4664 1360 4749 proximi
1404 4686 1633 4730 versus
1690 4661 2010 4747 particula
2218 4662 2525 4730 adversa-

570 4754 712 4817 tive
757 4748 1021 4815 videtur
1064 4752 1269 4830 sumi,
1330 4751 1487 4834 quia
1552 4748 1901 4816 antithesis
1943 4750 2021 4814 fit
2062 4749 2234 4814 inter
2275 4751 2521 4832 peculi·

567 4858 754 4904 arem
798 4835 1052 4903 cultum
1098 4836 1296 4903 huius
1345 4837 1774 4914 solennitatis,
1821 4846 1888 4900 et
1927 4855 2311 4902 communes
2355 4837 2524 4903 ritus

568 4925 684 5008 qui
728 4933 917 4988 extra
962 4920 1134 4988 diem
1179 4922 1417 4988 festum
1464 4921 1774 4989 servandi
1806 4931 2014 4988 erant.
2077 4923 2176 4988 Ac
2219 4922 2277 4988 si
2319 4920 2525 4988 dixis-

569 5019 701 5089 set,
754 5009 866 5075 ubi
911 5009 1357 5093 praestiterint
1400 5028 1568 5092 quae
1611 5009 1717 5075 lex
1770 5006 2075 5091 exigebat
2115 5008 2181 5072 in
2230 5009 2329 5073 sin
2383 5009 2526 5075 ulos

569 5093 732 5177 dies,
775 5116 911 5160 non
960 5107 1180 5161 tamen
1226 5093 1611 5160 cessandum
1655 5117 1799 5161 esse
1847 5115 1886 5158 a
1928 5096 2254 5177 praesenti
2301 5116 2339 5160 o
2460 5116 2524 5159 r-

568 5183 872 5247 vatione:
916 5181 1189 5265 ideoque
1232 5199 1527 5246 seorsum
1574 5189 1706 5245 tam
1769 5179 2060 5265 generali
2122 5199 2316 5262 quam
2377 5201 2523 5265 spe-

570 5267 725 5334 ciali
770 5276 1119 5354 praecepto
1162 5266 1699 5334 satisfaciendum
1742 5286 1920 5342 esse,
1966 5267 2021 5330 si
2079 5265 2204 5329 rite
2257 5265 2526 5352 defungi

563 5355 798 5420 velint.
858 5354 1066 5420 Porro
1110 5377 1194 5421 ex
1238 5352 1734 5421 circumstantia
1766 5352 2084 5435 temporis
2126 5348 2530 5418 demonstrat

1997 431 2458 515 QUARTUM
2507 433 3159 501 PRAEOEPTUM.

4432 433 4544 500 596

2631 621 2865 689 debere
2897 623 3074 705 ipsos
3118 643 3260 688 esse
3305 622 3574 702 alacres,
3616 621 3790 705 quod
3834 630 3990 687 tunc
4035 620 4374 686 minimum
4415 621 4548 688 faci·

2630 718 2746 773 ent
2788 709 3092 788 iacturae,
3136 709 3265 773 iam
3313 709 3615 793 repositis
3659 709 3974 793 frugibus.
4019 707 4172 772 Huc
4213 707 4383 772 enim
4424 728 4551 790 per·

2629 796 2794 861 tinet
2878 794 3049 878 quod
3121 793 3307 860 dicit:
3406 796 3766 877 Postquam
3834 793 4228 878 collegetitis
4292 792 4552 859 fructum

2628 889 2872 946 terrae:
2922 901 2997 946 ac
3041 881 3099 945 si
3145 880 3390 947 diceret
3432 902 3657 946 eorum
3705 879 4040 946 commodo
4082 899 4154 945 se
4187 880 4552 963 prospicere,

2627 967 2783 1049 quia
2817 966 3058 1051 alioqui
3093 969 3296 1032 otium
3333 965 3510 1032 domi
3534 967 3843 1045 colerent,
3880 966 4074 1050 idque
4101 964 4184 1030 ad
4220 964 4556 1030 tollendam

2628 1053 3135 1119 excusationem.

2798 1139 2902 1205 40.
2952 1138 3342 1221 Sumetisque
3382 1139 3554 1205 vobis
3608 1138 3713 1205 die
3756 1138 3987 1219 primo.
4076 1137 4223 1204 Hoc
4281 1136 4560 1220 symbolo

2629 1223 2946 1290 admoniti
2978 1226 3252 1291 fuerunt
3286 1224 3514 1290 Iudaei
3550 1223 4011 1290 celebrandum
4041 1244 4184 1290 esse
4206 1223 4382 1291 hunc
4403 1223 4561 1288 diem

2627 1332 2777 1377 cum
2822 1311 3157 1377 hilaritate
3200 1319 3267 1376 et
3323 1311 3594 1376 laetitia.
3685 1310 3843 1376 Fuit
3893 1310 4068 1375 enim
4130 1330 4263 1375 non
4324 1318 4562 1374 tantum

2624 1396 2991 1462 recordatio
3034 1397 3284 1481 gratiae
3327 1419 3455 1481 qua
3501 1395 3686 1463 Deus
3730 1407 3948 1479 patres
3992 1397 4059 1460 in
4118 1396 4377 1461 deserto
4434 1392 4563 1479 dig-

2625 1491 2821 1548 natus
2857 1482 3094 1561 fuerat,
3137 1505 3340 1567 quum
3379 1482 3683 1549 omnibus
3725 1483 3889 1549 coeli
3932 1481 4189 1547 iniuriis
4225 1481 4564 1564 expositos,

2626 1568 2747 1635 sub
2808 1569 2931 1634 alis
2987 1572 3128 1636 suis
3184 1582 3493 1653 tanquam
3554 1569 3774 1652 aquila
3834 1567 4044 1652 pullos
4108 1568 4398 1633 foveret:
4460 1566 4566 1634 sed

2625 1656 2821 1720 etiam
2868 1656 3231 1739 gratiarum
3277 1656 3476 1733 actio,
3523 1655 3693 1738 quod
3737 1654 3929 1739 longe
3972 1652 4381 1720 commodius
4424 1653 4565 1718 hos-

2625 1742 2856 1824 pitium
2903 1744 2971 1808 in
3029 1754 3204 1806 terra
3263 1740 3583 1824 promissa
3632 1739 3766 1805 illis
3810 1750 4138 1823 parasset:
4204 1739 4301 1804 ita
4363 1760 4567 1807 ramos

2625 1827 2938 1910 gestando
2982 1827 3296 1912 gaudium
3342 1836 3409 1894 et
3452 1828 3638 1911 quasi
3692 1827 4063 1892 ovationem
4106 1845 4266 1909 prae
4303 1846 4377 1891 se
4414 1826 4568 1891 fere-

2627 1912 2806 1979 bant.
2917 1914 3056 1980 Nec
3112 1914 3291 1979 enim
3355 1915 3588 1979 fuisset
3654 1923 4165 1979 consentaneum
4226 1911 4450 1977 tristes
4508 1918 4572 1977 et

2626 2000 2975 2066 contractis
3019 1999 3256 2066 animis
3301 2000 3564 2083 tuguria
3607 1998 3846 2075 subire,
3893 2018 4059 2081 quae
4103 2006 4240 2064 tam
4287 2007 4572 2063 veterem

2623 2107 2819 2170 quam
2843 2093 3252 2169 praesentem
3275 2083 3404 2150 Dei
3441 2085 3720 2169 gratiam
3746 2083 4331 2167 repraesentabant
4353 2104 4569 2149 eornm

2624 2172 2866 2251 oculis,
2934 2182 3003 2238 et
3043 2172 3243 2237 simul
3287 2181 3552 2256 gustum
3600 2169 3840 2236 dabant
3884 2170 4183 2236 coelestis
4238 2170 4455 2248 vitae,
4502 2190 4571 2236 eo

2626 2259 2796 2342 quod
2860 2257 3171 2343 inquilini
3222 2266 3443 2324 essent
3483 2258 3553 2322 in
3620 2267 3815 2322 terra.
3905 2269 4038 2325 ἻἾΠ
4104 2254 4377 2340 quidam
4431 2275 4572 2338 pro·

2622 2346 2844 2428 prium
2890 2365 3127 2411 nomen
3173 2365 3315 2410 esse
3360 2343 3608 2422 volunt,
3657 2342 3773 2408 sed
3831 2362 4035 2426 quum
4097 2342 4339 2425 ubique
4395 2341 4573 2408 deco·

2625 2454 2765 2497 rem
2832 2431 3190 2515 significet,
3256 2430 3435 2495 nolui
3495 2427 3827 2495 discedere
3872 2448 3912 2492 a
3953 2428 4286 2495 communi
4354 2446 4573 2494 sensu:

2623 2540 2744 2583 nec
2789 2516 3106 2583 curiosius
3151 2516 3222 2579 in
3265 2515 3485 2582 verbis
3531 2515 3765 2582 insisto
3809 2534 4007 2598 quam
4052 2536 4322 2582 necesse
4367 2524 4468 2579 est
4501 2511 4577 2579 ad

2621 2625 2763 2670 rem
2806 2604 3019 2687 ipsam
3064 2601 3437 2668 tenendam.

3189 2925 3345 3010 'Ex
3384 2942 3689 3010 Exom
3730 2942 4004 3011 xxm.

2804 3116 2903 3183 14.
2956 3117 3081 3183 Ter
3128 3116 3358 3199 festum
3409 3116 3739 3183 celebrabis
3788 3116 3950 3183 mihi
3991 3137 4359 3201 unoquoque
4402 3137 4573 3184 anno.

2632 3203 2731 3270 15.
2784 3202 3220 3270 Solennitatem
3275 3223 3641 3287 azymorum
3695 3204 4030 3271 custodies.-
4081 3210 4313 3287 septem
4370 3203 4573 3271 diebus

2628 3290 2899 3357 comedes
2932 3288 3384 3371 infennentata,
3420 3289 3933 3371 quemadmodum
3951 3292 4257 3373 praecepi
4288 3289 4409 3356 tibi
4440 3296 4574 3356 teun-

2615 3397 2777 3459 pore
2816 3373 3268 3441 mensisAbib:
3311 3374 3465 3456 quia
3507 3375 3578 3440 in
3620 3395 3688 3441 eo
3733 3395 4016 3459 eyressus
4057 3396 4124 3440 es
4165 3376 4574 3461 eeryypto:

2627 3483 2820 3544 neque
2855 3461 3310 3543 conspicientur
3350 3479 3561 3526 coram
3599 3482 3698 3527 me
3738 3463 3941 3528 vacui.
4031 3462 4131 3527 16.
4175 3459 4269 3528 Et
4310 3462 4573 3530 solemi-

2626 3554 2809 3615 tatem
2850 3548 3085 3614 mensis
3113 3548 3589 3629 primitivorum
3626 3568 3883 3629 operum
3916 3554 4164 3614 tuorum
4197 3569 4367 3630 quae
4399 3548 4571 3615 semi-

2628 3636 2883 3701 naveris
2923 3634 2994 3698 in
3037 3653 3190 3718 apro
3204 3684 3219 3713 ‚
3280 3637 3337 3698 et
3376 3633 3801 3699 solennitatem
3855 3631 4227 3701 collectionis
4294 3636 4371 3701 in
4414 3635 4574 3699 miluc

2628 3721 2802 3802 anni,
2845 3719 3094 3803 quando
3133 3718 3446 3803 colleqeris
3501 3740 3688 3802 opera
3730 3725 3844 3787 tua
3886 3741 3964 3786 ex
4004 3741 4177 3804 ayro.
4275 3721 4380 3786 17.
4434 3720 4569 3785 Tri·

2617 3806 2740 3959 gas
2774 3806 3104 3958 Ἥ
3088 3806 3498 3886 conspicietur
3551 3807 3754 3872 omnis
3807 3806 4125 3873 mwoulus
4179 3812 4337 3874 tuus
4372 3825 4572 3875 coram

2660 3913 2865 3960 omino
3104 3913 3163 3957 a.
4377 3917 4405 3959 .·

3161 4235 3294 4301 EX
3337 4232 3642 4300 EXODI
3684 4231 4023 4301 XXXIV.

2790 4406 2895 4473 22.
2942 4404 3382 4473 Solennitatem
3424 4404 3870 4473 hebdomadum
3914 4404 4116 4487 facies
4152 4404 4272 4470 tibi
4314 4407 4391 4473 in
4427 4407 4562 4488 pri—

2624 4493 2826 4560 mitiis
2863 4494 3088 4559 messis
3126 4493 3418 4572 triticeae,
3463 4498 3519 4558 et
3556 4492 3787 4575 festum
3826 4490 4193 4558 collectionis
4226 4492 4301 4558 in
4336 4512 4565 4559 conver·

2617 4582 2792 4646 sione
2835 4579 3007 4645 anni.
3095 4578 3197 4644 23.
3260 4578 3496 4645 Tribus
3536 4578 3778 4644 vicibus
3817 4578 3887 4642 in
3942 4597 4108 4644 anno
4368 4580 4382 4592 “
4427 4579 4441 4592 “

2614 4666 2819 4734 omnis
2869 4665 3193 4731 masculus
3244 4670 3392 4730 taus
3449 4684 3659 4731 coram
3714 4664 3966 4731 domino
4011 4662 4243 4729 Iehova
4288 4664 4429 4731 Deo
4471 4662 4560 4729 Is-

2610 4752 2762 4818 rael.
2852 4751 2956 4817 24.
3002 4749 3339 4834 Expellam
3381 4752 3548 4816 enim
3586 4755 3793 4835 gentes
3834 4770 3877 4815 a
3917 4748 4084 4831 facie
4123 4755 4256 4828 ma,
4319 4755 4378 4816 et
4414 4749 4563 4816 dila-

2609 4839 2749 4905 tabo
2795 4838 3128 4903 terminum
3167 4842 3363 4917 tuum,
3419 4857 3607 4919 neque
3649 4835 4029 4918 concupiscet
4069 4837 4409 4918 qnisquam
4451 4841 4558 4900 ter-

2609 4944 2756 4991 ram
2798 4930 2974 4990 tuam
3014 4923 3167 4989 dum
3207 4922 3499 4989 ascendes
3540 4928 3614 4989 ut
3654 4922 4072 5004 conspiciaris
4101 4941 4323 4988 coram
4344 4920 4560 4990 lebona

2612 5009 2814 5077 tribus
2853 5009 3098 5078 vicibus
3134 5010 3205 5075 in
3247 5028 3433 5076 anno.
