4867 6150
999 651 1132 718 EX
1176 651 1478 719 EXODI
1521 652 1857 721 XXXIV.

629 823 734 889 26.
787 823 1191 904 Principium
1223 825 1700 905 primitivorum
1741 831 1946 893 terrac
1988 831 2134 893 tuae
2174 825 2409 909 inferes

457 910 530 976 in
567 909 822 975 domum
864 909 1130 976 Iehovac
1171 909 1302 976 Dei
1343 913 1458 977 tui.

630 1079 829 1147 Deut.
888 1082 992 1161 26,
1058 1081 1116 1147 1.
1193 1082 1396 1163 Quum
1453 1084 1777 1168 inpressas
1827 1084 2051 1167 fuer-ic.
2155 1083 2407 1150 Eodem

458 1168 602 1233 iure
661 1170 986 1252 primitias
1037 1168 1303 1251 frugum
1370 1191 1635 1235 suarum
1703 1170 1958 1236 solvere
2024 1170 2184 1236 iussi
2251 1180 2409 1234 sunt

461 1253 821 1332 Israelitae,
867 1274 996 1337 quo
1039 1275 1306 1319 censum
1349 1255 1422 1318 in
1467 1256 1731 1339 singula
1774 1257 2007 1339 capita,
2054 1277 2290 1339 nempe
2333 1262 2409 1321 ut

461 1362 532 1405 se
567 1354 635 1403 et
670 1361 790 1405 sua
823 1341 1046 1405 omnia
1070 1340 1197 1404 Dei
1232 1361 1375 1405 esse
1411 1344 1897 1424 profiterentur.
1966 1342 2114 1408 Hoc
2151 1353 2407 1407 tantum

461 1426 586 1490 fuit
632 1426 1059 1504 discriminis,
1120 1427 1289 1509 quod
1349 1448 1583 1495 census
1635 1428 2002 1509 symbolum
2049 1427 2407 1493 manumis-

461 1512 666 1577 sionis
732 1514 886 1576 fuit:
955 1523 1030 1577 ut
1093 1525 1523 1596 agnoscerent
1582 1535 1652 1579 se
1711 1536 1851 1580 esse
1916 1515 2186 1591 liberos,
2253 1514 2409 1596 quia

462 1598 782 1683 singulari
833 1597 953 1663 Dei
1006 1599 1318 1664 beneficio
1370 1599 1692 1684 redempti
1751 1610 1990 1666 essent.
2080 1599 2407 1665 Primitiis

463 1700 678 1750 autem
725 1684 949 1748 testati
992 1696 1149 1749 sunt
1194 1686 1585 1770 vectigalem
1612 1686 1753 1759 Deo
1798 1697 2043 1751 terram
2089 1706 2249 1766 esse,
2286 1706 2408 1751 nec

464 1770 591 1836 alio
637 1770 832 1835 titulo
876 1792 946 1835 se
989 1773 1132 1836 eius
1174 1792 1317 1836 esse
1361 1772 1661 1837 dominos
1704 1773 2273 1857 quam'preeario,
2333 1780 2409 1836 ut

461 1855 779 1921 directum
824 1857 1173 1937 imperium
1219 1868 1289 1922 et
1322 1859 1688 1942 proprietas
1723 1880 1922 1942 penes
1947 1860 2162 1923 Deum
2200 1879 2403 1923 unum

462 1955 777 2008 maneret.
871 1943 1050 2026 Ergo
1091 1943 1220 2009 huo
1265 1944 1620 2009 tendebant
1675 1946 2037 2028 primitiae,
2097 1952 2170 2009 ut
2221 1954 2407 2028 quot-

463 2031 656 2095 annis
704 2041 1100 2093 renovarent
1143 2029 1515 2113 adoptionis
1564 2052 1721 2096 suae
1772 2033 2188 2097 memoriam:
2236 2029 2405 2113 quod

460 2113 594 2181 illis
634 2116 788 2180 data
832 2129 1003 2179 esset
1064 2116 1410 2198 peculiaris
1469 2117 1840 2184 haereditas
1899 2118 1967 2182 in
2011 2128 2188 2181 terra
2233 2116 2407 2182 cha-

461 2223 656 2278 naan,
692 2202 760 2265 in
798 2223 927 2283 qua
951 2199 1165 2266 Deum
1205 2203 1310 2285 pie
1346 2214 1699 2287 sancteque
1736 2205 2044 2283 colerent,
2079 2203 2409 2285 simulque

459 2301 877 2371 reputarent,
934 2308 1070 2351 non
1113 2290 1479 2370 promiscuo
1521 2291 1816 2373 gentium
1863 2310 2046 2354 more
2091 2288 2409 2353 divinitus

461 2395 531 2439 se
576 2375 683 2451 ali,
728 2372 842 2438 sed
888 2375 1098 2439 instar
1139 2375 1456 2443 filiorum:
1502 2375 1675 2441 unde
1718 2387 1784 2441 et
1819 2397 2004 2441 sacer
2037 2373 2240 2441 cibus.
2307 2377 2410 2439 Ac

463 2459 544 2524 de
610 2460 918 2542 primitiis
981 2459 1244 2543 quidem
1315 2462 1468 2527 alibi
1547 2483 1778 2528 rursus
1857 2461 2183 2546 agendum
2263 2460 2408 2539 erit,

463 2558 789 2629 quatenus
848 2566 1001 2629 pars
1060 2546 1331 2611 fuerunt
1387 2547 1821 2613 oblationum:
1878 2549 1991 2613 sed
2052 2547 2159 2613 hie
2218 2543 2408 2631 prae-

462 2632 730 2715 cipuum
791 2633 991 2697 finem
1050 2632 1341 2716 inserere
1392 2655 1656 2699 necesse
1725 2634 1882 2711 fuit,
1958 2640 2034 2699 ut
2090 2634 2410 2699 sciremus

459 2716 610 2783 ideo
651 2717 856 2782 fuisse
899 2719 1235 2801 impositas
1280 2720 1554 2804 populo,
1600 2729 1677 2785 ut
1721 2721 1966 2786 victum
1995 2721 2137 2785 Deo
2180 2740 2405 2802 accep·

461 2813 601 2868 tum
645 2804 1002 2881 referrent,
1048 2806 1388 2871 testandae
1431 2806 1693 2889 pietatis
1736 2826 1965 2882 causa,
2011 2826 2086 2872 ac
2120 2804 2406 2889 separati

462 2910 504 2955 a
547 2890 811 2970 reliquis
856 2890 1181 2975 gentibus,
1225 2893 1343 2956 uni
1393 2892 1534 2957 Deo
1577 2892 1786 2957 Israel
1832 2892 2124 2958 devincti
2169 2900 2405 2957 essent.

632 2976 694 3041 2.
761 2977 935 3042 Tunc
984 2978 1256 3059 accipies
1294 2978 1369 3042 dc
1413 2979 1750 3061 primitiis.
1843 2977 2104 3045 Scimus
2158 2979 2226 3042 in
2271 2977 2408 3061 pri-

460 3061 666 3128 mitiis
722 3073 930 3127 totum
997 3065 1153 3128 anni
1221 3079 1612 3148 proventum
1673 3066 1874 3131 fuisse
1932 3075 2405 3132 consecratum.

462 3149 648 3234 Ergo
708 3151 774 3214 in
842 3150 976 3214 illis
1039 3151 1326 3236 gestavit
1390 3151 1675 3236 populus
1740 3153 2186 3216 testimonium
2253 3169 2410 3216 suae

463 3255 621 3320 erga
648 3237 856 3300 Deum
897 3237 1180 3319 pietatis,
1216 3259 1409 3320 quem
1448 3240 1514 3302 in
1563 3238 1738 3303 victu
1782 3237 2160 3321 quotidiano
2204 3239 2410 3302 nutri-

460 3322 624 3386 tium
663 3324 1142 3404 experiebatur.
1211 3324 1427 3389 Hodie
1469 3335 1682 3389 cessat
1726 3324 1991 3407 quidem
2037 3322 2411 3388 umbratilis

461 3406 576 3472 ille
622 3408 818 3483 ritus,
877 3409 990 3473 sed
1047 3430 1267 3474 veram
1315 3410 1836 3475 observationem
1883 3409 2097 3475 adhuc
2140 3428 2410 3473 manere

461 3492 713 3559 Paulus
769 3492 989 3571 docet,
1054 3496 1163 3560 ubi
1228 3517 1350 3561 nos
1405 3496 1711 3561 hortatur
1768 3495 1850 3560 ad
1908 3494 2410 3579 glorificandum

461 3600 701 3645 nomen
750 3581 872 3645 Dei
919 3582 1119 3645 etiam
1163 3581 1235 3646 in
1279 3581 1422 3648 cibo
1466 3592 1535 3647 et
1588 3591 1747 3666 potu
1793 3579 1880 3668 (1.
1930 3581 2081 3647 Gor.
2130 3581 2231 3658 10,
2280 3578 2410 3667 31).

465 3664 807 3747 Quantum
874 3666 954 3731 ad
1022 3668 1235 3733 locum
1303 3678 1557 3751 spectat
1621 3668 1733 3734 ubi
1796 3668 2019 3733 offerri
2086 3665 2415 3733 debebant

463 3752 825 3834 primitiae,
870 3763 938 3817 et
996 3774 1116 3819 cur
1174 3754 1430 3819 dicatur
1488 3754 1621 3820 illic
1671 3756 1852 3819 Deus
1909 3774 2152 3818 nomen
2211 3773 2407 3820 suum

463 3837 730 3914 locasse,
777 3837 931 3904 alibi
975 3838 1361 3917 videbimus,
1406 3861 1606 3924 quum
1654 3841 1736 3904 ad
1780 3841 2097 3906 sacrificia
2142 3849 2414 3905 ventum

463 3923 680 4023 fuerit.
708 4010 722 4025 .
748 3925 1036 4024 'lla-ntum
1075 3924 1365 3991 breviter
1400 3927 1774 4012 perstringo
1810 3947 1978 4009 quae
2023 3936 2184 3991 sunt
2226 3945 2413 4009 prae-

465 4022 669 4075 sentls
703 4011 1009 4076 mstltuti.

636 4095 697 4161 3.
759 4099 1094 4164 Annumio
1137 4096 1332 4164 hodie.
1431 4097 1559 4164 His
1624 4096 1846 4164 verbis
1910 4095 2193 4164 confessi
2259 4104 2416 4162 sunt

462 4179 808 4247 Israelitac
843 4204 914 4248 se
958 4204 1091 4248 non
1131 4184 1400 4267 adeptos
1437 4204 1579 4251 esse
1615 4193 1829 4249 terrae
1864 4182 2227 4249 dominium
2262 4203 2413 4266 pro·

463 4267 629 4352 priis
674 4268 944 4349 viribus,
988 4281 1106 4334 aut
1152 4269 1463 4335 beneflcio
1509 4273 1828 4348 fortunae,
1874 4269 1986 4334 sed
2032 4289 2215 4335 mera
2254 4267 2415 4334 libe-

463 4354 725 4419 ralitate
759 4353 865 4420 De
889 4406 907 4437 ,
948 4354 1145 4439 idque
1179 4377 1263 4422 ex
1299 4370 1506 4439 pacto.
1574 4356 1806 4439 ltaque
1841 4356 1973 4420 duo
2014 4366 2176 4421 sunt
2219 4354 2416 4421 huius

466 4440 834 4507 sententiae
877 4443 1203 4523 membra,
1257 4440 1477 4507 Deum
1522 4442 1814 4526 gratuito
1858 4440 2224 4525 pollicitum
2271 4461 2415 4507 esse

467 4526 777 4592 Abrahae
817 4537 1057 4593 terram
1103 4528 1320 4607 illam,
1381 4538 1455 4593 ut
1507 4526 1767 4593 cederet
1822 4528 1895 4592 in
1941 4527 2412 4593 haereditatem

466 4614 776 4695 posteris:
846 4612 1080 4679 deinde
1135 4614 1331 4680 fidem
1393 4634 1692 4680 servasse
1755 4634 1883 4680 non
1951 4613 2144 4679 modo
2209 4633 2411 4697 quum

469 4698 641 4764 filios
687 4699 992 4765 Abrahae
1036 4702 1102 4765 in
1146 4701 1615 4784 possessionem
1662 4699 2061 4780 adduxerat,
2105 4700 2221 4765 sed
2265 4700 2416 4782 quia

468 4784 829 4868 tranquilla
873 4786 1058 4869 quies
1100 4797 1243 4854 erat
1284 4789 1536 4870 gratiae
1580 4787 1881 4852 accessio.
1969 4786 2159 4851 Idem
2218 4784 2414 4869 paulo

471 4881 617 4954 post
636 4870 850 4937 fusius
872 4875 1304 4956 prosequitur,
1322 4871 1432 4937 ubi
1453 4870 1765 4937 iubentur
1780 4873 2123 4938 Israelitae
2143 4892 2416 4936 narrare

467 4977 668 5108 &lam
715 4957 955 5028 misera
996 4959 1124 5024 fuit
1164 4970 1426 5042 patrum
1483 4957 1769 5025 conditio
1826 4957 2033 5025 donec
2077 4979 2189 5024 eos
2234 4958 2416 5023 Deus

543 5064 694 5108 vore
736 5064 859 5110 suo
901 5044 1282 5129 complexus
1324 5061 1443 5124 est,
1486 5053 1552 5110 et
1596 5044 2038 5111 misericordia
2088 5044 2413 5128 dignatus.

474 5128 941 5213 Respondeudi
1005 5132 1282 5197 verbum
1348 5129 1733 5214 simpliciter
1799 5131 2074 5215 accipio,
2141 5152 2224 5196 ex
2293 5151 2416 5195 usu

472 5215 743 5299 linguae
786 5215 1159 5297 hebraicae,
1213 5236 1336 5298 pro
1378 5216 1591 5300 loqui,
1653 5217 1755 5281 vel
1803 5217 1986 5282 effari
2035 5217 2164 5284 nisi
2207 5216 2418 5300 magis

473 5302 733 5385 placeat
773 5303 1140 5370 testificari:
1187 5300 1359 5386 quod
1402 5303 1649 5385 optime
1683 5304 2015 5370 convenit.
2083 5302 2418 5369 Describi-

476 5398 592 5453 tur
634 5390 810 5454 enim
853 5389 1145 5457 solennis
1187 5386 1536 5473 professio,
1593 5409 1723 5472 qua
1766 5411 1837 5455 se
1881 5390 2025 5456 Deo
2067 5387 2419 5474 quotannis

1920 466 2300 535 PRIMUM
2342 465 2991 533 PRAEGEP‘PUM.

4333 467 4465 534 310

2512 655 3028 739 obstringebant.
3117 654 3328 719 Porro
3369 655 3645 739 originis
3690 677 3847 722 suae
3890 656 4286 740 principium
4327 677 4464 723 non

2511 754 2782 806 sumunt
2817 743 2897 806 ab
2937 741 3293 820 Abraham,
3338 740 3451 806 sed
3489 763 3529 805 a
3562 741 3789 807 Iacob:
3837 742 3908 808 in
3953 743 4137 808 cuius
4182 764 4464 826 persona

2511 826 2828 892 illustrior
2907 837 3160 910 poterat
3236 827 3523 909 conspici
3601 826 3815 911 gratia
3878 828 4027 893 Dei.
4141 828 4309 893 Nam
4377 851 4463 894 ex

2513 922 2690 978 terra
2735 914 3057 978 Ohanaan
3102 910 3458 997 profugere
3501 926 3800 994 coactus,
3853 925 4347 998 consumpserat
4389 916 4462 981 in

2512 997 2711 1079 Syria
2780 1001 3013 1065 bonam
3083 1009 3334 1081 partem
3403 1001 3668 1064 aetatis:
3728 998 3899 1149 ¹§uon
3958 1002 4133 1066 enim
4195 999 4463 1066 domum

2512 1106 2816 1151 reversus
2875 1094 3006 1162 est,
3074 1084 3201 1149 nisi
3271 1083 3504 1171 senex)
3570 1085 3723 1149 dein
3771 1108 3807 1150 e
3870 1107 4101 1151 rursus
4167 1086 4338 1151 fame
4397 1096 4465 1151 et

2512 1170 2734 1237 inedia
2775 1169 3149 1254 compulsus
3190 1169 3412 1235 fuerat
3455 1171 3742 1254 migrare
3785 1172 3854 1236 in
3894 1176 4305 1256 Aegyptum:
4353 1171 4464 1239 ubi

2514 1256 2782 1322 tandem
2837 1267 3132 1322 mortuus
3194 1257 3426 1321 fuerat.
3517 1257 3697 1340 Ergo
3756 1278 3966 1340 neque
4026 1256 4465 1324 haereditario

2514 1344 2683 1424 iure,
2737 1363 2948 1426 neque
2991 1364 3108 1408 suo
3153 1353 3364 1407 marte
3408 1341 3733 1426 obtigerat
3777 1343 3907 1408 illis
3952 1351 4156 1409 terra:
4219 1345 4287 1407 in
4335 1365 4465 1427 qua

2512 1450 2598 1494 ne
2641 1428 3048 1512 peregrinari
3085 1427 3347 1511 quidem
3384 1448 3761 1494 eoncessum
3799 1428 4014 1494 fuerat
4048 1430 4223 1512 patri
4244 1428 4460 1496 Iacob.

2513 1513 2763 1600 Syrum
2800 1536 2992 1598 porro
3027 1514 3389 1592 nominant,
3435 1515 3607 1597 quia,
3653 1535 3855 1596 quum
3892 1536 4132 1581 uxores
4168 1516 4466 1582 duxisset

2512 1602 2685 1684 apud
2734 1599 3001 1677 Laban‚
3060 1612 3127 1666 et
3180 1600 3350 1666 filios
3409 1600 3773 1684 genuisset,
3832 1608 3902 1666 et
3960 1602 4338 1685 priusquam
4391 1623 4464 1669 se

2512 1688 2883 1771 accingeret
2926 1686 3006 1751 ad
3053 1685 3336 1751 reditum
3382 1696 3729 1769 provectae
3788 1686 3919 1751 iam
3981 1696 4153 1753 esset
4209 1688 4464 1770 aetatis,

2511 1772 2723 1838 videri
2762 1781 3021 1856 poterat
3070 1772 3489 1837 renunciasse
3544 1780 3758 1837 terrae
3804 1772 4147 1839 Obanaan.
4237 1773 4461 1855 Quum

2512 1880 2671 1944 ergo
2714 1881 2833 1943 per
2877 1858 3118 1924 multos
3173 1877 3381 1923 annos
3435 1867 3786 1925 contentus
3845 1859 4077 1924 fuisset
4133 1857 4461 1927 domicilio

2512 1945 2681 2029 quod
2739 1946 2862 2012 sibi
2917 1947 2987 2010 in
3045 1942 3244 2030 Syria
3301 1942 3617 2028 elegerat,
3674 1944 3910 2010 merito
3971 1945 4249 2010 confessi
4308 1952 4465 2011 sunt

2511 2032 2654 2097 eius
2698 2032 2942 2116 posteri
2988 2031 3189 2096 fuisse
3233 2029 3416 2113 quasi
3462 2027 3784 2095 advenam
3832 2038 3897 2094 et
3941 2040 4263 2110 exterum,
4310 2033 4464 2115 quia

2512 2116 2622 2182 diu
2690 2119 2906 2183 fuerat
2971 2116 3285 2182 extorris:
3354 2124 3421 2180 et
3485 2116 3684 2180 simili
3752 2117 4009 2181 ratione
4075 2140 4145 2182 se
4202 2139 4462 2202 quoque

2512 2206 2765 2268 censeri
2820 2223 3010 2288 posse
3074 2201 3496 2288 alienigenas.
3583 2200 3890 2279 Addunt,
3952 2211 4203 2285 patrem
4265 2225 4458 2269 suum

2509 2289 2706 2355 Iacob
2785 2290 3025 2355 iterum
3091 2287 3483 2354 valedixisse
3548 2295 3760 2352 terrae
3828 2288 4177 2369 Obanaan,
4257 2311 4456 2374 quum

2511 2384 2790 2460 urgente
2847 2375 3067 2459 inopia
3128 2373 3464 2440 deseendit
3516 2373 3585 2439 in
3647 2375 4041 2458 Aegyptum.
4145 2375 4237 2440 Et
4303 2375 4458 2441 dum

2512 2474 3025 2528 commemorant
3067 2460 3200 2525 illio
3242 2459 3734 2544 peregrinatum
3780 2460 3982 2526 fuisse
4024 2481 4170 2526 cum
4215 2463 4459 2545 paucis,

2514 2557 2737 2631 postea
2801 2547 3088 2614 crevisse
3149 2548 3218 2610 in
3301 2555 3565 2630 gentem
3645 2566 3983 2630 magnam:
4065 2548 4188 2613 hoo
4267 2547 4461 2612 modo

2514 2641 2882 2717 agnoscunt
2943 2654 3014 2700 se
3080 2653 3222 2698 esse
3282 2632 3679 2716 Aegyptios,
3738 2652 3941 2715 quum
3998 2629 4185 2697 illinc
4242 2642 4461 2699 essent

2516 2719 2815 2798 oriundi,
2891 2720 3002 2785 ubi
3068 2717 3416 2784 exordium
3480 2720 3695 2782 fuerat
3747 2718 4033 2783 nominis
4090 2730 4157 2784 et
4220 2721 4458 2804 gentis.

2515 2806 2798 2889 Reliquo
2856 2814 3167 2871 contextu
3226 2803 3462 2868 melius
3515 2805 3908 2869 confirmant
3962 2825 4034 2869 se
4089 2804 4159 2868 in
4211 2814 4462 2870 terram

2516 2891 2834 2957 Obanaan
2895 2892 3123 2956 ductos
3189 2890 3389 2954 fuisse
3450 2887 3577 2953 Dei
3642 2909 3874 2955 manu:
3943 2890 4097 2972 quia
4164 2893 4463 2973 oppressi

2516 2977 2867 3061 tyrannide
2902 2976 2981 3041 ad
3020 2978 3238 3059 ipsum
3273 2974 3724 3055 clamaverint,
3759 2995 3835 3040 ac
3869 2973 4156 3040 exauditi
4195 2977 4460 3044 fuerint.

2517 3063 2728 3147 Signa
2761 3064 2958 3129 etiam
2998 3076 3066 3128 et
3098 3071 3404 3147 portenta
3438 3057 3768 3126 celebrare
3801 3060 3965 3128 iussi
4011 3073 4183 3141 sunt,
4229 3060 4463 3145 quibus

2472 3151 2755 3217 'clarius
2811 3149 3133 3233 patefacta
3198 3149 3413 3214 fuerat
3477 3146 3871 3230 redemptio:
3939 3169 4023 3212 ne
4089 3147 4464 3215 dubitanter

2516 3238 2766 3321 gratias
2812 3237 2953 3300 Deo
2996 3243 3295 3319 agerent,
3338 3231 3453 3298 sed
3498 3253 3737 3316 purum
3780 3233 3923 3299 eius
3964 3233 4216 3299 cultum
4260 3255 4463 3320 oppo-

2516 3331 2752 3387 nerent
2809 3322 3113 3388 omnibus
3166 3320 3467 3404 gentium
3524 3319 3878 3403 figmentis.
3965 3318 4230 3403 Alioqui
4284 3321 4464 3387 enim

2517 3407 2825 3492 frigidum
2907 3407 3140 3473 fuisset
3213 3404 3340 3472 hoo
3418 3405 3680 3488 pietatis
3759 3406 4164 3472 exercitium.
4269 3406 4462 3488 Quod

2517 3495 2749 3561 ultimo
2775 3515 2970 3559 versu
3009 3492 3336 3577 sequitur:
3373 3492 3465 3556 Et
3498 3488 3863 3569 laetaberis,
3901 3491 4164 3557 videtur
4198 3493 4464 3576 quidem

2516 3601 2658 3646 esse
2715 3579 3093 3665 promissio,
3153 3578 3336 3662 quasi
3384 3577 3567 3642 Deus
3622 3578 3950 3660 proposita
3993 3578 4465 3646 benedictionis

2517 3688 2674 3733 suae
2717 3666 2987 3743 fiducia,
3033 3663 3274 3749 populo
3318 3663 3659 3728 stimulum
3706 3662 3978 3729 adderet
4022 3662 4102 3728 ad
4149 3664 4464 3731 maiorem

2517 3753 2718 3819 studii
2776 3753 3207 3818 alacritatem:
3276 3748 3392 3816 sed
3451 3748 3685 3814 clarior
3740 3756 3807 3813 et
3861 3750 4074 3833 magis
4133 3752 4464 3833 gonuinus

2516 3840 2780 3904 videtur
2823 3859 3056 3904 sensus
3098 3836 3239 3902 fore
3273 3836 3328 3902 si
3372 3835 3605 3918 copula
3642 3842 3936 3901 vertatur
3970 3836 4040 3899 in
4077 3836 4462 3903 adverbium

2517 3925 2832 4008 temporis
2875 3924 3081 3988 Tunc.
3170 3922 3295 3987 Est
3339 3923 3512 3985 enim
3574 3921 3698 3986 hoe
3755 3921 4178 4004 praecipuum
4224 3924 4290 3987 in
4336 3944 4459 3988 usu

2519 4011 2643 4077 cibi
2702 4020 2770 4075 et
2827 4019 3049 4093 potus,
3107 4009 3278 4072 laeta
3334 4017 3403 4071 et
3446 4006 3641 4071 hilari
3687 4008 4084 4072 conscientia
4128 4008 4463 4091 percipere

2519 4118 2599 4162 ex
2656 4095 2786 4161 Dei
2842 4116 3039 4160 manu
3098 4095 3355 4177 paterni
3412 4093 3654 4157 favoris
3713 4093 4184 4158 testimonium.
4275 4093 4460 4158 Nihil

2513 4181 2968 4266 inquietudine
3003 4181 3321 4245 miserius.
3378 4177 3671 4261 *Ideoque
3706 4177 3954 4244 Paulus
3987 4177 4206 4265 (Rom.
4257 4177 4356 4256 14,
4396 4179 4463 4267 2)

2515 4268 2973 4333 certitudinem
3011 4266 3297 4331 maxime
3334 4264 3627 4347 requisit,
3674 4285 3758 4327 ne
3794 4265 3936 4346 quis
3980 4265 4196 4329 cibum
4242 4274 4466 4351 gustet

2516 4354 2758 4439 absque
2788 4353 2935 4419 fide.
2983 4352 3133 4434 Quo
3169 4351 3373 4435 igitur
3409 4349 3843 4435 promptiores
3878 4351 4011 4416 sint
4048 4349 4129 4414 ad
4167 4351 4460 4416 officium

2515 4440 2889 4520 Israelitae,
2957 4438 3269 4505 admonet
3328 4437 3579 4515 Moses,
3641 4446 3799 4501 tune
3864 4435 4125 4501 demum
4182 4438 4460 4503 liberum

2516 4527 2648 4594 illis
2669 4528 2806 4591 fore
2828 4524 3137 4610 gaudium
3173 4524 3242 4588 in
3279 4544 3407 4588 usu
3444 4521 3760 4586 donorum
3786 4521 3931 4603 Dei,
3968 4522 4024 4586 si
4060 4523 4464 4605 gratitudine

2518 4613 2807 4679 defuncti
2854 4611 3115 4686 fuerint,
3163 4621 3235 4673 ut
3278 4608 3639 4672 mandavit.
3877 4631 3883 4638 ·

2686 4699 2957 4764 Numer.
3006 4695 3107 4774 15,
3152 4696 3256 4760 20.
3302 4693 3403 4758 Dc
3434 4692 3768 4777 primitiis.
3856 4691 3989 4757 Hic
4032 4691 4207 4758 aliud
4298 4715 4499 4763 enus.

2517 4784 2956 4868 primitiarum
3018 4781 3358 4847 indicitur:
3419 4791 3494 4844 ut
3545 4799 3765 4845 sacras
3808 4777 4144 4861 placentas
4184 4801 4224 4844 o
4278 4787 4464 4845 erant

2518 4893 2602 4936 ex
2656 4872 2872 4954 prima
2920 4867 3396 4950 conspersione.
3485 4863 3954 4931 Offerebantur
4010 4885 4093 4929 ex
4160 4865 4462 4950 frugibus

2521 4969 2585 5023 et
2628 4957 2856 5040 spicis:
2916 4954 3030 5020 sed
3073 4953 3145 5018 in
3189 4953 3331 5035 ipso
3369 4973 3538 5035 pane
3583 4950 3793 5035 magis
3835 4951 3992 5017 viva
4033 4951 4160 5015 fuit
4200 4971 4462 5034 reprae-

2519 5043 2818 5108 sentatio.
2912 5041 3093 5106 Deus
3140 5059 3314 5123 ergo,
3359 5039 3552 5102 sicuti
3598 5058 3678 5101 ex
3726 5056 3896 5113 area,
3937 5037 4033 5101 ita
4077 5045 4143 5101 et
4186 5038 4463 5119 pistrino

2521 5139 2587 5195 et
2627 5129 2821 5193 furno
2862 5126 3126 5211 prodire
3170 5123 3379 5192 voluit
3423 5121 3841 5207 gratitudinis
3893 5121 4219 5207 symbola,
4277 5133 4351 5185 ut
4394 5123 4467 5188 in

2518 5216 2661 5298 ipso
2717 5233 2972 5297 quoque
3024 5211 3214 5296 panis
3284 5231 3401 5277 esu
3471 5209 3745 5293 populus
3810 5229 3960 5274 eum
4029 5216 4180 5272 aute
4245 5207 4466 5276 oculos

2516 5300 2804 5368 haberet.
4195 5363 4201 5368 .

2696 5383 2910 5452 Exodi
2965 5383 3070 5466 22,
3139 5384 3243 5450 28.
3314 5382 3786 5449 Ρῑεηίέαᾱόηεοκ
3847 5384 4040 5445 tuam.
4138 5376 4471 5465 Colligere
