4867 6150
361 444 476 512 133

354 634 492 702 fuit.
580 632 777 700 Unde
835 642 1106 718 apparet
1164 654 1360 717 quam
1402 633 1727 717 intrepide
1769 632 2107 715 exceperit
2147 631 2295 697 Mo-

355 741 453 788 ses
508 720 779 804 tyranni
835 720 1048 785 minas
1107 719 1266 785 dum
1329 720 1505 785 ultro
1546 718 1850 796 occurrit,
1896 728 1965 782 et
2006 716 2297 783 absentis

355 827 423 874 se
461 806 774 873 victorem
823 804 1127 889 proxima
1171 816 1360 871 nocte
1396 807 1536 871 fore
1570 805 1892 891 gloriatur
1926 803 2125 870 caede
2159 802 2292 887 pri·

352 890 665 977 mogeniti
707 891 848 956 filii.
926 890 1066 957 Nec
1112 890 1380 957 dubium
1428 901 1528 958 est
1569 890 1731 975 quin
1777 897 2026 955 terrore
2069 889 2293 956 obstu-

351 977 637 1063 pefactus
687 977 887 1042 fuerit
920 975 1196 1053 Pharao,
1246 988 1322 1043 ut
1367 987 1499 1042 tam
1548 997 1778 1061 aspere
1823 974 2122 1061 repulsus
2165 973 2294 1040 sal-

262 1084 267 1091 ’
349 1084 502 1130 vum
549 1062 872 1128 dimiserit
913 1062 1317 1146 prophetam.
1408 1063 1609 1129 Certe
1671 1072 1747 1128 ut
1799 1060 2291 1127 acerbissimum

351 1148 588 1216 doloris
642 1148 890 1215 vulnus
945 1148 1189 1213 inflixit
1257 1158 1393 1215 tam
1457 1149 1663 1215 libera
1727 1146 2144 1213 comminatio
2195 1145 2292 1211 ita

348 1235 571 1302 furiosi
639 1234 911 1320 tyranni
969 1232 1424 1300 crudelitatem
1483 1234 1840 1301 accendere
1896 1235 2107 1317 potuit
2164 1231 2292 1297 nisi

346 1320 516 1387 idem
560 1318 747 1391 Deus
790 1322 902 1403 qui
945 1340 1214 1386 servum
1258 1342 1404 1386 sum
1464 1320 1874 1386 instruxerat
1918 1317 2289 1385 admirabili

347 1408 731 1484 constantia,
776 1407 1096 1489 impetum
1140 1427 1377 1473 saevae
1422 1406 1669 1473 bestiae
1714 1406 2034 1491 fregisset.
2123 1405 2288 1469 an-

345 1502 556 1559 terum
613 1513 730 1558 cur
786 1493 969 1559 Deus
1025 1513 1299 1575 poenam
1356 1490 1438 1557 de
1494 1491 1650 1558 filiis
1685 1493 1990 1585 exigens,
2047 1500 2287 1576 patres,

344 1599 616 1664 quorum
662 1578 927 1663 gravior
972 1586 1114 1644 erat
1154 1578 1365 1663 culpa,
1432 1579 1505 1643 in
1551 1578 1729 1644 aliud
1775 1586 2034 1661 tempus
2081 1575 2285 1642 distu-

344 1665 524 1731 lerit:
593 1685 712 1730 cur
769 1664 965 1728 etiam
1027 1663 1383 1730 vindictam
1437 1684 1749 1731 exercens
1793 1665 1862 1728 in
1908 1665 2101 1729 bruta
2144 1662 2286 1727 ani-

345 1751 541 1817 malia
566 1749 933 1834 pepercerit
975 1750 1367 1831 hominibus,
1414 1759 1712 1817 nostrum
1750 1770 1881 1815 non
1929 1758 2028 1814 est
2070 1749 2287 1815 curio-

342 1837 471 1904 sius
522 1835 889 1920 disputare:
951 1837 1104 1919 quia
1150 1835 1310 1915 Deo,
1377 1836 1563 1901 cuius
1607 1833 2286 1920 incomprehensibilis

340 1923 661 2008 sapientia
718 1943 952 1987 sensus
1010 1942 1240 1988 omnes
1311 1923 1634 1988 humanos
1700 1922 2037 1999 absorbet,
2099 1940 2285 2003 prae-

338 2009 620 2077 scribere
678 2008 864 2074 nefas
920 2017 1021 2074 est
1076 2029 1267 2091 quem
1309 2011 1377 2072 in
1423 2006 1679 2074 iudiciis
1722 2007 1861 2073 suis
1907 2016 2130 2072 tenere
2173 2004 2283 2072 de·

338 2095 481 2161 beat
549 2093 833 2161 modum.
936 2093 1135 2160 Certe
1192 2114 1429 2178 pueros
1485 2103 1551 2159 et
1607 2094 1846 2160 bestias
1905 2093 1987 2157 ad
2032 2091 2283 2177 suppli·

337 2181 505 2249 cium
554 2180 907 2257 trahendo,
966 2179 1184 2263 palam
1240 2180 1764 2264 repraesentavit
1820 2179 2113 2244 scelestis
2169 2197 2283 2260 po-

339 2267 582 2334 tentiae
603 2286 762 2333 suae
783 2263 1339 2349 contemptoribus
1363 2266 1520 2349 quid
1543 2267 1667 2350 ipsi
1688 2276 1907 2332 essent
1931 2263 2171 2329 meriti.
2197 2263 2283 2327 In

339 2353 547 2438 primo
572 2352 783 2438 gradu
807 2373 1053 2436 poenae
1075 2352 1387 2418 statuitur
1398 2351 1765 2418 Pharaonis
1834 2350 2282 2434 rimogenitus,

339 2440 442 2523 qui
484 2440 748 2505 futurus
791 2447 935 2503 erat
978 2438 1166 2522 regni
1212 2456 1576 2504 successor:
1621 2372 1858 2503 deinti’e
1902 2436 2286 2521 adiungitur

338 2532 470 2591 tota
512 2525 702 2608 plebs
747 2524 1074 2608 ignobilis.
1144 2524 1317 2588 Nam
1364 2523 1640 2589 ancillae
1684 2543 1849 2608 quae
1894 2523 2100 2589 molas
2144 2530 2280 2588 tru-

338 2610 552 2677 satiles
613 2613 962 2677 versabant
1024 2610 1322 2675 infimum
1381 2611 1696 2676 tenebant
1747 2609 1958 2674 locum
2018 2616 2085 2673 et
2128 2628 2281 2674 con-

338 2698 882 2782 temptissimum:
932 2697 1124 2762 sicuti
1169 2705 1442 2779 apparet
1485 2718 1616 2761 nou
1662 2695 1873 2762 solnm
1916 2716 1998 2759 ex
2044 2695 2282 2760 veteri-

334 2780 452 2848 bus
625 2783 728 2861 tis,
773 2782 887 2847 sed
931 2783 1138 2866 ipsius
1182 2783 1547 2865 scripturae
1583 2781 1954 2847 testimonio
2001 2781 2058 2846 1.
2101 2778 2279 2846 Sam.

334 2869 390 2947 8,
428 2869 526 2936 16.
603 2867 678 2936 Si
712 2868 947 2952 quibus
981 2868 1235 2952 placeat
1268 2869 1573 2952 analogia
1606 2868 1779 2933 inter
1817 2865 1984 2931 hano
2019 2866 2281 2951 plagam

333 2968 397 3021 et
436 2955 756 3022 iniustam
802 2951 1241 3039 tyrannidem,
1307 2975 1433 3037 qua
1470 2954 1680 3019 filium
1718 2953 1844 3018 Dei
1879 2951 2281 3037 primogeni-

331 3047 468 3108 tum
491 3041 874 3108 afflixerant
893 3039 1227 3125 Aegyptii,
1259 3061 1385 3107 non
1411 3061 1725 3127 repugno.
1771 3039 2034 3105 Rursus
2058 3046 2279 3105 autem

328 3127 501 3195 inter
557 3127 926 3213 Aegyptios
977 3136 1044 3191 et
1087 3125 1407 3210 populum
1465 3148 1659 3193 suum
1718 3125 2033 3192 discernit
2073 3125 2279 3203 Dens,

329 3214 437 3280 ubi
495 3214 571 3281 in
620 3214 909 3278 maximo
957 3212 1218 3278 illorum
1279 3213 1564 3278 tumultu
1623 3212 1802 3280 hunc
1857 3212 2152 3295 quietum
2214 3220 2282 3277 et

330 3300 760 3385 tranquillum
804 3299 941 3364 fore
986 3298 1239 3364 asserit.
1296 3297 1449 3364 Huc
1492 3298 1669 3364 enim
1715 3300 1998 3381 pertinet
2043 3298 2276 3399 figura,

326 3385 473 3453 Non
516 3385 815 3453 movebit
868 3384 1051 3449 canis
1114 3383 1417 3469 linguam
1480 3404 1698 3450 suam:
1758 3385 1911 3468 quia
1970 3384 2277 3450 minimos

326 3491 620 3557 quosque
699 3481 1048 3536 nocturnos
1127 3480 1344 3535 motus
1421 3471 1634 3536 solent
1711 3471 2013 3554 excipere
2083 3490 2278 3537 canes

327 3579 443 3625 suo
487 3559 754 3624 latratu.
842 3557 1052 3623 Porro
1117 3557 1243 3623 etsi
1300 3577 1435 3622 non
1494 3576 1754 3642 semper
1810 3565 2084 3641 apparet
2129 3556 2279 3623 talis

324 3643 637 3712 discretio
702 3644 874 3708 inter
941 3641 1166 3709 fideles
1233 3651 1299 3707 et
1360 3642 1764 3722 incredulos,
1837 3645 1991 3727 quin
2059 3643 2278 3726 potius

326 3742 637 3815 utrosque
679 3729 878 3795 simul
924 3749 1113 3813 pares
1157 3729 1504 3793 involvunt
1545 3749 1811 3812 poenae,
1868 3729 2010 3812 ipso
2053 3737 2274 3794 tamen

325 3818 508 3883 exitu
579 3817 780 3901 longa
834 3814 1150 3881 distantia
1206 3825 1469 3897 separat
1511 3816 1697 3880 Deus
1755 3815 1916 3880 alios
1973 3813 2055 3879 ab
2109 3814 2273 3880 aliis.

324 3900 558 3988 Itaque
606 3904 768 3968 haec
809 3901 1088 3969 felicitas
1113 3900 1413 3967 excidere
1449 3900 1637 3966 nobis
1662 3921 2001 3984 nunquam
2039 3907 2272 3984 potest,

322 3988 493 4072 quod
552 3988 798 4055 scimus
868 3987 1164 4053 miserias
1227 3987 1550 4070 quaslibet
1611 3986 1799 4052 nobis
1863 3988 1934 4051 in
1989 3986 2273 4052 salutem

321 4074 584 4155 cedere,
684 4094 803 4139 uos
861 4072 1063 4139 semel
1119 4072 1525 4156 beneplacito
1567 4093 1684 4139 suo
1727 4072 2107 4157 complexus
2150 4087 2271 4140 est.

494 4160 557 4226 8.
776 4160 1144 4240 madeatque
1217 4179 1423 4225 omncs
1487 4158 1558 4224 hi
1629 4160 1815 4224 servi.
1925 4158 2271 4225 Hactenus

322 4246 525 4311 verba
572 4246 700 4314 Dei
742 4245 973 4310 retulit
1013 4245 1253 4325 Moses,
1294 4266 1472 4310 nune
1513 4246 1580 4310 in
1626 4265 1904 4328 persona
1937 4264 2061 4310 sua
2094 4245 2267 4330 loqui

321 4330 556 4416 ineipit
602 4352 680 4398 ac
722 4331 1104 4408 denunciat,
1165 4331 1350 4396 iussu
1394 4330 1762 4397 Pharaonis
1825 4342 2144 4396 venturos
2187 4353 2271 4397 ex

320 4418 471 4484 aula
498 4418 795 4499 nuncios,
837 4417 950 4500 qni
993 4417 1167 4482 ultro
1202 4425 1270 4480 et
1298 4416 1679 4500 suppliciter
1723 4417 2057 4500 postulent
2099 4418 2269 4501 quod

319 4503 614 4589 negabat
655 4503 765 4569 ille
822 4504 902 4568 de
946 4503 1149 4569 exitu.
1237 4502 1424 4569 Haec
1480 4512 1666 4567 tanta
1701 4503 2049 4569 verborum
2087 4525 2272 4588 aspe-

319 4590 483 4658 ritas
530 4612 663 4657 non
708 4589 950 4656 leviter
990 4588 1311 4654 sauciavit
1371 4591 1638 4674 tyranni
1696 4591 2011 4655 animum.
2102 4592 2270 4656 Tan-

318 4676 599 4742 tundem
643 4676 817 4742 enim
853 4675 981 4741 suit
1014 4696 1090 4741 ac
1112 4676 1167 4741 si
1191 4672 1484 4753 dixisset,
1529 4676 1849 4741 hactenus
1883 4675 2001 4740 tibi
2024 4675 2271 4742 frustra

318 4761 696 4847 supplicavi
762 4773 835 4828 ut
899 4761 1209 4846 populum
1270 4762 1397 4826 Dei
1465 4760 1645 4826 abire
1708 4761 1991 4841 sineres,
2073 4783 2268 4841 nunc,

318 4849 487 4914 velis
524 4848 713 4927 nolis,
757 4848 960 4914 libere
1003 4847 1212 4924 exibe,
1260 4867 1473 4929 neque
1515 4857 1735 4912 tamen
1780 4847 1905 4911 nisi
1950 4847 2066 4911 abs
2103 4859 2170 4911 te
2204 4856 2272 4912 et

319 4915 452 5000 tuis
487 4942 780 5019 rogatus.
850 4932 1106 5001 Summi
1142 4933 1320 4998 enim
1356 4933 1652 4999 beneficii
1688 4932 1831 4999 loco
1867 4931 2065 4998 duces
2101 4933 2272 5016 quod

319 5040 503 5087 nnnc
574 5019 693 5085 tibi
759 5029 859 5085 est
923 5017 1352 5086 intolerabile.
1463 5018 1652 5100 Quod
1721 5017 1956 5084 deinde
2022 5027 2269 5098 narrat,

318 5127 390 5171 se
433 5106 657 5172 exisse
699 5106 767 5170 in
810 5104 1358 5172 excandescentia
1391 5106 1547 5184 irae,
1595 5105 1700 5170 vel
1737 5106 1837 5170 ira
1872 5105 2270 5186 vehementi,

320 5191 477 5259 hinc
537 5192 689 5259 colli
741 5192 908 5258 'mus
964 5192 1087 5258 Dei
1146 5213 1373 5257 servos
1430 5192 1629 5257 etiam
1690 5212 1886 5274 quum
1949 5190 2148 5276 probe
2206 5202 2272 5259 et

318 5278 612 5344 fideliter
651 5300 688 5343 o
806 5279 936 5343 'um
983 5300 1174 5344 suum
1220 5291 1557 5357 exercent,
1616 5276 1933 5343 scelerum
1982 5279 2269 5363 indigni-

318 5370 456 5429 tate
493 5365 596 5431 sic
629 5363 870 5430 offendi
909 5378 981 5429 ut
1025 5364 1297 5429 minime
1343 5365 1533 5431 vacui
1577 5364 1714 5431 sint
1755 5363 2131 5429 iracundiae
2175 5365 2268 5430 af-

1489 414 2398 510 ·00MMEN'1‘ARIUS⁸1N
2446 440 2750 509 nxom
2790 441 2992 511 OAP.
3035 442 3197 512 ΧΠ.

4223 448 4358 515 134

2395 630 2595 698 fectu.
2685 628 2825 698 Nec
2868 652 3026 698 vero
3081 630 3355 698 dubium
3399 640 3501 700 est
3540 633 3701 717 quin
3745 635 4016 717 spiritus
4057 637 4354 722 impulsu

2396 718 2493 781 ita
2535 717 2916 785 efferbuerit
2959 718 3196 786 Moses.
3246 717 3515 799 Verum,
3576 727 3650 786 ut
3694 732 3933 786 natura
3973 742 4207 790 snmus
4240 724 4350 790 ni·

2394 803 2604 868 mium
2648 805 3040 888 praecipites
3085 804 3168 870 ad
3211 805 3611 890 impetuosos
3653 806 3946 885 affectus,
3991 807 4348 895 diligenter

2394 888 2761 955 cavendum
2822 899 2922 956 est
2979 911 3062 959 ne
3118 889 3486 976 indignatio
3529 891 3796 958 modum
3839 891 4131 960 excedat.
4219 895 4345 962 Ze·

2395 974 2533 1039 lum
2600 975 2778 1043 hunc
2841 976 3029 1042 cuius
3087 977 3167 1042 fit
3232 977 3512 1057 mentio,
3580 977 3879 1044 accendit
3943 980 4213 1064 spiritus
4269 982 4346 1048 in

2393 1059 2590 1126 corde
2627 1060 2855 1140 Mosis,
2901 1060 3016 1127 sed
3060 1062 3255 1128 simul
3300 1063 3676 1130 moderatus
3718 1073 3820 1130 est
3838 1117 3852 1141 ,
3913 1087 3998 1131 ne
4055 1086 4184 1150 qua
4227 1065 4341 1133 ad·

2392 1147 2604 1211 mixta
2646 1156 2823 1213 esset
2865 1148 3080 1230 passio
3124 1146 3517 1214 turbulenta.
3626 1148 3954 1231 Quoniam
4000 1172 4154 1218 vero
4197 1154 4344 1220 fieri

2391 1241 2611 1315 potest
2653 1252 2728 1299 ac
2771 1254 2964 1318 saepe
3007 1233 3335 1319 contingit
3378 1244 3453 1299 ut
3507 1233 3765 1315 fideles,
3821 1236 3979 1302 dum
4038 1238 4342 1305 feruntur

2391 1319 2499 1401 pio
2556 1317 2728 1399 zelo,
2784 1340 2918 1384 non
2972 1320 3131 1385 satis
3190 1328 3414 1386 tamen
3474 1321 3596 1387 sibi
3654 1330 4025 1406 temperent
4089 1338 4210 1391 nec
4267 1347 4339 1392 se

2391 1404 2774 1470 contineant
2812 1406 2989 1471 intra
3033 1406 3215 1484 fines,
3262 1404 3585 1491 petendus
3629 1420 3729 1473 est
3773 1429 3812 1473 a
3841 1406 3986 1473 Deo
4031 1431 4339 1477 mansue·

2390 1489 2641 1556 tudinis
2684 1501 2752 1555 et
2793 1490 3208 1558 rectitudinis
3250 1492 3538 1575 spiritus,
3583 1494 3697 1577 qui
3738 1515 3967 1560 omnes
4025 1516 4337 1565 excessus

2390 1576 2664 1642 fraenet.
2754 1576 3171 1643 Documento
3237 1587 3461 1643 tamen
3505 1589 3609 1645 est
3672 1580 3770 1643 ira
3815 1579 4047 1646 Mosis:
4117 1583 4334 1649 Deum
4401 1642 4406 1651 .

2387 1661 2566 1728 nolle
2610 1683 2732 1729 nos
2767 1666 3058 1749 segniter
3101 1672 3215 1729 aut
3258 1663 3497 1749 frigide
3542 1664 3815 1748 exsequi
3860 1687 4021 1749 quas
4065 1668 4337 1734 mandat

2387 1760 2641 1832 partes:
2708 1747 2981 1833 ideoque
3037 1750 3207 1815 nihil
3267 1750 3477 1834 magis
3527 1760 4020 1834 praeposterum
4065 1751 4336 1839 Cynicis

2389 1833 2809 1917 quibusdam,
2869 1836 2980 1919 qui
3036 1835 3191 1901 dum
3247 1836 3455 1902 iocose
3515 1845 3578 1900 et
3631 1856 3750 1920 per
3793 1835 4009 1903 lusum
4052 1838 4333 1921 philoso-

2388 1918 2679 2002 phantur
2721 1921 2804 1986 de
2847 1922 3108 2004 pietatis
3152 1921 3476 2003 doctrina,
3542 1931 3611 1986 et
3653 1923 3792 1987 suis
3840 1921 4141 1991 ludibriis
4182 1947 4334 2009 pro-

2388 2006 2724 2089 terviaque
2768 2006 3058 2074 dicteriis
3103 2017 3413 2093 pungunt
3455 2027 3682 2074 servos
3726 2008 3889 2086 Dei,
3950 2030 4173 2077 eorum
4222 2033 4338 2078 ve·

2388 2091 2792 2158 hementiam
2860 2092 3163 2159 derident
3207 2114 3373 2177 quae
3424 2114 3750 2160 summam
3802 2094 4022 2179 potins
4071 2095 4337 2164 laudem

2384 2187 2697 2244 meretur.

2561 2263 2620 2329 9.
2680 2262 2958 2331 Dixerat
3010 2269 3221 2332 autem
3278 2264 3509 2332 Iehova
3565 2265 3653 2331 ad
3703 2264 3943 2332 Mosen.
4055 2267 4342 2336 Videtur
4433 2281 4444 2285 ’

2386 2369 2532 2415 esse
2576 2370 2813 2416 causae
2856 2350 3134 2417 redditio
3178 2372 3297 2417 cur
3337 2358 3679 2435 tantopere
3737 2353 4059 2418 exarserit
4098 2354 4338 2437 Moses,

2386 2456 2628 2519 nempe
2673 2436 2826 2521 quia
2870 2437 3316 2521 praemonitus
3359 2439 3572 2503 fuerat
3631 2438 3968 2522 negotium
4014 2440 4134 2506 sibi
4196 2461 4339 2508 esse

2387 2542 2538 2588 cum
2585 2520 2850 2588 homine
2901 2523 3159 2607 perdito
3196 2544 3270 2590 ac
3308 2522 3666 2607 desperato,
3712 2523 3894 2608 Ergo
3917 2523 4028 2589 ubi
4062 2533 4212 2609 post
4239 2534 4342 2593 tot

2387 2607 2733 2675 conflictus
2789 2608 2971 2674 videt
3036 2608 3306 2695 tyranni
3365 2608 3636 2675 audacia
3670 2618 3762 2674 .et
3826 2610 4047 2676 furore
4115 2612 4341 2694 sperni

2389 2694 2518 2759 Dei
2605 2695 2954 2779 imperium
2979 2747 2993 2773 ‚
3082 2697 3152 2760 in
3235 2695 3472 2760 ultima
3556 2694 3973 2762 dimicatione
4052 2698 4343 2783 erumpit

2387 2780 2657 2864 gravior
2690 2780 3089 2865 indignatio:
3135 2781 3519 2864 praesertim
3558 2781 3711 2865 quia
3744 2790 3901 2847 ante
3935 2783 4155 2849 oculos
4188 2805 4338 2851 ver-

2388 2876 2575 2931 satur
2632 2876 2998 2933 monstrum
3052 2866 3222 2932 illud
3289 2866 3672 2934 detestabile
3695 2916 3711 2946 ‚
3768 2874 4029 2933 tantum
4096 2867 4340 2938 audere

2388 2972 2510 3017 vas
2583 2953 2783 3020 fictile
2860 2961 2928 3019 et
3007 2960 3367 3019 testaceum
3447 2962 3522 3019 ut
3585 2950 3904 3018 indomita
3969 2955 4342 3037 pervicacia

2387 3034 2609 3104 Deum
2652 3037 2950 3105 lacessat.
2995 3037 3232 3105 Finem
3277 3059 3435 3106 vero
3470 3046 3609 3105 tam
3645 3037 3848 3105 durae
3883 3038 4338 3110 obstinationis

2384 3124 2809 3208 praedixerat
2867 3124 3050 3192 Deus
3104 3125 3280 3192 Mosi
3331 3124 3907 3211 (quemadmodum
3965 3135 4121 3192 ante
4165 3127 4335 3194 vidi-

2384 3209 2561 3297 mus)
2597 3232 2681 3277 ne
2725 3211 2924 3277 toties
2969 3211 3300 3296 repulsam
3343 3231 3611 3296 passus,
3657 3232 3949 3295 unquam
3986 3212 4336 3282 fatisceret.

2383 3296 2657 3362 Poterat
2710 3297 2885 3362 enim
2947 3297 3189 3382 alioqui
3249 3296 3562 3382 obrepere
3623 3318 3749 3362 non
3811 3298 3977 3363 levis
4035 3301 4327 3381 tentatie,

2383 3403 2502 3448 cur
2538 3380 2683 3448 Deo
2732 3384 3020 3467 placeret
3063 3406 3210 3449 cum
3257 3384 3526 3450 homine
3569 3383 3831 3449 mortali
3891 3383 4138 3449 frustra
4180 3406 4335 3451 con-

2382 3468 2631 3553 fligere.
2681 3470 2767 3534 Et
2813 3469 3172 3536 absurdum
3216 3483 3359 3536 erat
3402 3491 3535 3535 nou
3572 3490 3759 3554 posse
3796 3469 4059 3535 coelesti
4093 3472 4335 3539 virtute

2381 3555 2485 3620 vel
2526 3554 2795 3632 domari,
2838 3557 2937 3621 vel
2978 3558 3192 3641 frangi
3227 3555 3502 3621 humani
3540 3556 3752 3622 cordis
3790 3554 4117 3622 duritiem.
4166 3558 4330 3625 Pro·

2380 3642 2649 3707 nunciat
2691 3641 2912 3725 itaque
2948 3644 3132 3708 Deus
3187 3662 3259 3707 se
3309 3642 3432 3708 hoc
3470 3641 3659 3707 modo
3708 3641 4048 3707 consulere
4084 3643 4331 3728 gloriae

2377 3746 2534 3792 suae
2578 3748 2774 3810 quam
2824 3727 3156 3794 illustrare
3201 3727 3361 3793 velit
3407 3727 3701 3810 pluribus
3745 3727 4096 3795 miraculis.
4175 3729 4335 3797 Ideo

2423 3812 2678 3878 roximo
2725 3833 2922 3878 versu
2969 3834 3234 3879 rursum
3279 3813 3564 3889 subiicit,
3626 3814 4002 3879 roboratum
4050 3814 4131 3880 ab
4190 3816 4332 3899 ipso

2446 3919 2522 3963 eo
2583 3899 2783 3965 fuisse
2859 3921 2972 3965 cor
3053 3900 3451 3966 Pharaonis:
3532 3920 3659 3983 qno
3737 3900 4094 3983 significat,
4165 3923 4328 3967 non·

2374 3984 2504 4049 nisi
2595 3986 2738 4051 Deo
2826 3987 3072 4052 sciente
3173 3994 3239 4051 et
3329 3986 3591 4050 volente
3691 3994 3877 4049 tanta
3960 3987 4328 4070 pervicacia

2370 4070 2698 4223 {extitisse
2764 4079 3121 4158 tyrannum
3190 4091 3316 4154 quo
3398 4073 3608 4155 magis
3688 4080 3859 4136 esset
3921 4071 4329 4139 admirabilis

2396 4157 2416 4221 i
2505 4157 2691 4223 ratio.

2866 4500 3000 4566 Ex
3045 4500 3243 4568 OAP.
3293 4500 3438 4566 XII
3496 4497 3821 4565 EXODI.

2542 4675 2647 4740 21.
2711 4672 2965 4740 Vocavit
3007 4692 3151 4757 erqo
3194 4669 3406 4737 Moses
3446 4689 3654 4735 omnes
3692 4670 3969 4735 seniores
3995 4669 4221 4751 Israel,
4267 4677 4326 4738 ct

2372 4760 2542 4826 dixit
2598 4760 2687 4827 ad
2738 4778 2875 4825 eos.-
2928 4758 3368 4824 Est-trahite&
3422 4756 3612 4822 comte
3661 4756 4322 4839 vobispecndempro

2366 4846 2648 4928 familiis
2708 4845 2951 4920 vestris.
3017 4850 3073 4908 et
3134 4848 3395 4908 mactate
3460 4841 3685 4908 Pesah.
3804 4841 3908 4907 22.
3976 4841 4321 4923 Accipidis

2371 4952 2609 5014 quoque
2648 4929 3022 5014 fascicodum
3077 4929 3335 5014 hyssopi
3350 4979 3365 5008 ,
3422 4932 3479 4992 et
3533 4928 3848 5011 intimetis
3900 4928 3969 4992 in
4010 4929 4318 5010 sanquine

2372 5019 2484 5100 qui
2540 5018 2658 5083 erit
2710 5018 2786 5082 in
2823 5015 3016 5097 pelvi,
3078 5021 3136 5081 et
3182 5014 3538 5098 proiicictis
3591 5014 3665 5079 in
3715 5012 4206 5094 superliminare
4258 5018 4319 5079 et

2371 5105 2444 5168 in
2484 5109 2819 5185 uti-umque
2877 5106 3110 5184 postem
3173 5100 3248 5167 de
3308 5100 3617 5183 sanquine
3678 5100 3792 5182 qui
3848 5099 3968 5164 erit
4018 5099 4092 5163 in
4147 5119 4312 5166 vase.

2386 5188 2514 5254 Vos
2554 5195 2763 5255 autem
2802 5206 2928 5253 non
2968 5187 3372 5272 cyrcdiemini
3425 5187 3686 5268 quisquc
3736 5204 3815 5250 cx
3855 5184 4054 5250 hostio
4093 5183 4316 5251 domus

2368 5296 2526 5342 suae
2564 5295 2765 5359 nsque
2805 5293 3004 5340 manc.
3092 5273 3196 5338 23.
3243 5272 3334 5337 Et
3373 5272 3671 5338 transibit
3703 5269 3935 5337 Iekova
3968 5270 4055 5333 ad
4083 5289 4313 5349 percn-

2369 5362 2649 5428 tiendam
2700 5359 3083 5445 Aeqyptum:
3137 5358 3247 5425 ubi
3303 5363 3508 5425 autem
3561 5358 3795 5425 viderit
3833 5355 4201 5439 sanquinem
4242 5357 4324 5423 in
