4867 6150
570 432 699 498 719
1656 517 1662 525 ,
2016 428 2459 498 nsomtm
2501 428 3151 499 PRAEOEP‘PUM.
4457 429 4567 496 720

570 626 813 687 rerent.
903 619 1073 685 Nam
1144 621 1200 686 si
1266 631 1525 707 tantum
1593 619 1970 686 audissent:
2044 620 2196 685 Non
2259 617 2532 700 occides,

570 727 709 773 non
766 705 1155 772 scortaberis
1172 758 1189 785 ,
1249 726 1380 771 non
1437 706 1762 773 furaberis
1784 758 1798 787 ‚
1859 713 2206 790 putassent
2248 715 2528 771 externa

570 792 1030 859 observatione
1124 814 1193 858 se
1276 792 1501 874 pulcre
1584 791 1942 859 defunctos.
2047 792 2198 858 Non
2283 792 2531 857 frustra

571 879 795 963 itaque
841 878 1056 958 Deus,
1117 885 1464 961 postquam
1526 877 1607 945 de
1677 881 1923 963 pietate
1988 887 2056 943 et
2097 877 2351 943 iustitia
2395 875 2529 944 dis·

573 965 818 1043 seruit,
867 984 1166 1029 seorsum
1216 962 1557 1030 admonuit
1617 987 1751 1031 non
1809 973 2074 1031 tantum
2120 984 2162 1030 a
2204 963 2526 1029 maleficio

573 1049 1036 1117 abstinendum
1069 1071 1230 1129 esse,
1259 1050 1374 1116 sed
1401 1050 1655 1116 sincero
1679 1051 1882 1115 animi
1916 1051 2155 1117 affectu
2186 1058 2528 1133 praestan·

573 1137 733 1202 dum
776 1157 919 1202 esse
961 1136 1135 1220 quod
1177 1137 1365 1219 prius
1406 1138 1709 1202 iusserat.
1777 1135 1999 1218 Atque
2041 1158 2125 1201 ex
2169 1136 2293 1202 hoc
2337 1156 2525 1218 prae·

570 1231 759 1306 cepto
825 1221 1079 1307 colligit
1141 1222 1394 1287 Paulus
1595 1245 1678 1288 m.
1728 1223 1787 1303 7,
1836 1221 1975 1308 14),
2044 1230 2252 1287 totam
2310 1221 2527 1305 legem

571 1330 715 1376 esse
758 1307 1168 1392 spiritualem
1186 1359 1203 1386 ,
1249 1309 1409 1392 quia
1521 1329 1658 1388 eus,
1707 1308 2101 1392 cupiditates
2136 1306 2527 1387 damnando,

570 1395 731 1479 satis
787 1394 1146 1460 ostenderit
1203 1415 1274 1460 se
1329 1416 1460 1460 non
1502 1416 1738 1461 manus
1783 1402 1852 1459 et
1907 1394 2108 1478 pedes
2151 1399 2412 1459 tantum
2456 1393 2527 1458 in

569 1480 960 1563 obsequium
1002 1499 1267 1565 cogere,
1327 1479 1443 1546 sed
1489 1480 1727 1547 animis
1771 1480 2076 1547 fraenum
2119 1480 2523 1563 imposuisse,

572 1588 656 1632 ne
699 1574 1085 1650 appeterent
1125 1565 1440 1651 quidquid
1477 1566 1783 1633 illicitum
1827 1572 1998 1633 esset
2039 1565 2272 1631 facere.
2331 1566 2530 1630 Fate-

571 1661 684 1719 tur
727 1652 935 1718 etiam
989 1652 1268 1731 Paulus,
1329 1673 1533 1736 quum
1586 1660 1739 1717 ante
1793 1652 2134 1718 fallacibus
2187 1649 2527 1718 blanditiis

570 1738 984 1818 indormiret,
1030 1760 1101 1804 se
1141 1739 1268 1804 hoc
1308 1759 1439 1803 uno
1483 1739 1687 1804 verbo
1728 1738 1928 1804 fuisse
1971 1738 2526 1822 expergefactum.

572 1826 744 1890 Nam
804 1845 1009 1908 quum
1068 1823 1667 1910 irreprehensibilis
1732 1832 1907 1891 esset
1951 1825 2021 1889 in
2071 1824 2275 1890 oculis
2318 1822 2526 1889 homi-

572 1932 768 1990 num,
829 1931 1182 1995 persuasus
1249 1919 1392 1976 erat
1449 1932 1521 1977 se
1579 1930 1802 1976 coram
1856 1911 1999 1976 Deo
2058 1911 2303 1976 iustum
2363 1931 2524 1975 esse.

573 1998 757 2063 Dicit
806 2018 879 2063 se
933 1995 1284 2079 aliquando
1342 1996 1587 2063 vixisse
1645 1996 1832 2081 quasi
1888 1995 2035 2081 lege
2094 1996 2365 2062 absente
2417 1994 2529 2061 vel

572 2091 865 2160 mortua,
912 2103 988 2148 eo
1029 2083 1200 2166 quod
1245 2082 1535 2148 iustitiae
1578 2082 1974 2149 confidentia
2008 2082 2307 2162 inflatus,
2349 2081 2528 2147 salu-

572 2178 710 2235 tem
774 2190 858 2235 ex
907 2169 1213 2252 operibus
1268 2170 1562 2251 petebat:
1622 2189 1858 2233 verum
1918 2189 1998 2232 ex
2055 2189 2181 2252 quo
2240 2167 2529 2232 animad-

572 2254 779 2321 vertit
812 2254 968 2338 quid
1004 2255 1129 2321 sibi
1163 2253 1366 2320 vellet
1402 2264 1855 2338 praeceptum:
1901 2253 2054 2319 Non
2089 2254 2528 2337 concupisces,

572 2342 766 2425 quasi
827 2341 971 2426 lege
1016 2362 1056 2405 a
1112 2348 1321 2405 morte
1382 2341 1448 2405 in
1508 2341 1712 2406 vitam
1775 2341 2120 2417 suscitata,
2188 2360 2260 2404 se
2321 2339 2528 2405 fuisse

572 2438 947 2493 mortuum:
1013 2446 1282 2509 nempe,
1350 2427 1501 2509 quia
1566 2426 2109 2510 transgressionis
2166 2425 2528 2505 convictus,

572 2520 824 2580 certam
869 2510 1396 2578 maledictionem
1432 2513 1678 2577 instare
1722 2511 1843 2577 sibi
1889 2511 2078 2577 vidit.
2144 2511 2351 2595 Atqui
2395 2531 2528 2576 non

574 2600 774 2664 unius
830 2605 1089 2663 tantum
1155 2598 1260 2663 vel
1327 2596 1596 2663 alterius
1649 2598 1896 2681 peccati
1959 2619 2146 2663 reum
2204 2617 2276 2663 se
2331 2598 2530 2662 fuisse

573 2684 920 2768 intelligit,
982 2682 1098 2748 sed
1163 2690 1322 2749 tunc
1387 2683 1653 2749 demum
1717 2683 1839 2748 sibi
1910 2704 2262 2750 excussum
2330 2683 2530 2749 fuisse

576 2778 938 2854 torporem,
999 2769 1113 2835 ubi
1169 2767 1560 2852 cupiditates
1609 2788 1838 2834 omnes
1880 2789 2157 2853 quarum
2203 2768 2328 2835 sibi
2372 2790 2528 2834 con-

574 2858 749 2923 scius
792 2862 961 2935 erat,
1015 2857 1085 2919 in
1130 2853 1440 2921 iudicium
1487 2854 1615 2921 Dei
1669 2854 1893 2920 vocari
1957 2854 2264 2939 agnovit,
2325 2875 2530 2936 quum

575 2943 762 3026 prius
797 2941 1237 3023 acquiesceret
1273 2942 1341 3005 in
1380 2948 1654 3007 externa
1688 2940 2008 3006 virtutum
2046 2941 2276 3023 specie.
2336 2941 2398 3006 N
2405 2961 2532 3015 unc

575 3050 735 3114 ergo
787 3035 1117 3108 tenemus,
1186 3048 1316 3094 non
1361 3028 1581 3111 inepte
1625 3024 1936 3094 distincto
1977 3035 2321 3111 praecepto
2378 3047 2533 3093 con-

574 3114 1049 3198 cupiscentiam
1114 3114 1508 3199 generaliter
1574 3112 1904 3178 damnari:
1968 3114 2123 3196 quia
2188 3113 2298 3178 ubi
2346 3114 2533 3180 Deus

576 3200 980 3285 populariter
1033 3210 1101 3265 et
1125 3275 1132 3281 ¹
1158 3221 1377 3267 crasso
1435 3199 1608 3283 stylo
1656 3219 1873 3265 mores
1933 3197 2016 3263 ad
2079 3199 2533 3283 integritatem

576 3285 979 3371 composuit,
1047 3285 1310 3350 tandem
1379 3284 1674 3351 ascendit
1738 3283 1820 3349 ad
1878 3285 2125 3350 fontem
2166 3285 2420 3370 ipsum,
2469 3291 2536 3351 et

578 3371 780 3439 simul
839 3371 1024 3454 quasi
1081 3369 1284 3456 digito
1328 3371 1614 3437 radicem
1675 3368 2081 3437 demonstrat
2124 3391 2209 3436 ex
2252 3392 2383 3454 qua
2415 3391 2534 3435 na·

579 3467 858 3525 scuntur
918 3478 1142 3521 omnes
1199 3457 1357 3521 mali
1403 3466 1467 3520 et
1511 3455 1733 3523 vitiosi
1776 3456 2049 3522 fructus.
2140 3456 2268 3522 His
2311 3466 2537 3523 tamen

580 3541 954 3610 addendum
988 3551 1105 3622 est,
1140 3543 1287 3625 plus
1318 3541 1564 3626 aliquid
1593 3541 2109 3626 concupiscendi,
2144 3551 2213 3607 et
2247 3564 2285 3608 o
2335 3542 2537 3622 tandi,

579 3630 689 3696 vel
757 3626 1169 3694 desiderandi
1235 3629 1455 3694 verbis
1520 3627 1805 3711 exprimi
1822 3679 1838 3708 ,
1904 3648 2098 3711 quam
2143 3625 2281 3695 desi
2330 3630 2540 3694 erium

575 3717 937 3784 formatum
954 3765 971 3792 ,
1029 3726 1102 3780 ut
1158 3715 1363 3799 vulgo
1428 3713 1808 3799 loquuntur.
1899 3712 2112 3796 Saepe
2175 3715 2352 3779 enim
2420 3736 2542 3781 nos

582 3799 896 3868 sollicitat
938 3819 1088 3866 caro
1124 3799 1208 3867 ad
1243 3801 1365 3866 hoc
1402 3801 1506 3868 vel
1542 3800 1711 3865 illud
1755 3799 2135 3885 opt-andum,
2173 3808 2247 3864 ut
2283 3822 2353 3866 se
2387 3822 2540 3884 pro-

584 3887 700 3951 dat
749 3884 922 3951 mala
965 3886 1527 3970 concupiscentia,
1583 3887 1884 3970 quamvis
1941 3884 2234 3951 nondum
2278 3886 2543 3954 accedat

582 3992 956 4040 consensus.
1018 3971 1246 4052 Quum
1281 3993 1435 4056 ergo
1471 3971 1750 4037 antehac
1787 3970 2098 4039 damnata
2130 3971 2331 4037 fuerit
2367 3971 2544 4038 mala

581 4058 908 4137 voluntas,
943 4057 1077 4122 iam
1112 4059 1290 4123 ultra
1322 4057 1741 4141 progreditur
1768 4058 1973 4137 Deus,
2011 4056 2331 4140 malisque
2369 4058 2541 4123 desi-

583 4143 814 4225 deriis,
857 4152 1206 4227 antequam
1240 4144 1695 4227 praevaleant,
1733 4142 2030 4209 fraenum
2081 4143 2305 4208 iniicit.
2395 4144 2540 4211 Hos

586 4229 830 4314 gradus
869 4229 1144 4296 Iacobus
1183 4228 1491 4297 observat
1533 4229 1645 4295 ubi
1707 4227 1866 4295 dicit
1908 4229 2000 4315 (1,
2046 4228 2156 4317 15)
2198 4230 2540 4314 concupis-

2634 619 2919 685 centiam
2943 620 3284 705 concipere
3318 628 3672 703 antequam
3701 624 3920 705 pariat
3945 628 4316 705 peccatum:
4346 622 4559 694 deinde

2632 714 2972 789 peccatum
2991 757 3006 786 ,
3084 707 3198 772 ubi
3281 706 3641 789 perfectum
3721 714 3853 788 est,
3940 716 4215 773 mortem
4294 709 4557 793 gignere.

2632 791 2874 858 Partus
2932 792 3107 857 enim
3165 792 3245 857 de
3304 813 3432 875 quo
3484 793 3809 876 loquitur,
3867 813 4002 858 non
4066 800 4322 862 tantum
4367 807 4461 860 est
4494 798 4558 863 in

2633 885 2907 943 externo
2952 886 3138 956 actu,
3183 877 3296 944 sed
3341 879 3408 943 in
3452 879 3599 962 ipsa
3641 878 4002 958 voluntate,
4050 887 4392 963 postquam
4432 890 4557 947 ten-

2631 963 2868 1029 tationi
2901 964 3240 1047 acquievit.
3309 964 3552 1030 Fateor
3588 964 3848 1047 quidem
3885 985 4121 1049 pravas
4155 967 4559 1050 cogitationes

2631 1070 2802 1132 quae
2847 1057 3092 1116 temere
3136 1059 3521 1130 occurrunt,
3573 1061 3640 1116 et
3683 1062 3917 1134 sponte
3963 1061 4369 1117 evanescunt
4401 1062 4562 1120 ante-

2632 1155 2829 1218 quam
2864 1138 3115 1201 animos
3149 1136 3458 1216 afficiant,
3497 1157 3627 1201 non
3658 1138 3883 1203 venire
3911 1138 3980 1202 in
4013 1137 4331 1202 rationem
4363 1158 4559 1205 eoram

2632 1222 2808 1287 Deo:
2869 1243 3096 1288 verum
3156 1223 3458 1306 quamvis
3511 1242 3648 1286 non
3705 1223 3899 1306 plane
3943 1223 4424 1306 acquiescamus
4463 1224 4573 1291 der

2633 1306 2900 1388 siderio,
2947 1309 3005 1373 si
3049 1316 3271 1373 tamen
3317 1329 3437 1374 nos
3479 1308 3739 1387 titillat,
3799 1309 4040 1375 sufficit
4080 1308 4163 1374 ad
4209 1329 4355 1375 reos
4398 1331 4569 1393 pera—

2632 1394 2901 1477 gendos.
2970 1392 3052 1459 Id
3095 1402 3173 1460 ut
3206 1394 3449 1460 clarius
3485 1392 3910 1478 intelligatur,
3954 1395 4352 1462 tentationes
4386 1417 4569 1479 quae·-

2632 1478 2820 1558 libet,
2880 1479 3153 1545 totidem
3208 1488 3366 1546 sunt
3423 1481 3612 1564 quasi
3666 1478 3961 1546 flabella:
4019 1482 4074 1545 si
4137 1502 4259 1547 nos
4302 1481 4383 1545 ad
4425 1502 4571 1547 con--

2632 1585 2900 1633 sensum
2935 1587 3143 1649 usque
3172 1565 3516 1649 abripiant,
3553 1567 3725 1651 ignis
3754 1574 3854 1631 est
3879 1586 4226 1634 accensus:
4262 1568 4321 1633 si
4364 1576 4559 1634 autem

2630 1671 2744 1718 cor
2802 1651 3158 1735 impellunt
3214 1652 3296 1717 ad
3338 1672 3579 1736 pravos
3640 1653 4004 1735 appetitus,
4061 1654 4561 1736 concupiscentia

2632 1738 2701 1802 in
2744 1736 2876 1803 illis
2933 1737 3235 1803 scintillis
3292 1760 3362 1803 se
3421 1736 3637 1820 prodit
3690 1739 3990 1821 quamvis
4038 1760 4252 1822 neque
4289 1739 4559 1805 ardorem

2632 1823 2898 1906 plenum
2935 1823 3274 1907 concipiat,
3314 1844 3524 1907 neque
3560 1834 3854 1907 emergat
3887 1824 3959 1888 in
3994 1826 4349 1890 flammam.
4408 1825 4557 1890 Gon·

2629 1911 3030 1993 cupiscentia
3072 1930 3229 1994 ergo
3275 1930 3612 1992 nunquam
3658 1918 3756 1974 est
3801 1911 3943 1975 sine
3980 1911 4243 1992 affectu,
4288 1911 4557 1995 quamvis

2631 2017 2767 2061 non
2833 2016 3102 2080 prorsus
3183 1996 3565 2062 succumbat
3631 1996 3956 2077 voluntas.
4048 1995 4240 2064 Unde
4320 2005 4559 2080 apparet

2631 2101 2826 2166 quam
2872 2090 3103 2147 exacta
3144 2081 3434 2147 iustitiae
3479 2082 3786 2165 perfectio
3831 2081 4168 2148 afferenda
4213 2083 4301 2148 sit
4342 2092 4413 2148 ut
4447 2081 4554 2166 legi

2630 2168 2931 2244 satisfiat,
2998 2168 3260 2250 quando
3323 2189 3457 2233 non
3524 2176 3781 2232 tantum
3838 2168 4026 2234 nobis
4089 2167 4440 2235 mandatur
4485 2189 4553 2233 ne

2630 2252 2790 2337 quid
2845 2254 3125 2319 velimus
3170 2253 3299 2319 nisi
3341 2251 3514 2336 quod
3557 2264 3807 2319 rectum
3867 2263 3970 2320 est
4028 2275 4103 2320 ac
4150 2255 4297 2321 Deo
4354 2255 4552 2337 placet,

2631 2339 2745 2406 sed
2781 2340 2975 2403 etiam
3020 2361 3100 2404 ne
3137 2341 3281 2423 quis
3316 2339 3618 2423 impurus
3652 2339 3984 2423 appetitus
4028 2341 4284 2406 animos
4328 2352 4553 2406 nostros

2630 2425 2876 2490 incitet.
2940 2424 3078 2492 Nec
3121 2447 3276 2491 vero
3313 2434 3652 2508 tantopere
3697 2434 4129 2509 exaggeraret
4174 2426 4419 2492 Paulus
4455 2424 4554 2491 hoc

2633 2511 2940 2589 verbum,
2996 2512 3054 2577 si
3110 2510 3222 2576 lex
3266 2511 3520 2576 nullam
3586 2510 3930 2577 damnaret
3973 2513 4552 2596 concupiscentiam,

2635 2597 2761 2664 nisi
2803 2618 2973 2680 quae
3018 2598 3313 2662 animum
3358 2597 3646 2662 hominis
3690 2598 3781 2663 sic
3825 2607 4099 2680 occupat
4144 2608 4221 2663 ut
4253 2598 4326 2663 in
4360 2619 4432 2662 eo
4464 2595 4554 2660 do·

2633 2683 2941 2748 minetur.
3031 2683 3202 2748 Nam
3251 2705 3290 2748 a
3324 2683 3616 2766 profanis
3673 2703 3929 2767 quoque
3965 2683 4409 2768 philosophis,
4449 2685 4553 2747 imo

2633 2790 2674 2834 a
2722 2769 3001 2833 terrenis
3058 2768 3538 2853 legislatoribus
3588 2789 3847 2851 semper
3905 2768 4327 2835 damnabitur
4387 2767 4554 2851 impia

2633 2854 2956 2920 voluntas.
3002 2854 3259 2920 Paulus
3302 2862 3520 2920 autem
3557 2854 3733 2934 dicit,
3778 2854 3934 2919 dum
3976 2855 4089 2920 lex
4133 2856 4553 2939 concupiscen-

2634 2940 2763 3006 tiae
2809 2941 3067 3007 obsistit
3085 2991 3100 3017 ,
3147 2949 3490 3024 peccatum
3548 2941 3692 3006 fieri
3751 2961 3954 3023 supra
4001 2941 4276 3006 modum
4320 2960 4555 3025 peccans

2637 3024 2855 3112 (Rom.
2905 3028 2964 3105 7,
3018 3025 3143 3114 13).
3212 3026 3356 3092 Iam
3401 3046 3529 3111 quo
3574 3037 3868 3112 tempore
3912 3047 3982 3093 se
4018 3028 4310 3094 nescisse
4351 3028 4554 3092 fatetur

2635 3114 2790 3196 quid
2857 3121 3030 3179 esset
3093 3113 3635 3197 concupiscentia,
3701 3113 4011 3179 credibile
4079 3134 4215 3180 non
4281 3123 4375 3179 est
4427 3109 4552 3175 adeo

2638 3197 2976 3264 socordem
3043 3199 3243 3265 fuisse
3309 3207 3377 3264 et
3441 3199 3812 3281 stupidum,
3882 3208 3957 3264 ut
4021 3198 4199 3266 velle
4257 3199 4553 3264 hominem

2639 3283 2968 3365 occidere,
3028 3284 3134 3351 vel
3190 3284 3457 3350 libidine
3521 3285 3680 3350 ferri
3736 3286 3817 3349 ad
3884 3284 4318 3369 stuprandam
4372 3282 4554 3349 fratris

2640 3391 2951 3449 uxorem,
2997 3391 3117 3455 pro
3163 3369 3368 3436 nihilo
3413 3370 3698 3437 duceret.
3789 3369 3984 3451 Quod
4030 3372 4088 3436 si
4132 3372 4410 3436 Paulum
4448 3386 4555 3433 non

2641 3458 2836 3521 latuit
2870 3457 3029 3540 quin
3066 3456 3301 3522 vitiosa
3338 3463 3515 3523 esset
3548 3455 3862 3540 peccandi
3895 3456 4241 3523 voluntas:
4286 3455 4554 3538 sequitur,

2641 3543 3269 3626 concupiscentiam,
3325 3544 3397 3608 in
3441 3564 3569 3625 qua
3613 3543 3866 3607 nullam
3922 3543 4186 3625 culpam
4232 3540 4556 3626 deprehen·

2642 3627 2866 3706 debat,
2925 3627 3226 3694 morbum
3272 3629 3474 3695 fuisse
3518 3629 3729 3712 magis
3783 3626 4133 3694 occultum.
4222 3629 4394 3693 Hinc
4434 3642 4555 3690 vero

2644 3714 3038 3797 perspicitur
3113 3714 3350 3798 quibus
3429 3713 3803 3799 praestigiis
3894 3714 4318 3780 fascinaverit
4385 3709 4555 3779 Satan

2643 3800 2902 3866 scholas
2942 3821 3171 3866 omnes
3215 3801 3511 3885 papales,
3570 3800 3641 3865 in
3686 3800 3925 3883 quibus
3983 3810 4299 3883 personat
4337 3797 4557 3864 axioma

2641 3884 2847 3952 istud:
2909 3885 3527 3968 Concupiscentiam
3571 3886 3639 3950 in
3684 3885 4031 3969 baptizatis
4085 3908 4218 3951 non
4263 3905 4400 3951 esse
4435 3900 4560 3967 peo-

2644 3980 2901 4037 catum:
2946 3971 3103 4056 quia
3145 3971 3454 4037 stimulus
3499 3979 3600 4037 est
3644 3969 3728 4036 ad
3772 3972 4209 4037 exercendam
4263 3972 4556 4037 virtutem.

2645 4056 2855 4138 Quasi
2900 4079 3055 4124 vero
3099 4079 3230 4123 non
3276 4067 3499 4141 aperte
3545 4058 3792 4124 Paulus
3852 4058 4258 4124 damnationi
4299 4053 4561 4122 subiiciat

2643 4145 3270 4226 concupiscentiam,
3337 4164 3503 4228 quae
3569 4144 3706 4210 suis
3770 4143 4093 4210 illecebris
4150 4165 4271 4211 nos
4332 4143 4561 4214 inescat,

2644 4229 2944 4312 quamvis
2988 4251 3122 4296 non
3156 4230 3428 4296 omnino
3473 4228 3928 4297 assentiamur.
