4867 6150
333 448 470 519 ..677

860 634 992 705 EX
1035 633 1364 702 EODEM
1410 632 1768 701 OAPITE.

523 806 622 906 ¹.⁰·
683 806 887 888 Quum
910 805 1226 873 mutuabis
1245 807 1546 906 proximo
1568 810 1675 871 tuo
1713 805 1957 889 aliquid
1988 807 2291 903 manaym,

343 913 469 1078 ’.ἤιέ
518 893 1815 1059 matema-:meaa
1842 910 2083 1076 :at
2112 909 2298 1042 ..⁶:¹⁴³-

339 1085 579 1150 ptymts
628 1064 827 1147 forae.
920 1065 1020 1130 12.
1105 1064 1281 1147 Quod
1332 1066 1394 1131 si
1445 1065 1549 1130 vir
1592 1084 1845 1145 pauper
1895 1064 2118 1144 fuerit,
2174 1081 2298 1127 non

346 1150 625 1219 donnies
663 1170 806 1216 eum
849 1152 1114 1234 paynore
1155 1152 1307 1217 eius.
1400 1150 1502 1216 13.
1572 1149 1969 1215 Restituendo
2012 1149 2071 1213 ei
2124 1147 2301 1213 resti-

344 1242 485 1303 tues
529 1237 770 1320 piynus
825 1237 975 1302 dum
1024 1236 1117 1302 sol
1171 1237 1493 1302 occumbit.-
1548 1240 1619 1300 ut
1669 1235 1944 1301 dormiat
1998 1235 2069 1300 in
2121 1234 2300 1299 vesti-

344 1327 543 1389 mento
583 1342 730 1401 suo,
788 1327 846 1387 et
884 1321 1194 1389 benedicat
1234 1321 1384 1388 tibi.-
1435 1321 1673 1404 eritque
1714 1319 1827 1386 tibi
1861 1320 1932 1387 im
1986 1320 2301 1385 iustitiam

341 1428 554 1477 coram
600 1407 829 1474 Iehova
869 1407 1010 1475 Deo
1051 1413 1170 1474 tuo.

867 1664 996 1729 EX
1041 1662 1377 1731 EODEM
1421 1661 1779 1730 CAPITE.

518 1836 623 1904 17.
694 1835 842 1903 Non
875 1840 1190 1920 pervertes
1233 1834 1541 1900 iudicium
1571 1834 1817 1918 pupilli
1858 1838 1915 1899 et
1960 1831 2302 1916 pen-efflui,

343 1944 470 1990 non
519 1923 736 2005 capies
788 1922 861 1987 in
900 1923 1142 2005 piynus
1198 1923 1628 1988 vestimentum
1670 1921 1915 1987 viduae.
2007 1918 2109 1983 18.
2180 1916 2305 1981 Re-

344 2009 605 2077 cordare
644 2010 808 2091 quod
847 2028 1065 2074 servus
1109 2007 1315 2089 fueris
1376 2009 1445 2071 in
1502 2007 1782 2090 Aeyypto
1799 2056 1814 2086 ,
1867 2010 1925 2071 et
1977 2003 2307 2071 redemerit

346 2094 679 2263 {2⁰1⁶wa
724 2092 908 2160 Deus
961 2097 1107 2160 tuus
1157 2093 1341 2160 inde:
1405 2092 1636 2159 ideirco
1676 2092 2009 2174 praecipio
2069 2088 2182 2155 tibi
2237 2092 2308 2153 ut

525 2201 720 2248 aetas.

524 2351 728 2417 Deut.
774 2350 890 2429 24,
950 2351 1010 2415 6.
1083 2349 1229 2414 Non
1266 2349 1545 2430 accipiet.
1635 2351 1936 2414 Alteram
1988 2368 2164 2413 nunc
2206 2366 2310 2410 ae-

353 2439 669 2522 quitatem
691 2438 760 2502 in
792 2438 1044 2501 ratione
1087 2435 1430 2500 mutuandi
1457 2434 1874 2500 commendat
1916 2435 1982 2498 in
2020 2432 2307 2516 pignori-

359 2524 483 2589 bus
539 2521 916 2606 exigendis,
984 2520 1095 2587 ubi
1144 2542 1339 2604 saepe
1394 2521 1572 2586 ultra
1620 2520 1885 2585 modum
1944 2526 2309 2603 gravantur

359 2629 698 2695 pauperes.
785 2609 1013 2673 Primo
1058 2618 1276 2672 autem
1321 2608 1459 2672 loco
1501 2616 1685 2672 vetat
1729 2608 2018 2689 accipere
2052 2605 2121 2670 in
2167 2605 2310 2687 pig-

355 2717 484 2761 nus
560 2694 870 2779 quidquid
949 2693 1032 2759 ad
1123 2693 1324 2757 vitam
1405 2690 1813 2757 tolerandam
1909 2690 2309 2776 pauperibus

358 2783 799 2848 necessarium
843 2787 960 2845 est.
1049 2778 1222 2844 Nam
1259 2780 1327 2843 in
1384 2777 1655 2845 vocibus
1710 2777 1915 2843 catilli
1960 2787 2026 2843 et
2078 2786 2308 2855 metae,

356 2867 469 2934 vel
511 2867 722 2934 molae
761 2865 1116 2948 superioris
1160 2876 1229 2929 et
1270 2865 1630 2939 inferioris,
1691 2884 1810 2947 per
1851 2861 2311 2948 synecdochen

357 2953 488 3019 alia
528 2973 782 3036 quoque
823 2952 1261 3016 instrumenta
1294 2948 1611 3031 designat,
1656 2950 1891 3032 quibus
1934 2947 2017 3015 ad
2064 2950 2310 3014 victum

357 3039 646 3124 quotidie
668 3035 1113 3122 quaerendum
1135 3056 1358 3104 carere
1379 3049 1717 3120 nequeunt
1737 3035 2019 3120 opifices.
2063 3032 2310 3117 Quem·

359 3125 714 3193 admodum
807 3125 879 3210 si,
932 3124 1076 3206 quis
1166 3122 1495 3207 agricolae
1585 3136 1913 3198 aratrum,
2007 3122 2310 3205 ligonem,

358 3222 681 3289 rastrum,
744 3210 1002 3292 aliaque
1069 3219 1489 3292 extorqueat,
1547 3209 1650 3273 vel
1695 3209 2025 3274 officinam
2084 3209 2312 3273 exina-

361 3300 504 3364 niat
545 3297 807 3376 sutoris,
852 3299 990 3361 sive
1024 3295 1233 3378 figuli,
1280 3296 1424 3360 sive
1460 3294 1732 3360 alterius
1767 3292 2151 3376 cuiuspiam,
2202 3294 2314 3375 qui

357 3393 572 3450 artem
613 3402 807 3448 suam
851 3401 1156 3447 exercere
1199 3401 1328 3445 non
1373 3381 1632 3463 poterit,
1673 3379 2137 3444 instrumentis
2180 3379 2314 3463 pri-

362 3481 593 3534 vatus:
637 3467 809 3551 quod
852 3467 1015 3533 satis
1057 3465 1314 3532 elicitur
1358 3486 1446 3531 ex
1468 3467 1610 3549 ipso
1631 3473 1967 3543 contextu,
2012 3465 2125 3529 ubi
2160 3464 2317 3530 sub-

361 3556 611 3622 iicitur:
656 3553 812 3620 Una
857 3574 1006 3619 cum
1044 3553 1236 3617 molis
1282 3552 1573 3616 animam
1613 3551 2057 3635 oppignorari.
2148 3550 2315 3616 Oru-

363 3642 531 3707 delis
573 3660 731 3723 ergo
774 3646 876 3705 est
918 3638 1213 3722 quisquis
1254 3639 1325 3702 in
1369 3639 1613 3721 pignus
1667 3637 1872 3702 sumit
1926 3636 2096 3720 quod
2156 3657 2317 3718 pau·

362 3729 538 3812 peris
583 3726 787 3793 vitam
831 3726 1129 3803 sustinet,
1173 3744 1248 3789 ac
1283 3724 1342 3789 si
1386 3724 1634 3790 victum
1678 3724 1962 3807 eriperet
2003 3723 2318 3803 famelico,

362 3812 654 3895 adeoque
710 3812 916 3876 vitam
974 3810 1223 3892 ipsam,
1279 3831 1446 3891 quae
1491 3823 1565 3873 ut
1614 3809 1836 3874 labore
1878 3808 2167 3886 fovetur,
2224 3809 2319 3874 ita

364 3898 601 3965 ablatis
657 3896 891 3962 mediis
947 3895 1270 3962 exciditur
1312 3893 1788 3978 quodammodo
1829 3894 2027 3958 etiam
2073 3894 2231 3977 ipsa.

539 3983 642 4049 10.
724 3983 928 4064 Quum
980 3980 1316 4047 mutuatis.
1408 3981 1706 4045 Alteram
1772 3980 2180 4062 iniquitatem
2246 3981 2318 4047 in

363 4068 685 4153 captando
750 4070 1027 4153 pignore
1083 4067 1464 4150 compescit,
1546 4087 1630 4130 ne
1694 4066 1979 4133 creditor
2049 4067 2318 4133 domum

366 4156 691 4233 excutiat,
736 4165 802 4220 et
845 4153 1362 4237 suppellectilem
1409 4150 1634 4218 fratris
1678 4153 1779 4218 sui
1800 4202 1814 4228 ,
1859 4163 1936 4215 ut
1978 4153 2132 4218 inde
2175 4155 2318 4238 pig-

363 4263 494 4307 nus
528 4261 646 4307 suo
690 4241 962 4306 arbitrio
1008 4239 1271 4323 deligat.
1360 4237 1532 4303 Nam
1573 4239 1634 4305 si
1678 4236 1871 4303 detur
1914 4240 2092 4321 optio
2153 4238 2320 4305 divi-

362 4330 546 4393 tibus
591 4327 809 4392 avaris
833 4377 850 4404 ,
897 4324 1080 4391 nulla
1124 4324 1571 4390 mediocritate
1618 4324 1910 4390 contenti
1955 4326 2026 4390 in
2071 4326 2322 4408 optima

363 4433 660 4498 quaeque
702 4411 1116 4490 involabant,
1160 4431 1236 4475 ac
1277 4412 1335 4476 si
1376 4414 1692 4495 impetum
1737 4411 2028 4475 facerent
2071 4413 2142 4477 in
2187 4413 2319 4477 vis-

368 4520 521 4567 cera
593 4500 897 4582 inopum:
954 4507 1125 4563 totas
1182 4493 1461 4577 denique
1530 4496 1759 4562 domos
1809 4495 2152 4580 diripient,
2213 4497 2319 4562 vel

363 4586 598 4653 saltem
655 4583 987 4650 fastidiose
1047 4582 1172 4648 boc
1224 4580 1334 4648 vel
1383 4581 1550 4646 illud
1592 4581 1986 4665 respuendo,
2041 4583 2319 4649 miseros

362 4691 604 4756 propre
669 4680 735 4735 et
791 4668 1040 4753 pudore
1104 4667 1410 4734 afficient.
1497 4668 1562 4733 N
1563 4689 1648 4733 on
1715 4667 1858 4733 vult
1918 4689 2074 4753 ergo
2132 4668 2318 4735 Deus

365 4756 543 4823 aliud
587 4757 829 4841 pignus
875 4755 1087 4840 exigi,
1131 4753 1259 4820 nisi
1305 4752 1476 4836 quod
1511 4762 1775 4838 sponte,
1819 4774 1939 4836 pro
1983 4775 2104 4820 sua
2147 4774 2321 4820 com-

365 4842 713 4921 moditate,
792 4840 1041 4905 debitor
1114 4852 1306 4906 extra
1383 4840 1649 4906 domum
1718 4841 2019 4922 proferet.
2126 4840 2321 4908 Ultra

365 4931 568 4996 etiam
611 4926 1028 5014 progreditur
1045 4977 1061 5005 ,
1107 4947 1190 4990 ne
1228 4927 1467 5010 pignus
1502 4924 1776 5009 recipiat
1819 4924 2101 4992 creditor
2144 4926 2317 5011 quod

365 5017 642 5101 pauperi
685 5012 1124 5080 necessarium
1167 5033 1306 5077 esse
1362 5019 1729 5098 cognoscet.
1817 5011 2125 5097 Exempli
2166 5032 2320 5098 gra-

369 5104 482 5181 tia,
528 5105 582 5168 si
627 5098 967 5166 culcitram
1009 5099 1083 5162 in
1127 5118 1256 5180 qua
1299 5096 1568 5177 dormit,
1614 5107 1728 5164 aut
1773 5107 2021 5162 vestem
2063 5109 2320 5184 stragu-

367 5188 536 5268 lam,
592 5197 705 5252 aut
747 5184 1019 5269 pallium
1042 5235 1057 5263 ,
1119 5182 1222 5249 vel
1279 5185 1554 5250 mantile
1596 5185 1999 5268 oppignoret.
2088 5185 2320 5268 Neque

367 5276 546 5338 enim
611 5292 890 5354 aequum
955 5281 1058 5336 est
1120 5268 1387 5354 spoliari
1455 5280 1528 5335 ut
1590 5271 1840 5354 algeat,
1901 5269 2006 5334 vel
2071 5271 2317 5354 privari

365 5359 519 5426 aliis
559 5357 887 5436 subsidiis,
931 5374 1210 5441 quorum
1245 5376 1408 5422 usus
1451 5356 1591 5421 sine
1633 5356 1888 5421 iactura
1920 5364 1985 5420 et
2019 5356 2321 5424 molestia

1764 443 2216 512 OO'PAVUM
2260 444 2912 514 PRAEOEPTUM.

4219 447 4349 516 6⁷8

2392 632 2641 698 auferri
2676 654 2806 697 non
2851 640 3081 715 potest.
3171 631 3332 698 Ideo
3376 630 3645 697 additur
3686 634 4034 716 promissio
4053 685 4067 711 ,
4114 635 4349 701 huma-

2391 718 2669 784 nitatem
2711 718 2883 784 hanc
2926 718 3070 783 Deo
3135 728 3395 801 gratam
3466 719 3636 797 fore,
3702 740 3907 802 quum
3972 740 4223 804 pauper
4277 722 4347 786 in

2394 813 2582 871 veste
2625 802 2749 869 sibi
2793 802 3051 869 reddita
3094 802 3391 871 dormiet.
3460 804 3853 872 Distinctius
3886 818 4109 873 tamen
4143 806 4354 890 loqui-

2396 901 2539 957 tur:
2609 889 2969 957 Benedicet
3025 888 3146 955 tibi
3202 911 3475 973 pauper,
3532 891 3778 972 inquit,
3836 900 4036 975 atque
4093 893 4161 956 id
4227 892 4351 958 tibi

2395 977 2468 1042 in
2513 975 2829 1042 iustitiam
2878 975 3305 1061 reputabitur.
3398 974 3747 1060 Significat
3790 986 4012 1045 autem
4048 979 4232 1047 Deus
4276 999 4348 1047 se

2396 1060 2709 1129 exaudire
2743 1061 2968 1128 miseri
2995 1069 3065 1128 et
3083 1064 3274 1147 egeni
3304 1061 3588 1127 hominis
3616 1072 3787 1141 vota,
3834 1085 3919 1128 ne
3943 1074 4129 1147 putet
4167 1064 4352 1132 dives

2398 1147 2730 1233 perditum
2811 1169 2954 1214 esse
3049 1148 3436 1213 beneficium
3515 1147 3687 1231 quod
3765 1148 3938 1232 apud
4017 1150 4350 1216 bominem

2399 1235 2725 1300 abiectum
2761 1233 3131 1299 contulerit.
3197 1233 3365 1299 Plus
3404 1254 3598 1316 quam
3637 1242 3857 1300 autem
3894 1235 4089 1301 ferrei
4122 1257 4352 1302 sumus

2399 1320 2529 1386 nisi
2577 1320 2698 1386 hoc
2742 1319 2826 1384 ad
2869 1318 3324 1386 liberalitatem
3370 1340 3491 1385 nos
3535 1340 3891 1404 propensos
3926 1319 4191 1400 reddat,
4237 1320 4349 1387 ubi

2399 1405 2860 1489 intelligimus,
2919 1405 3222 1489 quamvis
3279 1406 3504 1488 inopes
3562 1404 3820 1471 deficiat
3868 1406 4141 1473 facultas
4186 1407 4354 1473 bene

2401 1492 2484 1558 de
2540 1492 2726 1559 nobis
2771 1490 3065 1558 merendi
3108 1492 3179 1556 in
3224 1489 3501 1572 mundo,
3563 1491 3807 1557 habere
3851 1501 4073 1558 tamen
4129 1512 4352 1561 coram

2400 1579 2546 1645 Deo
2580 1576 2754 1661 quod
2789 1576 2978 1643 nobis
3012 1576 3404 1660 rependant:
3452 1599 3707 1662 nempe,
3745 1585 3817 1644 ut
3851 1579 4039 1646 nobis
4074 1580 4355 1662 gratiam

2400 1663 2750 1732 concilient
2792 1664 2933 1730 suis
2976 1663 3295 1746 precibus.
3386 1660 3629 1729 Subest
3671 1674 3892 1730 autem
3933 1664 4136 1732 tacita
4179 1684 4355 1735 com-

2402 1751 2710 1828 minati0,
2776 1750 2835 1815 si
2890 1748 3141 1816 duriter
3203 1746 3401 1815 cubet
3463 1769 3744 1833 pauper,
3823 1752 3930 1817 vel
4003 1751 4058 1817 si
4116 1750 4357 1836 frigeat

2404 1846 2630 1903 nostra
2672 1835 2898 1920 culpa,
2945 1836 3164 1902 Deum
3208 1834 3669 1900 exauditurum
3714 1835 3856 1902 eius
3957 1838 4228 1916 emitns,
4273 1857 4360 1903 ne

2402 1923 2731 2006 impunita
2763 1932 3031 1987 maneat
3064 1931 3289 1989 nostra
3310 1920 3681 1988 crudelitas.
3737 1919 3889 2003 Quo
3971 1923 4024 1987 si
4053 1924 4358 2008 ingratus

2405 2008 2604 2074 fuerit
2647 2029 2897 2095 pauper
2939 2008 3043 2075 cui
3100 2007 3550 2092 pepercimus:
3605 2028 3681 2073 eo
3734 2016 3994 2075 tacente
4049 2008 4358 2077 clamabit

2404 2104 2633 2160 nostra
2696 2094 3130 2160 beneficentia
3209 2091 3293 2158 ad
3357 2093 3605 2160 Deum:
3682 2094 3878 2159 sicuti
3942 2115 4207 2161 rursum
4274 2093 4359 2163 ad

2408 2178 2916 2264 provocandam*
2969 2179 3098 2245 Dei
3185 2178 3549 2244 vindictam
3619 2179 3899 2246 sufficiet
3971 2180 4361 2266 tyrannicus

2407 2274 2631 2334 noster
2673 2265 2886 2350 rigor,
2930 2265 3233 2349 quamvis
3269 2266 3678 2348 iniquitatem
3725 2267 4050 2349 patienter
4088 2265 4360 2333 devoret

2406 2353 2518 2436 qui
2584 2372 2656 2417 as
2705 2352 2881 2417 erius
2947 2360 3265 2418 tractatus
3341 2351 3558 2416 fuerit.
3648 2351 3815 2418 Esse
3891 2353 3963 2416 in
4038 2351 4359 2418 iustitiam

2406 2446 2647 2504 tantun
2692 2457 2799 2504 em
2858 2436 3034 2503 valet
3086 2458 3163 2503 ac
3218 2436 3364 2502 Deo
3418 2438 3709 2520 probari,
3759 2438 3863 2502 vel
3909 2446 4167 2519 gratum
4216 2458 4359 2504 esse

2407 2547 2446 2591 o
2494 2544 2595 2589 us.
2681 2523 2857 2588 Nam
2899 2543 3104 2606 quum
3148 2523 3313 2608 legis
3349 2523 3719 2587 observatio
3756 2543 3915 2588 vera
3956 2525 4042 2588 sit
4084 2523 4358 2603 iustitia,

2409 2547 2492 2676 idJ
2533 2610 2733 2675 etiam
2798 2608 3083 2693 elogium
3136 2607 3514 2674 extenditur
3572 2607 3657 2672 ad
3707 2608 4002 2692 singulas
4058 2609 4366 2676 obedien-

2412 2698 2545 2763 tiae
2588 2703 2825 2779 partes.
2915 2694 3311 2779 Quanquam
3360 2694 3724 2759 notandum
3769 2703 3902 2775 est,
3960 2694 4132 2762 hano
4176 2696 4364 2761 iusti-

2416 2783 2577 2847 tiam
2625 2780 2913 2846 defluere
2952 2792 3020 2846 et
3062 2800 3482 2857 evanescere,
3543 2780 3673 2844 nisi
3717 2780 4013 2846 numeris
4060 2781 4363 2849 omnibus

2416 2866 2860 2951 compleamus
2918 2886 3342 2950 quaecunque
3396 2864 3582 2930 Deus
3638 2865 3973 2949 praecipit.
4061 2866 4365 2935 Iustitiae

2418 2952 2678 3038 quidem
2737 2972 2890 3036 pars
2933 2961 3062 3031 est,
3118 2949 3392 3017 reddere
3442 2950 3684 3035 pignus
3738 2971 3977 3037 egeno:
4029 2973 4261 3019 verum
4308 2952 4369 3017 si

2417 3039 2564 3123 quis
2608 3038 2679 3106 in
2723 3038 2843 3104 hac
2888 3046 3145 3104 tantum
3190 3045 3378 3122 parte
3423 3035 3751 3106 beneficus
3805 3038 3912 3116 sit,
3960 3037 4104 3105 aliis
4148 3037 4365 3106 modis

2420 3124 2773 3210 praedetur
2831 3145 2984 3190 suos
3039 3124 3315 3190 fratres:
3383 3124 3486 3191 vel
3550 3124 3608 3190 si
3664 3146 3868 3208 purus
3924 3123 4008 3191 ab
4070 3126 4368 3206 avaritia,

2421 3212 2803 3277 violentiam
2839 3218 3158 3290 exerceat,
3194 3209 3455 3276 libidini
3495 3210 3583 3275 sit
3620 3208 3877 3275 deditus
3908 3211 4014 3276 vel
4044 3211 4369 3294 crapulae,

2418 3296 2836 3381 particularis
2891 3297 3172 3377 iustitia,
3223 3295 3524 3380 quamvis
3588 3316 3706 3382 per
3760 3316 3831 3364 se
3895 3297 4041 3363 Deo
4100 3299 4378 3381 placeat,

2420 3405 2554 3448 non
2602 3383 2823 3450 veniet
2875 3391 3097 3448 tamen
3148 3383 3215 3448 in
3260 3383 3603 3448 rationem.
3692 3383 3792 3448 Ac
3835 3383 4103 3448 omnino
4148 3391 4373 3448 tenen-

2419 3470 2576 3534 dum
2643 3476 2745 3534 est
2808 3467 2975 3533 illud
3042 3468 3332 3545 axioma,
3401 3467 3650 3533 nullum
3719 3488 3883 3551 opus
3946 3489 4168 3534 coram
4227 3469 4372 3536 Deo

2418 3554 2673 3621 censeri
2725 3554 3004 3633 iustum,
3062 3554 3192 3620 nisi
3248 3553 3612 3637 profectum
3668 3574 3708 3617 a
3765 3574 3937 3646 purq
3987 3566 4055 3620 et
4114 3556 4374 3637 integro

2419 3641 2717 3706 homine:
2778 3641 3111 3706 neminem
3168 3660 3328 3705 vero
3392 3638 3589 3705 talem
3644 3639 3935 3722 reperiri.
4025 3637 4218 3705 Unde
4270 3661 4373 3706 se-

2417 3728 2644 3810 quitur
2678 3746 2811 3790 non
2863 3726 3053 3792 aliter
3093 3726 3405 3808 imputari
3462 3743 3662 3808 opera
3707 3725 3777 3788 in
3837 3725 4190 3806 iustitiam,
4245 3725 4374 3792 nisi

2418 3812 2575 3896 quia
2619 3813 2804 3877 Deus
2848 3810 3072 3877 fideles
3116 3812 3405 3896 gratuito
3447 3811 3676 3900 favore
3709 3809 4037 3895 dignatur.
4128 3811 4258 3876 Per
4302 3832 4374 3877 se

2420 3899 2688 3982 quidem
2733 3918 2962 3963 verum
3010 3906 3214 3977 esset,
3272 3917 3730 3980 quamcunque
3773 3896 4177 3961 obedientiae
4222 3918 4371 3982 par·

2421 3995 2553 4049 tem
2592 3984 2736 4049 Deo
2772 3991 3200 4066 praestemus,
3237 3981 3303 4048 id
3343 4002 3459 4065 pro
3488 3982 3744 4047 iustitia
3779 3983 4097 4064 reputari:
4139 4003 4376 4065 nempe

2420 4072 2479 4138 si
2524 4079 2702 4135 totus
2746 4069 2921 4135 vitae
2964 4077 3309 4135 contextus
3351 4066 3771 4151 respondeat:
3830 4088 4059 4133 verum
4105 4089 4145 4133 a
4187 4067 4375 4135 nobis

2424 4154 2677 4221 nullum
2703 4176 2867 4239 opus
2890 4154 3109 4238 prodit
3143 4153 3315 4238 quod
3361 4175 3493 4219 non
3541 4153 3809 4218 vitietur
3843 4153 4059 4236 aliquo
4097 4153 4374 4221 defectu.

2420 4241 2529 4308 Ita
2594 4241 2677 4306 ad
2744 4240 3256 4307 misericordiam
3327 4235 3456 4305 Dei
3536 4236 4039 4324 confugiendum
4107 4250 4229 4318 est,
4302 4247 4377 4306 ut

2423 4326 2613 4393 nobis
2677 4326 3169 4404 reconciliatus,
3233 4346 3433 4409 opera
3495 4346 3748 4410 quoque
3816 4335 4046 4390 nostra
4109 4337 4377 4411 accepta

2422 4414 2680 4479 habeat.
2784 4412 2977 4493 Quod
3057 4413 3138 4478 de
3214 4411 3613 4496 pauperibus
3691 4422 3844 4477 ante
3937 4421 4374 4495 praeceperat,

2421 4500 2692 4564 tandem
2738 4496 2818 4562 ad
2864 4498 3039 4563 solas
3081 4497 3319 4564 viduas
3364 4498 3704 4563 transfert:
3751 4497 3845 4563 sic
3882 4504 4098 4562 tamen
4138 4506 4214 4563 ut
4251 4498 4374 4566 sub

2419 4605 2646 4651 earum
2713 4586 2977 4649 nomine
3040 4604 3266 4649 omnes
3340 4583 3571 4666 inopes
3647 4581 4077 4649 commendet.
4180 4582 4374 4664 Quod

2420 4681 2554 4737 tam
2624 4692 2706 4736 ex
2774 4669 3093 4753 principio
3158 4690 3423 4748 versus,
3490 4668 3600 4735 ubi
3664 4690 3747 4733 ex
3814 4666 3982 4734 bono
4050 4678 4117 4733 et
4166 4688 4373 4750 aequo

2421 4756 2750 4841 agendum
2816 4777 2958 4821 esse
3025 4755 3214 4821 docet
3280 4776 3427 4821 cum
3500 4753 3864 4837 peregrinis
3939 4759 4008 4819 et
4080 4754 4371 4837 pupillis,

2420 4863 2615 4926 quam
2660 4863 2742 4907 ex
2788 4844 3041 4907 ratione
3091 4839 3312 4906 addita
3355 4839 3713 4924 colligitur:
3761 4860 4030 4922 nempe,
4075 4849 4152 4903 ut
4193 4840 4371 4922 cogi-

2422 4938 2565 4995 tent
2622 4948 2693 4994 se
2745 4948 2970 4994 servos
3025 4927 3226 4992 fuisse
3283 4926 3352 4991 in
3412 4938 3590 4991 terra
3646 4926 3957 5011 Aegypti.
4061 4924 4369 4992 Conditio

2421 5015 2598 5079 enim
2644 5013 2758 5079 illa
2800 5035 2930 5077 non
2977 5011 3369 5096 patiebatur,
3415 5023 3491 5077 ut
3535 5013 3789 5077 miseris
3841 5009 4122 5095 superbe
4162 5011 4368 5076 insul·

2423 5109 2673 5165 tarent:
2729 5110 2794 5164 et
2852 5109 3362 5165 consentaneum
3414 5111 3546 5179 est,
3603 5098 3871 5163 alterius
3923 5095 4115 5160 malis
4156 5097 4370 5181 magis

2422 5186 2594 5250 affici
2649 5186 2762 5268 qui
2821 5184 3049 5250 eadem
3106 5194 3418 5265 expertus
3469 5194 3585 5248 est.
3675 5183 3883 5247 Porro
3928 5202 4127 5264 quum
4172 5201 4374 5266 gene-

2423 5271 2578 5336 ralis
2640 5272 2728 5336 sit
2793 5270 2952 5336 haec
3010 5270 3207 5346 ratio,
3265 5268 3570 5352 generale
3636 5289 3887 5350 quoque
3949 5278 4369 5351 praeceptum

2421 5377 2565 5424 esse
2609 5364 2900 5441 apparet,
2946 5365 3021 5420 ut
3063 5355 3333 5420 humani
3368 5354 3503 5420 sint
3545 5374 3705 5436 erga
3742 5352 4068 5435 quoslibet
4110 5373 4372 5437 egenos.

3930 5453 3958 5484 ἡ
