4867 6150
525 425 660 490 407

531 612 854 679 descensu
910 614 1120 679 coelos
1176 635 1321 680 esse
1374 620 1662 697 apertos:
1720 621 1798 680 ut
1864 613 2084 698 angeli
2129 611 2491 678 ascendant

531 697 1053 766 aedessendant.
1101 700 1377 766 Mutuus
1410 720 1565 765 vcro
1610 700 1891 765 intuitus
1935 719 2329 765 consensum
2376 699 2488 764 de-

532 785 772 867 signat,
818 806 947 867 quo
992 786 1210 870 angeli
1257 785 1338 852 ad
1384 785 1782 869 capessenda
1814 785 1945 850 Dei
1991 786 2171 851 iussa
2205 786 2382 850 inter
2416 806 2487 850 se

532 871 868 937 coniuncti
906 881 1079 936 sunt.
1146 872 1522 938 Plausibilis
1567 872 1828 956 quidem
1867 872 2125 956 argutia
2168 879 2286 952 est,
2323 871 2489 936 duos

536 955 896 1023 Cherubim
944 978 1085 1023 esse
1133 968 1322 1024 vetus
1367 967 1434 1023 et
1479 980 1723 1025 novum
1771 966 2260 1035 testamentum,
2319 978 2488 1041 quae

534 1062 607 1108 se
650 1042 826 1107 ultro
869 1043 1158 1125 citroque
1203 1045 1590 1127 respiciunt,
1651 1053 1720 1110 et
1777 1044 2303 1130 propitiatorium
2360 1045 2486 1109 cir·

532 1128 879 1207 cumdant,
940 1129 1092 1213 quia
1135 1151 1369 1213 scopus
1414 1151 1640 1197 eorum
1685 1130 1994 1197 Christus
2035 1138 2167 1195 est:
2223 1129 2337 1195 sed
2383 1151 2485 1195 re·

531 1214 967 1281 clamantibus
1012 1225 1111 1281 tot
1152 1217 1522 1298 scripturae
1567 1218 1743 1295 locis,
1789 1219 2140 1283 evanescit.

707 1299 766 1366 5.
815 1302 1097 1384 Accipite
1139 1302 1522 1368 oblationem.
1570 1304 1824 1368 Locum
1872 1324 1952 1367 ex
1999 1303 2212 1386 capite
2256 1299 2341 1366 35
2385 1302 2485 1365 in—

531 1387 741 1468 serui,
802 1387 917 1453 ubi
972 1386 1198 1453 eadem
1257 1389 1540 1455 secundo
1586 1390 1792 1474 exigit
1835 1390 2055 1455 Moses
2110 1408 2278 1472 quae
2333 1395 2487 1452 ante

534 1484 988 1557 praeceperat:
1036 1477 1344 1540 materias
1381 1495 1541 1539 vero
1576 1476 1797 1558 plures
1835 1484 2147 1550 recenset,
2186 1482 2253 1538 et
2288 1473 2486 1556 proli-

533 1559 685 1625 xius
760 1559 840 1624 de
907 1561 1201 1641 partibus
1265 1560 1668 1627 tabernaculi
1734 1560 2013 1627 disserit.
2133 1557 2486 1642 Super-iore

536 1644 677 1710 loco
755 1645 1031 1709 verbum
1113 1647 1331 1729 posuit
1410 1647 1520 1713 ubi
1602 1667 1776 1713 nunc
1856 1668 2094 1712 nomen
2174 1656 2481 1728 usurpat:

531 1731 863 1797 Liberalis
906 1731 1099 1797 corde
1142 1753 1280 1810 suo,
1327 1744 1440 1798 aut
1485 1733 1918 1799 voluntarius.
2003 1733 2087 1797 In
2143 1753 2340 1797 sensu
2387 1741 2486 1795 ta-

535 1838 688 1882 men
715 1816 904 1882 nulla
938 1829 1040 1884 est
1074 1818 1487 1903 ambiguitas,
1537 1820 1689 1903 quia
1725 1829 2005 1902 utroque
2037 1820 2179 1884 loco
2210 1818 2486 1901 requirit
2530 1862 2536 1887 <

532 1901 720 1969 Deus
756 1902 971 1969 alacre
1006 1904 1317 1983 studium,
1358 1917 1428 1970 ut
1465 1927 1596 1971 non
1633 1906 1816 1989 large
1861 1904 2067 1982 modo,
2120 1904 2236 1969 sed
2278 1903 2488 1968 liben-

533 1994 640 2053 ter
705 2009 960 2073 quoque
1026 1992 1386 2057 conferant.
1497 1993 1781 2058 Diverso
1868 2000 2095 2074 postea
2180 1987 2493 2073 loquendi

536 2094 779 2158 genere
847 2084 1098 2155 utetur,
1177 2078 1394 2142 officio
1475 2076 1736 2143 functos
1816 2099 1959 2144 esse
2023 2098 2186 2161 quos
2255 2077 2486 2155 erexit,

531 2159 643 2312 gel
699 2161 1012 2227 excitavit
1068 2184 1180 2229 cor
1237 2185 1458 2242 suum,
1517 2172 1591 2230 ut
1650 2186 1690 2229 a
1746 2162 1954 2249 pigris
2007 2173 2074 2229 et
2137 2162 2333 2228 lentis
2379 2183 2490 2229 eos

578 2255 883 2313 iscernat.
1838 2303 1848 2313 .

711 2333 811 2398 10.
867 2333 1095 2400 Omnes
1135 2336 1445 2416 sapientes
1499 2336 1692 2401 corde.
1784 2334 1897 2401 Sic
1957 2344 2147 2400 vocat
2204 2335 2488 2401 artifices

532 2419 645 2501 qui
688 2420 944 2503 ingenii
996 2420 1262 2487 solertia
1318 2422 1756 2504 praestabant.
1846 2420 2081 2504 Itaque
2143 2431 2487 2505 postquam

534 2503 831 2588 singulos
867 2526 951 2569 ex
986 2506 1339 2573 domestica
1360 2508 1547 2590 copia
1586 2528 1856 2592 erogare
1892 2508 2088 2572 iussit
2125 2509 2485 2586 materiam,

535 2589 698 2655 alios
755 2600 830 2655 ut
884 2591 1275 2657 industriam
1332 2614 1516 2658 suam
1573 2595 1914 2659 conferant
1971 2592 2353 2658 formandae
2419 2602 2488 2658 et

532 2675 859 2758 aptandae
901 2679 1233 2756 materiae,
1281 2680 1601 2745 hortatur.
1647 2680 1883 2746 Partes
1919 2678 2153 2744 deinde
2190 2678 2489 2745 taberna-

534 2761 700 2838 culi,
769 2784 1048 2846 quarum
1095 2765 1351 2849 longior
1393 2766 1741 2849 explicatio
1785 2786 1926 2849 cap.
1964 2766 2081 2844 26,
2136 2764 2487 2844 videbitur,

533 2847 826 2914 breviter
868 2863 1350 2917 commemorat.
1423 2852 1550 2917 Est
1600 2852 1805 2937 igitur
1849 2851 2168 2935 quaedam
2206 2852 2487 2934 epitome

532 2953 763 2999 eorum
830 2936 1125 3001 omnium
1193 2937 1273 3001 de
1340 2937 1576 3021 quibus
1644 2945 1798 3004 ante
1869 2938 2082 3004 fusius
2147 2936 2484 3002 disseruit:

533 3024 838 3106 quoniam
886 3021 966 3089 ad
1014 3043 1092 3089 ea
1135 3022 1529 3107 praestanda
1573 3024 1653 3091 de
1697 3023 1934 3109 quibus
1979 3021 2229 3108 liquido
2273 3023 2486 3091 edocti

529 3110 811 3190 fuerant,
856 3111 1047 3177 novis
1091 3111 1373 3177 stimulis
1416 3132 1578 3195 opus
1623 3113 1766 3177 fuit.
1815 3109 2078 3178 Scimus
2115 3111 2289 3176 enim
2335 3109 2486 3178 doc·

533 3197 777 3262 trinam
844 3198 988 3262 sine
1054 3197 1625 3264 exhortationibus
1682 3207 1760 3262 ut
1815 3197 2178 3280 plurimum
2222 3197 2483 3281 frigere.

529 3282 781 3348 Mirum
827 3282 1088 3366 quidem
1148 3281 1356 3348 videri
1411 3291 1657 3367 posset,
1715 3283 1890 3349 unde
1945 3284 2187 3366 populo
2244 3284 2485 3348 misere

528 3368 848 3451 expilato,
915 3363 1152 3452 diuque
1206 3367 1286 3433 ad
1355 3370 1631 3436 serviles
1676 3390 1910 3453 operas
1956 3380 2204 3447 coacto,
2262 3377 2484 3434 tantae

526 3473 715 3538 opes:
763 3456 891 3520 nisi
936 3455 1106 3538 quod
1152 3477 1239 3519 ex
1282 3453 1685 3520 abundantia
1729 3477 1895 3539 quae
1932 3454 2320 3522 describitur
2353 3454 2486 3521 col-

527 3539 647 3625 ligi
691 3550 923 3624 potest,
1038 3541 1234 3606 raeda
1277 3541 1594 3607 divinitus
1638 3542 1769 3606 illis
1812 3542 2029 3608 oblata
2073 3543 2140 3605 in
2187 3540 2482 3607 discessu

526 3627 730 3693 fuisse
794 3628 975 3694 incre
1023 3627 1162 3692 ibili
1231 3627 1423 3692 modo
1489 3628 1936 3710 locupletatos.
2039 3626 2481 3709 opulentissi-

528 3734 711 3778 mum
754 3724 897 3779 erat
943 3734 1220 3799 regnum
1265 3715 1586 3799 Aegypti:
1633 3723 1702 3779 et
1744 3736 1905 3799 gens
1949 3713 2065 3779 illa
2107 3712 2211 3802 (ut
2251 3712 2484 3801 scitur)

534 3798 777 3864 delitiis
845 3807 909 3864 et
978 3800 1276 3865 luxuriae
1342 3800 1639 3883 apprime
1705 3799 1924 3866 dedita
2001 3821 2259 3883 semper
2335 3800 2481 3865 fuit.

530 3884 724 3968 Quod
783 3906 940 3970 ergo
998 3906 1120 3950 sua
1188 3888 1542 3969 rapacitate
1607 3907 1727 3970 per
1788 3886 2032 3953 multos
2104 3908 2312 3952 annos
2370 3908 2483 3953 cu-

529 3972 968 4048 mulaverant,
1016 3991 1254 4038 arcano
1279 3973 1405 4037 Dei
1439 3973 1757 4037 instinctu
1785 3993 1821 4037 e
1856 3973 2164 4039 manibus
2205 3974 2482 4051 effluxit,

529 4079 734 4141 quum
773 4067 1042 4142 repente
1088 4059 1242 4123 facti
1286 4058 1555 4124 fuerunt
1596 4058 1872 4143 prodigi.
1956 4057 2170 4126 Sicuti
2219 4061 2483 4144 Aegyp-

530 4144 655 4210 tios
700 4153 1170 4210 excaecaverat
1212 4143 1416 4222 Deus,
1458 4153 1534 4210 ut
1577 4165 1699 4210 sua
1732 4146 1952 4210 omnia
1986 4144 2485 4229 profunderent,

529 4230 624 4296 sic
690 4251 959 4296 suorum
1037 4239 1292 4296 mentes
1359 4240 1428 4296 et
1493 4230 1749 4296 animos
1823 4229 2096 4312 direxit,
2176 4240 2251 4296 ut
2317 4232 2485 4296 tanti

531 4314 829 4381 beneficii
874 4337 1198 4383 memores
1242 4315 1520 4382 libenter
1564 4316 1647 4382 ad
1691 4338 1885 4383 suum
1929 4315 2313 4383 mandatum
2359 4318 2486 4382 im-

529 4400 899 4485 penderent
941 4403 1114 4486 quod
1159 4425 1244 4469 ex
1287 4424 1471 4469 mera
1516 4404 1654 4469 eius
1699 4404 1913 4487 gratia
1955 4413 2371 4488 provenerat.

931 4745 1063 4812 EX
1118 4746 1418 4814 EXODI
1463 4747 1801 4815 CAPITE
1847 4746 2073 4814 XXV.

696 4917 801 4984 23.
852 4915 1077 4985 Facies
1119 4939 1356 5002 quoque
1388 4940 1667 4987 mensam
1711 4941 1788 4985 ex
1828 4921 2024 5005 liquis
2055 4920 2283 4986 sittim.-
2324 4918 2477 4985 duo-

519 5025 669 5072 rum
725 5005 1069 5071 cubitorum
1124 5007 1244 5070 erit
1291 5005 1605 5089 lonyitudo
1657 5007 1812 5087 eius,
1879 5012 1935 5072 et
1976 5005 2166 5073 cubiti
2206 5005 2477 5071 latitudo

520 5093 677 5169 εἰπε,
722 5091 912 5158 cubiti
945 5112 1090 5158 vero
1132 5096 1190 5156 et
1222 5092 1478 5157 dimidii
1516 5094 1779 5160 altitudo
1820 5094 1977 5159 eius.
2039 5093 2142 5158 24.
2183 5090 2274 5157 Et
2316 5097 2477 5174 teyes

522 5198 660 5244 eam
717 5198 874 5244 auro
903 5198 1095 5260 puro,
1132 5178 1453 5261 faciesque
1493 5181 1554 5245 ei
1596 5199 1883 5245 coronam
1928 5200 2188 5246 auream
2230 5180 2303 5243 in
2348 5178 2473 5243 cir-

517 5265 711 5331 cuitu.
801 5263 902 5330 25.
967 5265 1194 5331 Facies
1250 5285 1487 5347 quoque
1542 5267 1600 5330 ei
1658 5266 2017 5331 clausuram
2060 5267 2255 5332 latam
2313 5285 2471 5346 qua-

519 5354 665 5416 tuor
716 5351 946 5434 diyitos
1007 5353 1078 5416 in
1133 5352 1429 5418 circuitu.-
1490 5351 1806 5436 faciesque
1868 5372 2155 5420 coronam
2209 5370 2471 5416 auream

1949 423 2462 492 SECUNDUM
2509 423 3160 492 PRAEOEPTUM.

4406 428 4518 495 408

2594 612 2930 678 clausurae
2993 613 3096 679 illi
3158 614 3230 678 in
3294 613 3576 680 circuitu.
3701 613 3805 678 26.
3877 612 4104 679 Facies
4168 614 4417 696 insuper
4472 617 4523 683 ei

2592 703 2862 780 quatuor
2903 698 3170 765 annulos
3213 720 3457 777 aureos,
3501 719 3655 781 quos
3687 720 3885 785 pones
3926 700 3999 765 iu
4040 704 4305 781 quatuor
4345 723 4525 786 auqu-

2593 784 2676 849 lis
2719 786 2831 867 qui
2863 791 3011 850 sunt
3047 786 3119 850 in
3161 791 3431 867 quatuor
3464 785 3734 867 pedibus
3777 787 3933 852 eius.
4043 785 4149 852 27.
4196 785 4264 850 E
4301 789 4527 870 reyioue

2592 870 2772 936 illius
2835 870 3165 937 clausurae
3230 876 3411 937 eruut
3473 871 3697 937 annuli
3750 892 3871 954 per
3933 892 4089 954 quos
4153 873 4528 940 traiicientur

2591 962 2782 1022 vectes
2816 959 2903 1023 ad
2952 958 3343 1039 portandum
3394 977 3701 1023 mensam.-
3786 958 3890 1023 28.
3950 957 4297 1041 Faciesque
4353 965 4528 1026 vectes

2592 1042 2737 1108 illos
2780 1063 2814 1106 e
2857 1042 3049 1127 liquis
3091 1044 3331 1109 sittim.-
3385 1048 3442 1108 et
3499 1045 3741 1125 operies
3784 1064 3889 1109 eos
3944 1064 4138 1122 auro,
4203 1049 4261 1110 et
4306 1044 4529 1127 feretur

2592 1127 2725 1193 illis
2768 1149 3001 1195 mensa.
3092 1129 3196 1195 29.
3246 1127 3473 1194 Facies
3524 1130 3714 1195 etiam
3767 1129 4054 1196 scutellas
4111 1130 4280 1210 eius,
4346 1137 4402 1195 et
4439 1151 4527 1197 co·

2591 1214 2868 1280 chlearia
2911 1216 3064 1295 eius,
3111 1221 3169 1280 et
3201 1215 3489 1298 opercula
3532 1218 3686 1291 eius,
3734 1222 3793 1281 et
3833 1222 4098 1282 crateres
4140 1218 4278 1281 eius
4320 1218 4532 1300 quibus

2591 1299 2918 1367 libabitur.-
2977 1322 3053 1368 ex
3115 1321 3276 1366 auro
3324 1302 3558 1368 mundo
3605 1301 3805 1384 facies
3862 1324 3951 1369 ea.
4041 1303 4150 1368 30.
4210 1301 4300 1368 Et
4353 1322 4532 1386 pones

2590 1406 2782 1468 super
2857 1407 3137 1453 mensam
3214 1387 3395 1454 illam
3460 1408 3697 1470 panem
3786 1388 4096 1471 facierum
4164 1408 4376 1456 coram
4446 1410 4534 1455 mc

2587 1473 2835 1556 iuqiter.

2765 1644 2867 1710 23.
2915 1644 3143 1711 Facies
3176 1665 3414 1728 quoque
3455 1666 3751 1712 mensam.
3800 1646 4042 1711 Merito
4078 1646 4387 1711 laudatur
4429 1667 4533 1713 ve·

2594 1730 2753 1796 teris
2811 1731 3150 1797 cuiusdam
3208 1733 3492 1815 episcopi
3551 1733 3912 1809 sententia,
3981 1733 4091 1815 qui
4137 1750 4339 1815 quum
4384 1753 4535 1798 vasa

2593 1838 2781 1883 sacra
2838 1829 3129 1902 tempore
3187 1817 3378 1883 samis
3437 1818 3517 1883 ad
3576 1818 3920 1884 levandam
3976 1838 4341 1901 pauperum
4401 1818 4535 1884 ino·

2594 1904 2768 1987 piam
2836 1904 3166 1980 venderet,
3235 1904 3326 1968 ita
3389 1925 3459 1969 se
3525 1905 3834 1970 ecclesiae
3901 1905 4282 1984 excusavit,
4364 1906 4536 1971 Deus

2595 1997 2837 2068 noster,
2884 1991 3038 2073 quia
3081 2011 3210 2053 non
3259 1990 3537 2055 comedit
3584 2012 3703 2055 nec
3747 1991 3929 2069 bibit,
3990 1990 4236 2073 patinis
4278 2000 4348 2055 et
4386 1991 4533 2056 cali·

2593 2074 2779 2140 cibus
2816 2096 2944 2140 non
2990 2075 3127 2140 indi
3177 2084 3258 2140 et.
3351 2077 3551 2160 Atqui
3604 2078 3874 2143 minime
3917 2087 4362 2142 consentanea
4403 2097 4535 2142 esse

2594 2160 2858 2226 videtur
2924 2161 3077 2228 huic
3132 2098 3273 2226 {ei
3340 2174 3704 2246 praecepto,
3771 2162 3880 2228 ubi
3943 2183 4146 2248 panes
4215 2162 4361 2228 vult
4421 2163 4535 2228 sibi

2594 2248 2835 2313 offerri.
2881 2247 3290 2332 Respondeo‚
3324 2249 3382 2314 si
3419 2259 3767 2332 praetextu
3806 2248 3917 2313 illo
3952 2248 4074 2315 sub
4109 2248 4255 2333 lege
4293 2269 4537 2313 sacram

2594 2353 2884 2399 mensam
2954 2334 3303 2417 spoliasset
3366 2337 3504 2399 suis
3571 2337 4019 2415 ornamentis,
4085 2335 4538 2418 intempestive

2593 2419 2795 2485 fuisse
2857 2418 3222 2498 dicturum,
3283 2420 3453 2504 quod
3509 2421 3633 2486 sub
3694 2421 4039 2505 evangelio
4098 2421 4206 2504 pie
4263 2431 4332 2486 et
4385 2421 4539 2487 scite

2594 2505 2794 2573 dixit:
2857 2507 3012 2589 quia
3055 2507 3309 2573 Christi
3354 2507 3645 2573 adventu
3705 2515 4050 2573 cessarunt
4108 2506 4357 2590 legales
4399 2527 4537 2571 um·

2595 2592 2765 2658 brae.
2854 2592 3042 2660 Tunc
3084 2613 3241 2657 vero
3286 2593 3458 2657 inter
3499 2614 3730 2659 aureas
3765 2594 4025 2676 patinas
4063 2595 4298 2675 reponi
4336 2592 4539 2658 voluit

2591 2698 2795 2761 panes
2838 2677 2963 2745 sibi
3006 2679 3288 2756 oblatos,
3350 2679 3677 2762 simulque
3735 2678 4002 2764 adiungi
4072 2679 4416 2744 thuribula
4477 2687 4540 2744 et

2591 2765 2991 2843 cochlearia,
3051 2786 3187 2830 non
3244 2764 3419 2849 quod
3479 2766 3622 2832 cibo
3669 2766 3772 2830 vel
3831 2776 3990 2849 potu
4037 2765 4317 2830 haberet
4360 2785 4537 2848 opus,

2591 2851 2706 2916 sed
2768 2864 2843 2915 ut
2895 2852 3210 2934 populum
3267 2873 3461 2918 suum
3520 2872 3788 2916 mensae
3846 2853 4153 2917 societate
4211 2851 4538 2937 dignatus,

2593 2937 3066 3019 temperantiae
3109 2938 3321 3023 legem
3367 2937 3857 3022 praescriberet.
3908 2937 4129 3018 Quum
4175 2939 4359 3003 enim
4407 2959 4542 3004 ves·

2590 3034 2901 3090 cerentur
2943 3023 3172 3090 eodem
3229 3023 3449 3091 tritico
3500 3045 3586 3090 ex
3646 3043 3774 3107 quo
3817 3023 4064 3090 fiebant
4107 3026 4281 3091 sacri
4326 3044 4540 3108 panes,

2591 3131 2668 3177 eo
2732 3110 3030 3195 symbolo
3095 3111 3413 3177 admoniti
3458 3111 3759 3188 fuerunt,
3827 3111 4100 3194 perinde
4145 3110 4540 3176 sumendum

2591 3216 2732 3262 esse
2791 3195 3007 3263 cibum
3068 3207 3134 3262 et
3191 3206 3416 3280 potum
3489 3218 3564 3264 ac
3623 3198 3677 3262 si
3736 3217 3956 3263 coram
4014 3197 4161 3262 Deo
4217 3197 4537 3275 sederent,

2590 3292 2937 3366 essentque
2981 3283 3120 3348 eius
3178 3284 3514 3350 convivae.
3617 3284 3920 3366 Denique
3978 3283 4191 3348 edocti
4256 3285 4537 3361 fuerunt,

2589 3368 2904 3434 alimenta
2948 3368 3182 3452 quibus
3225 3370 3593 3436 sustinetur
3637 3370 3974 3435 hominum
4023 3370 4178 3446 vita,
4225 3370 4536 3453 quodam·

2590 3454 2783 3520 modo
2826 3476 3013 3521 sacra
3055 3476 3199 3522 esse
3240 3456 3418 3522 Deo:
3479 3466 3553 3521 ut
3612 3457 3705 3520 ita
3759 3477 3924 3539 puro
3979 3464 4046 3521 et
4099 3454 4323 3522 sobrio
4371 3455 4539 3521 victu

2588 3542 2881 3607 contenti
2925 3551 3171 3619 essent,
3233 3563 3353 3608 nec
3410 3542 3834 3625 profanarent
3891 3563 4056 3624 quae
4101 3541 4183 3605 ad
4230 3542 4365 3607 Dei
4409 3541 4536 3607 cul-

2588 3635 2729 3693 tum
2789 3626 3005 3693 dicata
3061 3637 3269 3694 erant.
3361 3628 3684 3709 Quamvis
3736 3649 3893 3710 ergo
3953 3627 4140 3692 rudis
4198 3638 4270 3693 et
4327 3648 4540 3693 crassa

2590 3713 2798 3779 videri
2866 3713 3072 3797 possit
3137 3713 3299 3780 haec
3363 3714 3638 3792 oblatio,
3719 3715 3918 3779 finem
3995 3722 4215 3779 tamen
4288 3723 4537 3780 rectum

2587 3800 2818 3866 habuit
2841 3850 2903 3890 ,ο
2945 3809 3024 3865 ιιι
3089 3797 3307 3865 Deum
3375 3807 3809 3885 agnoscerent
3872 3799 4097 3865 fideles
4162 3819 4536 3866 mensarum

2587 3906 2859 3953 suarum
2904 3906 3048 3952 esse
3092 3885 3479 3970 praesidem,
3541 3886 3694 3969 quia
3738 3886 3941 3952 totius
3984 3886 4208 3969 populi
4259 3886 4537 3963 nomine,

2589 3993 2792 4054 panes
2857 3972 2929 4037 in
2996 3972 3241 4057 templo
3306 3971 3691 4056 prostabant
3767 3973 3891 4038 sub
3958 3973 4085 4037 Dei
4163 3983 4534 4056 conspectu.

2590 4057 2842 4125 Similis
2885 4059 3326 4142 primitiarum
3372 4059 3497 4124 fuit
3537 4059 3736 4138 ratio,
3803 4058 3874 4122 in
3919 4057 4155 4141 quibus
4198 4077 4539 4126 consecra·

2591 4144 2786 4210 batur
2845 4145 3047 4210 totius
3091 4145 3250 4210 anni
3290 4156 3687 4228 proventus:
3755 4152 3829 4209 ut
3885 4144 4060 4209 inter
4103 4144 4341 4228 epulas
4387 4163 4535 4227 quo-

2590 4252 2717 4315 que
2775 4232 3062 4297 colerent
3107 4230 3234 4296 Dei
3301 4231 3715 4308 memoriam,
3775 4230 3887 4313 qui
3941 4251 4050 4297 eos
4106 4232 4422 4313 pascebat
4466 4234 4543 4293 ut

2592 4329 2777 4401 pater
2819 4317 3009 4383 filios.
3078 4318 3294 4384 Panes
3337 4317 3648 4382 facierum
3695 4325 4019 4383 vocantur
4062 4336 4100 4381 a
4145 4316 4357 4394 Mose,
4394 4315 4537 4399 quia

2591 4424 2853 4487 semper
2909 4404 3315 4486 apparebant
3371 4422 3588 4468 coram
3647 4403 3823 4482 Deo,
3888 4423 4015 4487 quo
4074 4402 4275 4467 etiam
4345 4421 4534 4468 sensu

2593 4489 2903 4555 dixerunt
2941 4490 3181 4556 Graeci
3221 4510 3429 4574 panes
3473 4495 3831 4573 προθέσεως
3873 4489 4028 4572 quia
4070 4500 4338 4572 praesto
4374 4508 4534 4554 sem-

2591 4597 2708 4659 per
2752 4584 2961 4641 erant.
3007 4575 3158 4641 Non
3202 4579 3376 4642 enim
3423 4576 3519 4642 fas
3555 4585 3698 4641 erat
3733 4576 3982 4659 priores
4017 4575 4302 4654 auferre,
4342 4574 4539 4640 donec

2590 4662 3149 4728 substituerentur
3191 4662 3302 4726 alii
3345 4662 3415 4726 in
3463 4662 3696 4729 locum.
3745 4660 4058 4727 Pluribus
4100 4682 4282 4728 nunc
4318 4680 4535 4744 super-

2589 4748 2813 4829 sedeo,
2895 4749 3047 4832 quia
3123 4749 3321 4833 paulo
3385 4757 3536 4832 post
3601 4769 3767 4832 quae
3834 4768 4008 4813 nunc
4070 4747 4304 4813 omitto
4371 4758 4534 4812 trae-

2586 4833 2788 4901 tanda
2833 4843 3048 4901 erunt.

3101 5124 3232 5190 EX
3277 5123 3610 5191 EODEM
3658 5124 4016 5191 CAPITE.

2749 5262 2853 5328 31.
2904 5259 3131 5329 Facies
3165 5263 3312 5327 item
3344 5263 3787 5330 candelabrum
3829 5282 3908 5327 ex
3949 5282 4109 5329 auro
4140 5281 4344 5343 puro:
4389 5259 4525 5325 duc-

2576 5348 2682 5414 tile
2720 5349 2825 5430 fiet
2865 5347 3311 5415 candelabrum
3374 5350 3540 5416 illud
3556 5375 3574 5414 .·
3628 5349 3853 5415 hastile
3905 5348 4044 5414 eius
4065 5396 4079 5425 ‚
4140 5353 4198 5413 et
4253 5348 4535 5413 calamus
