4867 6150
355 473 479 538 117

353 660 701 728 dammodo
779 662 1034 747 polluat
1112 684 1234 729 sua
1309 663 1789 730 incredulitate.
1897 663 2068 729 Nam
2137 664 2308 730 sicut

353 756 512 816 ante
556 747 780 814 docuit
825 769 957 813 non
1005 769 1194 832 posse
1251 749 1618 833 legitimum
1683 751 1935 816 cultum
1984 771 2023 814 a
2066 749 2306 833 populo

349 834 676 920 praestari
711 835 836 901 nisi
871 844 1059 900 extra
1095 838 1500 920 Aegyptum,
1537 837 1630 902 sic
1665 856 1844 901 nnnc
1884 834 2304 901 solitudinem

395 920 611 987 uaerit
655 919 736 985 ad
783 919 1213 1004 precandum:
1259 931 1456 1005 atque
1500 922 1595 988 ita
1638 922 1762 989 loci
1801 922 2114 987 distantia
2157 942 2306 1005 pro·

381 1027 581 1072 annm
663 1027 805 1071 esse
884 1008 1100 1074 locum
1174 1007 1464 1072 ostendit
1529 1007 1644 1072 nbi
1706 1007 1959 1072 habitat
2024 1007 2305 1073 Pharao.

347 1093 667 1159 Diximus
711 1101 931 1159 autem
977 1113 1181 1177 snpra
1206 1093 1435 1160 Mosen
1474 1094 1640 1159 nihil
1685 1095 2066 1177 promittere
2103 1103 2307 1158 teme-

345 1180 525 1245 rario
569 1177 893 1263 impulsu,
944 1179 1056 1245 sed
1103 1180 1209 1244 vel
1257 1180 1529 1262 spiritus
1573 1181 1930 1260 instinctu,
1977 1181 2079 1244 vel
2126 1187 2306 1245 certo

346 1266 615 1332 oraculo
657 1264 960 1330 edoctum
1005 1266 1448 1349 pronunciare
1492 1267 1843 1332 autoritate
1899 1265 2303 1350 prophetica,

347 1350 505 1436 quid
564 1352 855 1416 facturus
916 1352 1002 1417 sit
1046 1350 1248 1417 Deus.
1339 1352 1547 1417 Porro
1607 1374 1739 1417 non
1796 1353 1911 1417 abs
1969 1373 2039 1417 re
2086 1351 2307 1417 Moses

350 1457 438 1503 ex
521 1458 767 1522 poenae
844 1437 1229 1502 remissione
1309 1438 1722 1503 Pharaonem
1804 1438 2050 1502 sentire
2124 1436 2309 1502 iubet

347 1523 571 1589 Deum
616 1523 883 1588 Israelis
928 1543 1070 1589 esse
1115 1521 1447 1587 dominum
1497 1525 1807 1609 Aegypti.
1870 1524 2042 1589 Nam
2088 1533 2302 1588 terrae

344 1631 588 1675 nomen
637 1609 742 1675 hic
786 1608 1047 1675 videtur
1095 1610 1409 1692 restringi
1454 1608 1538 1674 ad
1585 1614 1983 1695 Aegyptum.
2075 1608 2303 1689 Quan-

348 1717 547 1779 quam
615 1716 746 1760 non
813 1695 1064 1759 infitior
1131 1693 1211 1759 de
1280 1705 1414 1759 toto
1481 1696 1637 1761 orbe
1700 1694 2035 1761 commode
2115 1715 2303 1777 posse

346 1782 663 1865 intelligi:
734 1801 996 1858 verum,
1073 1780 1404 1846 utrumvis
1485 1782 1718 1865 eligas,
1798 1790 1974 1846 recte
2052 1781 2306 1865 colligit

348 1869 599 1947 Moses,
660 1867 941 1949 perfecte
986 1866 1113 1931 Dei
1170 1867 1445 1950 gloriam
1505 1880 1571 1931 et
1615 1868 1959 1950 imperium
2006 1868 2304 1950 patefieri

345 1952 460 2019 ubi
505 1974 638 2018 non
685 1965 941 2018 tantum
987 1974 1229 2035 poenas
1289 1952 1644 2038 irrogando
1700 1951 1943 2018 vindex
2012 1963 2301 2036 apparet,

346 2040 462 2105 sed
510 2038 705 2104 simul
752 2061 834 2104 ex
893 2039 1188 2122 opposito
1235 2037 1670 2119 demonstrat,
1715 2040 2036 2104 elementa
2081 2041 2302 2104 omnia

345 2147 511 2191 snae
556 2126 1020 2191 beneficentiae
1055 2125 1325 2190 servire.
1411 2126 1511 2190 Ad
1551 2124 1728 2200 haec,
1767 2125 1879 2191 nbi
1917 2125 2301 2191 vulneribus

344 2232 516 2296 quae
558 2211 804 2276 inflixit
847 2209 1017 2275 idem
1042 2211 1227 2276 Deus
1263 2208 1579 2287 medetur,
1627 2211 1866 2276 clarius
1910 2211 2064 2277 inde
2109 2213 2302 2276 inno·

344 2298 543 2364 tescit
576 2298 722 2362 eius
758 2297 1065 2380 potentia.
1123 2296 1412 2381 Ideoque
1433 2295 1605 2380 apud
1631 2297 1864 2362 Isaiam
1890 2295 2043 2383 (Isa.
2069 2299 2173 2378 41,
2196 2298 2297 2363 23.

346 2391 418 2449 et
460 2383 566 2463 45,
626 2381 711 2470 7),
772 2382 1148 2467 probandae
1207 2404 1363 2448 suae
1421 2382 1782 2448 divinitatis
1848 2404 2077 2462 causa,
2138 2385 2299 2450 haec

345 2469 478 2536 duo
520 2470 918 2537 coniunctim
964 2470 1169 2552 ponit,
1215 2469 1378 2535 iuris
1423 2470 1522 2536 sui
1569 2489 1710 2535 esse
1755 2479 1821 2535 et
1862 2471 2115 2536 arbitrii
2163 2481 2294 2535 tam

342 2557 512 2623 bene
557 2577 753 2639 quam
801 2556 971 2619 male
1016 2555 1246 2620 facere.

518 2642 622 2706 30.
682 2641 887 2722 Atqui
945 2641 1020 2705 de
1077 2645 1131 2705 te
1188 2646 1245 2706 et
1298 2642 1499 2706 servis
1554 2643 1683 2705 tuis
1738 2661 2037 2724 coynosoa
2128 2642 2293 2707 'Pam

343 2726 554 2793 libera
618 2726 987 2811 obiurgatio
1053 2728 1228 2793 clare
1293 2726 1701 2793 demonstrat
1768 2737 2012 2812 quanta
2090 2729 2293 2793 animi

344 2811 808 2898 magnitudine
850 2810 1187 2896 praeditus
1231 2812 1432 2877 suerit
1474 2824 1740 2878 sanctus
1784 2813 2134 2897 propheta:
2182 2816 2292 2898 qni

341 2899 682 2984 imperiosi
748 2908 816 2963 et
879 2898 1163 2964 crudelis
1228 2899 1492 2982 tyranni
1556 2899 1841 2965 furorem
1910 2921 2025 2983 pro
2086 2900 2292 2967 nihilo

341 2986 591 3052 ducens
633 2985 989 3070 impietatis
1034 3005 1187 3049 eum
1231 3005 1382 3050 cum
1428 2995 1562 3050 tota
1606 2985 1756 3049 aula
1802 2984 2111 3051 damnare
2156 3008 2290 3052 non

341 3071 620 3139 dubitat.
711 3073 849 3138 Nec
907 3092 1064 3137 sane
1122 3069 1394 3137 dubium
1454 3080 1554 3138 est
1613 3069 1831 3137 Deum
1900 3073 2290 3139 mirabiliter

337 3160 821 3243 compescuisse
865 3165 964 3222 tot
1006 3178 1241 3224 saevas
1285 3158 1548 3237 bestias,
1594 3157 1751 3223 dum
1792 3178 2031 3224 manus
2089 3159 2289 3225 absti-

337 3256 508 3312 nent
574 3266 613 3310 a
672 3245 890 3310 Mose:
957 3244 1112 3327 quia
1175 3245 1651 3327 temperantiae
1717 3243 1824 3308 vel
1893 3244 2289 3310 humanitati

335 3330 546 3397 tribui
588 3351 720 3395 non
765 3338 982 3413 potest
1023 3329 1194 3414 quod
1239 3351 1373 3395 non
1409 3331 1655 3396 centies
1689 3331 1910 3414 ipsum
1947 3332 2288 3397 interfece-

333 3418 481 3484 rint
523 3417 824 3483 homines
868 3416 1107 3498 alioqui
1156 3416 1302 3499 plus
1348 3433 1542 3500 quam
1590 3417 2030 3501 sanguinarii,
2089 3439 2289 3502 quum

334 3523 453 3570 eos
491 3511 626 3568 tam
673 3502 902 3568 acerbe
956 3501 1322 3568 lacesseret.
1415 3501 1767 3569 Caeterum
1829 3524 1913 3569 ex
1969 3504 2092 3570 hac
2137 3523 2290 3569 con·

332 3589 590 3656 stantia
656 3590 853 3653 etiam
922 3597 1106 3672 patet
1171 3597 1569 3671 quantopere
1636 3589 2016 3672 profecisset
2080 3590 2290 3672 posito

332 3676 673 3742 tirocinio:
733 3675 885 3758 quia
922 3685 1077 3738 ante
1111 3673 1309 3758 longe
1346 3696 1385 3740 a
1420 3676 1699 3740 telorum
1737 3674 1914 3741 iactu
1953 3676 2022 3739 in
2056 3675 2290 3739 umbra

330 3761 654 3845 trepidus,
700 3782 880 3826 nunc
920 3760 989 3825 in
1038 3763 1355 3825 acerrimo
1399 3762 1703 3827 conflictu
1752 3762 1913 3826 nihil
1962 3761 2290 3826 formidat.

330 3848 585 3914 Merito
631 3858 851 3912 autem
897 3858 1098 3931 negat
1143 3847 1356 3911 Deum
1412 3847 1646 3912 timere
1691 3848 2087 3932 Aegyptios:
2136 3849 2290 3931 quia

328 3933 619 4000 formido
664 3942 732 3997 et
773 3931 1009 3997 horror
1052 3952 1183 3996 non
1231 3954 1490 4017 semper
1551 3933 1806 3998 animos
1871 3933 2162 3998 formant
2205 3932 2284 3998 ad

330 4019 778 4086 reverentiam
816 4019 1194 4101 iustumque
1229 4018 1631 4101 obsequium.
1698 4020 1864 4084 Nam
1907 4020 1987 4084 de
2033 4021 2287 4086 sincero

330 4107 576 4171 timore
620 4104 911 4188 loquitur
933 4104 1176 4184 Moses,
1217 4106 1331 4187 qui
1375 4127 1493 4171 nos
1531 4105 1674 4170 Deo
1719 4106 1980 4188 penitus
2024 4105 2285 4171 addicit.

330 4193 494 4274 Qua
536 4192 791 4256 ratione
836 4200 1112 4256 vocatur
1155 4192 1508 4274 sapientia,
1576 4202 1643 4256 et
1687 4200 1884 4274 caput
1926 4192 2287 4274 sapientiae

330 4278 561 4366 (Prov.
620 4276 678 4355 1,
740 4277 798 4341 7.
858 4277 1103 4342 Psalm.
1171 4276 1313 4354 111,
1377 4275 1503 4364 10).
1594 4277 2002 4362 Hypocritae
2064 4287 2281 4343 autem

328 4363 643 4450 quamvis
708 4372 1154 4445 expavescant
1218 4364 1297 4426 ad
1369 4362 1495 4428 Dei
1564 4383 1836 4441 nomen,
1901 4363 2284 4449 longissime

330 4463 561 4517 tamen
642 4449 883 4514 absunt
947 4469 987 4512 a
1050 4449 1423 4514 voluntario
1503 4452 1641 4514 eius
1720 4449 1972 4515 colendi
2044 4449 2280 4516 studio.

329 4537 594 4618 Quare,
653 4557 736 4599 ne
789 4534 1007 4600 inanis
1051 4536 1438 4619 imaginatio
1496 4557 1615 4601 nos
1670 4536 1889 4616 fallat,
1951 4536 2280 4604 discamus

327 4643 569 4691 sensus
650 4642 875 4686 omnes
937 4633 1196 4687 nostros
1256 4621 1457 4703 probe
1521 4632 1857 4699 excutere,
1925 4631 1992 4685 et
2056 4622 2281 4688 sedulo

329 4709 670 4791 inquirere
693 4709 762 4770 in
786 4726 1015 4771 omnes
1050 4708 1382 4772 flexuosos
1406 4729 1716 4784 recessus,
1743 4708 1978 4792 quibus
2002 4707 2279 4773 refertae

329 4803 493 4862 sunt
525 4815 598 4858 ac
633 4793 999 4858 incredibili
1036 4793 1230 4858 modo
1269 4794 1618 4876 implicitae
1652 4794 1981 4859 humanae
2003 4805 2276 4860 mentes.

330 4879 696 4962 Quaeritur
740 4891 957 4943 tamen
1005 4879 1324 4963 quomodo
1370 4878 1807 4962 deprecatoris
1853 4901 2096 4945 munus
2134 4902 2277 4945 sus-

329 4967 553 5049 cipiat,
600 4966 711 5031 ubi
757 4966 1003 5029 nullam
1045 4965 1223 5030 videt
1259 4965 1795 5048 resipiscentiam.
1865 4964 2275 5048 Respondeo,

330 5075 468 5118 non
512 5052 607 5116 ita
652 5051 852 5116 fnisse
894 5050 1151 5117 facilem
1213 5060 1289 5115 ut
1351 5065 1644 5134 parceret
1700 5052 1886 5136 quasi
1946 5061 2276 5130 exoratus,

333 5136 453 5204 sed
531 5137 850 5203 modicam
928 5136 1482 5202 intermissionem
1563 5138 1850 5215 dedisse,
1931 5136 2136 5202 donec
2206 5159 2276 5203 se

332 5246 567 5290 rursus
611 5222 916 5306 proderet
958 5224 1130 5306 regis
1175 5224 1499 5307 impietas,
1546 5238 1739 5306 atque
1783 5225 1877 5288 ita
1921 5223 2279 5305 compleret

333 5313 521 5378 Deus
564 5309 734 5394 quod
781 5310 1195 5392 praedixerat
1240 5309 1318 5373 de
1362 5310 1664 5374 omnibus
1709 5309 1938 5393 plagis.
2033 5307 2279 5374 Absur-

336 5397 494 5461 dnm
539 5396 745 5480 igitur
789 5411 888 5461 est
929 5394 1097 5480 quod
1144 5395 1406 5478 quidam
1465 5394 1586 5460 1100
1637 5406 1983 5479 praetextu
2048 5396 2275 5460 volunt

1553 473 2297 542 COMMENTARIUS
2342 473 2440 538 IN
2488 474 2788 542 EXODI
2835 473 3034 541 GAP.
3081 473 3168 539 X.

4242 478 4384 546 118

2414 664 2748 731 ministros
2816 664 3001 730 verbi
3069 676 3136 731 et
3200 672 3497 750 pastores
3556 665 3732 733 nuda
3798 666 4150 733 verborum
4209 690 4364 735 con·

2410 749 2692 816 sessione
2737 771 2882 817 esse
2924 761 3296 817 contentos:
3354 750 3613 834 quando
3659 773 3788 818 non
3834 762 3970 818 tam
4015 752 4097 817 ad
4141 752 4365 839 ignos-

2412 835 2692 901 cendum
2783 858 3100 920 ropensus
3144 846 3248 903 est
3288 837 3512 904 Moses
3571 860 3767 922 quam
3825 841 4007 906 viam
4050 840 4366 925 patefacit

2410 921 2683 1007 reliquis
2798 925 2859 987 ei
2903 923 3180 989 iudiciis.

2584 1007 2688 1074 33.
2727 1008 2966 1074 Linum
3000 1014 3057 1074 et
3091 1009 3407 1075 hordeum.
3473 1011 3725 1076 Narrat
3763 1009 3918 1094 quid
3964 1011 4363 1078 calamitatis

2407 1092 2710 1158 intulerit
2771 1094 3054 1178 grando:
3123 1108 3190 1161 et
3254 1094 3439 1162 docet
3506 1106 3765 1180 partem
3823 1096 4087 1182 frugum
4155 1098 4361 1167 fuisse

2409 1189 2886 1261 consumptam,
2930 1200 3094 1264 quae
3138 1180 3388 1247 scilicet
3429 1182 3561 1247 iam
3607 1192 4062 1248 assurrexerat
4104 1183 4174 1249 in
4220 1184 4359 1251 cul·

2409 1285 2585 1331 mos:
2625 1266 2876 1331 semina
2916 1287 3070 1331 vero
3105 1288 3272 1350 quae
3308 1266 3559 1333 tardius
3594 1283 3875 1353 surgunt
3915 1269 4118 1335 fuisse
4155 1269 4358 1338 salva.

2413 1348 2616 1434 Spem
2661 1354 2838 1417 enim
2884 1352 3212 1418 residuam
3259 1351 3414 1418 dare
3457 1353 3666 1420 voluit
3711 1356 3922 1431 Deus,
3977 1376 4142 1439 quae
4185 1355 4362 1421 invi·
4467 1376 4486 1387 ··

2409 1446 2582 1501 taret
2641 1459 2863 1522 regem
2922 1459 3070 1505 cum
3138 1438 3275 1504 suis
3342 1438 3425 1506 ad
3483 1441 3989 1522 poenitentiam,
4052 1441 4109 1506 si
4164 1441 4359 1510 modo

2409 1522 2725 1590 sanabilis
2769 1525 3001 1591 fuisset
3045 1546 3271 1590 eorum
3317 1525 3589 1590 malitia.

2582 1610 2684 1676 34.
2763 1610 2994 1677 Videras
3041 1615 3246 1676 amem
3306 1610 3581 1677 Pharao.
3689 1611 3941 1676 Iterum
4001 1631 4117 1675 suo
4175 1631 4359 1676 more

2407 1694 2671 1761 Pharao
2738 1695 3077 1762 audaciam
3144 1697 3393 1781 colligit
3458 1718 3540 1762 ex
3607 1716 3853 1780 poenae
3926 1695 4358 1781 mitigatione,

2407 1782 2602 1848 sicuti
2644 1782 2952 1866 reprobos
2997 1793 3211 1848 armat
3244 1785 3562 1849 securitas
3598 1782 3913 1848 adversus
3947 1783 4195 1847 Deum:
4231 1783 4359 1866 ipsi

2407 1890 2583 1947 vero,
2629 1870 2905 1934 simulac
2949 1869 3284 1952 paulisper
3329 1870 3676 1952 quiescunt
3720 1869 3847 1934 Dei
3891 1866 4183 1952 flagella,
4227 1869 4355 1934 im·

2405 1955 2727 2036 punitatis
2752 1955 3058 2021 fiduciam
3097 1956 3489 2039 concipiunt,
3516 1964 3686 2020 etex
3727 1953 4032 2021 brevibus
4070 1953 4356 2021 induciis

2406 2054 2741 2105 aeternam
2798 2061 3022 2124 pacem
3089 2042 3556 2127 imaginantur.
3663 2041 3927 2106 Pharao
3984 2040 4189 2124 igitur
4244 2060 4358 2106 cor
4418 2037 4435 2055 ⁹

2403 2147 2618 2206 suum,
2643 2128 2815 2210 quod
2838 2128 3098 2198 flexisse
3123 2129 3302 2193 visus
3325 2129 3558 2205 fuerat,
3585 2126 3665 2192 de
3688 2128 3945 2211 integro
3983 2124 4356 2206 obduravit,

2402 2210 2586 2277 clade
2632 2211 2753 2278 hac
2797 2214 3217 2297 perfunctus:
3276 2236 3350 2280 ac
3412 2215 3467 2279 si
3514 2234 3642 2278 non
3689 2213 4063 2278 admonitus
4121 2211 4355 2278 fuisset

2404 2297 2567 2362 alias
2611 2309 2892 2378 restare,
2953 2300 3087 2364 imo
3142 2321 3415 2365 manum
3461 2299 3586 2365 Dei
3630 2298 3763 2363 iam
3810 2320 3952 2364 esse
3997 2305 4356 2365 extentam.

2401 2382 2638 2467 Itaque
2681 2385 2751 2449 in
2798 2386 2927 2450 fine
2970 2386 3204 2468 capitis
3248 2386 3507 2469 culpam
3554 2385 3910 2468 amplificat
3952 2384 4194 2465 Moses,
4243 2385 4352 2450 ubi

2402 2469 2587 2535 addit
2623 2471 2746 2536 hoc
2780 2470 2982 2539 fuisse
3020 2471 3428 2555 praedictum
3465 2493 3581 2555 per
3618 2492 3889 2538 manum
3935 2491 4141 2536 suam.
4208 2470 4352 2535 Ali-

2401 2558 2658 2638 quoties
2723 2568 2877 2623 ante
2946 2557 3236 2624 vidimus
3308 2556 3693 2623 obduruisse
3758 2557 4037 2640 impium
4103 2577 4349 2641 regem,

2400 2646 2571 2708 sicut
2614 2644 2799 2709 Deus
2853 2643 2937 2710 ad
2997 2644 3226 2709 Mosen
3283 2644 3596 2728 loquutus
3649 2642 3898 2708 fuerat:
3966 2664 4143 2709 nunc
4204 2642 4355 2726 plus

2401 2731 2826 2812 exprimitur,
2883 2751 3118 2813 nempe
3162 2731 3391 2796 Mosen
3461 2730 3663 2795 fuisse
3722 2750 4110 2813 praeconem
4160 2731 4356 2794 huius

2400 2815 2758 2882 indomitae
2803 2828 2869 2882 et
2909 2816 3204 2900 perditae
3248 2817 3718 2883 contumaciae.

3153 3157 3458 3226 CAPUT
3507 3158 3597 3225 X.

2572 3332 2627 3395 1.
2677 3330 2764 3395 Et
2802 3331 2971 3396 dixit
3012 3330 3244 3396 Iehova
3288 3332 3374 3396 ad
3416 3329 3667 3396 Mosen:
3722 3331 3893 3397 Vade
3937 3333 4024 3398 ad
4065 3331 4355 3399 Pharao-

2394 3438 2569 3483 nem.-
2625 3419 2778 3500 quia
2824 3437 2928 3502 000
2971 3417 3316 3500 ayyravavi
3372 3438 3477 3483 cor
3533 3419 3699 3494 eius,
3758 3423 3817 3483 et
3868 3438 3973 3485 eor
4029 3438 4348 3484 servorum

2393 3505 2548 3583 eius,
2593 3509 2663 3569 ut
2692 3522 2989 3584 ponerem
3026 3505 3213 3586 siqua
3246 3523 3384 3568 mea
3419 3503 3568 3568 haec
3602 3504 3672 3568 in
3706 3504 3903 3568 medio
3939 3506 4095 3569 eius.
4167 3506 4226 3571 2.
4265 3501 4355 3571 Et

2392 3595 2462 3654 ut
2525 3610 2750 3655 narres
2814 3591 2879 3654 in
2947 3590 3216 3655 auribus
3270 3588 3400 3670 filii
3465 3590 3560 3654 tui
3627 3594 3683 3655 et
3741 3590 3984 3670 nepotis
4037 3590 4132 3655 tui
4191 3612 4353 3673 quae

2388 3678 2642 3759 fecerim
2684 3676 2752 3740 in
2797 3677 3104 3759 Aeyypw,
3167 3681 3225 3740 et
3266 3676 3452 3758 siyna
3496 3696 3636 3740 mea
3677 3696 3838 3757 quae
3870 3696 4141 3757 posuero
4184 3680 4349 3743 inter

2392 3783 2522 3827 eos.-
2579 3767 2636 3826 et
2690 3762 2908 3827 sciatis
2960 3762 3122 3843 quod
3174 3781 3206 3826 e
3244 3782 3279 3826 0
3332 3781 3472 3826 sum
3518 3760 3763 3826 Ielcova.
3855 3760 3913 3826 3.
3977 3762 4158 3827 Venit
4200 3785 4269 3828 er
4309 3785 4343 3829 0

2393 3846 2609 3914 Moses
2649 3852 2703 3912 et
2747 3846 3018 3912 Aharon
3062 3848 3147 3913 ad
3253 3846 3618 3925 hamonem,
3663 3852 3721 3912 et
3759 3848 4053 3913 dixerunt
4096 3851 4186 3913 ei:
4285 3851 4344 3916 io

2388 3933 2542 3999 dicit
2584 3933 2817 3998 Iehova
2857 3932 3037 3998 Deus
3080 3932 3540 3998 Hebraeorum:
3602 3933 3928 4014 Quousque
3969 3936 4188 3999 renuis
4231 3934 4346 3999 hu-

2390 4020 2639 4085 miliari
2682 4039 2889 4084 eoram
2927 4019 3092 4102 faeie
3134 4019 3324 4083 mea?
3375 4019 3643 4086 Dimitte
3676 4019 3983 4100 populum
4026 4041 4229 4084 meum
4271 4025 4344 4085 ut

2388 4107 2665 4170 serviant
2698 4105 2873 4172 mihi.
2942 4105 3003 4171 4.
3046 4105 3225 4186 Quod
3253 4104 3313 4170 si
3345 4110 3414 4169 tu
3448 4106 3665 4170 renuis
3697 4105 4007 4169 dimittere
4030 4106 4340 4187 populum

2386 4212 2612 4270 meum,
2658 4211 2815 4268 0000,
2861 4212 2964 4274 090
3020 4192 3320 4256 inducam
3365 4211 3508 4256 cras
3561 4192 3857 4255 locustam
3915 4191 3983 4254 in
4039 4194 4340 4259 terminos

2385 4283 2542 4344 tuos.
2632 4277 2691 4342 5.
2740 4276 2830 4342 Et
2871 4278 3100 4360 operiet
3142 4277 3532 4359 superficiem
3574 4282 3808 4351 terrae,
3867 4281 3938 4340 ut
3978 4297 4100 4341 non
4131 4281 4339 4359 possit

2384 4365 2590 4430 videri
2610 4369 2810 4429 terra.-
2843 4368 2899 4427 et
2932 4363 3194 4428 comedet
3225 4363 3390 4444 quod
3423 4362 3746 4426 residuum
3781 4366 3884 4440 est,
3922 4364 4086 4444 quod
4119 4366 4335 4445 evasit,

2383 4450 2548 4533 quod
2582 4450 2863 4515 relietum
2907 4455 2995 4514 est
3034 4449 3206 4514 vobis
3240 4470 3281 4512 a
3319 4449 3661 4531 yrandine:
3701 4452 3756 4511 et
3796 4451 4059 4514 omnedet
4092 4471 4336 4516 omnem

2384 4536 2668 4602 arborem
2711 4556 2872 4619 quae
2912 4534 3250 4618 fructificat
3289 4534 3460 4599 vobis
3493 4554 3570 4598 ex
3614 4554 3782 4617 ayro.
3874 4535 3932 4598 6.
3981 4535 4070 4600 Et
4111 4537 4330 4620 imple·

2382 4623 2536 4687 bunt
2571 4624 2783 4689 domos
2825 4626 2987 4701 tuas,
3031 4627 3087 4685 et
3128 4621 3336 4684 domos
3380 4621 3657 4685 omnium
3698 4640 4016 4685 servorum
4065 4627 4332 4701 tuorum,

2379 4716 2435 4774 et
2488 4709 2697 4774 domos
2753 4709 3030 4773 omnium
3090 4707 3571 4790 Aeqyptiorum:
3633 4725 3793 4787 quas
3856 4726 3979 4771 nou
4042 4709 4335 4774 viderunt

2369 4801 2591 4877 patres
2650 4795 2776 4873 tui,
2841 4799 2897 4857 et
2940 4798 3159 4876 patres
3190 4796 3452 4873 patrum
3496 4796 3770 4872 tuorum,
3817 4813 3856 4855 a
3900 4793 4002 4858 die
4036 4815 4155 4875 quo
4200 4795 4334 4877 ipsi

2375 4882 2635 4963 fuerunt
2652 4899 2844 4960 super
2865 4884 3097 4943 terram
3133 4897 3331 4958 usque
3363 4879 3449 4943 ad
3481 4879 3645 4943 diem
3679 4877 3860 4943 hunc.
3923 4877 4014 4943 Et
4050 4899 4331 4960 aversus,

2378 4987 2663 5051 egressus
2704 4970 2796 5031 est
2835 4986 2877 5029 a
2923 4964 3278 5030 Pharaone.

2554 5140 2612 5202 1.
2670 5136 2760 5202 Et
2821 5138 2987 5201 dixit
3042 5135 3289 5201 Iehova.
3379 5135 3646 5199 Transit
3702 5135 3924 5199 Moses
3984 5133 4065 5198 ad
4126 5135 4321 5201 aliam

2377 5224 2661 5308 plagam,
2710 5245 2837 5306 qua
2881 5222 3219 5306 perfidiam
3265 5221 3448 5304 impii
3496 5222 3671 5305 regis
3709 5229 3778 5285 et
3820 5220 4323 5286 obstinationem

2378 5310 2560 5375 ultus
2618 5322 2718 5375 est
2763 5307 2977 5375 Dens:
3035 5328 3274 5391 nempe
3331 5306 3500 5389 quod
3560 5306 3894 5372 residuum
3957 5307 4109 5370 anni
4167 5327 4324 5389 pro·

2380 5408 2671 5476 ventum,
2717 5397 2819 5461 cui
2864 5407 3278 5479 pepercerat,
3323 5394 3590 5459 locustis
3626 5390 3991 5458 vorandum
4045 5402 4112 5455 et
4165 5413 4326 5458 exe·

3845 5491 3914 5549 88
