4867 6150
511 412 641 481 643

510 595 694 653 tum:
740 596 1132 654 scortatores
1177 593 1399 651 autem
1443 595 1511 651 et
1553 585 1884 651 adulteros
1927 585 2243 652 iudicabit
2267 586 2471 653 Deus.

509 673 662 740 Iam
721 674 832 740 ubi
892 682 1077 738 vetat
1120 674 1304 737 Deus
1347 670 1751 738 sacerdotem
1797 691 1944 737 cum
1990 680 2205 738 scorto
2248 673 2473 739 coniu-

515 761 701 845 gium
760 760 1180 836 contrahere,
1234 766 1461 841 aperta
1509 757 1784 823 foeditas
1844 766 2140 824 notatur:
2198 758 2365 842 quod
2413 758 2473 824 si

478 844 780 913 ‚filiabus
819 845 1027 912 Israel
1074 844 1349 910 scortari
1399 844 1496 909 fas
1534 866 1663 909 non
1709 844 1855 923 fuit,
1915 844 2142 910 eadem
2190 845 2257 908 in
2303 865 2473 910 mas-

515 932 683 998 culis
719 931 936 997 valere
982 929 1205 995 debuit
1250 931 1414 994 ratio
1451 928 1645 1016 (Lev.
1670 931 1775 1008 21,
1813 930 1926 1011 14;
1974 932 2170 995 Deut.
2197 930 2298 1006 23,
2339 929 2468 1017 17).

513 1017 656 1083 Nec
716 1036 871 1082 vero
932 1015 1198 1083 aliunde
1257 1014 1467 1081 Oseas
1522 1037 1716 1099 quam
1774 1037 1858 1082 ex
1912 1016 2055 1099 lege
2115 1016 2471 1099 reprehen-

516 1103 766 1169 sionem
821 1101 1002 1168 illam
1054 1102 1363 1184 sumpsit,
1415 1100 1739 1167 Scortatio
1783 1111 1851 1167 et
1892 1105 2121 1167 vinum
2162 1104 2471 1168 auferunt

517 1211 630 1254 cor
687 1187 931 1275 (Oseae
986 1188 1049 1267 4,
1112 1186 1241 1274 11).
1334 1185 1545 1254 Sicuti
1610 1188 1763 1254 dum
1828 1188 2184 1272 prophetae
2250 1191 2471 1274 gentis

515 1295 672 1340 suae
729 1273 1130 1356 corruptelas
1191 1272 1637 1356 metaphorice
1689 1275 2055 1359 exagitant,
2118 1296 2252 1339 non
2296 1296 2468 1341 sem-

514 1381 634 1444 per
693 1370 971 1425 utuntur
1035 1359 1235 1425 verbo
1286 1371 1403 1453 ἢκ]
1456 1358 1627 1443 quod
1689 1358 1795 1423 hic
1840 1362 2026 1443 ponit
2067 1360 2308 1438 Moses,
2354 1361 2470 1427 sed

514 1467 625 1511 eas
669 1445 1177 1511 scortationibus
1234 1455 1636 1528 comparant,
1695 1444 1869 1529 quod
1916 1447 1972 1511 si
2011 1467 2132 1529 per
2175 1468 2245 1512 se
2290 1446 2472 1513 licita

514 1540 686 1597 esset
753 1534 1092 1610 scortatio,
1160 1531 1434 1596 minime
1498 1531 1842 1596 translatio
1905 1531 2019 1597 illa
2094 1532 2468 1616 quadraret.

510 1617 744 1683 Iussus
790 1619 915 1683 fuit
936 1617 1145 1684 Oseas
1188 1625 1472 1683 scortum
1521 1636 1784 1682 sumere
1826 1617 1897 1682 in
1941 1638 2239 1697 uxorem,
2286 1618 2472 1684 adul-

513 1704 665 1768 terii
723 1703 908 1768 nulla
968 1705 1043 1768 fit
1087 1704 1362 1781 mentio,
1420 1712 1485 1767 et
1529 1710 1748 1768 tamen
1793 1701 2103 1787 probrum
2149 1714 2215 1769 et
2258 1707 2469 1790 turpi-

513 1790 671 1854 tudo
707 1791 930 1874 populi
971 1788 1372 1855 traducitur:
1413 1788 1560 1871 quis
1606 1810 1783 1856 nunc
1828 1790 1991 1854 vitio
2031 1812 2254 1857 carere
2303 1790 2474 1857 dicat

517 1877 1014 1953 scortationem,
1075 1877 1176 1941 eui
1226 1896 1359 1939 non
1406 1875 1749 1958 vulgarem
1799 1875 2198 1957 ignominiae
2245 1888 2470 1942 notam

513 1961 721 2026 inurit
777 1960 1006 2027 Deus?
1092 1960 1284 2042 Quod
1346 1961 1403 2026 si
1462 1962 1608 2043 quis
1651 1962 2050 2043 pertinacius
2094 1963 2469 2041 contendat,

511 2046 660 2112 falsi
704 2047 994 2112 Paulum·
1032 2046 1403 2124 insimulet,
1450 2047 1564 2129 qui
1610 2047 1982 2130 exemplum
2030 2050 2099 2111 in
2146 2050 2291 2133 lege
2336 2057 2468 2114 tes-

512 2140 694 2197 tatur
741 2135 1149 2216 propositum
1202 2153 1363 2209 esse,
1410 2131 1513 2197 Ne
1558 2142 1938 2214 scortemur,
1983 2133 2136 2199 dum
2183 2156 2317 2201 uno
2364 2136 2469 2201 die

510 2216 892 2284 ceciderunt
948 2219 1183 2303 viginti
1245 2219 1372 2282 tria
1416 2218 1626 2283 millia
1668 2216 1892 2304 (Num.
1940 2218 2043 2297 25,
2089 2218 2176 2307 9).
2267 2220 2468 2287 Certe

516 2305 645 2368 nisi
682 2304 891 2387 legem
940 2303 1335 2387 transgressi
1379 2313 1618 2382 essent,
1663 2326 1795 2369 non
1839 2314 1977 2369 tam
2019 2305 2350 2372 horribilis
2391 2308 2465 2372 in

517 2410 628 2455 eos
686 2391 1029 2455 saeviisset
1086 2388 1397 2455 vindicta.
1487 2386 1565 2455 Si
1609 2391 1757 2473 quis
1802 2392 2075 2473 accipiat
2108 2392 2304 2457 simul
2350 2394 2467 2459 ad·

513 2476 784 2541 mistum
809 2475 1010 2540 fuisse
1033 2475 1436 2539 idololatriae
1460 2476 1728 2554 crimen,
1768 2488 1990 2541 manet
2018 2485 2240 2542 tamen
2275 2481 2468 2543 firma

514 2561 710 2626 Pauli
757 2561 1101 2639 sententia,
1148 2561 1364 2625 Deum
1396 2562 1465 2624 in
1506 2561 1627 2626 hoc
1650 2583 1896 2643 poenae
1927 2563 2227 2647 exemplo
2267 2564 2466 2630 fuisse

512 2647 924 2713 scortationis
968 2646 1247 2712 ultorem
1287 2644 1374 2732 (1.
1403 2646 1551 2713 Cor.
1576 2648 1675 2725 10,
1702 2645 1803 2725 9):
1850 2647 2021 2731 quod
2066 2671 2196 2714 non
2229 2670 2465 2716 conve·

517 2734 658 2798 niet
699 2734 830 2797 nisi
872 2734 960 2796 sit
1007 2734 1173 2816 legis
1201 2733 1656 2817 transgressiO.
1715 2734 1807 2798 Et
1850 2754 2008 2799 sane
2056 2736 2170 2800 ubi
2215 2757 2335 2801 suo
2359 2737 2466 2803 de-

518 2828 695 2885 creto
741 2818 1018 2901 apostoli
1076 2826 1309 2901 gentes
1355 2839 1394 2883 a
1447 2820 1842 2884 scortatione
1887 2819 2239 2901 prohibent
2290 2822 2467 2906 apud

511 2905 766 2970 Lucam
793 2901 970 2990 (Act.
995 2903 1093 2979 15,
1118 2902 1247 2992 21),
1272 2904 1469 2969 simul
1498 2904 1761 2970 additur
1791 2907 1977 2986 ratio,
2018 2907 2175 2989 quia
2209 2910 2283 2973 in
2306 2930 2468 2993 syn-

510 2992 740 3076 agogis
778 2990 1041 3077 legatur
1074 2990 1314 3056 Moses.
1364 2990 1508 3054 Iam
1550 2991 1675 3055 nisi
1700 2991 1937 3055 vitium
1967 3006 2140 3057 esset
2164 2994 2294 3079 legi
2319 3015 2470 3059 con-

511 3078 812 3155 trarium,
858 3077 1043 3142 nulla
1067 3077 1224 3142 inde
1255 3086 1571 3159 concepta
1596 3077 1830 3143 fuisset
1874 3079 2165 3146 offensio.
2236 3081 2470 3147 Caete-

507 3183 661 3229 rum
720 3185 838 3228 cur
895 3163 1015 3228 sub
1082 3183 1239 3229 voce
1286 3163 1592 3228 adulterii
1639 3184 1900 3229 omnem
1945 3166 2275 3249 impuram
2323 3168 2471 3233 libi-

507 3249 729 3314 dinem
766 3247 1199 3324 damnaverit‚
1245 3258 1397 3313 ante
1441 3250 1883 3331 exposuimus.
1966 3249 2230 3318 Scimus
2273 3274 2471 3336 quam

512 3335 820 3400 effraenis
880 3334 1207 3400 scortandi
1265 3334 1534 3400 licentia
1577 3336 1775 3399 fuerit
1819 3335 1990 3419 apud
2037 3347 2300 3420 gentes:
2347 3340 2474 3405 etsi

512 3422 687 3487 enim
729 3440 1065 3503 nunquam
1102 3440 1333 3503 passus
1369 3430 1469 3485 est
1507 3421 1688 3486 Deus
1726 3421 2045 3504 pudorem
2083 3424 2280 3490 simul
2322 3446 2472 3491 cum

1937 413 2418 483 SEPTIMUM
2465 411 3118 480 PRAEOEP'I'UM.

4386 410 4498 477 644

2580 585 2891 668 pudicitia
2932 584 3302 667 exstingui,
3363 584 3719 651 suffocatus
3765 590 3992 649 tamen
4045 581 4500 667 quodammodo

2575 670 2702 737 fuit
2736 671 3002 736 honesti
3034 677 3387 753 respectus,
3424 681 3502 736 ut
3536 670 3800 736 sceleris
3844 670 4237 754 gravitatem
4270 668 4505 735 facetiis

2579 767 2646 823 et
2681 756 3065 823 scurrilibus
3097 757 3257 824 iocis
3292 754 3655 823 eluderent.
3724 756 4004 823 Minime
4038 762 4217 823 certe
4259 756 4507 839 cognita

2578 843 2701 908 fuit
2732 843 2846 908 illa
2870 842 3063 908 Pauli
3096 842 3413 922 doctrina,
3455 843 3563 927 qui
3603 844 3853 927 stupris
3875 842 4240 927 indulgent,
4285 840 4354 905 in
4376 860 4507 907 eor-

2577 950 2704 1014 pus
2763 950 2957 995 suum
3004 950 3291 1013 peccare.
3382 928 3717 1010 Quoniam
3761 950 3918 1013 ergo
3962 927 4376 1012 indulgentia
4414 947 4509 992 so-

2575 1016 2752 1100 pitae
2789 1023 2981 1082 erant
3023 1016 3317 1081 omnium
3366 1023 3641 1094 mentes,
3686 1014 3981 1081 criminis
4024 1013 4365 1080 atrocitate
4404 1034 4511 1078 ex·

2575 1102 2918 1187 pergefieri
2963 1121 3228 1167 necesse
3280 1101 3428 1181 fuit,
3473 1110 3547 1166 ut
3591 1102 3673 1168 ab
3716 1101 4021 1166 omnibus
4066 1100 4513 1184 inquinamen-

2581 1187 2667 1252 tis
2727 1208 2962 1255 cavere
3019 1187 3366 1253 discerent.
3455 1187 3594 1253 Nec
3652 1196 3917 1252 tantum
3973 1187 4080 1252 hic
4123 1185 4517 1251 damnantur

2575 1294 2786 1357 vagae
2829 1273 3166 1352 libidines,
3212 1274 3328 1339 sed
3373 1274 3559 1339 Deus
3596 1274 3906 1357 populum
3951 1293 4142 1338 suum
4182 1270 4267 1338 ad
4310 1271 4517 1337 colen-

2574 1359 2729 1426 dam
2771 1358 3152 1443 pudicitiam
3200 1369 3268 1425 et
3309 1361 3675 1425 castitatem
3719 1359 4025 1426 inst-ituit.
4092 1358 4375 1425 Summa
4406 1364 4517 1435 est,

2574 1455 2652 1511 ut
2706 1447 2817 1529 qui
2864 1468 2935 1511 se
2979 1445 3124 1512 Deo
3168 1444 3445 1529 probare
3488 1447 3794 1530 cupiunt,
3840 1446 3993 1530 puri
4037 1444 4176 1511 sint
4218 1442 4302 1509 ab
4346 1444 4518 1508 omni

2574 1531 2765 1597 sorde
2801 1532 3020 1599 carnis
3056 1541 3125 1597 et
3158 1533 3449 1617 spiritus.
3509 1532 3649 1599 Nec
3692 1532 3867 1597 enim
3915 1531 4185 1596 dubium
4232 1537 4335 1595 est
4367 1529 4519 1612 quin

2575 1617 2830 1684 Paulus
2902 1616 2988 1705 (2.
3050 1618 3201 1686 Cor.
3251 1619 3310 1695 7,
3360 1620 3394 1684 1
3476 1617 3582 1684 his
3639 1618 3862 1686 verbis
3927 1618 4144 1703 legem
4201 1616 4521 1698 interpre-

2576 1705 2703 1768 tari
2729 1704 2919 1769 velit:
2957 1704 3150 1771 sicuti
3187 1703 3342 1769 alibi
3424 1725 3536 1770 um
3571 1704 3876 1770 hortatur
3908 1725 4030 1770 vas
4067 1723 4263 1768 suum
4302 1720 4522 1784 quem-

2576 1810 2703 1872 que
2760 1788 3096 1873 possidere
3153 1812 3304 1858 cum
3361 1791 3875 1856 sanctificatione
3942 1798 4011 1855 et
4067 1789 4353 1867 honore,
4395 1808 4522 1852 non

2574 1875 2644 1938 in
2683 1877 2921 1942 affectu
2965 1877 3550 1960 concupiscentiae,
3593 1876 3786 1942 sicuti
3833 1883 4062 1961 gentes
4105 1895 4273 1959 quae
4309 1874 4523 1940 Deum

2575 1982 2704 2027 non
2744 1972 3071 2028 noverunt
3114 1960 3201 2049 (1.
3232 1961 3461 2028 Thess.
3506 1962 3568 2043 4,
3613 1960 3701 2049 4).

3151 2339 3283 2406 EX
3326 2341 3632 2409 LEVI'I'.
3677 2341 3943 2409 XVIII.

2744 2538 2845 2604 20.
2885 2538 3085 2606 Uxori
3106 2540 3397 2621 proximi
3430 2540 3527 2604 tui
3561 2560 3685 2606 non
3719 2539 3903 2606 dabis
3936 2535 4325 2605 concubitum
4358 2539 4525 2598 tuum

2570 2625 2642 2689 in
2685 2627 2932 2702 semine,
2977 2630 3048 2689 ut
3078 2625 3403 2706 polluaris
3446 2645 3587 2691 cum
3631 2646 3722 2691 ea.

2744 2820 2998 2885 Eadem
3062 2820 3261 2885 huius
3318 2821 3444 2888 loci
3508 2824 3675 2888 ratio
3736 2833 3834 2888 est
3878 2841 4046 2904 quae
4090 2818 4522 2903 superiorum.

2574 2907 2719 2973 Etsi
2784 2909 2957 2971 enim
3020 2905 3350 2990 quaelibet
3406 2911 3713 2975 scortatio
3738 2924 3743 2931 '
3767 2909 4103 2974 hominem
4159 2903 4421 2990 polluit,
4460 2903 4523 2967 in

2576 2992 2898 3059 adulterio
2951 2992 3197 3057 foedior
3242 3002 3345 3058 est
3386 2994 3769 3078 impuritas:
3834 2994 3986 3079 quia
4027 2991 4326 3058 violatur
4379 3008 4524 3056 cou-

2572 3079 2734 3165 iugii
2783 3081 3114 3155 sanctitas,
3158 3087 3227 3144 et
3265 3083 3537 3148 seminis
3573 3083 3871 3147 mixtura
3920 3079 4262 3144 inducitur
4310 3076 4526 3161 spuria

2576 3179 2643 3232 et
2688 3165 2904 3231 aliena
2949 3165 3225 3231 soboles.
3317 3167 3498 3252 Ergo
3542 3166 3667 3233 hoc
3711 3166 4036 3252 flagitium
4085 3164 4325 3230 merito
4350 3161 4526 3227 Deus

2577 3253 2753 3340 inter
2805 3253 3100 3336 gentium
3161 3252 3682 3320 abominationes
3740 3253 4102 3331 recensuit,
4159 3251 4359 3315 sicuti
4402 3247 4525 3314 cla·

2575 3339 2717 3403 rius
2756 3338 2979 3404 videre
3009 3338 3164 3403 licet
3200 3359 3285 3403 ex
3320 3340 3555 3424 capitis
3581 3340 4006 3423 praefatione,
4043 3335 4223 3402 unde
4270 3340 4525 3418 sumpta

2585 3433 2687 3490 est
2729 3424 2891 3491 haec
2935 3425 3282 3489 sententia.

1581 4197 2259 4277 APPENDICES
2327 4200 2764 4276 SEPTIMI
2828 4197 3464 4275 PRAECEPTI.

1093 4483 1227 4548 Ex
1269 4481 1578 4550 LEVI'I'.
1625 4483 1893 4551 XVIII.

683 4654 788 4720 22.
843 4652 999 4721 Cum
1053 4656 1328 4722 masculo
1385 4677 1463 4720 ne
1518 4657 1882 4722 concumbas
1922 4659 2240 4725 concubitu
2280 4661 2470 4725 muli-

512 4742 671 4808 eris:
713 4741 1092 4807 abominatio
1136 4747 1242 4807 est.
1332 4742 1434 4807 23.
1485 4741 1642 4808 Cum
1688 4743 1960 4809 animali
2002 4765 2125 4810 non
2167 4745 2359 4812 coibis
2401 4750 2471 4810 ut

498 4828 829 4912 polluaris
862 4847 1001 4892 cum
1044 4848 1145 4894 eo.-
1181 4848 1289 4892 nec
1329 4828 1556 4894 mulier
1587 4830 1929 4910 prostituet
1970 4850 2035 4895 se
2080 4831 2358 4895 animali
2398 4836 2471 4897 ut

511 4918 677 4979 cocat
730 4933 869 4978 cum
928 4933 1032 4978 eo:
1072 4915 1397 4995 turpitudo
1440 4919 1546 4979 est.
1637 4915 1738 4980 24.
1807 4915 1910 4980 Nc
1955 4915 2339 4996 polluamini
2398 4919 2468 4982 in

511 5000 795 5065 omnibus
829 4998 965 5065 his:
997 5020 1147 5064 nam
1190 5000 1259 5063 in
1294 5000 1398 5065 his
1441 5001 1723 5067 omnibus
1758 5001 2123 5082 polluerunt
2162 5022 2230 5068 se
2259 5009 2471 5085 yentes

511 5107 672 5168 quas
691 5107 796 5169 eyo
828 5086 1080 5151 eiiciam
1116 5107 1158 5150 a
1202 5086 1367 5167 facie
1398 5091 1620 5152 vestra.
1690 5087 1791 5151 25.
1835 5086 2085 5152 Polluta
2120 5087 2247 5170 fuit
2280 5093 2467 5168 terra,

513 5178 571 5238 et
641 5174 898 5238 visitavi
964 5173 1357 5254 iniquitatem
1431 5173 1568 5238 cius
1616 5193 1809 5253 super
1867 5193 2002 5237 eam
2018 5225 2033 5252 ,
2091 5177 2330 5240 evomu‘

513 5264 686 5323 terra
716 5257 1093 5324 habitatores
1126 5278 1291 5322 suos,
1383 5257 1485 5321 26.
1551 5257 1672 5323 Vos
1714 5278 1855 5341 erqo
1897 5260 2193 5325 custodite
2235 5265 2472 5326 statuta

503 5363 669 5424 mea,
713 5349 769 5408 et
800 5345 1045 5410 iudicia
1079 5365 1248 5410 mea.-
1292 5349 1349 5410 et
1387 5365 1464 5409 ne
1492 5344 1751 5426 faciatis
1793 5364 1870 5410 ex
1911 5344 2199 5411 omnibus
2240 5347 2472 5411 abomi-

2570 4485 2928 4554 nationibus
2970 4486 3112 4551 istis
3127 4536 3141 4562 ‚
3203 4483 3519 4568 indiyena,
3564 4483 3659 4549 vel
3692 4483 4067 4567 parem-inus
4110 4485 4223 4565 qui
4256 4483 4519 4568 peremi-

2569 4579 2765 4639 natur
2828 4574 2900 4637 in
2963 4572 3164 4637 medio
3226 4572 3438 4637 vestri.
3526 4571 3629 4636 27.
3705 4569 3930 4635 Omnes
3994 4570 4160 4634 enim
4389 4573 4518 4636 ina·

2571 4660 2765 4725 tiones
2818 4660 2979 4724 istas
3030 4658 3308 4739 fecerunt
3350 4657 3628 4723 homines
3681 4661 3886 4721 terrac
3928 4655 4039 4736 qui
4078 4656 4339 4737 fuerunt
4388 4660 4517 4721 ante

2570 4766 2707 4826 vos,
2761 4749 2817 4811 ct
2858 4743 3108 4825 polluta
3159 4744 3288 4824 fuit
3344 4748 3531 4809 terra.
3621 4740 3723 4807 28.
3776 4742 3877 4806 Nc
3931 4747 4169 4808 evomat
4210 4765 4321 4810 vos
4358 4747 4515 4807 terra

2571 4832 2733 4913 quod
2790 4831 3219 4896 contaminetis
3274 4850 3413 4894 eam
3429 4878 3445 4907 ,
3505 4827 4021 4910 quemadmodum
4069 4830 4335 4894 evomuit
4383 4846 4513 4911 yen-

2571 4921 2693 4982 tem
2758 4937 2916 4998 quae
2975 4916 3105 4998 fuit
3165 4920 3310 4980 ante
3372 4933 3498 4979 voS.
3589 4913 3690 4980 29.
3766 4913 4068 4996 Quisquis
4110 4916 4277 4980 enim
4314 4913 4513 4997 fecerit

2572 5022 2650 5067 ex
2692 5002 2977 5068 omnibus
3019 4999 3579 5066 abominationibus
3622 4999 3794 5079 istis,
3850 5001 4104 5065 animae
4159 5021 4319 5083 quac
4373 4999 4512 5082 fecc-

2574 5088 2709 5153 rint
2772 5089 3130 5153 excidentia·
3193 5107 3225 5151 e
3287 5086 3490 5151 medio
3561 5086 3788 5166 populi
3849 5087 3972 5151 sui.
4059 5086 4161 5152 30.
4214 5083 4508 5152 Guston

2574 5175 2893 5240 custodias
2945 5192 3134 5252 meaS,
3190 5192 3300 5237 nec
3337 5172 3586 5254 facietis
3628 5192 3661 5235 c
3704 5175 3956 5238 statutis
3998 5172 4507 5240 abominationum

2574 5281 2732 5341 quae
2772 5260 2944 5341 facta
2985 5263 3133 5323 sunt
3172 5264 3317 5324 ante
3357 5255 3481 5339 vos,
3526 5278 3719 5340 neque
3752 5257 4061 5340 polluatis
4102 5279 4211 5325 vos
4248 5260 4318 5325 in
4358 5256 4504 5322 alis.-

2574 5367 2678 5429 eyo
2724 5345 2956 5411 Ichova
2996 5343 3176 5410 Deus
3215 5350 3432 5411 vester.
