4867 6150
565 406 697 474 559

568 595 941 747 ggnuslfuit
961 593 1275 694 lapidatio
1268 680 1308 747 b
1344 593 1455 659 sed
1492 593 1831 745 tperogabile
1865 601 1967 744 θεὲ
1990 594 2153 747 D}-
2173 595 2517 696 placuisse,

568 705 614 748 u
658 705 681 748 ι
809 702 1025 748 urium
1086 702 1266 747 mam
1312 702 1388 747 us
1443 701 1488 745 u
1559 703 1602 744 n
1652 702 1761 748 um
1820 701 1977 747 era.
2134 703 2214 748 isi
2274 704 2343 747 in
2389 703 2517 748 usu

567 704 807 835 fuissgt
849 764 1302 850 suspendium,
1356 766 1604 832 frustra
1645 767 1944 832 iussisset
1987 750 2170 833 Deus
2215 775 2369 834 ante
2413 789 2517 834 so·

567 854 651 920 lis
707 874 1009 920 occasum
1053 874 1089 917 e
1131 852 1181 916 li
1274 874 1312 918 o
1357 851 1496 917 tolli
1540 853 1842 935 suspensi
1885 852 2172 919 hominis
2216 853 2515 920 cadaver.

566 937 795 1027 (Deut.
841 939 945 1018 21,
992 958 1055 1005 v.
1095 938 1199 1005 23.
1314 938 1623 1004 Fuerunt
1675 938 1878 1024 igitur
1934 938 2100 1004 aliae
2157 959 2516 1023 poenarum

568 1025 950 1110 capitalium
1016 1026 1279 1110 species.
1380 1022 1517 1090 Sed
1582 1022 1694 1090 ubi
1756 1025 1896 1090 eius
1962 1026 2074 1109 qui
2141 1033 2520 1109 peccaverat

569 1121 800 1192 morte,
860 1110 1047 1195 quasi
1103 1110 1395 1193 piaculo,
1455 1109 1801 1195 purganda
1834 1110 1962 1177 fuit
1996 1119 2192 1191 terra,
2238 1110 2520 1197 lapidari

1996 405 2417 474 TERTIUM
2477 406 3124 477 PRAEOEPTUM.

4424 412 4534 482 560

2621 597 2914 681 oportuit
2949 598 3155 663 totius
3201 598 3419 683 populi
3458 599 3797 666 manibus:
3842 600 4000 684 quia
4033 599 4294 667 crudele
4333 601 4538 669 fuisset

2621 683 2803 748 lenta
2837 693 3048 749 morte
3083 686 3397 764 consumi,
3449 684 3507 749 si
3557 685 3684 751 alii.
3716 695 3865 769 post
3908 687 4068 753 alios
4113 704 4343 753 manus
4386 698 4540 753 attu-

2622 768 2872 835 lissent.
2971 768 3107 835 Gur
3166 780 3386 834 autem
3446 770 3664 837 iussus
3726 771 3923 837 fuerit
3979 771 4259 858 populus
4317 772 4542 855 lapides

2621 855 2936 938 proiicere
2973 875 3105 920 uno
3139 876 3483 934 consensu,
3531 857 3691 923 haec
3720 857 3845 921 fuit
3888 858 4072 938 ratio,
4119 867 4196 924 ut
4239 860 4544 942 specimen

2624 939 2845 1007 ederet
2901 940 3022 1006 zeli
3071 942 3202 1023 sui,
3292 962 3377 1008 uo
3424 950 3820 1009 monstraret
3862 943 4095 1028 quanti
4136 944 4383 1011 faceret
4421 943 4548 1010 vio-

2625 1026 2934 1092 lationem
2979 1026 3195 1094 cultus
3308 1029 3386 1094 ei.

1802 2041 2382 2136 TERTIUM
2448 2037 3351 2168 PRAEGEPTUM.

1212 2343 1344 2409 EX
1391 2342 1696 2411 EXODI
1736 2342 1896 2410 XX.

745 2516 805 2580 7.
855 2514 1004 2581 Non
1041 2535 1254 2582 sumes
1293 2514 1958 2582 nomenIehovaeDei
1998 2517 2097 2581 tui
2138 2516 2212 2581 in
2252 2535 2522 2581 vanum.-

569 2603 731 2753 m
764 2601 1188 2753 wvgtbmmggd
1220 2601 1615 2687 αῳηΙεΙιουα
1657 2602 1771 2683 qui
1811 2621 2028 2668 nomen
2069 2621 2257 2667 suum
2301 2622 2519 2685 ΜΨ-

965 3030 1494 3114 ΒΕΡΕΤῙΤῙΟ,
1546 3029 1681 3097 EX
1724 3029 1994 3099 DEU'I'.
2043 3030 2125 3097 V.

751 3205 848 3270 11.
900 3204 1047 3270 Non
1079 3223 1289 3269 sumes
1322 3201 1972 3270 nommlehovaeDei
2011 3205 2109 3269 bui
2148 3204 2218 3270 in
2252 3225 2526 3271 vanum.-

573 3288 1452 3444 ggigzinonffiuetlehova
1501 3290 2522 3373 eumquinomensuumsumpf-

751 3547 964 3612 Exodi
1008 3547 1113 3624 20,
1161 3547 1220 3613 7.
1290 3547 1438 3613 Non
1478 3566 1688 3613 sumes
1728 3566 1965 3613 nomen.
2036 3547 2387 3614 Manifesta
2421 3558 2526 3614 est

573 3637 645 3698 in
708 3636 828 3699 hoc
886 3646 1229 3716 praecepto
1285 3632 1728 3718 synecdoche:
1788 3653 1940 3697 nam
1990 3643 2063 3698 ut
2104 3632 2291 3699 Deus
2334 3656 2525 3699 reve-

573 3720 858 3785 rentiam
915 3720 1220 3786 conciliet
1273 3741 1457 3784 sacro
1516 3740 1635 3784 suo
1679 3719 1930 3783 nomini
1974 3718 2186 3802 qualis
2229 3718 2521 3800 debetur,

574 3817 756 3872 vetat
793 3819 1041 3870 temere
1085 3807 1278 3882 sumi,
1324 3806 1672 3887 praecipue
1713 3804 1786 3869 in
1829 3806 2239 3871 iuramentis.
2330 3804 2523 3873 Unde

573 3892 907 3974 colligitur
955 3912 1040 3956 ex
1096 3893 1391 3973 opposito
1435 3892 1906 3957 affirmativum
1952 3904 2401 3973 praeceptum,
2449 3901 2523 3956 ut

574 3998 770 4042 omne
817 3977 1277 4042 iusiurandum
1334 3977 1784 4042 testimonium
1840 3977 1930 4041 sit
1983 3997 2182 4042 verae
2238 3977 2518 4059 pietatis,

572 4065 645 4128 in
682 4085 812 4147 quo
856 4064 984 4128 Dei
1029 4064 1234 4145 ipsius
1279 4063 1587 4128 maiestas
1630 4062 1914 4145 gloriam
1956 4083 2151 4127 suam
2206 4064 2519 4130 obtineat.

572 4151 785 4215 Porro
828 4162 1083 4215 certum
1129 4161 1228 4213 est
1264 4170 1398 4213 non
1441 4147 1634 4213 modo
1678 4169 1880 4231 quum
1926 4168 2042 4231 per
2086 4149 2306 4212 Deum
2347 4149 2521 4214 iura-

574 4257 753 4312 mus,
821 4246 1204 4302 reverenter
1265 4232 1613 4300 colendum
1679 4253 1822 4299 esse
1879 4237 2023 4299 eius
2083 4255 2345 4312 nomen,
2404 4235 2520 4300 sed

573 4322 829 4403 quoties
887 4323 965 4387 fit
1009 4323 1152 4387 eius
1193 4321 1462 4385 mentio.
1543 4321 1650 4384 Ita
1696 4320 1801 4385 his
1843 4321 2060 4385 verbis
2103 4322 2521 4386 sanctitatem

575 4428 798 4484 suam,
855 4418 993 4472 tam
1051 4408 1118 4472 in
1166 4405 1367 4472 verbo
1412 4427 1608 4488 quam
1652 4407 1957 4487 operibus
2000 4407 2158 4482 suis,
2217 4406 2298 4470 ab
2344 4408 2524 4471 omni

575 4493 847 4574 profano
890 4504 1268 4575 contemptu
1313 4493 1563 4557 asserit.
1648 4492 1878 4556 Iurare
1923 4513 2040 4575 per
2092 4490 2223 4556 Dei
2262 4513 2521 4566 nomen,

574 4579 857 4660 speciem
922 4600 1065 4644 esse
1133 4579 1234 4643 vel
1301 4589 1557 4662 partem
1624 4578 1839 4642 cultus
1905 4579 2067 4655 eius,
2137 4578 2332 4661 paulo
2375 4590 2526 4660 post

576 4663 967 4743 videbimus,
1017 4675 1085 4730 et
1129 4686 1211 4729 ex
1255 4665 1465 4730 Isaiae
1510 4664 1728 4729 verbis
1771 4663 1946 4729 clare
1997 4673 2178 4746 patet
2218 4661 2375 4750 (Isa.
2414 4662 2521 4741 45,

574 4748 706 4836 23).
794 4750 972 4816 Nam
1030 4751 1140 4816 ubi
1199 4751 1513 4834 praedicit
1572 4762 1804 4834 gentes
1849 4771 2077 4816 omnes
2122 4771 2324 4832 purae
2368 4750 2522 4814 reli-

572 4836 754 4921 gioni
790 4857 1030 4901 nomen
1062 4837 1351 4920 daturas,
1384 4837 1479 4903 sic
1515 4837 1640 4902 ait:
1679 4836 1853 4902 Vivo
1887 4857 2029 4920 ego,
2075 4834 2235 4901 dicit
2257 4835 2523 4915 lehova,

574 4924 741 4988 mihi
797 4923 1180 4989 curvabitur
1224 4943 1419 4987 omne
1462 4943 1656 5005 genu,
1704 4931 1770 4986 et
1812 4922 2028 4987 omnis
2071 4921 2299 5005 lingna
2343 4922 2522 4986 iura-

577 5009 672 5075 bit
708 5031 823 5091 per
859 5030 982 5073 me.
1063 5008 1269 5073 Porro
1303 5010 1357 5074 si
1405 5008 1778 5092 genuflexio
1821 5009 2267 5074 adorationem
2312 5007 2522 5091 signi-

573 5097 746 5175 ficat,
781 5094 959 5161 istud
1001 5095 1223 5159 iurare
1264 5094 1434 5176 quod
1480 5094 1877 5160 coniunctim
1921 5091 2199 5168 additur,
2249 5105 2522 5158 tantun-

537 5180 726 5245 -dem
784 5182 956 5245 valet
1020 5195 1212 5262 atque
1278 5181 1492 5261 ipsum
1550 5201 1902 5262 agnoscere
1958 5200 2075 5262 pro
2123 5182 2285 5244 Deo.
2374 5179 2520 5244 Iam

576 5289 775 5350 quum
824 5268 989 5332 ratio
1034 5266 1233 5332 dictet
1277 5267 1557 5348 speciem
1605 5266 1711 5330 hic
1757 5268 1909 5348 poni
1954 5288 2069 5348 pro
2114 5287 2374 5349 genere,
2424 5268 2518 5328 vi-

577 5354 865 5418 dendum
924 5364 1026 5417 est
1080 5353 1238 5435 quid
1295 5351 1576 5436 intelligi
1637 5351 1869 5417 debeat
1924 5373 2043 5435 per
2085 5373 2325 5418 nomen
2369 5352 2516 5426 Dei,

2622 2357 2689 2409 et
2744 2364 2861 2427 per
2915 2342 3303 2411 adverbium
3350 2329 3540 2413 mw'v.
3628 2345 3943 2430 Ineptum
3986 2366 4063 2413 ac
4107 2345 4362 2429 puerile
4401 2366 4571 2414 com·

2623 2440 2923 2495 mentum
2946 2438 3050 2494 est
3074 2430 3471 2514 restringere
3504 2429 3629 2496 hoc
3665 2432 3749 2496 ad
3784 2453 4025 2497 nomen
4048 2431 4360 2511 Iehovae,
4404 2454 4479 2498 ac
4516 2432 4569 2497 si

2623 2517 2694 2580 in
2753 2516 2962 2580 literis
3021 2514 3131 2581 vel
3186 2537 3219 2580 s
3270 2515 3459 2583 llabis
3510 2517 3766 2584 inclusa
3817 2526 3993 2584 esset
4050 2518 4178 2584 Dei
4238 2517 4570 2584 maiestas:

2623 2601 2738 2667 sed
2772 2602 2925 2684 quia
2947 2601 3208 2667 invisib‘
3245 2602 3298 2667 ‘s
3331 2612 3438 2669 est
3470 2603 3613 2668 eius
3645 2605 3950 2681 essentia,
3989 2625 4230 2670 nomen
4266 2616 4381 2668 tan
4427 2624 4573 2668 uam

2624 2689 2841 2771 imago
2900 2688 3087 2752 nobis
3144 2689 3532 2771 proponitur
3550 2739 3566 2767 ,
3634 2699 3962 2777 quatenus
4020 2710 4093 2755 se
4146 2689 4342 2756 nobis
4385 2625 4572 2755 ίἰλιιιει

2625 2773 2934 2857 patefacit
2950 2823 2965 2852 ,
3032 2783 3100 2837 et
3163 2774 3300 2840 suis
3360 2775 3533 2840 notis
3575 2796 3647 2840 se
3708 2776 4075 2858 insigniens
4130 2776 4571 2859 cognoscitur:

2625 2859 2819 2925 sicuti
2843 2858 3139 2925 homines
3176 2880 3262 2925 ex
3298 2881 3418 2925 suo
3461 2860 3740 2944 quisque
3782 2861 4067 2927 nomine.
4137 2860 4287 2926 Hac
4331 2863 4575 2927 ratione

2628 2945 2942 3012 Christus
2997 2944 3182 3010 docet
3239 2966 3481 3011 nomen
3532 2945 3660 3011 Dei
3703 2944 4166 3030 comprehendi
4209 2947 4338 3013 sub
4382 2947 4567 3022 coelo,

2626 3041 2805 3098 terra
2822 3081 2838 3112 ,
2898 3030 3141 3115 templo
3156 3081 3173 3107 ‚
3228 3030 3453 3098 altari:
3527 3033 3680 3117 quia
3723 3031 3859 3099 illic
3900 3032 4255 3117 conspicua
4298 3044 4406 3100 est
4444 3033 4576 3100 eius

2626 3118 2834 3203 gloria
2873 3115 3093 3202 (Matt.
3139 3117 3199 3197 ὃ,
3238 3116 3370 3204 34).
3457 3117 3654 3186 Unde
3697 3118 4016 3203 sequitur,
4072 3120 4417 3202 profanari
4456 3117 4575 3185 Dei

2627 3224 2872 3269 nomen
2930 3204 3183 3286 quoties
3262 3224 3557 3270 summae
3621 3205 3763 3272 eius
3821 3206 4215 3289 sapientiae,
4282 3206 4575 3271 infinitae

2627 3289 2894 3369 virtuti,
2987 3289 3307 3370 iustitiae,
3386 3290 3684 3370 veritati,
3765 3290 4150 3356 clementiae
4235 3300 4307 3356 et
4398 3291 4577 3357 recti·

2629 3376 2847 3441 tudini
2942 3373 3326 3442 detrahitur.
3448 3373 3528 3443 Si
3603 3377 3857 3460 placeat
3938 3375 4198 3443 brevior
4269 3376 4575 3455 definitio,

2628 3461 2922 3528 dicamus
2990 3482 3229 3525 nomen
3296 3483 3439 3528 esse
3502 3460 3676 3546 quod
3735 3461 3985 3529 Paulus
4047 3459 4272 3547 (Rom.
4350 3464 4410 3541 1,
4478 3461 4577 3548 19)

2630 3559 2817 3613 vocat
2884 3545 2952 3610 to*
3016 3545 3297 3627 γνωστόν.
3410 3546 3710 3613 Inaniter
3764 3569 3924 3614 vero
3989 3549 4274 3614 sumitur
4342 3569 4576 3614 nomen

2627 3633 2792 3710 Dei,
2872 3653 3006 3698 non
3085 3644 3340 3700 tantum
3411 3634 3523 3700 ubi
3582 3633 3755 3718 quis·
3785 3655 3864 3700 eo
3940 3634 4236 3701 abutitur
4296 3635 4382 3700 ad
4448 3656 4578 3717 per·

2626 3719 2829 3798 iuria,
2886 3718 3001 3783 sed
3069 3720 3182 3783 ubi
3247 3719 3483 3785 leviter
3545 3741 3621 3785 ac
3685 3720 4112 3804 contemptim
4176 3721 4438 3804 rapitur
4498 3717 4574 3785 ad

2625 3803 2999 3887 probandas
3033 3825 3141 3870 res
3183 3805 3454 3871 frivolas
3497 3825 3574 3872 ac
3617 3806 4029 3890 nugatorias:
4073 3806 4313 3888 loquor
4359 3806 4441 3872 de
4478 3806 4571 3870 iu·

2626 3890 2962 3956 ramentis.
3052 3889 3137 3954 In
3194 3910 3272 3955 eo
3317 3901 3541 3957 autem
3584 3892 3784 3957 nimis
3827 3912 4051 3957 crassa
4091 3904 4194 3958 est
4236 3891 4571 3958 hominum

2622 3974 3030 4060 ingratitudo
3048 4026 3063 4053 ,
3122 3975 3297 4058 quod
3355 3998 3559 4059 quum
3619 3977 3804 4043 Deus
3862 3998 4102 4043 nomen
4147 3998 4350 4043 suum
4394 3976 4571 4061 qnasi

2622 4061 2915 4145 precario
2959 4062 3271 4128 concedat
3313 4060 3397 4127 ad
3438 4061 3588 4128 lites
3631 4062 4060 4142 dirimendas,
4114 4071 4434 4145 tanquam
4476 4064 4571 4128 in-

2623 4149 2940 4232 terposito
2985 4146 3132 4213 fidei
3179 4148 3485 4233 pignore:
3545 4149 3912 4232 promiscue
3976 4167 4111 4214 non
4167 4148 4319 4215 sine
4378 4149 4572 4215 mani·

2626 4234 2794 4299 festo
2850 4241 3229 4317 contemptu
3281 4235 3354 4298 in
3411 4234 3705 4319 ipsorum
3767 4254 3881 4299 ore
3941 4233 4186 4300 volitat.
4277 4236 4574 4301 Periuria

2628 4321 2869 4384 iterum
2928 4318 3269 4385 damnabit
3322 4319 3506 4385 Deus
3561 4322 3631 4385 in
3675 4320 3907 4404 quinto
3950 4332 4301 4404 praecepto
4348 4341 4572 4387 secun-

2627 4404 2750 4470 dae
2795 4405 3091 4483 tabulae,
3133 4425 3373 4487 nempe
3416 4416 3740 4490 quatenus
3775 4406 4092 4489 proximis
4128 4406 4430 4473 nocendo
4471 4425 4573 4472 ca-

2628 4492 2894 4556 ritatem
2953 4490 3225 4557 laedunt
3281 4512 3358 4558 ac
3417 4492 3682 4557 violant.
3770 4491 3992 4558 Huius
4080 4494 4373 4576 raecepti
4415 4492 4571 4557 alius

2627 4589 2727 4643 est
2758 4584 3092 4660 respectus
3136 4576 3245 4643 vel
3288 4577 3476 4657 finis,
3520 4590 3599 4643 ut
3637 4579 3782 4644 Deo
3824 4599 3987 4644 suus
4077 4598 4239 4643 onos
4283 4577 4569 4644 illibatus

2626 4674 2908 4743 maneat,
2953 4685 3083 4729 non
3121 4663 3251 4727 nisi
3294 4664 3600 4749 religiose
3634 4663 3715 4728 de
3759 4664 3901 4746 ipso
3942 4662 4314 4745 loquamur,
4359 4665 4569 4749 vigeat

2625 4750 2800 4814 inter
2845 4771 2966 4815 nos
3002 4771 3171 4832 quae
3208 4749 3432 4827 debet,
3487 4750 3631 4815 eius
3664 4749 4027 4814 veneratio.
4106 4763 4235 4817 mv
4315 4749 4567 4834 quidem

2626 4836 2797 4901 verti
2851 4843 3106 4918 posset:
3164 4834 3269 4900 Ad
3314 4835 3762 4916 mendacium,
3807 4847 3874 4899 et
3918 4834 4045 4901 hoc
4086 4856 4290 4901 sensu
4336 4832 4569 4902 videbi-

2625 4943 2775 4987 mus
2810 4921 2956 4987 aliis
2990 4921 3151 4988 locis
3185 4922 3388 4986 sumi:
3436 4921 3549 4988 sed
3592 4922 3749 5005 quia
3791 4942 3987 5004 saepe
4024 4920 4421 4986 tantundem
4464 4940 4567 4984 va-

2624 5006 2718 5072 let
2775 5029 2852 5074 ac
2911 5019 3035 5075 mn
3082 5006 3253 5091 quod
3298 5020 3398 5073 est
3441 5008 3646 5091 gratis
3689 5006 3798 5073 vel
3841 5007 4109 5085 frustra,
4157 5008 4321 5073 haec
4376 5026 4562 5090 expo-

2623 5094 2774 5160 sitio
2834 5092 3068 5158 melius
3124 5091 3447 5174 quadrare
3504 5094 3649 5159 visa
3705 5104 3836 5159 est:
3887 5093 3957 5157 in
4016 5113 4145 5176 qua
4191 5094 4394 5158 etiam
4439 5092 4562 5175 ple·

2623 5181 2770 5244 nior
2840 5195 2905 5245 et
2973 5178 3235 5243 uberior
3306 5178 3607 5244 doctrina
3676 5178 4068 5256 continetur,
4135 5201 4218 5244 ne
4272 5178 4559 5244 homines

2623 5265 2810 5346 quasi
2870 5286 2984 5347 per
3042 5263 3278 5328 ludum
3334 5275 3401 5330 et
3455 5265 3671 5331 iocum
3730 5264 3857 5329 Dei
3908 5285 4148 5329 nomen
4191 5263 4446 5329 levibus
4484 5259 4557 5326 de

2622 5352 2837 5417 causis
2872 5349 3225 5433 arripiant:
3270 5350 3446 5433 quod
3490 5372 3621 5416 non
3664 5353 3742 5416 fit
3785 5351 3926 5416 sine
3971 5351 4115 5415 eius
4156 5348 4552 5422 contumelia,
