4867 6150
554 420 683 488 631

1169 612 1307 680 Ex
1348 612 1623 680 DEU'I'.
1668 610 1934 678 XXIV.

745 785 847 850 16.
911 784 1060 852 Non
1114 783 1566 866 interficientur
1614 787 1838 867 patres
1887 804 2012 866 pro
2071 783 2265 866 filii-8,
2329 803 2524 867 ”W

559 872 691 955 filii
723 869 1176 953 interficientur
1197 890 1323 952 pro
1354 869 1688 952 patribus.-
1731 870 1995 953 quisque
2026 871 2099 936 in
2119 875 2375 952 peceato
2406 889 2524 936 suo

741 1128 872 1195 Hic
930 1149 1185 1212 quoque
1243 1126 1528 1194 ostendit
1587 1135 1902 1211 quantam
1958 1127 2292 1194 humanae
2344 1127 2526 1193 vitae

567 1235 794 1281 curam
840 1222 1052 1297 gerat,
1101 1236 1185 1280 ne
1226 1216 1595 1297 promiscue
1636 1221 2022 1298 grassentur
2074 1213 2340 1295 caedes,
2406 1213 2521 1280 ubi

572 1308 755 1367 vetat
817 1301 988 1367 filios
1051 1299 1306 1366 involvi
1370 1321 1520 1367 cum
1585 1300 1989 1384 parentibus.
2089 1300 2237 1366 Lex
2302 1307 2524 1365 autem

567 1387 841 1451 minime
863 1406 1268 1471 supervacua
1291 1387 1434 1465 fuit,
1479 1385 1633 1469 quia
1674 1406 1870 1469 saepe
1912 1384 1998 1452 ob
2040 1385 2239 1451 unius
2271 1385 2525 1451 crimen

567 1471 644 1538 in
689 1483 894 1538 totam
938 1473 1224 1538 sobolem
1272 1473 1398 1538 fuit
1440 1472 1786 1539 saevitum.
1875 1472 2058 1556 Ergo
2101 1493 2236 1538 non
2278 1472 2525 1537 frustra

569 1578 643 1624 se
686 1559 958 1643 opponit
993 1557 1182 1625 Deus
1227 1557 1309 1623 ad
1353 1559 1666 1624 innoxios
1707 1557 2166 1642 protegendos,
2213 1578 2333 1624 nec
2373 1578 2523 1641 per·

569 1644 776 1709 mittit
818 1643 1080 1729 longius
1122 1663 1403 1727 poenam
1449 1644 1696 1728 vagari,
1744 1665 1941 1727 quam
1979 1643 2094 1710 ubi
2137 1644 2383 1710 crimen
2420 1665 2524 1709 re-

569 1729 759 1797 sidet.
864 1731 953 1795 Et
1004 1741 1182 1797 certe
1239 1730 1608 1796 communis
1668 1751 1902 1795 sensus
1959 1738 2236 1796 naturae
2301 1729 2524 1809 dictat,

566 1815 831 1885 barbari
874 1814 1121 1882 furoris
1165 1837 1308 1882 esse
1342 1816 1414 1882 in
1453 1825 1715 1899 patrum
1751 1815 1973 1882 odium
2013 1815 2185 1882 filios
2218 1816 2523 1882 interfici.

573 1899 653 1969 Si
696 1902 845 1986 quis
887 1902 1150 1969 obiiciat
1192 1900 1366 1985 quod
1411 1910 1567 1968 ante
1610 1900 1936 1982 vidimus,
1979 1902 2199 1968 Deum
2243 1902 2524 1967 ultorem

570 2009 715 2055 esse
758 1988 831 2053 in
875 1996 1011 2054 tres
1056 1999 1119 2053 et
1165 1998 1445 2070 quatuor
1488 1996 1767 2055 aetates:
1811 1987 2054 2054 solutio
2096 1987 2168 2053 in
2211 1998 2523 2072 promptu

570 2084 692 2152 est,
739 2096 887 2141 eum
934 2074 1058 2140 sibi
1101 2095 1247 2140 esse
1287 2073 1535 2160 legem,
1591 2094 1715 2140 nec
1771 2094 1962 2140 caeco
2018 2074 2266 2156 impetu
2327 2094 2522 2140 ruere

567 2160 641 2226 in
686 2160 1059 2228 exercenda
1100 2161 1413 2241 vindicta,
1455 2170 1529 2225 ut
1560 2158 1856 2227 insontes
1884 2158 2178 2242 reprobis
2213 2163 2519 2226 commis·

568 2257 746 2315 ceat:
803 2246 920 2313 sed
965 2249 1058 2313 ita
1101 2246 1372 2313 reiicere
1429 2246 1847 2330 iniquitatem
1904 2257 2172 2329 patrum
2215 2247 2287 2311 in
2331 2246 2520 2327 filios,

565 2344 644 2398 ut
707 2354 1044 2398 summum
1119 2334 1403 2417 rigorem
1468 2331 1720 2416 optima
1781 2332 2114 2415 aequitate
2178 2342 2519 2414 temperet.

568 2417 754 2499 Quin
797 2419 994 2483 etiam
1044 2439 1173 2484 non
1214 2419 1311 2485 ita
1373 2439 1444 2485 se
1499 2420 1890 2484 necessitate
1946 2417 2306 2484 obstrinxit
2361 2418 2520 2501 quin

567 2503 849 2573 liberum
906 2516 1112 2584 esset,
1178 2503 1295 2570 ubi
1351 2504 1446 2570 ita
1509 2505 1792 2589 placuit,
1851 2526 1891 2569 a
1951 2505 2096 2590 lege
2154 2503 2518 2570 discedere:

569 2589 1120 2673 quemadmodum
1190 2600 1392 2655 totam
1460 2590 1744 2656 sobolem
1812 2590 2137 2657 Chanaan
2203 2589 2520 2656 radicitus

568 2675 711 2741 tolli
754 2677 960 2754 iussit,
1006 2676 1159 2761 quia
1192 2698 1328 2742 non
1363 2676 1555 2742 aliter
1588 2685 1871 2759 purgata
1905 2684 2078 2743 esset
2112 2684 2290 2742 terra
2322 2697 2519 2759 quam

568 2762 1087 2845 inquinamentis
1129 2762 1265 2829 illis
1318 2762 1805 2829 exterminatis:
1868 2772 1937 2827 et
1997 2783 2198 2846 quum
2257 2763 2523 2845 reprobi

568 2857 788 2913 essent
843 2868 1106 2928 omnes,
1173 2850 1347 2914 iusto
1412 2848 1619 2914 exitio
1677 2868 1807 2912 non
1865 2849 2085 2914 minus
2142 2849 2271 2913 filii
2323 2869 2519 2930 quam

513 2976 520 2981 -
565 2943 788 3016 patres
822 2935 1091 3000 fuerunt
1114 2932 1443 3000 destinati.
1498 2934 1646 2999 Imo
1668 2934 1950 3018 legimus
1973 2932 2062 3021 (2.
2091 2932 2272 3001 Sam.
2299 2934 2403 3014 21,
2427 2932 2519 3020 2),

525 3032 528 3037 “
566 3028 719 3104 post
775 3032 1053 3087 mortem
1114 3019 1337 3089 Saulis
1354 3071 1371 3100 ,
1438 3021 1774 3105 expiatum
1833 3022 2032 3087 fuisse
2096 3020 2239 3086 eius
2305 3021 2521 3088 scelus

565 3107 850 3172 filiorum
908 3126 1102 3173 nece:
1173 3109 1297 3175 hoc
1340 3117 1561 3173 tamen
1605 3107 1954 3192 privilegio
1998 3128 2135 3173 non
2179 3107 2523 3189 abrogavit

563 3213 864 3259 summus
907 3192 1246 3278 legislator
1279 3191 1452 3278 quod
1487 3192 1951 3260 mandaverat:
1997 3193 2113 3261 sed
2149 3192 2523 3259 admirabili

566 3299 687 3344 suo
744 3279 1016 3345 oonsilio
1070 3279 1290 3346 locum
1344 3279 1487 3345 dari
1545 3278 1791 3359 voluit,
1849 3301 1935 3346 ex
1977 3301 2106 3362 quo
2148 3280 2326 3346 fonte
2365 3300 2523 3364 pro-

565 3363 773 3430 deunt
814 3386 1045 3431 omnes
1091 3365 1291 3450 leges.

1217 3707 1352 3774 EX
1396 3706 1668 3774 DEU'P.
1713 3706 1876 3773 XX.

749 3879 848 3945 10.
902 3878 1110 3961 Quum
1144 3879 1479 3946 accesseris
1510 3878 1597 3944 ad
1633 3878 1849 3944 urbem
1879 3884 1952 3944 ut
1983 3899 2293 3965 expuqnes
2325 3881 2525 3959 illam,

572 3965 875 4033 clamabis
915 3966 1002 4031 ad
1041 3985 1182 4031 eam
1225 3985 1467 4047 pacem.
1562 3965 1662 4030 11.
1708 3964 1799 4030 Et
1852 3966 2001 4045 erit,
2058 3967 2120 4033 si
2163 3987 2391 4049 pacem
2431 3988 2528 4035 re-

575 4052 895 4135 sponderit
938 4050 1057 4135 tibi
1072 4102 1089 4131 ,
1146 4056 1202 4116 et
1255 4052 1505 4133 aperuit
1543 4050 1682 4126 tibi,
1731 4052 2071 4118 universus
2099 4053 2382 4135 populus
2414 4057 2529 4137 qui

568 4139 770 4222 fuerit
809 4142 1096 4220 repertus
1137 4138 1208 4203 in
1250 4158 1344 4216 ea,
1390 4141 1573 4203 enuit
1606 4136 1721 4202 tibi
1754 4138 2097 4217 tributarii,
2139 4141 2529 4221 servientque

574 4224 709 4291 tibi.
793 4224 893 4289 12.
944 4222 1022 4288 Si
1062 4243 1207 4290 vero
1236 4243 1464 4304 paoem
1505 4243 1629 4290 uon
1666 4223 1883 4305 fecerit
1921 4228 2135 4304 mum,
2179 4225 2289 4290 sed
2327 4226 2531 4307 faciat

575 4315 771 4376 tecum
820 4309 1178 4391 praelium,
1245 4308 1676 4391 obsederisqtae
1729 4330 1900 4375 eam:
1989 4310 2089 4377 13.
2147 4309 2238 4375 Et
2291 4310 2529 4376 dederit

576 4416 717 4461 eam
759 4395 991 4462 Iehova
1033 4395 1214 4461 Deus
1254 4399 1405 4462 tuus
1443 4396 1518 4461 in
1573 4415 1769 4461 mauu
1823 4400 1967 4461 tua.-
2023 4402 2169 4461 tuno
2217 4398 2528 4478 percuties

577 4501 821 4547 omnem
855 4482 1208 4547 masculum
1249 4482 1387 4549 eius
1427 4482 1562 4547 acie
1597 4481 1821 4566 yladii.
1914 4482 2013 4547 14.
2067 4483 2341 4548 Tantum
2382 4504 2524 4549 mu-

575 4568 778 4644 lieres,
825 4572 883 4630 et
910 4568 1233 4648 parvulae,
1270 4573 1327 4634 et
1369 4568 1687 4633 animalia
1703 4618 1717 4647 ,
1762 4573 1822 4634 et
1863 4569 2174 4650 quidquid
2214 4569 2414 4648 fuerit
2455 4570 2526 4634 in

576 4653 728 4719 urbe
742 4703 757 4730 ,
803 4654 1016 4719 omnia
1058 4653 1264 4735 spolia
1309 4655 1449 4720 eius
1478 4654 1896 4735 praedaberis
1935 4655 2083 4722 tibi.-
2139 4655 2527 4736 comedesque

573 4739 788 4821 spolia
842 4738 1243 4804 inimicorum
1293 4744 1572 4820 tuorum,
1640 4760 1795 4823 quos
1843 4740 2086 4806 dederit
2137 4740 2250 4805 tibi
2294 4741 2525 4806 Iehova

510 4862 514 4868 -
575 4824 758 4892 Deus
790 4829 958 4890 tuus.
1028 4823 1128 4889 15.
1179 4824 1288 4892 Sic
1317 4826 1518 4907 facies
1552 4826 1841 4893 omuibus
1873 4824 2137 4892 urbibus
2170 4826 2526 4909 longinquis

574 4933 619 4977 a
653 4917 707 4977 te
739 4911 940 4990 valde,
984 4931 1147 4992 quae
1179 4931 1304 4977 nou
1336 4917 1483 4977 suut
1515 4913 1592 4978 de
1623 4912 1883 4977 urbibus
1909 4913 2190 4994 yentium
2231 4913 2521 4978 ictorum.

579 4999 681 5063 16.
733 4998 1007 5063 Tantum
1059 4997 1139 5064 de
1192 4995 1452 5062 «orbibus
1496 4997 1880 5079 populorum
1919 4999 2184 5063 istorum
2224 5019 2380 5081 quos
2422 4999 2522 5065 Ie-

572 5083 733 5150 hova
769 5083 949 5149 Deus
989 5088 1137 5149 tuus
1176 5083 1283 5148 dat
1327 5083 1440 5147 tibi
1479 5085 1552 5150 iu
1584 5083 2039 5162 haereditaten,
2078 5104 2203 5149 uon
2243 5086 2524 5167 vivifica-

574 5169 674 5235 bis
729 5170 930 5236 ullam
984 5170 1266 5235 animam
1281 5194 1302 5233 .-
1397 5169 1498 5233 17.
1571 5169 1694 5233 Sed
1747 5171 2061 5252 perdendo
2114 5171 2349 5250 perdes
2402 5192 2521 5252 eos,

576 5255 944 5322 Hitthaeum
960 5307 976 5335 ‚
1019 5254 1504 5333 Amorrkaeum,
1556 5253 2000 5321 chananaeum
2032 5261 2088 5322 et
2134 5254 2522 5339 Perisaeum,

575 5342 908 5415 Hivaewm,
953 5347 1013 5407 et
1055 5341 1459 5408 Iebusaeum:
1499 5341 2021 5423 quemadmodum
2051 5343 2371 5424 praecepit
2410 5343 2525 5409 tibi

2043 420 2430 491 813wa
2476 418 3129 490 PRAEOEPTUM.

2631 562 2861 676 Iehova
2904 608 3087 676 Deus
3127 614 3294 677 tuus.
3385 610 3487 677 18.
3536 609 3639 676 Ne
3677 610 3933 676 doceant
3971 628 4086 676 vos
4123 609 4327 692 {acere
4365 630 4550 679 secuu-

2627 696 2781 760 dum
2824 695 3313 763 abominationes
3365 716 3526 762 suas
3579 716 3743 779 quas
3800 695 4053 778 facium
4092 696 4224 762 diis
4285 697 4448 763 suis.-
4500 703 4551 763 et

2613 784 2883 864 peccetis
2924 784 2997 848 iu
3040 781 3334 848 Iehovam
3375 782 3586 849 Deum
3627 786 3917 849 vestrum.

2805 954 2905 1020 10.
2958 953 4363 1036 Quumaocessevisadurbemuteoepayvoes.
4425 954 4555 1020 Iam

2627 1039 2701 1106 in
2723 1040 3038 1125 legitimis
3071 1060 3328 1124 quoque
3365 1040 3553 1107 bellis
3586 1040 3777 1105 docet
3809 1061 3955 1106 esse
3989 1040 4253 1105 obviam
4287 1041 4556 1106 eundum

2629 1127 2974 1208 saevitiae,
3037 1138 3104 1192 et
3163 1149 3203 1193 a
3255 1127 3564 1192 enodibus
3632 1126 4097 1192 abstinendum
4164 1125 4377 1209 quoad
4430 1127 4558 1192 fieri

2630 1212 2888 1297 poterit.
2977 1212 3179 1279 Iubet
3220 1234 3395 1297 ergo,
3439 1233 3639 1296 quum
3682 1212 3766 1277 ad
3795 1211 4305 1296 oppugnandam
4347 1212 4560 1278 urbem

2628 1299 2955 1378 venerint,
2989 1310 3143 1365 ante
3175 1300 3395 1365 omnia
3432 1299 3683 1364 hortari
3719 1298 3899 1364 cives
3933 1311 4008 1363 ut
4042 1296 4371 1363 deditione
4404 1299 4563 1365 facta

2630 1407 2854 1469 pacem
2902 1385 3259 1450 redimant:
3317 1384 3491 1469 quod
3537 1384 3597 1450 si
3638 1384 3886 1450 factum
3932 1384 4163 1463 fuerit,
4220 1384 4564 1451 incolumes

2630 1491 2932 1551 servare,
2987 1479 3055 1536 et
3096 1470 3405 1554 imposito
3462 1470 3713 1536 tributo
3754 1491 3899 1536 esse
3941 1480 4304 1536 contentos.
4392 1470 4563 1537 Haec

2630 1558 2928 1641 aequitas
2991 1556 3386 1623 naturaliter
3448 1556 3658 1621 indita
3723 1556 3850 1621 fuit
3912 1557 4168 1623 cunctis
4236 1556 4562 1639 gentibus:

2628 1643 2783 1709 inde
2840 1642 3047 1709 creati
3103 1642 3397 1724 feciales,
3457 1663 3581 1709 nec
3638 1643 3882 1708 iustum
3939 1643 4181 1708 bellum
4243 1643 4566 1708 duxerunt

2628 1728 2873 1812 absque
2938 1729 3191 1794 solenni
3244 1728 3620 1795 indictione.
3710 1728 4016 1812 Denique
4070 1750 4275 1812 quum
4334 1749 4565 1794 nomen

2626 1814 2839 1881 hostis
2902 1816 3060 1882 olim
3127 1815 3529 1899 significaret
3584 1816 4044 1898 peregrinum,
4109 1815 4255 1880 eius
4304 1814 4566 1880 lenitate

2626 1901 2969 1967 tristitiam
3052 1902 3149 1966 rei
3223 1903 3614 1984 mitigarunt
3679 1900 3984 1966 Romani.
4094 1900 4245 1965 Hac
4324 1900 4566 1967 ratione

2626 1995 3030 2054 censuerunt
3087 1987 3263 2053 hosti
3320 2007 3581 2072 quoque
3638 1987 4098 2070 praestandam
4159 2007 4305 2053 esse
4358 1987 4564 2053 fidem.

2626 2073 2728 2140 Ao
2772 2095 2905 2140 vox
2950 2074 3063 2139 illa
3086 2073 3425 2140 Oiceronis
3468 2071 3664 2139 laude
3700 2072 3931 2157 digna:
3976 2072 4128 2138 Non
4165 2073 4570 2157 suscipienda

2626 2180 2770 2226 esse
2836 2159 3039 2237 bella,
3103 2159 3238 2225 nisi
3301 2170 3375 2225 ut
3441 2159 3585 2225 sine
3641 2159 3888 2223 iniuria
3943 2158 4014 2223 in
4067 2180 4232 2243 pace
4288 2164 4566 2226 vivatur.

2626 2243 2818 2327 Quod
2856 2246 2913 2311 si
2949 2246 3133 2311 Deus
3167 2246 3237 2311 in
3274 2244 3489 2311 medio
3532 2265 3866 2315 armorum
3909 2248 4191 2327 strepitu
4233 2246 4388 2311 vult
4429 2266 4568 2313 suos

2624 2332 3058 2399 humanitatis
3101 2353 3244 2397 esse
3288 2351 3645 2408 memores,
3707 2331 3864 2396 hinc
3916 2330 4249 2415 colligitur
4302 2346 4567 2415 quanto-

2624 2439 2778 2501 pere
2822 2419 2884 2483 ei
2930 2416 3320 2501 displiceant
3365 2417 3737 2483 homicidia.
3827 2416 4012 2499 Quos
4055 2419 4419 2483 autoritate
4458 2440 4569 2485 sua

2625 2504 2924 2583 armavit,
2973 2504 3114 2569 vult
3156 2513 3378 2569 tamen
3424 2501 3505 2568 ad
3550 2504 3967 2569 clementiam
4014 2524 4157 2569 esse
4196 2525 4566 2588 propensos,

2626 2610 2986 2674 eorumque
3019 2591 3337 2673 impetum
3373 2589 3649 2668 cohibet,
3687 2610 3773 2653 ne
3809 2588 4059 2672 gladios
4093 2611 4213 2654 suo
4250 2592 4568 2674 permissu

2627 2675 2818 2741 datos
2860 2676 3184 2760 sanguine
3242 2675 3562 2741 imbuant.
3653 2673 3997 2755 Quomodo
4054 2677 4265 2760 igitur
4322 2677 4568 2742 homini

2625 2762 2885 2846 privato
2927 2763 3153 2828 licebit
3192 2760 3486 2846 gladium
3541 2761 3833 2844 arripere
3893 2763 3962 2826 in
4017 2761 4245 2828 fratris
4306 2761 4566 2829 necem?

2625 2848 2820 2915 Nunc
2866 2858 3168 2914 tenemus
3212 2849 3413 2912 finem
3457 2847 3654 2913 huius
3689 2845 4043 2927 doctrinae,
4088 2858 4159 2913 et
4191 2869 4395 2932 quam
4429 2858 4571 2933 apte

2625 2935 2709 3001 ad
2751 2946 3013 3001 sextum
3052 2943 3474 3018 praeceptum
3518 2933 3813 3017 quadret.

2800 3021 2902 3087 12.
2968 3019 3045 3087 Si
3096 3040 3240 3087 vero
3291 3039 3518 3101 pacem
3572 3039 3694 3085 non
3745 3020 3978 3103 fecerit.
4068 3019 4360 3087 Videtur
4421 3022 4569 3089 haec

2627 3108 2825 3174 nimis
2849 3108 3189 3174 licentiosa
3210 3108 3562 3173 concessio.
3632 3106 3806 3171 Nam
3842 3127 4043 3189 quum
4080 3109 4344 3190 profani
4378 3109 4569 3193 scrip-

2627 3206 2801 3260 tores
2862 3193 3054 3259 viotis
3111 3214 3367 3277 quoque
3419 3193 3761 3258 consulere
3816 3192 4118 3270 iubeant,
4175 3204 4245 3258 et
4305 3216 4417 3261 eos
4468 3193 4568 3278 qui

2627 3281 2830 3345 armis
2875 3281 3105 3365 positis
3148 3278 3231 3344 ad
3275 3278 3692 3361 imperatoris
3734 3278 3931 3344 fidem
3964 3279 4379 3363 confugiunt,
4424 3281 4572 3346 reci·

2578 3405 2584 3418 =
2628 3365 2901 3449 piendos
2959 3386 3103 3431 esse
3159 3364 3465 3443 doceant,
3526 3364 3829 3447 quamvis
3888 3386 4150 3430 murum
4206 3367 4391 3433 aries
4432 3387 4567 3450 per-

2626 3452 2934 3518 cusserit:
3001 3451 3324 3534 quomodo
3357 3448 3544 3515 Deus
3577 3450 4171 3516 misericordiarum
4208 3463 4403 3534 pater
4430 3472 4569 3536 pro-

2629 3539 2897 3604 miscuis
2931 3537 3239 3604 caedibus
3273 3535 3623 3620 indulget?
3674 3536 3924 3600 Verum
3960 3538 4093 3601 iam
4129 3549 4287 3602 ante
4334 3539 4566 3605 dictum

2626 3624 2753 3690 fuit
2789 3623 2935 3706 plus
2956 3622 3220 3689 Iudaeis
3252 3642 3371 3705 pro
3415 3620 3628 3688 cordis
3672 3622 3910 3687 duritie
3942 3623 4153 3698 'fuisse
4196 3644 4566 3691 conoeoeum

2629 3731 2822 3794 quam
2865 3712 3010 3774 iure
3052 3709 3216 3793 ipsis
3266 3708 3512 3773 liceret.
3603 3707 3800 3775 Certe
3900 3729 3971 3773 ro
4014 3710 4307 3775 caritatis
4351 3712 4568 3795 regula

2627 3798 2827 3863 etiam
2870 3796 3141 3861 armat-is
3182 3794 3558 3860 hominibus
3600 3814 3842 3878 parcen
3890 3815 4003 3858 um
4046 3795 4189 3873 fuit,
4235 3797 4294 3860 si
4326 3798 4564 3862 abiecto

2627 3881 2846 3968 gladio
2881 3883 3141 3949 veniam
3178 3888 3502 3964 peterent:
3548 3880 3783 3946 saltem
3821 3900 3952 3944 non
3996 3880 4160 3946 alios
4205 3883 4568 3948 interficere

2627 3969 2814 4034 licuit
2877 3989 3074 4052 quam
3139 3968 3249 4050 qui
3315 3964 3709 4050 deprehensi
3770 3975 3993 4031 essent
4047 3987 4194 4032 cum
4253 3970 4460 4033 armis
4510 3977 4571 4033 et

2628 4054 2865 4140 gladio.
2956 4055 3136 4138 Ergo
3191 4053 3387 4136 longe
3436 4073 3477 4117 a
3518 4052 3921 4136 perfectione
3978 4050 4176 4118 distat
4234 4053 4567 4121 occidendi

2630 4140 2972 4224 permissio
3008 4160 3177 4221 quae
3211 4137 3294 4203 ad
3331 4159 3559 4204 omnes
3594 4158 3812 4205 mares
3855 4137 4251 4205 extenditur.
4322 4140 4564 4207 Verum

2627 4228 2781 4311 quia
2823 4227 2939 4292 vix
2983 4245 3104 4309 pro
3147 4244 3270 4290 sua
3322 4225 3564 4291 ferocia
3621 4225 3800 4306 passi
3855 4225 4129 4290 fuissent
4170 4224 4406 4292 Iuda‘ei
4450 4224 4564 4291 sibi

2626 4311 3007 4395 praescribi·
3031 4310 3202 4395 quod
3248 4311 3714 4393 aequissimum
3759 4319 3931 4389 erat,
3988 4310 4222 4376 saltem
4269 4312 4564 4378 fraenare

2627 4418 2853 4464 eorum
2876 4397 3455 4480 intemperantiam
3489 4396 3702 4462 voluit
3723 4395 3926 4473 Deus,
3963 4417 4049 4462 ne
4083 4395 4166 4461 ad
4204 4411 4563 4464 extremum

2626 4483 3032 4552 crudelitatis
3110 4481 3599 4549 descenderent.
3708 4485 3955 4567 Agitur
4025 4483 4107 4548 de
4170 4485 4444 4551 urbibus
4502 4482 4565 4550 vi

2626 4571 2850 4653 captis,
2897 4569 3011 4634 ubi
3056 4568 3390 4634 interdum
3431 4569 3756 4654 contingit
3798 4570 4057 4634 nullum
4102 4568 4328 4636 haberi
4376 4590 4564 4637 sexus

2626 4655 2732 4721 vel
2779 4657 3013 4721 aetatis
3057 4655 3439 4721 discrimen:
3487 4654 3649 4720 haec
3690 4654 4072 4721 immanitas
4114 4657 4561 4740 compescitur,

2626 4763 2710 4808 ne
2749 4741 3058 4807 mulieres
3103 4741 3212 4806 vel
3258 4760 3500 4824 pueros
3545 4741 3894 4807 trucident.

2798 4827 2899 4894 15.
2949 4826 3060 4893 Sic
3096 4826 3296 4910 facies
3338 4825 3638 4892 omnibus.
3729 4827 4058 4892 Inseritur
4100 4829 4432 4913 exceptio,
4487 4846 4561 4891 ne

2625 4913 2955 4980 communi
3018 4913 3167 4978 belli
3226 4914 3374 4977 iure
3432 4921 3709 4978 utantur
3768 4913 3999 4979 Iudaei
4061 4926 4289 4980 contra
4344 4925 4561 4998 gentes

2624 5000 2948 5066 Obanaan
3007 4996 3089 5063 de
3142 4997 3379 5081 quibus
3436 4997 3773 5066 abolendis
3834 5000 3966 5064 lata
4014 5011 4159 5065 erat
4222 5000 4557 5066 sententia.

2621 5086 2852 5170 Neque
2912 5087 3086 5150 enim
3145 5083 3229 5149 ad
3284 5083 3526 5148 bellum
3587 5083 3778 5151 modo
3819 5107 3968 5151 cum
4012 5086 4170 5167 ipsis
4213 5086 4558 5171 gerendum

2623 5173 2905 5238 armavit
2935 5171 3120 5236 Deus
3152 5168 3450 5248 Iudaeos,
3487 5168 3603 5235 sed
3636 5171 3972 5238 ministros
4007 5182 4074 5236 et
4109 5183 4556 5255 exsequutores

2611 5278 2780 5329 ,suae
2823 5254 3147 5325 vindictae
3205 5256 3559 5322 constituit.
3651 5258 3830 5323 Alibi
3886 5268 4101 5324 autem
4151 5258 4556 5341 exposuimus

2624 5345 2833 5410 iustas
2876 5342 3077 5407 fuisse
3118 5361 3349 5408 causas
3391 5363 3509 5408 cur
3552 5342 3865 5409 radicitus
3909 5344 4101 5410 evelli
4152 5354 4356 5410 totum
4405 5339 4553 5407 illud
