4867 6150
345 421 476 489 513

347 608 775 681 caeremoniis
819 607 1262 691 praestantius
1325 605 1618 672 subesse:
1687 604 1923 672 deinde
1990 605 2290 670 fraenum

348 700 569 765 iniecit
611 696 951 772 lasciviae,
993 715 1077 760 ne
1119 693 1244 763 sibi
1288 693 1744 776 permitterent
1789 691 1898 757 vel
1939 690 2293 756 minimum

348 784 699 870 quidquam
780 778 1019 846 addere
1081 780 1191 845 vel
1253 786 1527 844 mutare.
1635 778 1824 844 Haec
1887 778 2091 862 igitur
2156 784 2288 841 tam

348 871 628 938 sollicita
683 865 1052 937 observatio
1096 887 1206 932 eos
1251 864 1335 930 ad
1378 886 1486 930 res
1529 864 1819 949 signatas
1864 864 2046 948 quasi
2091 882 2293 928 manu

347 958 631 1042 dirigere
687 953 942 1019 debuit:
1003 959 1074 1017 ut
1117 948 1239 1018 sub
1283 960 1559 1017 externa
1597 951 1887 1034 imagine
1930 947 2293 1033 spiritualis

349 1045 599 1111 veritas
653 1045 1025 1107 occurreret
1080 1058 1305 1103 eorum
1371 1035 1592 1103 oculis.
1704 1035 1953 1101 Debuit
2006 1033 2292 1100 secundo

346 1132 525 1214 ipsos
558 1127 743 1212 quasi
777 1124 1079 1209 alligatos
1121 1132 1346 1189 tenere
1390 1120 1473 1188 ad
1495 1122 1627 1187 Dei
1670 1120 1962 1200 verbum,
2008 1143 2089 1185 ne
2133 1118 2288 1203 quid

348 1218 422 1283 in
476 1213 672 1281 rebus
715 1210 918 1279 sacris
958 1231 1039 1274 ex
1084 1210 1346 1295 proprio
1388 1228 1589 1275 sensu
1633 1214 1988 1272 tentarent.
2071 1205 2291 1271 Hodie

352 1310 572 1371 autem
622 1295 921 1384 quamvis
978 1292 1385 1362 sacrificandi
1429 1314 1589 1359 usus
1631 1293 2022 1372 cessaverit,
2079 1293 2290 1376 primo

350 1389 662 1456 docemur
714 1381 1056 1469 profanari
1115 1400 1155 1446 a
1211 1379 1399 1446 nobis
1444 1380 1569 1445 Dei
1625 1379 1974 1458 beneficia,
2034 1378 2161 1443 nisi
2216 1377 2288 1441 in

351 1470 653 1542 testanda
706 1477 936 1535 nostra
989 1467 1234 1552 pietate
1292 1465 1640 1550 diligenter
1684 1486 1803 1531 nos
1846 1484 2289 1543 exerceamus,

350 1570 426 1629 ut
467 1567 759 1626 meretur
800 1555 1125 1620 immensa
1166 1552 1310 1618 eius
1354 1561 1422 1616 et
1463 1550 1724 1618 assidua
1767 1572 1839 1616 er
1965 1569 2087 1616 nos
2127 1549 2290 1615 libe·-

349 1647 611 1714 ralitas:
670 1639 907 1708 deinde
962 1640 1090 1705 nisi
1143 1638 1263 1704 uni
1303 1638 1448 1703 Deo
1507 1645 1770 1705 maneat
1825 1636 2074 1701 ilibata
2127 1635 2291 1700 haec

351 1736 589 1818 pietas,
634 1730 854 1814 ipsum
896 1725 1099 1810 impie
1141 1725 1284 1790 iure
1328 1743 1446 1789 suo
1488 1722 1808 1789 fraudari:
1854 1722 2053 1788 tertio
2097 1720 2289 1787 sicuti

350 1837 697 1905 precamur
732 1814 803 1879 in
850 1811 1106 1880 Christi
1144 1810 1430 1888 nomine,
1473 1810 1567 1874 ita
1609 1830 1727 1892 per
1768 1808 1976 1893 ipsius
2018 1827 2290 1872 manum

350 1902 667 1973 solvenda
708 1920 850 1966 esse
894 1905 1045 1966 vota
1084 1906 1334 1977 nostra,
1391 1893 1885 1979 reddendaeque
1927 1893 2289 1978 gratiarum

350 1993 671 2060 actiones:
717 1994 951 2071 quarto
988 2003 1125 2049 non
1169 2002 1312 2048 esse
1354 1980 1766 2065 negligenter
1809 1979 1912 2046 vel
1958 1978 2291 2045 defuncto-

342 2080 441 2144 rie
498 2070 953 2143 celebrandam
1012 2067 1145 2135 Dei
1200 2067 1695 2133 beneficentiam
1713 2119 1730 2146 ,
1789 2064 1906 2131 sed
1963 2074 2038 2130 ut
2092 2065 2162 2129 in
2217 2085 2288 2129 re

343 2162 631 2231 maxime
674 2158 864 2239 seria,
897 2176 1029 2222 non
1074 2153 1335 2240 vulgari
1378 2152 1595 2219 studio
1638 2160 1706 2217 et
1750 2153 2110 2217 attentione
2154 2148 2285 2216 ela·

341 2246 725 2318 horandum.

520 2334 620 2400 16.
680 2327 1082 2410 Adolebitque
1137 2347 1214 2393 ea
1268 2325 1575 2393 sacerdos
1664 2323 1904 2390 Merito
1961 2319 2282 2389 sacerdoti

343 2429 567 2507 partes
623 2417 916 2500 assignat
970 2432 1136 2497 quae
1191 2413 1263 2477 in
1320 2410 1635 2477 sacrificio
1678 2417 1837 2474 sunt
1874 2408 2278 2493 praecipuae,

344 2517 421 2575 ut
463 2503 850 2588 sanguinem
894 2504 1179 2583 spargat,
1225 2506 1291 2562 et
1331 2497 1590 2581 adipem
1634 2496 1704 2561 in
1748 2497 1969 2580 ignem
2011 2494 2277 2573 iniiciat,

344 2595 499 2678 quia
550 2611 721 2655 unus
777 2586 891 2652 ille
947 2584 1031 2650 ad
1086 2583 1411 2650 litandum
1465 2591 1609 2647 erat
1662 2581 1953 2647 idoneus.
2044 2579 2278 2646 ante-

344 2699 496 2747 rum
553 2673 853 2759 quamvis
908 2690 1139 2755 aspera
1190 2669 1281 2734 sit
1336 2667 1724 2752 metaphora
1769 2668 1839 2733 in
1900 2687 2059 2735 voce
2117 2666 2278 2732 cibi:

345 2764 517 2852 quod
574 2771 794 2826 tamen
840 2757 1073 2823 docere
1116 2754 1327 2821 voluit
1366 2753 1638 2838 spiritus
1679 2761 1980 2832 sanctus,
2037 2752 2283 2837 optime

277 2856 298 2871 ‘
343 2848 678 2936 exprimit,
722 2845 973 2913 cultum
1016 2841 1292 2926 legalem
1338 2838 1610 2924 perinde
1651 2840 1976 2922 placuisse
2018 2837 2164 2903 Deo
2207 2858 2284 2904 ac

345 2955 586 3005 suaves
619 2932 806 2998 nobis
842 2938 997 2995 sunt
1031 2927 1158 2995 cibi
1193 2926 1431 3010 quibus
1474 2924 1818 2992 vescimur.
1885 2923 2284 3008 Quanquam

344 3020 540 3092 simul
599 3023 864 3086 notatur
919 3013 1260 3082 familiaris
1304 3012 1430 3078 Dei
1474 3032 1626 3079 cum
1666 3010 1907 3096 populo
1949 3032 2068 3077 suo
2112 3030 2287 3078 com-

342 3105 719 3183 municatio,
765 3125 841 3170 ac
875 3103 932 3168 si
966 3119 1381 3168 communem
1424 3096 1697 3164 haberet
1737 3119 1886 3164 cum
1930 3096 2064 3163 illis
2107 3118 2287 3162 men·

343 3216 506 3264 sam.
617 3190 889 3258 Oertum
956 3186 1221 3270 quidem
1282 3194 1409 3263 est,
1476 3183 1808 3251 alimentis
1870 3183 2089 3250 Deum
2156 3202 2287 3247 non

344 3302 558 3368 egere,
589 3277 704 3362 qui
733 3273 1036 3342 omnibus
1063 3274 1269 3338 vitam
1300 3271 1597 3354 inspirat,
1641 3291 1762 3336 nec
1789 3268 2140 3353 quidquam
2171 3268 2287 3333 ali-

344 3367 522 3434 unde
564 3370 923 3431 mutuatur.
994 3357 1125 3425 Sed
1172 3358 1405 3422 melius
1448 3354 1702 3422 ostendi
1746 3377 1879 3421 non
1923 3354 2144 3440 potuit
2184 3355 2284 3419 in·

342 3448 804 3536 comparabilis
862 3446 1004 3511 eius
1050 3444 1425 3510 humanitas
1468 3462 1664 3526 quam
1711 3440 1866 3508 dum
1908 3463 1980 3507 se
2022 3440 2287 3507 cultori-

341 3540 470 3606 bus
512 3537 650 3603 suis
693 3533 1042 3601 convivam
1083 3531 1300 3596 facere
1344 3527 1653 3613 dignatus
1696 3535 1816 3595 est.
1906 3524 2156 3592 Eadem
2201 3526 2292 3592 lo-

392 3623 588 3691 uendi
630 3621 844 3687 forma
883 3617 1108 3702 populi
1152 3613 1557 3699 ingratitudo
1601 3614 2072 3699 perstringitur
2115 3611 2286 3697 apud

337 3647 741 3778 {ialachiam
786 3703 854 3792 (1
875 3757 890 3784 ,
950 3704 1033 3769 12
1076 3752 1093 3784 ,
1153 3702 1309 3786 quia
1352 3699 1592 3766 dixerit
1634 3720 1931 3767 mensam
1976 3699 2104 3765 Dei
2148 3719 2290 3765 esse

339 3793 919 3878 contemptibilem,
962 3791 1021 3856 ci
1066 3808 1180 3854 um
1224 3788 1364 3853 eius
1406 3785 1603 3852 vilem
1649 3796 1716 3853 et
1757 3786 2097 3870 vulgarem
2189 3805 2292 3850 ro-

342 3890 648 3951 ventum:
692 3901 824 3945 non
868 3874 1039 3959 quod
1085 3873 1445 3939 delectatus
1487 3871 1684 3937 fuerit
1728 3870 1912 3938 Deus
1951 3872 2057 3938 vel
2100 3807 2290 3954 adipe

341 3969 689 4052 pingnium
743 3961 1158 4040 animalium,
1219 3959 1328 4024 vel
1382 3958 1697 4043 panibus:
1753 3957 1870 4024 sed
1913 3957 2070 4041 quia
2113 3956 2289 4022 dete-

342 4054 480 4120 rior
522 4051 722 4118 fuerit
763 4059 833 4116 et
873 4048 1094 4113 minus
1137 4044 1405 4111 ferenda
1445 4044 1779 4128 impietas,
1832 4042 2166 4128 negligere
2210 4042 2289 4108 il-

342 4138 462 4206 lud
497 4136 829 4222 singulare
863 4134 1114 4221 gratiae
1148 4131 1289 4197 eius
1330 4131 1589 4216 pignus.
1657 4132 1864 4196 Porro
1907 4130 2067 4195 haec
2109 4129 2289 4195 simi-

343 4223 559 4291 litudo
594 4222 677 4289 ad
711 4222 1060 4289 veritatem
1103 4217 1335 4283 referri
1378 4217 1588 4295 debet,
1631 4214 1801 4301 quod
1845 4215 2095 4283 scilicet
2136 4215 2289 4282 fidei

346 4309 665 4377 exercitia
721 4316 789 4374 et
839 4306 1105 4391 pietatis
1162 4301 1661 4388 approbationes
1704 4323 1834 4368 non
1883 4302 2102 4367 minus
2146 4303 2290 4368 Deo

345 4397 650 4482 placeant
690 4414 887 4477 quam
932 4391 991 4457 si
1032 4391 1213 4456 laute
1255 4396 1322 4454 et
1357 4389 1647 4454 suaviter
1695 4398 2102 4470 pasceretur:
2161 4408 2290 4471 quo

346 4482 561 4567 magis
615 4478 969 4546 videndum
1024 4498 1106 4542 ne
1164 4476 1302 4541 suis
1357 4496 1505 4540 eum
1562 4474 1837 4540 lautitiis
1894 4472 2286 4541 fraudemus.

347 4569 492 4636 Gur
533 4575 753 4633 autem
798 4566 983 4630 Deus
1026 4561 1285 4646 adipem
1330 4560 1449 4627 sibi
1496 4559 1800 4626 vendicet
1840 4560 1912 4624 in
1957 4560 2290 4626 sacrificiis

345 4653 686 4731 omnibus,
744 4660 810 4717 et
862 4648 1107 4715 adoleri
1151 4647 1403 4727 iubeat,
1462 4646 1629 4711 mihi
1673 4665 1803 4710 non
1848 4645 2007 4712 satis
2052 4647 2288 4729 liquet:

346 4741 478 4807 nisi
534 4737 705 4822 quod
761 4755 991 4803 servos
1047 4756 1198 4800 suos
1258 4733 1382 4799 hoc
1426 4731 1617 4797 modo
1659 4730 1740 4796 ad
1785 4732 2288 4814 temperantiam

346 4826 754 4894 assuefacere
812 4822 1039 4888 voluit.
1129 4820 1329 4886 Certe
1382 4816 1641 4902 adipem
1700 4838 1818 4901 pro
1877 4826 2060 4900 parte
2125 4817 2289 4884 deli-

346 4911 693 4979 catissima·
720 4908 924 4993 accipi
968 4906 1244 4972 antehac
1289 4903 1605 4984 vidimus,
1650 4904 1804 4987 quia
1848 4903 2017 4969 hanc
2061 4924 2284 4970 vocem

347 4999 573 5065 Moses
635 4996 716 5062 ad
782 4994 1077 5061 triticum
1143 5001 1207 5056 et
1261 4992 1495 5057 vinum
1545 4989 1914 5066 transtulit,
1977 5011 2053 5056 ac
2113 4990 2288 5054 idem

347 5091 533 5170 patet
590 5083 789 5148 etiam
835 5081 901 5145 in
947 5079 1211 5146 Psalmo
1256 5075 1400 5163 (63,
1447 5077 1507 5143 6.
1595 5076 1722 5142 Isa.
1773 5076 1841 5152 1,
1892 5074 2032 5162 11);
2081 5075 2286 5158 Quasi

347 5168 542 5252 adipe
597 5177 666 5235 et
708 5166 1106 5252 pinguedine
1149 5164 1494 5230 satiabitur
1535 5164 1753 5228 anima
1796 5182 1958 5227 mea.
2040 5162 2129 5227 Et
2171 5161 2288 5229 ubi

349 5263 553 5340 negat
617 5255 800 5320 Deus
865 5274 936 5319 se
1000 5258 1306 5335 appetere
1365 5249 1654 5332 adipem,
1721 5248 2052 5333 significat
2116 5247 2286 5333 quod

344 5342 814 5407 electissimum
862 5348 961 5404 est
1016 5338 1086 5403 in
1146 5335 1542 5401 animalibus
1597 5356 1666 5400 se
1722 5356 1853 5399 non
1912 5354 2032 5400 sua
2090 5355 2289 5402 causa

445 5439 450 5445 ’
566 5441 791 5498 calvini
821 5457 1002 5509 opera.
1089 5440 1201 5494 Vol.
1238 5437 1398 5493 XXI
1408 5438 1466 5493 V.

1737 414 2250 485 SECUNDUM
2289 416 2938 486 PRAEOEPTUM.

4213 423 4347 488 514

2398 626 2699 690 poscere:
2772 629 3001 675 verum
3076 616 3152 674 ut
3209 617 3478 675 teneant
3534 611 3871 676 Israelitae
3930 611 4140 676 sobrie
4197 634 4349 678 ves-

2397 692 2679 759 cendum
2737 715 2881 761 esse
2927 694 3228 760 omnibus
3271 696 3461 775 cibis,
3519 717 3593 762 ac
3638 698 3692 762 si
3737 697 3966 762 florem
4011 708 4077 763 et
4121 699 4342 780 primi-

2396 778 2525 845 tias
2580 790 3088 847 consecrassent.
3179 779 3256 846 Si
3300 782 3445 864 quis
3488 781 3861 849 distinctius
3915 805 4052 848 rem
4098 784 4341 867 exponi

2396 863 2600 945 malit,
2644 865 2895 931 cultum
2917 867 3044 932 Dei
3087 868 3527 950 magnifacere
3570 866 3778 953 adipis
3821 868 4062 935 oblatio
4102 869 4341 950 docuit,

2395 950 2684 1017 secundo
2743 972 2854 1017 eos
2905 952 3198 1019 instituit
3252 952 3334 1017 ad
3394 953 3877 1020 abstinentiam.
3966 955 4115 1021 Alle
4163 956 4341 1022 oriae

2395 1036 2572 1118 apud
2631 1037 2793 1103 alios
2892 1045 3280 1118 uaerantur,
3343 1047 3601 1104 tantum
3660 1040 3928 1105 auribus
3985 1041 4114 1106 titii
4145 1039 4337 1107 andis

2394 1124 2767 1190 concinnae.
2908 1124 3177 1210 sychius
3236 1135 3575 1208 postquam
3631 1124 3890 1209 adipem
3947 1147 4090 1193 esse
4145 1127 4341 1192 finxit

2394 1208 2771 1291 spirituales
2816 1210 3116 1290 affectus,
3177 1210 3367 1293 paulo
3409 1219 3558 1294 post
3598 1211 3672 1276 in
3714 1231 3965 1278 crassos
4009 1214 4339 1296 appetitus

2395 1294 2840 1361 transformat.
2919 1296 3056 1361 Alii
3102 1297 3330 1362 volunt
3373 1294 3714 1364 Christum
3762 1296 4110 1382 designari.
4200 1300 4339 1366 Alii

2392 1380 2779 1465 intelligunt
2799 1382 3018 1448 carnis
3042 1391 3304 1448 nostrae
3332 1384 3692 1448 crassitiem
3728 1382 3833 1448 vel
3866 1383 4334 1468 pinguedinem

2393 1468 2549 1551 igne
2615 1467 2886 1550 spiritus
2952 1467 3478 1551 excoquendam:
3546 1478 3621 1534 ut
3686 1468 3827 1535 Deo
3882 1472 4334 1538 mortificetur.

2397 1553 2510 1618 Me
2567 1553 2725 1620 haec
2769 1553 3154 1636 simplicit-as
3196 1554 3467 1630 retinet,
3527 1575 3728 1638 quum
3774 1555 3881 1620 lex
3928 1557 4337 1640 permitteret

2394 1639 2600 1705 sacris
2653 1639 2961 1706 carnibus
3021 1639 3218 1720 vesci,
3276 1640 3726 1724 exceptionem
3782 1641 3982 1707 fuisse
4024 1641 4337 1725 additam,

2393 1734 2473 1790 ut
2505 1726 2753 1809 optima
2790 1726 3002 1810 portio
3045 1746 3246 1809 penes
3270 1726 3486 1791 Deum
3531 1739 3858 1792 maneret:
3905 1725 4141 1793 deinde
4185 1730 4336 1815 igne

2394 1821 2854 1895 consumptum
2890 1811 3093 1878 fuisse
3126 1810 3297 1895 quod
3331 1810 3702 1895 liguritores
3746 1813 4033 1878 maxime
4076 1814 4339 1882 allicere

2393 1905 2669 1981 poterat,
2716 1906 2794 1962 ut
2831 1897 3192 1982 ingluviem
3235 1898 3627 1963 fraenarent.
3695 1897 4059 1984 Sanguinis
4098 1911 4338 1986 gustus

2395 1983 2503 2049 hic
2544 1983 2806 2065 quidem
2849 1982 3286 2064 interdicitur,
3336 1992 3410 2047 ut
3453 1982 3641 2050 alibi:
3686 1985 3838 2067 quia
3881 1983 4026 2050 Deo
4068 1995 4341 2072 propter

2393 2068 2800 2154 expiationes
2857 2090 3040 2135 sacer
3092 2078 3269 2135 erat:
3329 2068 3444 2134 sed
3503 2069 3712 2135 altera
3753 2070 3877 2135 fuit
3922 2072 4126 2137 maior
4171 2075 4341 2139 ratio

2394 2154 2891 2237 prohibitionis,
2971 2155 3153 2222 cuius
3219 2155 3393 2220 facta
3454 2156 3579 2220 fuit
3641 2157 3887 2222 mentio
3965 2156 4207 2225 Genes.
4273 2159 4336 2225 9.

2392 2262 2532 2326 cap.
2570 2250 2639 2307 et
2673 2241 2751 2307 de
2788 2261 2916 2326 qua
2950 2261 3182 2307 rursus
3215 2240 3632 2308 tractandum
3669 2242 3792 2307 erit
3825 2242 3896 2307 in
3933 2244 4337 2327 expositione

2389 2328 2564 2394 sexti
2609 2327 2954 2412 praecepti.

3135 2617 3439 2684 LEVIT.
3481 2618 3604 2685 IV.

2566 2757 2622 2822 1.
2649 2755 3033 2838 Alloquutus
3065 2758 3496 2837 estpraeterea
3518 2755 3749 2822 Iehooa
3771 2754 4010 2835 Mosen,
4054 2757 4341 2823 dicendo.-

2389 2843 2452 2908 2.
2512 2842 2793 2925 Loquere
2846 2841 2933 2908 ad
2983 2839 3154 2922 filios
3207 2839 3449 2925 Israel,
3501 2842 3785 2908 dicendo:
3849 2842 4091 2908 Anima
4144 2863 4340 2926 quum

2378 2929 2727 3013 peccaverit
2757 2946 2884 3008 per
2925 2946 3196 3025 errorem
3241 2927 3319 2991 ab
3360 2927 3645 3026 omnibus
3675 2928 4032 3027 praeceptis
4077 2927 4339 2995 Iehooae

2387 3033 2725 3168 &w
2745 3017 2932 3165 352‘3‘.
2947 3185 2961 3199 ‚
2974 3011 3294 3164 '‘mma“'ss’
3326 3013 4338 3199 {mmmmm

2389 3187 2680 3254 delictum
2732 3183 2987 3267 populi,
3055 3183 3273 3267 offeret
3322 3185 3703 3266 sacr-fictum
3743 3205 3868 3267 pro
3915 3190 4165 3265 peccato
4223 3206 4338 3252 suo

2583 3272 2881 3355 peccavit,
2922 3270 3247 3335 iuvencum
3278 3269 3546 3369 vantium
3586 3270 4053 3370 imaculatum
4073 3270 4340 3338 Iehovae

2378 3362 2800 3512 ΞΞΞΜΡΥΥΞ·
2832 3355 3369 3508 amm-5.
3394 3376 3717 3508 ΥΥΥ
3483 3446 3734 3541 mm..
3758 3356 4071 3542 itm<
4112 3362 4338 3541 ⁰3²²ae

2390 3530 2649 3597 movebit
2696 3548 2957 3594 manum
3005 3548 3191 3595 suam
3240 3548 3429 3611 super
3468 3532 3653 3609 caput
3690 3548 3969 3608 iuvenm,
4022 3528 4338 3595 mactaba-

2391 3637 2510 3700 que
2566 3617 2894 3680 iuvencum
2945 3614 3017 3680 in
3073 3617 3390 3697 conspectu
3447 3612 3728 3680 Iehooae.
3818 3615 3878 3679 5.
3940 3613 4341 3696 Accipietque

2391 3702 2682 3770 sacerdos
2730 3704 2955 3766 unctus
3006 3700 3084 3766 dc
3140 3700 3448 3783 sanquine
3503 3699 3778 3782 iuvenci,
3832 3704 3889 3764 et
3930 3699 4164 3791 infere(
4197 3720 4339 3766 eum

2393 3791 2467 3856 in
2507 3786 2972 3853 tabernaculum
3013 3785 3444 3852 conventionis.
3514 3785 3573 3850 6.
3608 3783 3782 3850 Dein
3824 3785 4109 3851 sacerdos
4150 3786 4340 3871 tinyet

2391 3875 2662 3959 diqitum
2716 3892 2906 3938 suum
2963 3872 3033 3937 in
3085 3872 3417 3955 sanyuine,
3475 3875 3875 3954 asperyetque
3913 3872 3994 3936 ds
4031 3872 4340 3956 sanquine

2391 3962 2502 4027 illo
2543 3964 2773 4041 septem
2811 3956 3049 4024 vicibus
3091 3977 3308 4023 coram
3350 3954 3617 4023 Iehova:
3679 3957 3736 4020 7.
3786 3954 4101 4038 Ponetque
4140 3977 4341 4023 sacer-

2390 4048 2506 4114 dos
2555 4046 2633 4112 de
2685 4044 2992 4129 sanquine
3046 4043 3165 4109 isto
3212 4062 3403 4134 super
3441 4061 3678 4108 cornua
3724 4042 3955 4109 altaris
3996 4042 4339 4125 suffimenti

2392 4131 2723 4200 aromatici
2763 4149 2970 4197 coram
3011 4128 3270 4208 Iehova,
3326 4127 3490 4211 quod
3529 4133 3620 4193 est
3658 4129 3731 4193 in
3773 4127 4160 4194 tabernaculo
4202 4148 4338 4194 con-

2389 4216 2728 4289 ventionis:
2792 4220 2981 4282 totum
3033 4221 3242 4281 autem
3295 4214 3662 4298 sanquinem
3717 4214 4030 4296 reliquum
4096 4216 4340 4282 iuvenci

2391 4303 2660 4388 effundet
2693 4302 2773 4370 ab
2812 4301 2998 4367 basin
3035 4300 3263 4366 altaris
3302 4300 3645 4366 holocausti
3694 4300 3860 4380 quod
3915 4303 4007 4366 est
4047 4299 4134 4366 ad
4195 4304 4339 4367 osti-

2390 4411 2501 4455 um
2541 4387 2929 4455 tabernaculi
2968 4386 3403 4452 conventionis.
3471 4386 3530 4451 8.
3573 4384 3797 4451 Totum
3829 4390 4160 4469 praeterea
4202 4387 4341 4453 adi·

2380 4496 2532 4560 pem
2574 4475 2816 4539 iuvenci
2879 4472 3067 4538 oblati
3119 4491 3244 4553 pro
3294 4476 3548 4552 peccato
3612 4469 3775 4537 tollet
3831 4470 3908 4536 ab
3962 4490 4059 4536 eo:
4119 4493 4336 4556 nempe

2391 4563 2643 4645 adipem
2708 4559 3072 4641 operientem
3136 4558 3461 4637 intestina,
3528 4560 3584 4620 et
3645 4561 3836 4622 totum
3900 4557 4157 4638 adipem
4219 4561 4334 4640 qui

2391 4653 2482 4714 est
2521 4667 2715 4728 super
2756 4666 2848 4711 ea.
2935 4645 2998 4710 9.
3039 4642 3227 4709 Duos
3267 4663 3503 4725 quoque
3543 4662 3750 4720 renes,
3809 4646 3865 4707 et
3916 4643 4169 4724 adipem
4222 4646 4336 4726 qui

2390 4738 2480 4800 est
2535 4752 2728 4814 super
2775 4751 2908 4808 eos,
2962 4734 3019 4795 et
3062 4730 3175 4812 qui
3224 4734 3316 4794 est
3356 4748 3551 4810 super
3593 4728 3749 4816 ilia,
3806 4732 3862 4794 et
3898 4726 4128 4810 fibram
4170 4750 4335 4811 quae

2391 4825 2483 4885 est
2555 4838 2748 4899 super
2810 4818 3013 4896 iecur,
3078 4834 3219 4881 cum
3283 4815 3538 4880 renibus
3604 4814 3875 4897 auferet:
3943 4813 4043 4880 10.
4115 4815 4333 4896 Quem·

2390 4906 2726 4972 admodum
2797 4902 3038 4969 tollitur
3115 4922 3158 4964 a
3235 4900 3377 4966 bove
3451 4900 3749 4982 sacrificii
3814 4900 4338 4982 prosperitatum.-

2389 4989 2770 5072 adolebitque
2791 5009 2865 5054 ea
2883 4987 3177 5054 sacerdos
3195 5006 3385 5068 super
3405 4986 3607 5058 altare
3641 4985 3996 5052 holocausti.
4067 4984 4165 5049 11.
4195 4984 4336 5052 Pel-

2387 5078 2506 5143 lem
2550 5080 2884 5159 praeterea
2934 5073 3210 5151 iuvenci,
3268 5076 3325 5137 et
3379 5092 3617 5139 omnem
3671 5091 3918 5137 carnem
3967 5071 4135 5148 cius,
4192 5091 4333 5137 cum

2387 5164 2590 5246 capite
2638 5163 2808 5242 eiuS,
2862 5165 2919 5226 et
2970 5159 3296 5236 cruribus,
3353 5164 3410 5223 et
3458 5158 3750 5224 intestina
3792 5157 3956 5236 eius,
4016 5160 4072 5220 et
4108 5155 4332 5236 fimum

2387 5250 2543 5315 eius.
2636 5245 2734 5312 12.
2780 5245 3138 5328 Educetque
3175 5249 3364 5310 totum
3406 5245 3727 5310 iuvencum
3770 5247 3951 5306 extra
3993 5246 4204 5307 castra
4245 5244 4333 5309 ad

2386 5335 2582 5402 locum
2615 5333 2944 5414 mundum,
2986 5331 3072 5398 ad
3104 5332 3300 5398 locum
3333 5330 3442 5396 ubi
3477 5328 3820 5413 effunditur
3854 5327 4050 5392 cinis.-
4092 5331 4148 5394 et
4180 5348 4338 5394 com-
