4867 6150
909 627 1041 694 nx
1088 627 1389 695 nxom
1432 628 1745 717 xx11.¹)

493 796 699 951 jx).
764 799 1067 882 Quisquis
1113 799 1502 868 concubuerit
1559 821 1702 868 acm
1750 801 2048 881 animali,
2106 807 2297 868 morte

342 904 548 951 mona
656 936 671 951 .

973 1227 1103 1294 EX
1148 1227 1456 1295 LEVIT.
1499 1227 1661 1295 XX.

515 1397 615 1464 13.
665 1397 1026 1482 Quicunque
1059 1400 1270 1466 coierit
1304 1420 1445 1466 cum
1477 1401 1757 1469 masculo
1789 1403 1953 1468 coitu
1984 1401 2292 1484 mulier-ic,

337 1482 860 1550 abominationem
883 1486 1162 1568 fecerunt
1179 1486 1387 1553 ambo.-
1423 1494 1613 1555 morte
1634 1489 1995 1570 morientur,
2028 1489 2292 1575 sanquis

335 1590 550 1637 eorum
590 1590 782 1653 super
824 1591 940 1638 eos.

864 1914 995 1982 Ex
1036 1913 1370 1983 EODEM
1415 1915 1767 1983 OAPITE.

515 2084 616 2152 15.
688 2084 765 2152 Si
827 2088 975 2169 quis
1036 2087 1316 2153 intulerit
1370 2088 1596 2154 coitum
1647 2109 1834 2156 suum
1890 2090 1961 2154 in
2016 2088 2289 2169 brumen,

335 2171 653 2239 moriendo
722 2174 1046 2254 mov-iecur,
1119 2179 1177 2239 et
1241 2174 1583 2240 iumentum
1649 2175 1954 2242 occidetia
2048 2176 2148 2243 16.
2216 2176 2293 2241 Si

336 2257 570 2324 mulier
623 2260 942 2326 accesserit
984 2258 1070 2323 ad
1111 2279 1308 2324 unum
1352 2260 1599 2326 animal
1637 2264 1725 2329 aa
1765 2262 2108 2330 coeundum
2151 2283 2291 2329 eum

337 2363 438 2428 eo,
497 2344 732 2412 occides
772 2345 1098 2411 mulierem
1139 2351 1196 2410 et
1250 2346 1523 2427 animal,
1570 2348 1887 2414 moriendo
1930 2350 2289 2429 morientur,

335 2432 603 2516 sanquis
642 2450 856 2497 eorum
898 2451 1087 2515 super
1127 2451 1247 2497 eos.

511 2602 848 2668 Discimus
883 2624 966 2668 ex
1003 2602 1107 2668 his
1142 2603 1302 2669 loeis
1346 2625 1481 2669 non
1516 2612 1777 2670 tantum
1822 2608 1904 2673 ab
1949 2607 2290 2676 adulteriis

334 2687 742 2771 prohibitum
787 2688 989 2754 fuisse
1033 2690 1378 2774 populum,
1425 2689 1539 2756 sed
1587 2713 1626 2756 a
1668 2693 1938 2778 flagitiis
1983 2696 2289 2762 omnibus

336 2793 506 2856 quae
549 2783 851 2858 pugnant
894 2796 1044 2841 cum
1089 2776 1235 2858 ipsa
1277 2784 1553 2843 naturae
1595 2780 2011 2846 verecundia.
2081 2782 2288 2848 Porro

336 2878 466 2941 quo
523 2861 737 2944 magis
793 2861 1193 2927 detestabilis
1238 2862 1327 2927 sit
1370 2864 1583 2930 omnis
1628 2865 2057 2948 impudicitia,
2118 2867 2283 2934 duas

334 2944 746 3030 prodigiosae
793 2945 1083 3013 libidinis
1116 2949 1365 3032 species
1401 2961 1885 3031 commemorat,
1924 2972 2005 3016 ex
2049 2953 2289 3036 quibus

336 3038 554 3116 patet,
618 3031 775 3099 dum
833 3033 956 3099 sibi
1001 3033 1302 3101 homines
1364 3034 1715 3122 indulgent
1772 3036 1841 3102 in
1909 3037 2031 3103 hac
2075 3049 2283 3125 parte,

336 3118 492 3268 plus
532 3139 730 3202 quam
776 3120 1062 3185 belluino
1105 3121 1358 3205 impetu
1403 3122 1483 3187 ad
1531 3145 1601 3188 se
1648 3124 1927 3189 nefando
1972 3124 2286 3192 dedecore

367 3204 692 3271 sedandos
761 3208 921 3291 rapi.
1012 3206 1287 3272 Belluae
1349 3209 1522 3273 coitu
1595 3212 1882 3275 naturali
1940 3222 2286 3278 contentae

337 3302 536 3356 sunt:
620 3289 969 3358 discrimen
1038 3295 1260 3376 itaque
1325 3294 1449 3360 hoc
1529 3296 1611 3361 ab
1696 3296 1964 3363 homine
2031 3299 2287 3364 ratione

336 3375 633 3459 praedito
698 3377 1008 3443 confundi
1083 3381 1280 3444 nimis
1339 3377 1685 3464 indignum
1742 3392 1861 3447 est.
1953 3382 2284 3464 Quorsum

338 3462 518 3526 enim
553 3462 868 3530 iudicium
905 3473 972 3531 et
1004 3464 1419 3550 intelligendi
1453 3466 1750 3546 facultas,
1786 3469 1916 3533 nisi
1961 3479 2034 3534 ut
2078 3471 2289 3536 maior

336 3547 411 3611 in
467 3549 657 3614 nobis
717 3570 912 3632 quam
970 3551 1041 3615 in
1087 3551 1301 3616 brutis
1348 3552 1739 3618 animalibus
1797 3554 2020 3637 vigeat
2076 3558 2284 3622 conti·

336 3633 608 3698 nentia?
661 3634 982 3700 Horribili
1017 3638 1220 3722 igitur
1256 3636 1448 3703 modo
1479 3648 1862 3705 excaecatos
1891 3661 2034 3705 esse
2079 3663 2289 3726 appa-

335 3726 442 3783 ret
475 3719 589 3802 qui
632 3741 701 3786 se
743 3721 838 3786 ita
880 3722 1189 3805 probrose
1232 3725 1703 3803 contaminant,
1741 3726 2290 3808 quemadmodum

340 3802 501 3869 dicit
557 3805 807 3872 Paulus
852 3805 1069 3893 (Rom.
1135 3810 1193 3887 1,
1251 3809 1335 3875 28
1368 3860 1382 3876 .
1453 3810 1655 3875 Varia
1711 3818 1933 3876 tamen
1992 3823 2290 3879 monstra

337 3899 600 3973 praeter
635 3901 943 3958 naturam
979 3896 1379 3980 excogitant
1413 3896 1703 3961 libidinis
1749 3898 1962 3962 furor:
2008 3919 2289 3981 quorum

338 3977 610 4042 nomina
637 3978 895 4061 sepulta
929 3999 1072 4045 esse
1107 3990 1500 4065 praestaret:
1546 3983 1677 4048 nisi
1720 3982 1892 4066 quod
1938 3982 2122 4050 Deus
2167 4007 2290 4069 pu-

340 4060 556 4128 denda
602 4077 1026 4130 monumenta
1069 4076 1333 4132 exstare
1378 4067 1665 4134 voluerit
1717 4090 1883 4153 quae
1931 4080 2179 4136 metum
2222 4080 2289 4136 et

340 4146 680 4214 horrorem
755 4152 942 4216 nobis
1008 4153 1399 4220 incuterent.
1491 4154 1788 4219 Tandem
1857 4177 1934 4220 eo
1993 4159 2294 4241 prorupit

339 4232 794 4318 intemperies,
859 4245 935 4302 ut
989 4237 1287 4305 homines
1344 4238 1428 4305 ad
1486 4240 1846 4325 imaginem
1899 4242 2024 4307 Dei
2068 4245 2290 4322 creati,

338 4326 479 4384 tam
521 4322 652 4387 viri
697 4342 896 4406 quam
959 4324 1243 4390 feminae
1301 4326 1514 4392 brutis
1556 4347 1628 4392 se
1691 4327 2090 4393 animalibus
2133 4330 2292 4394 mis-

341 4415 587 4472 cerent.
1361 4445 1370 4452 -

519 4494 739 4560 Levit.
788 4495 888 4575 18,
951 4496 1053 4562 24.
1119 4495 1221 4561 Ne
1254 4496 1654 4579 polluamini.
1745 4499 1978 4565 Veteri
2023 4520 2295 4584 prover-

485 4735 543 4806 1)
590 4736 806 4792 Abhinc
850 4752 1050 4807 maqna
1095 4745 1176 4793 eet
1210 4738 1589 4807 discrepantia
1635 4741 1782 4794 inter
1827 4741 2162 4822 φωρῶν-ἑο
2216 4740 2296 4795 la—

345 4806 470 4861 tina
513 4811 567 4862 et
610 4807 908 4860 versionem
951 4808 1206 4876 yallicam
1249 4808 1434 4879 quoad
1467 4806 1711 4863 ordinem
1744 4825 2141 4877 perwoparum.
2216 4812 2294 4865 In

345 4874 450 4930 hac
501 4877 644 4931 enim
697 4878 866 4930 series
909 4876 991 4931 ita
1037 4878 1419 4931 constituitur:
1473 4878 1605 4931 Lev.
1656 4876 1740 4947 18,
1788 4878 1857 4931 22
1902 4893 2004 4941 εις
2060 4878 2146 4943 19,
2198 4880 2289 4949 29,

348 4944 512 4999 Dent.
548 4944 634 5013 23,
685 4945 779 5000 18·
826 4944 960 4998 LeV.
998 4945 1082 5007 18,
1120 4945 1213 5012 193
1265 4947 1350 5016 18,
1401 4947 1433 4999 1
1471 4964 1541 5000 ss.
1577 4953 1629 5000 et
1663 4947 1823 5001 Dent.
1860 4946 1944 5010 22,
1980 4946 2080 5016 303
2131 4950 2290 5003 Dent.

346 5012 435 5081 25,
473 5014 540 5067 11
596 5031 707 5136 sqq
755 4985 840 5084 22,
892 5013 987 5079 123
1039 5014 1125 5080 22,
1172 5015 1236 5083 53
1291 5018 1391 5070 Ex.
1436 5014 1526 5084 22,
1576 5015 1645 5069 19
1680 5023 1738 5069 et
1772 5019 1902 5071 Lev,
1938 5014 2029 5083 20,
2077 5017 2144 5071 13
2180 5035 2294 5088 sq.;

345 5084 477 5139 Lev.
515 5083 601 5151 20,
668 5083 706 5138 0
740 5090 798 5138 et
832 5085 991 5137 Dent.
1029 5083 1113 5144 22,
1151 5083 1219 5137 22
1254 5102 1353 5150 ss.;
1400 5086 1530 5140 Lev.
1569 5084 1652 5150 19,
1690 5085 1761 5140 20
1793 5102 1904 5155 sq.·
1941 5085 2029 5150 20,
2069 5086 2165 5154 18;
2200 5087 2290 5156 20,

346 5151 417 5205 11
452 5169 521 5206 as.
562 5152 631 5206 19
664 5170 762 5220 ss.;
808 5154 910 5206 Ex.
945 5151 1030 5216 22,
1077 5152 1159 5206 16.
1198 5152 1280 5207 17.
1326 5154 1410 5219 21,
1457 5154 1487 5208 7
1525 5173 1592 5213 66.
1681 5157 1841 5211 Dent.
1877 5125 1963 5223 24,
2011 5156 2073 5225 5;
2128 5158 2289 5212 Num.

344 5220 398 5290 5,
443 5221 512 5276 11
547 5237 649 5290 ss.;
695 5223 851 5278 Dent.
888 5219 975 5291 22,
1023 5221 1090 5276 13
1125 5239 1225 5289 66.;
1271 5221 1356 5290 24,
1394 5224 1424 5276 1
1460 5242 1530 5279 66.
1605 5226 1702 5282 Ita
1747 5225 1889 5281 nihil
1934 5227 2156 5282 omnino
2200 5228 2291 5283 de·

344 5291 640 5347 πάσσων.

519 5359 579 5427 2)
613 5359 780 5414 Hebr.
818 5359 900 5416 18.

1752 454 2239 525 SEPTIMUM
2301 454 2953 524 PRAEOEP'PUM.

4229 460 4359 526 646

2400 628 2510 694 bio
2569 628 2840 705 dicitur,
2902 649 2986 692 ex
3041 628 3233 693 malis
3292 628 3585 695 moribus
3651 637 3845 696 natas
3900 631 4102 697 fuisse
4147 631 4357 698 bonas

2399 714 2609 798 leges:
2679 713 2801 778 hac
2855 734 3058 779 causa
3112 735 3182 779 66
3241 715 3466 781 induci
3528 713 3835 781 admonet
3903 716 4087 783 Deus
4152 724 4226 781 ut
4270 716 4359 784 de

2397 802 2599 866 rebus
2633 799 2874 882 alioqui
2907 798 3116 865 foedis
3150 810 3216 864 et
3251 800 3552 866 nefandis
3592 800 3836 867 diserte
3878 803 4083 869 verba
4126 803 4350 869 faciat:

2397 894 2708 970 portenta
2779 885 2956 950 enim
3029 905 3307 968 quorum
3376 888 3706 965 meminit,
3766 896 4032 954 aeterno
4091 887 4355 955 silentio

2398 972 2684 1056 tegenda
2739 980 2961 1049 erant,
3021 971 3150 1037 nisi
3193 982 3456 1055 cogeret
3499 974 3850 1040 necessitas
3897 996 3976 1040 ea
4018 976 4090 1039 in
4135 974 4346 1040 lucem

2394 1059 2704 1142 proferre.
2770 1056 3027 1122 Verum
3064 1058 3218 1140 quia
3252 1077 3538 1141 eousque
3573 1059 3874 1125 licentiae
3908 1066 4352 1145 proruperant

2396 1154 2624 1228 gentes
2664 1143 3007 1222 Chanaan,
3049 1151 3127 1207 ut
3168 1143 3465 1228 prodigia
3500 1165 3667 1228 quae
3705 1145 3942 1211 melius
3978 1147 4350 1228 latuissent,

2395 1249 2711 1316 perverso
2764 1250 2885 1294 usu
2941 1228 3142 1293 nimis
3185 1228 3604 1295 familiariter
3646 1242 3866 1297 essent
3908 1233 4190 1317 cognita,
4230 1253 4348 1317 po-

2398 1315 2628 1398 pulum
2685 1336 2877 1381 suum
2936 1315 3248 1380 admonet
3291 1313 3477 1381 Deus
3522 1325 3595 1381 ut
3638 1317 3759 1383 sibi
3804 1330 4037 1384 caveat
4079 1317 4162 1384 ab
4204 1319 4347 1383 exi-

2394 1401 2660 1468 tialibus
2703 1401 3036 1483 exemplis.
3113 1401 3338 1466 Primo
3382 1423 3583 1484 quum
3628 1403 3786 1468 dicit
3828 1403 4349 1471 abominationes

2392 1487 2542 1553 illas
2578 1486 2781 1551 fuisse
2826 1503 3158 1570 grassatae
3191 1487 3264 1552 in
3309 1487 3632 1570 gentibus,
3677 1490 4006 1573 significat
4048 1489 4215 1555 nihil
4260 1489 4345 1556 ad

2394 1573 2881 1639 excusationem
2920 1572 3142 1638 valere
3186 1573 3430 1638 malam
3474 1574 4036 1654 consuetudinem,
4080 1576 4215 1641 imo
4262 1597 4345 1641 ex

2393 1657 2652 1743 publico
2717 1678 3040 1724 consensu
3105 1659 3276 1724 male
3354 1661 3577 1742 quaeri
3643 1661 4079 1744 patrocinium
4145 1661 4345 1728 vitiis.

2394 1744 2647 1809 Verum
2709 1764 2837 1826 quo
2894 1744 3134 1810 melius
3187 1744 3271 1809 ab
3316 1746 3681 1812 imitatione
3727 1746 4071 1825 deterreat,
4113 1749 4347 1814 statuit

2393 1841 2547 1896 ante
2603 1830 2826 1895 oculos
2881 1850 3078 1913 quam
3125 1831 3306 1896 Deus
3352 1842 3735 1915 sumpturus
3777 1840 3923 1898 erat
3964 1832 4348 1901 vindictam.

2393 1916 2648 1981 Verum
2686 1915 2953 1999 quidem
2989 1926 3089 1981 est
3132 1917 3279 1982 aliis
3324 1915 3405 1983 de
3448 1917 3666 1983 causis
3710 1919 3981 2002 populos
4025 1918 4351 1985 Chanaan

2392 2003 2595 2067 fuisse
2632 2001 2897 2079 deletos,
2943 2002 3057 2067 sed
3100 2002 3278 2067 inter
3314 2003 3478 2068 alias
3522 2024 3655 2070 non
3701 2005 3946 2071 frustra
3988 2005 4160 2071 hanc
4201 2026 4351 2089 pro·

2392 2088 2616 2172 ponit:
2654 2087 2807 2170 quia
2849 2086 3024 2152 baud
3060 2087 3257 2154 dubie
3292 2088 3535 2156 talibus
3579 2091 4098 2175 inquinamentis
4141 2092 4350 2157 offen·

2393 2196 2510 2240 sus
2554 2174 2771 2238 fuerat
2815 2174 3017 2239 Deus.

2567 2260 2671 2325 26.
2726 2258 2850 2325 Vos
2883 2279 3026 2343 erqo
3067 2259 3377 2326 custodite.
3447 2259 3577 2326 Hic
3619 2261 3918 2345 gentium
3961 2263 4352 2346 corruptelis

2394 2345 2610 2430 legem
2684 2365 2870 2411 suam
2929 2344 3217 2428 opponit.
3323 2344 3645 2412 Sufficere
3703 2345 3965 2429 quidem
4033 2347 4112 2412 ad
4172 2348 4350 2432 ipsos

2397 2429 2788 2497 erudiendos
2853 2441 3110 2514 poterat
3175 2430 3344 2512 quod
3412 2451 3593 2497 nunc
3646 2433 3919 2514 protulit
3977 2434 4352 2500 severitatis

2397 2516 2805 2599 exemplum:
2854 2537 2982 2600 quo
3019 2524 3241 2581 tamen
3278 2537 3387 2582 eos
3432 2517 3650 2584 acrius
3684 2528 3936 2603 urgeat,
3995 2519 4192 2585 simul
4238 2519 4353 2584 ad·

2393 2605 2612 2687 iungit
2635 2605 2813 2667 viam
2837 2602 2970 2667 illis
3014 2602 3086 2667 in
3130 2602 3275 2686 lege
3318 2611 3672 2683 ostensam,
3718 2625 3882 2688 quae
3922 2626 4031 2671 eos
4076 2608 4354 2671 erratico

2394 2711 2589 2756 cursu
2654 2690 2885 2771 vagari
2940 2707 3072 2752 non
3136 2689 3344 2770 sinat,
3398 2689 3590 2754 modo
3650 2711 3734 2754 ne
3778 2701 4083 2756 recusent
4126 2690 4352 2757 Deum

2392 2775 2595 2859 sequi.
2686 2774 2860 2840 Nam
2914 2782 3147 2857 gentes
3201 2795 3405 2857 quum
3458 2774 3606 2841 luce
3649 2773 4181 2857 destituerentur,
4221 2777 4353 2844 hue

2392 2861 2554 2927 illuc
2588 2859 2951 2925 abstractas
2995 2860 3195 2925 fuisse
3240 2862 3480 2925 mirum
3527 2881 3658 2925 non
3706 2870 3839 2925 est:
3884 2863 3997 2927 sed
4045 2861 4202 2927 dum
4247 2885 4351 2928 er-

2391 2946 2599 3013 rando
2658 2945 3035 3012 eaecitatem
3082 2965 3269 3010 suam
3316 2944 3790 3025 demonstrant,
3835 2946 4062 3014 fideles
4105 2970 4188 3014 ex
4233 2970 4353 3033 op-

2390 3035 2604 3117 posito
2647 3032 2874 3097 testari
2920 3032 3227 3097 convenit
3273 3051 3343 3095 se
3388 3052 3520 3097 non
3566 3031 3985 3098 tenebrarum
4034 3033 4148 3101 sed
4183 3033 4351 3102 lueis

2391 3141 2537 3185 esse
2619 3119 2804 3184 filios.
2920 3119 3136 3200 Atque
3221 3118 3350 3183 huc
3416 3117 3709 3184 alludere
3772 3119 4034 3185 videtur
4100 3121 4354 3187 Paulus

2391 3204 2594 3291 (Eph.
2669 3204 2730 3282 4,
2793 3201 2933 3290 17),
3000 3204 3158 3268 dum
3218 3202 3444 3269 fideles
3505 3203 3814 3269 hortatur
3870 3226 3955 3270 ne
4014 3206 4353 3272 ambulent

2392 3291 2587 3357 sicuti
2652 3299 2885 3375 gentes
2945 3290 3013 3354 in
3079 3289 3372 3354 vanitate
3420 3310 3652 3355 sensus
3697 3292 3817 3356 sui.
3906 3290 4056 3357 Hae
4097 3293 4352 3359 ratione

2392 3375 2579 3441 Deus
2639 3397 2815 3441 nunc
2869 3394 3001 3439 non
3066 3384 3323 3440 tantum
3382 3385 3730 3459 praecepta
3789 3384 3858 3440 et
3918 3385 4171 3442 statuta
4233 3399 4352 3444 sua

2392 3462 2825 3540 commendat,
2872 3460 2987 3526 sed
3030 3461 3230 3525 etiam
3275 3461 3633 3527 custodias:
3679 3462 3835 3545 quia
3877 3462 4044 3526 nihil
4088 3465 4160 3528 in
4206 3464 4354 3549 lege

2393 3568 2514 3614 sua
2585 3546 2881 3612 omiserit
2954 3547 3124 3630 quod
3184 3547 3268 3611 ad
3324 3547 3680 3631 regendam
3743 3548 4082 3614 hominum
4143 3550 4350 3615 vitam

2394 3644 2571 3699 esset
2605 3633 2787 3699 utile.
2871 3629 3151 3698 Summa
3184 3642 3304 3711 est,
3349 3633 3478 3697 nisi
3523 3635 3590 3697 in
3639 3633 3937 3699 doctrina
3981 3654 4147 3717 quae
4185 3636 4348 3719 ipsis

2395 3719 2743 3802 praelucet,
2783 3739 2853 3784 66
2890 3719 3285 3795 contineant,
3323 3717 3599 3783 eundem
3637 3720 3749 3801 qui
3791 3720 4098 3804 gentibus
4140 3720 4349 3787 insta-

2395 3807 2506 3871 bat
2547 3805 2891 3869 interitum
2939 3805 3117 3886 ipsos
3161 3824 3422 3888 quoque
3467 3825 3751 3870 manere.

2566 3891 2788 3957 Levit.
2835 3891 2939 3964 20,
2993 3889 3094 3954 13.
3192 3890 3557 3973 Quicunque
3598 3892 3816 3957 coierit
3870 3911 4011 3958 cum
4052 3893 4344 3959 maa-cdo.

2395 3975 2701 4043 Antehac
2746 3977 2929 4041 Deus
2974 3974 3125 4059 quid
3183 3989 3431 4042 rectum
3478 3985 3652 4041 esset
3696 3976 3943 4052 docuit,
4007 3987 4081 4042 ut
4124 3999 4165 4041 a
4209 3999 4348 4044 sce-

2395 4063 2532 4127 lere
2577 4062 2894 4147 populum
2936 4061 3322 4140 retraheret,
3371 4081 3502 4126 non
3549 4071 3808 4127 tantum
3853 4083 4099 4146 poenae
4142 4076 4344 4142 metu,

2396 4148 2511 4215 sed
2573 4149 2770 4213 etiam
2825 4161 3093 4232 propter
3146 4150 3630 4215 conscientiam.
3713 4147 3889 4229 Quia
3947 4160 4165 4214 autem
4214 4171 4347 4215 non

2397 4256 2624 4300 omnes
2658 4247 2888 4316 sponte
2935 4234 3230 4298 animum
3276 4232 3591 4300 adiiciunt
3636 4233 3721 4300 ad
3763 4235 4148 4317 parendum,
4193 4258 4348 4302 con-

2398 4332 2505 4386 tra
2559 4320 2794 4402 impios
2850 4330 3328 4401 contemptores
3365 4320 3601 4403 quibus
3637 4321 3892 4384 nullum
3938 4332 4041 4385 est
4083 4322 4350 4406 pietatis

2399 4406 2725 4480 studium,
2795 4426 3020 4470 severe
3077 4404 3562 4470 animadvertit.
3666 4408 3764 4472 Ac
3815 4407 4058 4471 mirum
4109 4420 4209 4473 est
4253 4409 4349 4473 ita

2401 4504 2633 4577 gentes
2696 4492 2831 4555 fere
2897 4511 3124 4555 omnes
3190 4491 3598 4574 obtorpuisse
3651 4492 3720 4555 in
3782 4491 3974 4556 bruta
4032 4495 4346 4573 socordia,

2401 4587 2478 4643 ut
2527 4577 2927 4659 praeposteri
2983 4577 3220 4652 coitus,
3283 4588 3349 4641 et
3405 4579 3547 4659 ipso
3598 4577 3861 4641 nomine
3908 4578 4345 4658 detestabiles,

2400 4666 2667 4746 impune
2691 4664 2825 4727 fere
2862 4662 3119 4726 tolerati
3142 4661 3406 4727 fuerint.
3454 4662 3907 4745 Nequissimos
3930 4665 4127 4729 etiam
4154 4686 4348 4747 quos-

2401 4771 2527 4833 que
2586 4748 2821 4831 puduit
2876 4746 3133 4834 (fateor)
3194 4757 3445 4813 tantum
3510 4749 3758 4814 crimen
3819 4771 4167 4827 excusare,
4231 4750 4345 4815 sed

2400 4855 2601 4919 quum
2658 4837 2798 4899 eius
2852 4835 3040 4898 fieret
3095 4834 3387 4910 licentia,
3448 4834 3723 4918 vulgare
3790 4837 4158 4902 convicium
4218 4837 4351 4901 fuit

2398 4920 2679 4987 obiicere
2744 4921 2813 4984 in
2873 4921 3138 4998 faciem,
3196 4922 3330 4984 imo
3384 4923 3452 4985 in
3509 4921 3671 5004 ipsis
3731 4922 4008 5004 publicis
4064 4921 4342 5002 iudiciis,

2398 5007 2569 5091 quod
2638 5006 2867 5070 durius
2927 5004 3393 5072 vindicandum
3462 5015 3604 5072 erat
3660 5027 3853 5090 quam
3912 5006 4040 5070 alia
4099 5007 4351 5074 scelera

2398 5094 2632 5178 quibus
2695 5112 2827 5156 non
2886 5090 3255 5175 parcebant.
3344 5093 3606 5158 Poenae
3656 5102 3874 5157 autem
3932 5113 4064 5156 non
4123 5094 4349 5161 minus

2393 5179 2736 5244 subiicitur
2779 5179 2889 5260 qui
2936 5176 3280 5243 muliebria
3321 5199 3550 5261 passus
3591 5190 3693 5244 est
3735 5198 3925 5261 quam
3974 5185 4342 5261 stuprator:

2395 5268 2551 5349 quia
2607 5263 2736 5328 tale
2795 5264 3362 5346 inquinamentum
3432 5265 3612 5330 nullo
3663 5263 3854 5329 modo
3913 5264 4068 5329 ferri
4131 5264 4347 5332 debet.

2396 5354 2543 5418 Imo
2589 5348 2647 5416 si
2692 5349 2795 5415 vir
2839 5357 2955 5414 aut
2996 5349 3234 5414 mulier
3275 5350 3516 5416 coitum
3561 5359 3830 5434 appetat
3871 5349 4046 5415 bruti
4092 5351 4350 5418 anima-

3827 5449 3931 5504 41*
