4867 6150
328 468 446 535 345
1776 463 2154 532 PRIMUM
2199 465 2849 535 PRAECEP'PUM.
3753 472 3764 482 “
4190 472 4318 538 346

325 656 433 721 bus
471 652 772 737 unyzdam
813 653 1106 731 divisam,
1150 651 1479 730 camelum,
1539 657 1596 718 et
1636 651 1933 735 leporem,
1989 659 2046 718 et
2095 654 2267 719 euni·

326 741 553 806 culum.-
596 740 750 821 quia
790 740 1137 815 ruminant,
1182 744 1238 802 et
1278 738 1582 822 unyulam
1622 758 1745 803 non
1788 739 2098 816 dividunt,
2149 741 2269 804 im-

324 826 554 892 munda
594 830 743 891 sunt
781 825 965 890 vobis.
1059 824 1116 890 8.
1163 822 1252 889 Et
1282 843 1574 904 porcum,
1620 825 1776 906 quia
1825 824 2012 906 findit
2069 846 2267 908 unqu-

326 914 464 990 Ζαοη,
510 918 567 976 et
606 931 725 976 non
765 911 1067 990 ruminat,
1126 910 1493 975 immundus
1549 917 1639 976 est
1689 912 1895 975 vobis.-
1950 911 2025 975 de
2080 931 2267 977 carne

324 1018 532 1065 eorum
573 1018 695 1062 non
737 998 1057 1063 comedetis
1072 1049 1087 1075 ‚
1144 1001 1201 1063 et
1242 996 1549 1061 cadavera
1590 1014 1802 1062 eorum
1856 1016 1979 1060 non
2035 998 2260 1062 contin-

321 1084 487 1169 qetis.
578 1083 639 1149 9.
685 1082 821 1148 Hoc
883 1083 1206 1148 comedetis
1269 1103 1346 1148 ex
1410 1082 1696 1147 omnibus
1761 1103 1922 1165 quae
1982 1088 2131 1147 sunt
2192 1084 2265 1148 in

323 1192 504 1253 aqua,
544 1168 853 1251 quidquid
894 1167 1072 1234 habet
1094 1168 1440 1251 pinnulam
1459 1173 1514 1233 et
1533 1188 1879 1250 squamam,
1924 1169 2261 1234 comedetis.

324 1256 416 1321 10.
470 1255 795 1338 Quidquid
848 1275 988 1321 vero
1028 1275 1149 1319 non
1188 1253 1364 1318 habet
1404 1255 1750 1335 pinnulam
1807 1260 1862 1319 et
1916 1274 2263 1336 squamam,

320 1363 435 1407 non
500 1341 851 1407 comedetis.-
929 1341 1326 1405 immundum
1381 1346 1473 1405 est
1525 1340 1711 1406 vobis.
1819 1340 1919 1405 11.
2004 1339 2262 1406 Omnem

320 1448 489 1493 avem
557 1428 860 1493 mundam
915 1427 1252 1492 comedetis.
1357 1425 1457 1492 12.
1518 1426 1663 1491 Hae
1717 1431 1924 1492 autem
1985 1431 2132 1492 sunt
2181 1447 2261 1491 ex

319 1514 539 1595 quibus
572 1533 698 1578 non
733 1513 1081 1578 comedetis.-
1114 1506 1353 1593 aquila,
1391 1518 1447 1578 et
1464 1512 1765 1595 qryphus,
1810 1518 1868 1577 et
1898 1512 2256 1577 haliaeetus.

320 1599 416 1664 13:
460 1598 553 1664 Et
594 1600 761 1677 iscus,
807 1603 862 1663 et
901 1598 1142 1673 vultur,
1201 1604 1258 1662 et
1315 1599 1546 1664 milvus
1600 1599 1940 1665 secundum
1997 1599 2259 1681 speciem

315 1706 508 1750 suam.
583 1685 683 1749 14.
719 1684 810 1749 Et
848 1685 1053 1749 omnis
1092 1704 1316 1751 corvus
1356 1684 1697 1750 secundum
1738 1686 2002 1767 speciem
2043 1704 2259 1749 suam.-

316 1771 411 1836 15.
455 1771 550 1837 Et
582 1772 724 1853 filia
766 1771 1153 1849 struthionis,
1197 1775 1253 1834 et
1271 1775 1515 1846 noctua,
1562 1775 1620 1834 et
1636 1770 1831 1848 larus,
1868 1775 1924 1835 et
1965 1771 2259 1851 accipiter

311 1859 643 1922 secundum
687 1858 949 1936 speeiem
989 1876 1193 1935 suam,
1283 1856 1380 1921 16.
1430 1855 1518 1921 Et
1555 1854 1865 1932 herodius,
1911 1860 1970 1921 et
2011 1856 2159 1933 ibis,
2203 1859 2261 1921 et

311 1941 2006 2111 wffffmwfflfflawmwffm...
1821 1942 2258 2093 ...ff

314 2121 367 2182 et
401 2136 626 2197 upupa
671 2120 728 2180 et
767 2112 1131 2196 vespe-talto.
1222 2114 1321 2180 19.
1382 2113 1470 2178 Et
1511 2134 1685 2179 omne
1734 2112 1960 2195 reptile
2017 2113 2258 2179 alatum

312 2202 705 2267 immundum
769 2205 859 2265 est
919 2199 1118 2273 vobis,
1179 2220 1304 2265 non
1366 2200 1721 2267 comedetur.
1830 2199 1933 2265 20.
2004 2199 2258 2265 Omnem

311 2308 476 2353 avem
519 2286 820 2353 mundam
861 2286 1198 2351 comedetis.

472 2458 699 2523 Levit.
746 2458 850 2538 20,
892 2457 996 2524 25.
1102 2457 1224 2523 Vos
1264 2477 1500 2539 quoque
1540 2457 1890 2523 discrimen.
1973 2455 2252 2523 Senten-

209 2572 214 2577 ·
308 2545 461 2609 tiam
532 2544 700 2610 hanc
758 2544 1046 2628 pendere
1099 2564 1137 2607 a
1193 2545 1325 2608 fine
1380 2543 1736 2625 superioris
1800 2563 2030 2610 versus
2086 2544 2248 2609 mihi

307 2629 577 2695 dubium
623 2651 755 2694 non
802 2639 918 2695 est.
982 2630 1132 2694 Etsi
1176 2631 1350 2695 enim
1398 2629 1521 2696 hac
1561 2630 1813 2693 ratione
1857 2629 1937 2693 ab
1982 2631 2250 2697 incestis

306 2738 408 2782 eos
430 2715 743 2794 deterret,
781 2737 1061 2800 quorum
1083 2716 1479 2781 mentionem
1507 2717 1767 2793 fecerat,
1804 2714 2000 2780 simul
2026 2725 2246 2782 tamen

307 2803 383 2867 ad
427 2812 844 2886 praesentem
893 2802 1250 2868 doctrinam
1298 2811 1566 2884 spectat,
1613 2810 1691 2865 ut
1724 2802 1810 2865 sit
1844 2802 2034 2884 quasi
2055 2821 2246 2886 prae-

299 2889 563 2953 fationis
627 2888 788 2953 loce.
899 2888 1202 2971 Denique
1267 2909 1372 2953 res
1438 2887 1603 2953 duas
1673 2889 2030 2964 connectit,
2095 2887 2249 2970 quia

301 2973 589 3039 breviter
629 2974 766 3040 illic
789 2972 974 3039 Deus
1017 2974 1357 3039 consilium
1403 2994 1596 3038 suum
1645 2972 2066 3053 demonstrat,
2113 2995 2244 3038 non

300 3060 490 3127 modo
539 3059 753 3145 quoad
796 3061 1057 3127 illicitos
1101 3068 1168 3125 et
1204 3059 1423 3126 foedos
1445 3057 1850 3140 concubitus,
1895 3058 2010 3126 sed
2046 3060 2243 3125 etiam

300 3168 412 3213 cur
457 3148 776 3231 populum
835 3169 1025 3214 suum
1088 3147 1375 3213 vetuerit
1430 3145 1826 3212 animalibus
1884 3145 2246 3211 immundis

300 3235 489 3301 vesci.
580 3233 741 3298 Ideo
785 3234 973 3300 dicit:
1014 3234 1160 3317 Ego
1203 3234 1422 3314 itaque
1466 3254 1611 3298 sum
1651 3234 1834 3298 Deus
1879 3243 2097 3298 vester
2133 3232 2244 3316 qui

298 3341 411 3385 vos
453 3322 757 3402 separavi
817 3342 855 3385 a
912 3321 1185 3403 populis.
1275 3318 1469 3385 Unde
1526 3319 1856 3401 sequitur,
1917 3339 2047 3383 non
2113 3319 2241 3383 alia

297 3407 550 3472 ratione
594 3405 957 3489 prohibitos
1000 3407 1198 3471 fuisse
1243 3406 1325 3470 ab
1369 3405 1632 3470 illorum
1680 3404 2065 3470 animalium
2111 3425 2245 3483 esu,

298 3493 418 3558 nisi
462 3502 543 3558 ut
586 3491 741 3556 inde
795 3491 1005 3575 magis
1064 3491 1388 3558 discerent
1444 3490 1671 3557 sedulo
1723 3512 1986 3568 cavere,
2054 3511 2131 3558 ac
2174 3510 2244 3556 se

296 3578 520 3659 procul
599 3577 962 3644 subducere
1039 3578 1118 3644 ab
1200 3576 1501 3643 omnibus
1579 3578 1876 3660 gentium
1940 3578 2243 3660 inquina-

295 3665 556 3729 mentis.
666 3663 1058 3729 Munditiem
1141 3673 1296 3728 ante
1374 3664 1949 3730 commendaverat
2017 3664 2243 3729 multis

295 3750 644 3834 symbolis:
693 3771 867 3816 nunc
910 3770 1069 3814 vero
1113 3771 1260 3815 eam
1305 3749 1388 3815 ad
1426 3748 1738 3815 animalia
1774 3770 1979 3833 nsque
2015 3757 2244 3814 exten-'-

294 3835 405 3901 dit.
504 3839 724 3919 Atque
783 3837 944 3901 haec
1001 3837 1171 3900 ratio
1217 3835 1566 3920 diligenter
1611 3836 1899 3900 notanda
1943 3848 2062 3913 est,
2109 3836 2240 3901 dis-

294 3922 542 3987 crimen
581 3923 755 3987 inter
788 3922 964 3987 cibos
998 3920 1132 3986 illis
1165 3924 1460 4004 proponi,
1495 3930 1572 3986 ut
1606 3923 1877 4005 puritati
1913 3921 2240 3987 studeant.

291 4005 643 4093 Frigidum
711 4007 882 4072 enim
954 4019 1125 4073 esset
1190 4006 1500 4091 quidquid
1580 4007 1688 4073 hie
1768 4007 2036 4087 dicitur,
2117 4010 2242 4074 nisi

293 4095 611 4159 sciremus
655 4093 721 4157 in
769 4113 918 4158 eum
964 4095 1162 4159 finem
1227 4095 1508 4176 positum
1565 4092 1771 4159 fuisse
1820 4094 2242 4158 interdictum

299 4201 382 4245 ne
425 4201 499 4246 se
545 4180 909 4263 promiscue
954 4180 1257 4263 gentibus
1293 4179 1663 4245 miscerent.
1730 4180 1888 4244 Ideo
1924 4181 2244 4263 repetitur

300 4264 618 4339 secundo,
666 4275 1003 4347 separatos
1048 4266 1250 4331 fuisse
1294 4277 1370 4330 ut
1413 4277 1633 4331 essent
1680 4267 1803 4330 Dei
1850 4266 2240 4332 haereditas.

299 4350 493 4417 Unde
537 4352 848 4429 infertur,
893 4352 1311 4418 sanctitatem
1356 4366 1508 4417 esse·
1537 4353 1697 4434 ipsis
1741 4351 2112 4432 colendam,
2171 4362 2243 4417 ut

299 4458 367 4502 se
405 4438 485 4502 ad
517 4438 643 4502 Dei
687 4438 785 4501 sui
832 4439 1201 4520 exemplum
1248 4437 1549 4504 forment.
1620 4439 1814 4503 Nunc
1860 4436 2240 4522 ambiguum

298 4544 438 4589 esse
482 4545 613 4588 non
658 4531 873 4604 potest
916 4524 1070 4606 quin
1131 4525 1423 4590 ciborum
1484 4522 1773 4590 delectus
1829 4525 1939 4606 qui
1993 4525 2240 4607 praeci·

298 4609 509 4691 pitur,
577 4610 909 4691 appendix
972 4611 1059 4674 sit
1123 4611 1320 4694 primi
1383 4612 1741 4693 praecepti,
1821 4630 1949 4692 quo
2013 4609 2244 4693 regula

296 4694 582 4760 traditur
626 4693 752 4759 Dei
799 4696 919 4760 rite
963 4717 1254 4780 pureque
1300 4696 1582 4762 colendi:
1640 4706 1835 4778 atque
1876 4696 1972 4761 ita
2013 4696 2242 4780 religio

297 4782 614 4847 asseritur
657 4780 740 4844 ab
784 4781 1087 4847 omnibus
1133 4783 1672 4866 superstitionum
1718 4781 2047 4846 mixturis.

467 4867 683 4932 Levit.
723 4867 825 4944 11,
871 4868 931 4933 2.
978 4867 1153 4935 Haec
1184 4874 1332 4933 sunt
1364 4868 1677 4934 animalia
1708 4887 1871 4950 quae
1901 4867 2240 4934 comedetis.

296 4950 653 5018 Sciverunt
686 4964 839 5018 ante
863 4954 1096 5019 Mosen
1135 4965 1357 5019 natum
1405 4955 1614 5020 sancti
1657 4965 1879 5037 patres
1923 4973 2239 5036 quaenam

295 5049 519 5104 esseut
595 5040 902 5104 animalia
981 5040 1352 5106 immunda:
1421 5041 1605 5107 cuius
1672 5042 1763 5105 rei
1833 5039 2241 5105 luculentum

294 5126 622 5208 specimen
662 5124 866 5190 edidit
900 5126 1062 5204 Noe,
1101 5147 1300 5209 quum
1341 5148 1423 5192 ex
1461 5127 1587 5191 Dei
1624 5127 1933 5191 mandato
1970 5136 2243 5210 septena

293 5212 482 5293 paria
523 5212 918 5277 mundorum
979 5212 1361 5277 animalium
1416 5214 1488 5278 in
1545 5232 1763 5277 arcam
1822 5211 2117 5291 induxit,
2174 5221 2240 5277 et

292 5295 446 5362 inde
493 5298 774 5380 sumpsit
816 5318 981 5381 quae
1029 5299 1168 5363 Deo
1212 5300 1477 5364 offerret
1521 5299 1592 5363 in
1651 5299 2040 5365 sacrificium
2087 5319 2236 5383 gra·-

293 5384 537 5449 tiarum
608 5385 900 5450 actionis.
993 5382 1189 5450 Certe
1254 5386 1530 5469 exsequi
1589 5407 1721 5450 non
1787 5393 2048 5469 poterat
2111 5386 2236 5451 Dei

2370 654 2721 737 imperium
2771 658 2898 721 nisi
2945 656 3051 723 vel
3095 679 3334 724 arcano
3378 660 3696 725 instinctu
3740 660 3974 726 fuisset
4029 659 4315 742 edoctus,

2371 739 2477 805 vel
2553 740 2815 807 traditio
2869 742 3032 809 haec
3082 765 3122 809 a
3180 745 3473 827 patribus
3535 754 3897 810 manasset:
3974 746 4089 812 sed
4150 747 4318 812 nihil

2370 826 2637 892 absurdi
2695 838 2798 892 est
2856 830 2912 893 si
2960 829 3144 895 Deus
3189 830 3502 896 traditum
3554 852 3672 914 per
3714 852 3945 897 manus
3993 830 4318 899 delectum

2368 914 2759 978 confirmare
2797 914 3041 995 volens,
3088 914 3497 982 discretionis
3533 926 3724 983 notas
3759 919 4149 1000 apposuerit,
4187 940 4315 1003 quo

2368 998 2656 1065 sanctior
2689 1010 2860 1064 esset
2895 1000 3284 1082 observatio,
3321 1024 3397 1069 ac
3434 1025 3515 1068 ne
3550 1024 3679 1087 qua
3716 1005 4152 1088 transgressio
4198 1027 4314 1087 per

2366 1084 2693 1150 inscitiam
2740 1085 3098 1170 obreperet.
3188 1088 3361 1154 Nam
3405 1098 3472 1154 et
3526 1089 3915 1155 sabbathum
3957 1090 4141 1156 Deus
4186 1092 4314 1157 sibi

2368 1190 2407 1234 a
2466 1171 2696 1235 mundi
2755 1174 3083 1237 creatione
3148 1173 3425 1252 dicavit,
3493 1184 3558 1239 et
3632 1174 3967 1241 observari
4024 1176 4233 1242 voluit
4276 1198 4316 1242 a

2367 1255 2605 1338 populo
2663 1271 2817 1322 ante
2874 1258 3040 1343 legis
3109 1260 3730 1343 promulgationem:
3796 1270 4023 1347 postea
4092 1271 4314 1329 tamen

2363 1340 2719 1424 peculiaris
2783 1343 2926 1409 eius
2989 1344 3117 1409 diei
3178 1345 3494 1411 sanctitas
3562 1346 3937 1414 distinctius
3995 1368 4313 1432 expressa

2363 1425 2508 1492 fuit.
2568 1428 2774 1494 Porro
2812 1430 3120 1495 animalia
3143 1432 3389 1496 munda
3425 1431 3532 1497 hic
3567 1431 3646 1496 ab
3683 1432 4043 1500 immundis
4080 1434 4312 1501 distin-

2362 1525 2660 1596 guuntur
2737 1525 2871 1579 tam
2949 1518 3328 1584 nominibus
3404 1538 3601 1600 quam
3682 1519 3906 1602 signis.
4028 1520 4313 1604 Propria

2363 1599 2635 1664 nomina
2678 1621 2844 1683 quae
2890 1614 3343 1683 recensentur,
3410 1625 3645 1687 parum
3691 1605 3876 1670 nobis
3919 1604 4112 1672 hodie
4155 1626 4309 1671 con-

2367 1684 2648 1749 ducunt:
2686 1688 2837 1769 quia
2856 1688 3103 1754 multae
3137 1711 3303 1773 quae
3339 1690 3407 1754 in
3445 1691 3696 1755 oriente
3720 1692 4022 1758 visuntur
4041 1695 4308 1774 species,

2365 1770 2523 1836 alibi
2581 1782 2735 1838 sunt
2791 1774 3182 1859 incognitae.
3274 1776 3364 1839 Et
3424 1774 3686 1841 Iudaeis
3743 1778 3853 1861 qui
3907 1777 3978 1841 in
4039 1779 4309 1845 remotis

2361 1855 2519 1923 locis
2562 1860 2705 1922 nati
2749 1869 2939 1924 erant
2982 1870 3049 1927 et
3093 1862 3428 1942 vixerant,
3485 1861 3877 1927 hallucinari
3922 1862 4110 1929 facile
4152 1864 4305 1929 fuit:

2361 1941 2596 2008 deinde
2641 1965 2767 2028 quo
2812 1945 3187 2013 audaciores
3222 1956 3379 2014 sunt
3414 1948 3496 2012 ad
3533 1947 3935 2031 fingendum,
3981 1970 4058 2014 eo
4090 1952 4308 2016 minus

2359 2027 2491 2093 illis
2556 2029 2892 2096 fidendum
2958 2041 3075 2099 est.
3179 2034 3263 2099 In
3330 2033 3556 2099 multis
3633 2035 3878 2115 fateor,
3961 2034 4145 2100 nulla
4204 2047 4305 2102 est

2360 2115 2788 2198 ambiguitas:
2825 2120 3212 2201 praesertim
3235 2120 3304 2184 in
3341 2119 3683 2200 cicuribus,
3718 2121 3825 2186 vel
3865 2140 4029 2203 quae
4060 2121 4306 2204 passim

2358 2203 2806 2283 reperiuntur,
2850 2205 2953 2269 vel
2996 2206 3064 2270 in
3105 2207 3431 2289 scriptura
3472 2214 3687 2273 certas
3730 2207 3974 2272 habent
4019 2205 4305 2291 descrip-

2359 2287 2588 2353 tiones.
2700 2288 2880 2372 Ergo
2945 2311 3025 2354 ex
3094 2290 3198 2356 his
3264 2292 3471 2375 signis
3536 2312 3703 2375 quae
3782 2294 3889 2356 hic
3964 2302 4304 2375 ponuntur

2355 2373 2639 2455 petenda
2672 2376 2864 2440 firma
2899 2377 3211 2460 cognitio:
3250 2377 3499 2441 munda
3532 2378 3781 2445 scilicet
3815 2399 3956 2445 esse
3996 2378 4306 2444 animalia

2356 2459 2595 2541 quibus
2638 2462 2915 2527 fissurae
2960 2471 3117 2528 sunt
3158 2465 3227 2527 in
3273 2463 3568 2548 ungulis,
3613 2473 3677 2530 et
3721 2484 3886 2547 quae
3932 2465 4300 2530 ruminant:

2357 2544 2592 2628 quibus
2637 2557 2856 2612 autem
2918 2569 3000 2613 ex
3056 2548 3312 2615 duobus
3369 2549 3646 2614 alterum
3695 2548 3908 2629 deest,
3967 2550 4303 2616 immunda

2354 2651 2532 2697 esse:
2591 2633 2799 2715 pisces
2843 2641 2981 2700 tam
3034 2634 3328 2700 marinos
3369 2655 3564 2719 quam
3622 2635 4011 2716 fluviatiles,
4065 2637 4302 2719 quibus

2354 2727 2515 2782 sunt
2561 2719 2801 2801 pinnae
2847 2731 2914 2784 et
2956 2740 3283 2803 squamae,
3330 2742 3471 2787 esse
3508 2721 3808 2787 mundos.
3880 2723 4124 2787 Avium
4168 2722 4301 2789 tale

2355 2802 2706 2870 discrimen
2772 2827 2903 2870 non
2969 2816 3270 2884 notatur,
3351 2805 3465 2873 sed
3547 2815 3804 2873 tantum
3871 2808 4301 2875 nominantur

2352 2889 2732 2955 immundae
2778 2892 3016 2974 quibus
3062 2892 3239 2957 vesci
3282 2893 3511 2976 religio
3559 2902 3719 2958 erat.
3809 2893 4105 2959 Tandem
4150 2916 4297 2977 rep·

2352 2975 2571 3040 tilium
2608 2977 2681 3040 fit
2703 2978 2969 3043 mentio.
3029 2976 3134 3042 De
3168 2978 3466 3063 singulis,
3501 2978 3556 3044 si
3594 2978 3747 3061 quid
3785 2979 3912 3045 erit
3945 2980 4298 3047 observatu

2352 3059 2623 3146 dignum
2646 3115 2660 3140 ,
2699 3074 2926 3147 postea
2968 3063 3095 3129 erit
3138 3063 3373 3149 agendi
3418 3062 3616 3131 locus.
3706 3064 3901 3131 Nunc
3941 3066 4013 3130 in
4057 3086 4298 3152 genere

2349 3147 2712 3213 tenendum
2759 3160 2860 3216 est
2900 3149 3072 3233 quod
3115 3151 3299 3234 prius
3344 3152 3567 3235 attigi:
3614 3173 3817 3234 quum
3862 3161 4091 3234 gentes
4135 3151 4297 3219 cibis

2348 3235 2746 3316 quibuslibet
2781 3244 3221 3315 vescerentur,
3258 3237 3496 3302 vetitas
3529 3236 3732 3302 fuisse
3754 3236 4019 3303 Iudaeis
4055 3238 4297 3304 multas

2349 3321 2650 3386 carnium
2685 3322 2951 3404 species,
2989 3330 3062 3387 ut
3095 3322 3167 3385 in
3189 3323 3332 3405 ipso
3357 3324 3532 3388 victu
3557 3322 3883 3388 discerent
3906 3322 4296 3390 munditiem

2349 3405 2593 3471 colere:
2652 3428 2777 3490 quo
2835 3407 3171 3492 spectabat
3228 3408 3553 3491 separatio
3610 3429 3650 3473 a
3706 3410 4035 3476 communi
4094 3430 4292 3476 more.

2348 3491 2542 3558 Unde
2587 3494 2831 3559 factum
2867 3494 2995 3560 fuit
3028 3502 3106 3559 ut
3140 3494 3413 3561 verbum
3452 3478 3576 3563 &bn
3624 3503 3760 3560 tam
3795 3516 3914 3578 pro
3950 3516 4294 3562 commune

2348 3579 2561 3645 faeere
2626 3600 2820 3662 quam
2888 3602 3008 3664 pro
3072 3581 3524 3647 contaminare
3587 3582 3989 3665 acciperent:
4058 3591 4124 3648 et
4186 3565 4292 3651 51η

2349 3664 2669 3748 pollutum
2714 3666 3053 3750 significat,
3099 3667 3255 3750 quia
3298 3674 3525 3732 sancto
3566 3667 3672 3732 vel
3718 3679 4059 3752 segregato
4094 3689 4294 3752 oppo-

2348 3752 2552 3817 nitur.
2639 3751 2892 3817 Verum
2939 3751 3198 3834 quidem
3245 3762 3345 3818 est
3386 3762 3618 3837 gentes
3662 3762 3937 3818 naturae
3979 3754 4294 3821 instinctu

2346 3847 2421 3902 ut
2479 3837 2836 3920 plurimum
2893 3837 3307 3905 abhorruisse
3351 3857 3392 3902 a
3435 3839 3842 3922 quorundam
3904 3841 4294 3906 animalium

2347 3944 2463 3989 esu
2539 3944 2702 4008 quae
2780 3923 2889 3988 hic
2967 3924 3411 4006 prohibentur.
3520 3925 3753 3990 Voluit
3821 3936 4044 3991 tamen
4110 3926 4293 3993 Deus

2345 4010 2671 4076 cancellos
2714 4010 3120 4076 circumdare
3164 4009 3403 4095 populo
3448 4032 3585 4088 suo,
3633 4014 3739 4094 qui
3786 4032 3938 4077 eum
3974 4031 4013 4075 a
4058 4012 4294 4078 vicinis

2344 4104 2746 4178 separarent.
2816 4096 3022 4162 Porro
3058 4097 3170 4179 qui
3207 4098 3591 4163 existimant
3632 4098 3954 4163 rationem
4003 4098 4293 4163 habitam

2346 4203 2488 4248 esse
2548 4203 2749 4248 sanae
2804 4182 3231 4262 valetudinis,
3293 4203 3369 4249 ac
3425 4182 3481 4248 si
3538 4184 3724 4250 Deus
3783 4183 3998 4249 officio
4057 4181 4294 4248 medici

2344 4268 2610 4334 functus
2645 4278 2836 4345 esset,
2875 4270 3147 4355 profana
3182 4267 3627 4352 speculatione
3663 4277 4054 4353 pervertunt
4089 4278 4292 4335 totam

2346 4356 2483 4418 vim
2527 4363 2594 4420 et
2639 4354 2993 4420 utilitatem
3038 4354 3237 4421 huius
3272 4355 3332 4420 le
3380 4356 3455 4420 is.
3522 4355 3764 4421 Fateor
3806 4354 4088 4438 quidem,
4133 4377 4293 4439 quos

2346 4439 2530 4505 Deus
2574 4441 2898 4523 permittit
2937 4442 3140 4520 cibos,
3199 4440 3339 4506 salu
3388 4461 3493 4505 res
3551 4461 3726 4520 esse,
3787 4453 3854 4505 et
3913 4440 3997 4506 ad
4041 4443 4292 4508 victum

2348 4527 2635 4591 maxime
2677 4526 3228 4593 accommodatos:
3285 4547 3511 4592 verum
3559 4535 3693 4591 tam
3739 4548 3820 4593 ex
3866 4529 4289 4611 praefatione,

2344 4633 2473 4694 qua
2505 4612 2689 4679 Deus
2725 4612 3064 4678 admonuit
3099 4612 3336 4696 populo
3382 4633 3574 4695 quem
3621 4613 3909 4697 elegerat
3951 4613 4293 4680 colendam

2346 4719 2490 4763 esse
2548 4699 2961 4764 sanctitatem
2981 4751 2997 4778 ,
3058 4720 3254 4782 quam
3315 4719 3397 4762 ex
3455 4697 3620 4783 legis
3670 4699 4088 4783 abrogatione
4133 4700 4292 4766 satis

2345 4784 2584 4867 liquet,
2645 4783 2965 4850 delectum
3023 4784 3201 4849 hunc
3258 4794 3512 4869 partem
3572 4785 3771 4850 fuisse
3828 4784 4288 4871 paedagogiae,

2345 4871 2466 4936 sub
2526 4891 2652 4953 qua
2696 4872 2879 4937 Deus
2939 4880 3227 4938 veterem
3282 4870 3596 4954 populum
3646 4871 3991 4937 continuit.
4081 4871 4291 4937 Nemo

2347 4977 2461 5021 vos
2486 4955 2728 5021 iudicet
2762 4959 2833 5022 in
2866 4958 3008 5023 cibo
3044 4967 3110 5022 et
3144 4966 3323 5041 potu,
3360 4956 3573 5040 inquit
3597 4956 3843 5024 Paulus
3867 4956 4034 5044 (001.
4059 4958 4118 5037 2,
4151 4956 4287 5044 16):

2344 5042 2498 5125 quia
2532 5043 2766 5108 umbra
2805 5044 2929 5108 fuit
2965 5065 3180 5109 rerum
3224 5044 3615 5120 futurarum,
3660 5064 3900 5127 corpus
3935 5052 4154 5108 autem
4190 5049 4291 5109 est

2343 5130 2409 5192 in
2438 5126 2722 5194 Christo,
2788 5128 3043 5211 Quibus
3080 5131 3298 5195 verbis
3341 5129 3684 5213 significat,
3730 5129 3901 5212 quod
3945 5129 4290 5212 spirituale

2342 5222 2514 5292 erat,
2568 5214 2773 5286 fuisse
2831 5214 3290 5300 adumbratum
3346 5227 3618 5281 externo
3677 5217 3811 5279 ritu
3868 5215 3936 5279 in
3993 5213 4289 5280 ciborum

2343 5300 2759 5366 abstinentia.
2851 5300 3095 5367 Eodem
3142 5322 3396 5384 quoque
3442 5322 3637 5365 sensu
3685 5300 3839 5365 alibi
3885 5300 4074 5379 dicit,
4122 5302 4289 5366 scire

2342 5406 2412 5451 se
2471 5407 2545 5452 ac
2600 5407 2980 5469 persuasum
3049 5407 3191 5453 esse
3245 5389 3315 5452 in
3370 5385 3637 5452 Christo
3694 5386 3846 5451 Iesu
3915 5385 4081 5450 nihil
4148 5408 4290 5452 esse
