4867 6150
339 480 468 547 717

1067 750 1576 819 APPENDIX.

986 890 1122 958 Ex
1163 889 1434 957 DEU‘I'.
1477 888 1679 958 xlx.

522 1079 626 1145 16.
699 1079 906 1162 Qum
945 1080 1178 1147 steterit
1210 1078 1383 1146 testis
1421 1078 1696 1145 mendax
1740 1082 1956 1146 contra
2010 1078 2307 1161 aliqum,

346 1170 426 1235 ut
464 1164 821 1248 mficew
853 1170 1072 1232 contra
1103 1163 1518 1232 eumverbum
1545 1183 1946 1247 perversum.-
1989 1164 2089 1230 17.
2130 1164 2311 1231 Tunc

103 1234 602 1327 frn--ffstdbmt
641 1251 763 1317 auo
804 1250 910 1319 aa
949 1251 1227 1318 homines
1258 1250 1486 1334 quibus
1528 1255 1619 1316 est
1658 1251 1760 1331 za,
1800 1269 2014 1351 aaran!
2056 1248 2310 1349 zema,

349 1338 424 1404 id
494 1341 588 1403 est
659 1336 2311 1419 eoramsacerdotibusetiudioibusquumm

346 1423 423 1490 in
474 1421 694 1490 diebus
741 1423 893 1490 iuis.
986 1422 1087 1490 18.
1152 1421 1244 1488 Et
1294 1422 1615 1505 inquirent
1669 1423 1906 1490 iudices
1962 1422 2305 1506 diliqentor,

348 1508 1984 1583 dsitestisaewzeesttestismmdax‚mmdaoium
2152 1509 2165 1522 ‘

348 1599 454 1661 m
486 1599 578 1660 est
611 1599 823 1663 contra
854 1594 1122 1677 fratrem
1164 1614 1388 1661 suum:
1432 1594 1534 1665 19.
1580 1593 1860 1661 Facietis
1900 1595 1979 1674 ei,
2014 1595 2312 1677 quemad—

346 1681 603 1747 modum
641 1681 931 1765 cogitavit
968 1679 1173 1762 facere
1211 1680 1416 1763 fratri
1453 1700 1572 1746 suo
1587 1730 1604 1761 ,
1661 1685 1718 1747 et
1774 1679 2027 1762 auferes
2066 1679 2310 1745 malum

348 1786 385 1832 0
445 1766 648 1832 medio
688 1766 805 1832 tui.
892 1765 997 1832 20.
1062 1765 1153 1833 Et
1215 1767 1328 1849 qui
1391 1766 1833 1846 remanserint,
1897 1765 2159 1832 audient
2232 1784 2309 1831 ac

346 1850 681 1933 timebunt,
731 1871 845 1920 nec
895 1851 1124 1918 addent
1159 1851 1367 1935 facere
1413 1851 1586 1917 ultra
1631 1851 1875 1918 malum
1913 1851 2122 1917 eionile
2162 1849 2310 1917 huic

345 1937 804 2005 immediata&
891 1938 996 2007 21.
1060 1936 1983 2020 Nequopmetoculustuus:
2022 1938 2310 2003 animam

335 2042 466 2108 pro
498 2025 734 2103 anima,
769 2023 1016 2091 oculum
1037 2043 1166 2106 pro
1185 2025 1375 2102 oculo,
1409 2024 1651 2090 dentem
1671 2041 1802 2106 pro
1823 2022 2016 2104 dente,
2048 2042 2310 2089 manum

335 2128 464 2193 pro
503 2128 717 2189 mana,
753 2111 979 2193 pedem
1008 2128 1136 2193 pro
1164 2110 1342 2193 pede.

523 2298 625 2364 16.
677 2297 889 2381 Quum
919 2297 1167 2365 am.
1255 2295 1435 2378 Quia
1494 2317 1626 2362 non
1670 2297 1769 2363 ita

347 2382 548 2452 nibus
589 2383 790 2450 timor
829 2384 961 2451 Dei
1003 2391 1083 2450 ut
1123 2394 1362 2469 sponte
1418 2404 1459 2449 a
1511 2382 1877 2452 maledicen
1930 2385 1944 2399 '

1872 2297 1887 2313 “
1939 2303 2007 2363 et
2047 2297 2119 2363 in
2167 2317 2308 2363 om-

1998 2382 2308 2466 cupidine

1785 476 2233 546 moenum
2275 474 2926 545 PRAEOEPTUM.

4248 476 4384 544 718

2412 751 2809 835 abstineant,
2843 752 3064 836 praeci
3110 753 3166 817 it
3189 749 3377 817 Deus
3410 770 3689 835 poenam
3722 749 3804 817 de
3836 750 4149 835 periuriis
4183 753 4379 819 sumi.

2413 839 2589 904 Nam
2647 847 2877 905 contra
2933 839 3170 923 imp1os
3215 845 3285 903 et
3326 836 3784 922 immorigeros
3849 836 4160 903 feruntur
4192 836 4377 923 leges

2412 924 2745 1009 politicae,
2805 934 2881 990 ut
2923 926 3034 1008 qui
3079 924 3205 990 Dei
3249 923 3570 989 iudicium
3613 930 3971 1008 spernunt,
4021 922 4378 990 trahantur

2414 1010 2498 1076 ad
2544 1011 2886 1076 hominum
2931 1008 3241 1076 tribunal.
3329 1008 3685 1075 Caeterum
3731 1010 3854 1075 etsi
3898 1029 4032 1075 non
4078 1009 4270 1075 aliter
4301 1010 4375 1075 in

2414 1095 2858 1180 cognitionem
2938 1095 3228 1163 iudicum
3294 1103 3618 1160 vocantur
3680 1095 3991 1180 periuria,
4056 1116 4252 1178 quam
4317 1095 4377 1163 si

2414 1191 2630 1248 exstet
2666 1191 3003 1249 accusator
3036 1183 3148 1266 qui
3184 1201 3256 1247 se
3289 1180 3456 1247 falso
3491 1181 3867 1247 testimonio
3902 1180 4147 1248 iniuste
4167 1182 4377 1249 fuisse

2415 1276 2762 1350 gravatum
2829 1276 3174 1351 queratur,
3237 1266 3409 1333 ratio
3473 1276 3695 1332 tamen
3751 1266 3986 1346 dictat,
4041 1268 4099 1333 si
4141 1267 4289 1350 quis
4332 1289 4374 1334 a

2412 1353 2599 1421 falsis
2654 1353 2937 1420 testibus
2988 1361 3239 1421 tractus
3298 1360 3471 1420 esset
3528 1352 3613 1419 ad
3670 1361 3949 1419 mortem
3965 1403 3980 1432 ,
4043 1350 4374 1420 iudicibus

2413 1440 2689 1506 minime
2714 1441 2916 1507 fuisse
2949 1439 3359 1517 cessandum,
3393 1438 3552 1523 quin
3582 1458 3668 1503 ex
3691 1439 3906 1506 officio
3938 1438 4372 1523 inquirerent.

2414 1525 2747 1608 Quoniam
2793 1535 3014 1592 tamen
3049 1533 3127 1593 111
3167 1525 3523 1608 plurimum
3568 1525 3808 1591 attenti
3863 1533 4025 1592 sunt
4071 1524 4372 1593 homines

2412 1611 2496 1677 ad
2551 1633 2741 1679 suam
2806 1612 3251 1678 innocentiam
3330 1610 3783 1689 asserendam,
3873 1611 4046 1678 hanc
4110 1619 4370 1697 partem

2412 1718 2673 1765 sumere
2729 1698 2892 1764 satis
2955 1697 3188 1765 habuit
3228 1695 3445 1775 Deus,
3502 1697 3561 1762 si
3616 1697 3836 1763 delata
3900 1696 4098 1763 fuerit
4153 1697 4371 1780 queri-

2411 1785 2663 1863 monia,
2710 1793 2788 1849 ut
2822 1784 3178 1869 diligenter
3214 1783 3620 1868 investigent
3661 1783 3939 1863 iudices,
3975 1803 4052 1850 ac
4096 1782 4372 1849 crimine

2411 1869 2839 1952 deprehenso,
2886 1890 3167 1953 poenam
3201 1868 3473 1935 talionis
3505 1870 3816 1955 irrogent.
3873 1867 4068 1936 Unde
4101 1877 4374 1953 apparet

2410 1955 2639 2021 eodem
2697 1954 2869 2041 apud
2916 1957 3138 2022 Deum
3184 1955 3326 2022 1000
3387 1954 3619 2021 11011011
3675 1955 3873 2022 falsos
3917 1962 4119 2021 testes
4173 1964 4372 2038 atque

2411 2039 2792 2108 homicidas.
2883 2040 3079 2123 Quod
3123 2050 3343 2107 autem
3391 2060 3675 2107 examen
3728 2041 3874 2108 fieri
3916 2041 4188 2106 mandat
4232 2060 4370 2106 11011

2411 2135 2673 2192 1011111111
2719 2147 2760 2192 0
2792 2127 3152 2208 iudicibus,
3211 2125 3325 2193 sed
3371 2126 3571 2192 etiam
3615 2146 3655 2191 a
3698 2126 4177 2208 sacerdotibus,
4221 2133 4369 2193 tan-

2413 2233 2615 2296 quam
2656 2214 2805 2280 Deo
2849 2221 3225 2298 praesente,
3271 2211 3397 2280 1100
3431 2214 3926 2281 circumstantia
3961 2211 4371 2298 diligentiam

2412 2299 2692 2382 requirit
2732 2299 2924 2366 solito
2967 2300 3314 2365 maiorem:
3359 2299 3516 2383 quia
3549 2299 3883 2366 occultum
3926 2299 4197 2380 crimen,
4238 2297 4371 2366 nisi

2414 2385 2839 2452 exactissima
2880 2404 3059 2462 cura,
3103 2405 3239 2451 non
3281 2383 3476 2452 facile
3520 2385 3871 2474 detegitur.

1564 3274 2178 3374 DECIMUM
2227 3192 3133 3375 PRAEOEPTUM.

976 3573 1112 3642 Ex
1150 3573 1458 3643 Exom
1495 3575 1659 3645 XX.

518 3743 622 3844 17.
697 3744 848 3812 Non
906 3748 1299 3830 concupisces
1362 3748 1615 3815 domum
1647 3748 1937 3832 proximi
1989 3750 2116 3831 tui,
2179 3771 2307 3818 non

342 3848 730 3914 concam-eccs
784 3850 1041 3897 uxorem
1081 3835 1371 3916 promimi
1411 3835 1537 3915 tui,
1601 3854 1797 3917 neque
1843 3854 2091 3901 servum
2142 3837 2301 3916 eius,

341 3935 542 3999 neque
580 3914 880 3984 ancillam
922 3917 1078 3998 cius,
1119 3938 1313 4002 mque
1353 3919 1564 3986 bovem
1604 3921 1759 3998 eius,
1803 3940 1999 4004 neque
2045 3924 2303 3989 asinum

342 4002 1153 4086 cm‘‚nequeqmdqaam'
1203 4009 2300 4091 eommquaempromm'itui.

1050 4413 1575 4484 REPE‘PI‘PIO.

1027 4531 1161 4599 Ex
1202 4534 1476 4602 DEU‘I'.
1522 4535 1607 4603 V.

517 4700 620 4801 21.
690 4701 910 4786 Neque
940 4705 1331 4787 cmwupisoes
1363 4727 1618 4773 uxorem
1639 4709 1923 4790 proxim
1955 4709 2069 4790 tui,
2106 4728 2301 4794 neque

341 4797 731 4871 conoupwoe-s‘
1109 4793 1400 4873 proximi
1462 4795 1587 4873 tui,
1660 4815 1887 4879 ayrum
1950 4795 2089 4862 eius
2102 4846 2121 4877 ,
2187 4802 2304 4863 aut

342 4893 590 4940 servum
652 4874 821 4953 eiu-3,
885 4879 999 4940 aut
1062 4877 1363 4943 ancillam
1425 4879 1595 4960 cius,
1673 4880 1881 4946 bovem
1942 4882 2110 4960 eius,
2186 4888 2301 4948 aut

344 4959 603 5025 asinum
685 4960 855 5026 eius.-
926 4979 1120 5042 neque
1197 4963 1546 5048 quodquam
1627 4985 1840 5032 emm
1916 4986 2075 5049 quae
2150 4974 2299 5034 sunt

330 5045 629 5128 proximo
669 5051 790 5114 tuo.

513 5214 733 5282 Exodi
769 5215 873 5295 20,
909 5215 1011 5283 17.
1080 5216 1229 5283 Non
1244 5222 1646 5304 concupisces.
1698 5221 1845 5289 Hoc
1872 5231 2294 5307 praeceptum

342 5299 429 5366 ad
471 5301 604 5368 alia
645 5303 985 5387 superiora
1029 5303 1298 5370 extendi
1346 5304 1693 5373 obscurum
1750 5330 1886 5374 non
1931 5317 2049 5377 001.
2117 5308 2296 5378 Satis

339 5394 544 5453 antea
597 5390 812 5456 vetuit
851 5387 1039 5456 Dens
1080 5388 1337 5457 inhiare
1380 5391 1578 5458 rebus
1622 5393 1887 5481 alienis,
1944 5396 2298 5464 sollicitare

2411 3580 2664 3647 01101100
2704 3603 2959 3662 uxores,
3003 3581 3109 3650 vel
3152 3603 3239 3649 ex
3280 3581 3496 3650 alieno
3534 3582 3947 3652 incommodo
3983 3592 4053 3649 et
4092 3584 4372 3667 iactura,

2412 3666 2676 3734 lucrum
2734 3678 3019 3752 captare.
3107 3668 3334 3748 Nunc,
3371 3667 3529 3734 dnm
3587 3679 3725 3736 tam
3770 3671 3973 3737 boves
4016 3679 4084 3736 et
4126 3672 4348 3737 asinos

2414 3762 2485 3819 et
2525 3754 2656 3819 alia
2697 3755 3041 3838 quaelibet,
3085 3774 3281 3838 quam
3316 3775 3576 3837 uxores,
3618 3764 3687 3821 et
3725 3776 3951 3823 servos
3993 3764 4062 3821 01
4093 3757 4367 3824 ancillas

2410 3847 2787 3907 enumerat:
2845 3841 3023 3908 clare
3065 3839 3274 3926 liquet
3314 3839 3549 3908 iisdem
3595 3840 3676 3908 de
3717 3841 3916 3909 rebus
3971 3844 4366 3927 praecipere,

2407 3926 2524 3992 sed
2570 3924 2829 3992 diverso
2870 3926 3095 3993 modo:
3138 3947 3394 4011 nempe,
3438 3934 3518 3992 ut
3550 3925 3882 4012 improbas
3924 3947 4153 3993 01111100
4188 3928 4366 4012 cupi·

2406 4010 2646 4079 ditatos
2684 4012 2788 4078 vel
2825 4010 3174 4094 scortandi,
3219 4013 3328 4079 vel
3359 4012 3623 4079 furandi
3669 4023 3976 4080 coerceat.
4035 4012 4367 4081 Obiicitur

2403 4107 2627 4164 tamen
2678 4099 3006 4182 quaestio,
3074 4119 3275 4183 quum
3336 4106 3535 4165 011100
3594 4098 3839 4167 dictum
3875 4100 3963 4167 sit
4003 4119 4126 4183 pro
4166 4099 4364 4185 legis-

2403 4183 2634 4250 latoris
2678 4194 2919 4252 natura
2962 4184 3200 4269 ubique
3241 4185 3487 4270 requiri
3529 4184 3861 4253 interioris
3919 4184 4134 4252 cordis
4177 4186 4360 4270 puri-

2403 4277 2608 4337 tatem
2628 4321 2645 4349 ,
2704 4270 2978 4356 ideoque
3043 4271 3168 4339 sub
3232 4270 3557 4337 adulterio
3622 4272 3834 4337 notari
3900 4291 4033 4337 non
4096 4279 4360 4338 tantum

2404 4377 2635 4423 omnes
2678 4356 3004 4439 lascivias,
3038 4355 3153 4425 sed
3188 4356 3510 4424 occultam
3555 4378 3813 4442 quoque
3851 4356 4357 4442 impudicitiam:

2402 4441 2527 4508 sub
2560 4439 2757 4524 furto,
2789 4443 3051 4512 illicitos
3083 4441 3384 4510 lucrandi
3421 4444 3783 4527 appetitus:
3826 4463 4137 4528 quorsum
4179 4465 4359 4511 nunc

2402 4528 2592 4594 Deus
2632 4549 2786 4595 suos
2828 4549 2869 4595 a
2910 4528 3177 4595 furandi
3221 4539 3290 4595 01
3343 4528 3676 4595 scortandi
3731 4527 4083 4614 cupiditate
4130 4530 4358 4613 prohi-

2403 4613 2602 4680 beat?
2705 4614 2991 4682 Videtur
3076 4615 3255 4682 enim
3336 4635 3747 4699 supervacua
3814 4635 3957 4682 0000
4021 4616 4355 4699 repetitio:

2403 4699 2581 4784 quod
2624 4699 2814 4767 valde
2857 4700 3215 4767 absurdum
3250 4709 3425 4768 esset
3457 4701 3529 4766 in
3565 4700 3790 4768 decem
3832 4699 4074 4781 verbis,
4117 4701 4357 4785 quibus

2400 4796 2608 4851 totam
2650 4786 2915 4853 vivendi
2957 4786 3257 4872 regulam
3300 4787 3683 4871 complexus
3725 4795 3829 4853 est
3850 4786 4051 4867 Deus,
4096 4796 4172 4852 ut
4212 4787 4357 4871 ipsa

2401 4872 2694 4939 brevitas
2750 4872 3026 4939 lectores
3080 4894 3200 4939 sua
3252 4872 3567 4939 facilitate
3622 4873 3861 4939 melius
3920 4873 4212 4939 alliceret
4269 4872 4355 4939 ad

2401 4957 2809 5025 discendum.
2899 4958 3155 5026 Verum
3215 4958 3415 5025 simul
3480 4979 3565 5024 ex
3625 4959 3925 5044 opposito
3991 4957 4355 5026 tenendum

2402 5055 2523 5124 001,
2569 5046 2872 5129 quamvis
2901 5044 3031 5112 Dei
3077 5044 3423 5112 consilium
3457 5045 3692 5126 fuerit,
3736 5065 3964 5112 omnes
4003 5043 4353 5111 bominum

2399 5151 2633 5197 sensus
2666 5140 2805 5196 tota
2847 5132 2992 5217 lege
3033 5133 3316 5198 formare
3366 5130 3450 5197 ad
3498 5131 3819 5199 sinceram
3862 5132 4005 5196 eius
4046 5129 4352 5197 obedien-

2399 5219 2593 5284 tiam:
2638 5237 2807 5300 quae
2848 5227 3072 5285 tamen
3115 5226 3215 5283 est
3258 5216 3600 5283 hominum
3644 5215 4012 5302 hypocrisis
4054 5224 4120 5281 et
4164 5236 4351 5283 secu-

2399 5305 2586 5382 ritas,
2623 5304 2843 5371 acrius
2876 5304 3077 5371 fuisse
3111 5302 3565 5384 stimulandos,
3599 5310 3665 5368 01
3698 5303 3969 5388 propius
4004 5302 4350 5387 urgendos,

2400 5412 2487 5458 ne
2529 5389 2652 5457 sub
2710 5391 2946 5458 umbra
2988 5390 3385 5457 obscurioris
3440 5388 3774 5456 doctrinae
3823 5386 4109 5455 latebras
4153 5409 4349 5473 quae·
