4867 6150
380 450 501 516 181

374 641 586 707 sancti
633 641 760 706 viri
805 641 1256 725 deprecatione
1302 641 1525 707 hostes
1569 643 1808 707 fractos
1854 642 1956 708 vel
2009 641 2324 709 contritos

373 728 593 793 fuisse.

552 813 649 877 14.
701 814 878 879 Tunc
919 814 1088 878 dixit
1110 811 1342 878 Iehova
1385 812 1469 877 ad
1493 812 1732 879 Mosen.
1800 813 1947 878 Hoc
1982 821 2323 897 praecepto

373 898 719 964 admonuit
766 900 967 976 Deus,
1015 921 1152 964 rem
1199 921 1268 964 se
1314 899 1594 984 gessisse
1639 919 1805 982 quae
1850 920 1979 965 non
2020 921 2322 965 sermone

372 996 632 1050 tantum
687 984 1003 1051 celebrari
1059 985 1319 1062 debeat,
1382 984 1496 1051 sed
1565 984 1739 1068 apud
1805 996 2097 1069 posteros
2162 1007 2319 1069 quo·

371 1092 499 1154 que
544 1081 878 1136 aeternam
926 1071 1203 1154 gloriam
1247 1081 1602 1136 mereatur.
1704 1070 1862 1135 Ideo
1907 1073 2086 1136 enim
2130 1073 2196 1136 in
2243 1072 2319 1136 li·

371 1156 491 1223 bro
555 1157 756 1224 scribi
818 1156 1016 1235 iubet,
1085 1179 1169 1223 ne
1232 1178 1523 1240 unquam
1591 1157 1938 1223 intercidat
1997 1159 2137 1223 eins
2181 1178 2317 1222 me-

372 1244 601 1309 moria.
711 1242 905 1325 Quod
973 1241 1053 1307 de
1120 1243 1286 1308 libro
1342 1243 1662 1309 curiosius
1718 1242 2055 1326 disputant
2111 1245 2317 1309 inter·

373 1340 609 1412 pretes,
669 1349 1146 1412 supervacuum
1193 1328 1357 1394 mihi
1400 1329 1693 1395 videtur:
1741 1331 1892 1411 quia
1936 1330 2320 1413 simpliciter

372 1415 520 1479 vult
559 1414 741 1481 Deus
776 1425 1038 1480 exstare
1073 1414 1378 1481 omnibus
1414 1414 1690 1481 saeculis
1727 1416 1922 1481 huius
1957 1417 2051 1481 rei
2087 1436 2316 1480 monu-

373 1514 706 1565 mentum:
795 1501 968 1586 quod
1034 1501 1158 1568 hac
1223 1501 1603 1567 narratione
1681 1502 2013 1585 praestitit
2079 1503 2319 1581 Moses,

370 1587 525 1669 quia
602 1609 751 1653 cum
833 1597 1149 1671 perpetua
1225 1598 1292 1653 et
1370 1588 1722 1653 immortali
1793 1587 1962 1670 legis
2027 1588 2319 1653 doctrina

369 1672 570 1739 huius
636 1673 888 1757 gratiae
953 1673 1237 1759 elogium
1304 1675 1549 1757 scripto
1616 1673 1900 1755 prodidit
1964 1694 2169 1756 nsque
2234 1672 2316 1737 ad

367 1759 573 1824 finem
619 1759 868 1825 mundi.
955 1758 1349 1843 Quanquam
1395 1781 1526 1824 non
1569 1767 1822 1823 tantum
1863 1759 2062 1825 scribi
2109 1759 2319 1824 voluit

367 1844 857 1910 memorabilem
920 1847 1113 1912 huius
1171 1867 1432 1932 pugnae
1485 1857 1828 1923 eventum,
1887 1843 2001 1911 sed
2051 1845 2315 1910 Iosuam

372 1928 450 1996 de
496 1951 573 1994 ea
615 1933 1127 2011 commonefieri,
1187 1953 1271 1997 ne
1327 1933 1448 1997 sub
1505 1941 1621 2010 tot,
1689 1951 1854 2014 quae
1897 1953 2048 1997 eum
2093 1952 2315 1996 mane-

367 2017 546 2097 bant,
607 2017 1100 2083 difficultatibus
1156 2019 1503 2085 fatisceret.
1605 2017 1792 2083 Nihil
1852 2019 2028 2081 enim
2083 2017 2318 2082 melius

370 2124 521 2169 eum
579 2103 791 2185 potuit
846 2104 1098 2170 invicta
1151 2104 1522 2170 constantia
1573 2102 1804 2169 fulcire
1862 2124 2060 2185 quam
2118 2103 2318 2168 huius

369 2188 684 2254 historiae
722 2190 1109 2256 recordatio:
1156 2191 1332 2256 unde
1376 2199 1665 2256 statuere
1701 2190 1957 2266 licebat,
2004 2189 2316 2273 populum

369 2275 491 2340 sub
575 2275 704 2340 Dei
783 2276 1088 2358 auspiciis
1167 2297 1426 2359 semper
1503 2275 1645 2341 fore
1723 2277 2059 2343 victorem.
2171 2275 2316 2341 Etsi

370 2371 592 2425 autem
648 2383 778 2426 non
826 2363 1050 2427 statim
1092 2361 1365 2445 impleta
1409 2362 1531 2426 fuit
1588 2362 1752 2427 haec
1797 2362 2160 2444 promissio,
2205 2360 2315 2425 sed

370 2446 567 2531 longo
621 2457 771 2529 post
829 2460 1119 2530 tempore
1174 2448 1438 2514 demum
1483 2468 1523 2511 a
1566 2447 1770 2513 Saule
1815 2446 2009 2513 deleti
2057 2447 2320 2513 Amale-

367 2533 538 2599 citae
603 2533 898 2599 fuerunt:
966 2534 1325 2616 plurimum
1392 2546 1610 2599 tamen
1679 2533 1760 2599 ad
1841 2532 2317 2599 stimulandum

369 2618 638 2685 Iosuam
696 2629 762 2684 et
814 2620 1124 2702 populum
1183 2621 1420 2701 valuit,
1484 2620 1656 2702 quod
1713 2619 1963 2685 scirent
2027 2620 2317 2696 Amalec,

368 2705 482 2787 qni
536 2707 789 2788 primus
825 2706 1082 2773 bellum
1140 2707 1478 2785 intulerat,
1549 2705 1814 2773 coelesti
1882 2705 2142 2770 decreto
2185 2706 2317 2770 iam

365 2811 512 2855 esse
578 2788 993 2871 damnatum,
1070 2812 1193 2858 nec
1257 2793 1599 2858 interitum
1658 2793 1763 2858 cui
1822 2790 2118 2856 addictus
2177 2801 2320 2856 erat

365 2897 558 2959 posse
603 2878 913 2960 effugere.

543 2963 641 3029 15.
686 2962 774 3028 Et
816 2962 1173 3044 aedificavit
1215 2963 1429 3029 Moses
1469 2964 1691 3030 altare.
1789 2964 2043 3045 Nempe
2088 2974 2165 3026 nt
2222 2985 2320 3027 so-

363 3047 549 3113 lenni
593 3051 909 3116 sacrificio
954 3060 1264 3116 testatam
1312 3052 1550 3115 faceret
1593 3071 1778 3115 suam
1826 3049 2316 3134 gratitudinem,

366 3155 497 3199 non
536 3137 672 3218 ipsc
710 3136 920 3213 modo,
957 3137 1071 3202 sed
1096 3148 1271 3201 totus
1294 3137 1605 3220 populus:
1644 3137 1814 3219 quod
1852 3139 2065 3219 ipsum
2091 3137 2318 3202 altaris

367 3242 604 3286 nomen
652 3222 1079 3289 demonstrat.
1161 3223 1391 3305 Neque
1451 3223 1627 3287 enim
1688 3224 1938 3305 erigere
1986 3223 2126 3287 Deo
2184 3234 2316 3287 sta-

365 3316 550 3371 tuam
601 3308 824 3384 voluit,
874 3310 977 3373 vel
1021 3309 1228 3373 altare
1266 3330 1500 3373 ornare
1544 3308 1666 3373 Dei
1714 3309 1935 3373 titulo:
1983 3307 2096 3373 sed
2139 3308 2316 3372 hunc

364 3394 490 3457 sibi
545 3396 744 3458 finem
801 3416 945 3459 esse
1002 3396 1404 3477 propositum
1467 3396 1788 3475 ostendit,
1863 3416 1947 3458 ne
2003 3416 2315 3478 prospero

364 3500 668 3544 successu
706 3481 912 3544 inflati
940 3479 1284 3545 Israelitae
1321 3483 1494 3546 vires
1530 3503 1684 3546 suas
1719 3483 2057 3559 iactarem,
2103 3479 2312 3545 sedin

364 3565 503 3630 solo
548 3564 689 3629 Deo
733 3566 1193 3647 gloriarentur.
1284 3567 1422 3632 Gur
1479 3578 1746 3633 vertant
1789 3567 2052 3650 quidam
2115 3567 2313 3630 mira-

364 3651 584 3716 culum
633 3672 767 3715 non
815 3653 1031 3716 video:
1085 3654 1237 3736 quia
1295 3666 1368 3721 Ο)
1428 3652 1604 3717 baud
1652 3652 1847 3718 dubie
1891 3673 2151 3736 semper
2197 3674 2312 3736 pro

365 3737 609 3801 vexillo
654 3738 927 3820 capitur.
1015 3738 1413 3821 Quanquam
1477 3761 1606 3804 non
1662 3740 1915 3806 inficior
1958 3759 2077 3821 pro
2131 3739 2312 3803 exal-

366 3824 615 3888 tatione
660 3826 1103 3908 metaphorice
1147 3825 1254 3890 hic
1298 3826 1484 3908 poni3
1544 3847 1619 3891 ac
1663 3827 1717 3889 si
1756 3826 2029 3890 dixisset
2073 3826 2309 3903 Moses,

366 3910 581 3974 Deum
628 3911 738 3992 qui
762 3911 1099 3977 Israelitas
1142 3912 1456 3977 sustinuit
1499 3910 1774 3996 dignum
1811 3932 1951 3977 esse
1988 3911 2099 3993 qui
2136 3911 2312 3976 solus

366 3996 653 4060 emineat
691 3997 867 4061 inter
910 3998 1102 4081 ipsos,

542 4082 641 4146 16.
709 4081 798 4147 Et
860 4084 1056 4148 discit:
1147 4081 1321 4151 Certe
1383 4103 1611 4149 manus
1672 4103 1878 4164 saper.
2010 4082 2307 4146 Eandem

363 4189 562 4250 quam
600 4189 814 4251 nuper
856 4191 941 4233 ex
984 4191 1096 4235 ore
1141 4170 1266 4234 Dei
1322 4171 1592 4252 protulit
1636 4169 2029 4234 sententiam
2074 4170 2309 4251 repeti-

364 4254 544 4317 tione
609 4256 986 4320 confirmat:
1071 4276 1306 4338 nempe
1373 4256 1586 4320 Deum
1655 4276 1917 4337 semper
1980 4255 2306 4318 infensum

364 4338 748 4405 Amalecitis
793 4342 947 4415 fore,
995 4342 1199 4406 donec
1241 4362 1351 4406 eos
1397 4363 1661 4423 prorsus
1706 4341 2041 4406 exciderit.
2132 4337 2307 4420 Quid

363 4435 588 4490 tamen
634 4427 756 4493 sibi
804 4426 966 4492 velit
1000 4428 1162 4493 haec
1198 4425 1519 4508 loquutio:
1572 4428 1814 4492 Manus
1849 4447 2047 4509 super
2075 4426 2305 4490 solium

361 4511 681 4591 Iehovae,
743 4535 874 4578 non
934 4513 1240 4580 convenit
1294 4515 1467 4578 inter
1521 4515 1933 4596 interpretes,
2023 4510 2304 4593 Quidam

359 4598 709 4663 formulam
755 4600 1181 4664 iurisiurandi
1223 4620 1366 4664 esse
1411 4610 1679 4683 putant,
1744 4599 1915 4681 quod
1966 4599 2146 4662 Deus
2193 4619 2308 4681 per

359 4685 599 4749 solium
644 4707 838 4752 sunm
883 4686 1219 4752 iuraverit.
1309 4686 1442 4750 Alii
1487 4707 1604 4768 per
1649 4685 1882 4750 solium
1929 4684 2311 4767 intelligunt

360 4771 727 4851 ecclesiam,
773 4761 1086 4854 quae'est
1150 4771 1407 4853 requies
1452 4772 1599 4849 Dei,
1646 4774 1715 4836 in
1761 4793 1887 4853 qua
1930 4770 2155 4835 sedere
2215 4768 2308 4834 di-

360 4858 555 4922 citur.
647 4857 848 4938 Atqui
911 4880 1041 4922 non
1111 4857 1353 4936 dubito,
1423 4859 1592 4940 quod
1641 4859 1888 4923 dictum
1953 4857 2166 4920 fuerat
2227 4855 2307 4920 de

358 4942 696 5027 perdenda
759 4953 824 5007 et
889 4943 1368 5027 exstinguenda
1431 4947 1748 5009 memoria
1816 4942 2101 5019 Amalec,
2185 4941 2308 5006 hac

359 5030 618 5094 ratione
681 5031 1057 5095 confirmari
1084 5080 1098 5108 ,
1183 5028 1355 5112 quod
1431 5032 1624 5095 sicuti
1687 5030 1867 5094 Deus
1932 5037 2033 5092 est
2095 5027 2306 5092 omni-

358 5123 615 5199 potens,
680 5116 775 5179 ita
816 5137 964 5181 cum
1011 5115 1214 5197 impia
1257 5115 1369 5179 illa
1415 5127 1608 5199 gente
1654 5115 2094 5198 proeliabitur.
2183 5112 2305 5177 Di-

358 5203 535 5267 citur
582 5222 737 5284 ergo
783 5223 1017 5266 manus
1063 5223 1203 5266 esse
1248 5223 1447 5284 supra
1490 5202 1727 5268 solium
1775 5203 1918 5281 Dei,
1975 5201 2126 5281 quia
2176 5221 2306 5264 non

359 5288 609 5352 otiosus
650 5291 718 5351 in
765 5289 940 5353 coelo
985 5286 1186 5362 sedet,
1245 5285 1464 5373 (sicuti
1509 5289 1772 5372 fingunt
1813 5285 2148 5372 Epicurei)
2192 5285 2306 5351 sed

360 5374 712 5457 imperium
778 5381 1041 5439 exercet
1104 5374 1174 5438 in
1230 5372 1460 5439 mundi
1524 5375 2029 5459 gubernatione:
2098 5394 2172 5439 ac
2249 5372 2306 5437 si

1424 452 2166 522 COMMENTARIUS
2210 453 2312 519 IN
2356 452 2660 520 EXODI
2702 455 2902 522 CAP.
2945 455 3212 528 XVIII.

4253 467 4378 535 182

2430 642 2722 724 dixisset,
2768 645 2954 712 Deus
2990 648 3099 732 qui
3135 656 3437 732 potenter
3482 646 3872 731 dominatur,
3919 663 3985 718 et
4020 654 4131 736 qui
4175 675 4376 721 manu

2428 751 2549 794 sua
2593 739 2656 796 et
2702 732 2945 797 virtute
2988 736 3210 798 omnia
3251 742 3579 820 temperat
3622 749 3691 801 et
3732 739 4130 816 moderatur,
4177 742 4376 806 susti-

2427 824 2545 880 net
2602 830 2795 900 atque
2851 820 3118 898 evertit,
3187 822 3498 904 quamdiu
3565 824 3867 907 regnabit
3911 826 3977 889 in
4037 826 4197 890 solio
4256 848 4376 893 suo

2428 923 2687 967 summa
2759 909 2826 968 et
2893 904 3288 971 formidabili
3351 916 3671 990 potestate
3748 910 4090 992 praeditus
4111 960 4126 987 ‚
4204 933 4376 978 nun-

2427 1007 2625 1069 quam
2696 988 2950 1055 desinet
3015 991 3414 1059 Amalecitas
3469 995 3645 1060 iusta
3701 996 3989 1063 vindicta
4054 998 4373 1082 persequi.

2426 1075 2527 1139 Ac
2591 1075 2737 1140 fieri
2801 1073 3061 1158 quidem
3130 1088 3347 1160 potest
3399 1089 3476 1147 ut
3541 1082 3757 1147 varias
3812 1081 3892 1146 de
3952 1083 4080 1149 illis
4132 1104 4375 1167 poenas

2425 1162 2751 1242 exegerit,
2819 1162 3055 1228 ultima
3120 1176 3342 1229 tamen
3408 1166 3625 1232 clades
3693 1189 3897 1250 usque
3964 1169 4045 1234 ad
4113 1180 4374 1254 tempus

2425 1245 2650 1311 Saulis
2695 1246 2899 1312 dilata
2940 1248 3082 1313 fuit.

3092 1590 3394 1659 CAPUT
3437 1592 3704 1660 XVIII.

2596 1765 2653 1825 1.
2711 1761 2981 1827 Audivit
3022 1767 3228 1827 autem
3272 1763 3482 1830 Iethro
3523 1766 3810 1832 sacerdos
3856 1767 4142 1845 Midian,
4206 1787 4375 1835 socer

2422 1845 2649 1923 Mosis‚
2711 1849 2923 1913 omnia
2985 1869 3150 1930 quae
3199 1850 3432 1931 fecerat
3476 1850 3706 1917 Iehova
3764 1852 3972 1932 Masi,
4039 1858 4095 1918 et
4139 1852 4375 1920 Israeli

2410 1933 2647 2015 populo
2689 1953 2837 1999 suo.-
2877 1954 3092 2017 nempe
3134 1936 3297 2017 qaod
3338 1936 3652 2003 eduxisset
3696 1938 3924 2005 Iehova
3956 1939 4261 2005 Israelem
4300 1961 4377 2006 ea>

2421 2021 2721 2102 Aeyypto.
2822 2020 2882 2085 2.
2950 2020 3125 2085 Tulit
3181 2042 3324 2104 erqo
3384 2021 3593 2087 Iethro
3658 2044 3828 2090 socer
3871 2024 4078 2091 Mosis
4118 2045 4376 2092 uxorem

2424 2104 2649 2183 Mosis,
2676 2111 3013 2188 postquam
3055 2108 3314 2173 miserat
3354 2128 3508 2173 eam.
3597 2109 3658 2175 3.
3704 2109 3890 2176 Duos
3930 2131 4171 2193 quoque
4201 2111 4374 2193 tilios

2423 2192 2591 2259 eius.-
2634 2211 2901 2273 quoram
2943 2197 3164 2259 nomen
3205 2195 3399 2259 unius
3431 2200 3567 2261 erat
3607 2195 3886 2261 Ger-son.-
3930 2196 4083 2278 quia
4103 2198 4372 2278 dixerat,

2414 2278 2967 2430 {mma
3005 2279 3727 2447 ‘ZuZWsseZZ‘essZmff‘
3745 2282 4033 2433 ‚ni-‘’mi'‘
4058 2303 4377 2435 5355?de

2422 2466 2630 2516 meum
2648 2500 2662 2528 ,
2721 2455 2780 2514 et
2833 2451 3071 2533 eripuit
3127 2471 3223 2516 me
3269 2473 3303 2517 e
3339 2451 3556 2536 ⁴eladio
3605 2452 3984 2520 Pharaonis.
4073 2453 4134 2521 5.
4198 2455 4375 2520 Venit

2424 2539 2636 2617 itaque
2678 2535 2890 2602 Iethro
2932 2556 3102 2602 socer
3148 2535 3368 2612 Masis,
3428 2543 3487 2603 et
3522 2539 3648 2621 filii
3689 2540 3842 2616 eius,
3909 2545 3966 2606 et
4018 2561 4182 2607 uxor
4236 2542 4375 2607 eius

2422 2622 2511 2686 ad
2533 2622 2754 2688 Mosen
2787 2624 2857 2687 in
2899 2624 3224 2702 desertum,
3267 2624 3377 2688 abi
3409 2629 3620 2690 castra
3650 2625 3879 2706 fixerat
3901 2646 4098 2708 prope
4116 2632 4376 2693 montem

2424 2708 2571 2773 Dei.
2663 2709 2720 2774 6.
2769 2707 2857 2773 Et
2897 2709 3064 2773 dixit
3104 2711 3190 2774 ad
3234 2708 3496 2776 Mosen.-
3559 2710 3698 2794 Eyo
3754 2731 3923 2777 socer
3975 2717 4122 2777 tuus
4166 2712 4375 2781 Iethro

2421 2795 2599 2859 venio
2652 2795 2739 2859 ad
2792 2799 2881 2873 te,
2938 2799 2995 2859 et
3044 2814 3209 2861 uxor
3265 2799 3406 2875 tua,
3473 2801 3531 2860 et
3571 2798 3696 2863 duo
3732 2796 3861 2876 filii
3902 2799 4042 2863 eius
4084 2817 4224 2864 cum
4278 2820 4370 2866 ea.

2426 2880 2484 2945 7.
2530 2878 2846 2962 Eqressus
2884 2885 3093 2945 autem
3136 2879 3350 2946 Moses
3390 2881 3463 2946 in
3505 2902 3827 2948 occursum
3866 2884 4066 2950 soceri
4105 2886 4229 2965 sui,
4271 2887 4375 2951 in-

2422 2966 2707 3032 curvavit
2763 2986 2830 3030 se
2885 2971 3067 3046 atque
3129 2966 3443 3033 osculatus
3495 2973 3585 3033 est
3638 2989 3808 3034 eum.-
3863 2975 3920 3034 et
3966 2971 4374 3054 interroyavit

2420 3050 2578 3117 alter
2612 3052 2876 3117 alterum
2918 3052 2994 3117 de
3039 3073 3229 3133 pace,
3295 3058 3704 3136 veneruntque
3759 3056 3829 3120 in
3884 3055 4366 3123 tabernaculum.

2423 3140 2483 3204 8.
2541 3134 2632 3202 Et
2687 3140 2981 3204 narravit
3035 3137 3245 3203 Moses
3296 3157 3500 3204 socero
3542 3160 3658 3205 suo
3705 3162 4104 3223 quaecunque
4141 3143 4371 3225 fecerat

2381 3299 2393 3314 ι
2422 3225 2655 3290 Iehova
2702 3224 3031 3290 Pharaoni
3074 3229 3131 3289 et
3174 3225 3507 3323 Aeyyptiis
3536 3232 3796 3307 propter
3840 3228 4049 3294 Israel
4062 3280 4078 3308 ‚
4134 3235 4191 3294 et
4238 3249 4370 3300 „om-

2419 3330 2563 3375 nem
2616 3311 2966 3376 molestiam
3021 3331 3182 3392 quae
3238 3316 3561 3375 mvenerat
3614 3332 3715 3378 eos
3770 3314 3844 3378 in
3899 3314 4121 3380 itinere
4136 3365 4151 3392 ,
4204 3316 4370 3382 unde

2422 3397 2797 3464 liberaverat
2863 3416 2963 3462 eos
3027 3396 3272 3462 Iehova.
3384 3396 3443 3462 9.
3513 3396 3602 3461 Et
3654 3398 3924 3466 laetatus
3987 3405 4077 3466 est
4138 3400 4365 3481 Iethro,

2418 3503 2615 3563 super
2658 3483 2825 3547 omni
2867 3482 3255 3563 beneficentia
3310 3502 3505 3565 quam
3545 3491 3905 3550 exercicerat
3948 3485 4180 3551 Iehova
4221 3508 4370 3570 erya

2420 3568 2724 3634 Israelem
2791 3570 2901 3648 qui
2965 3567 3338 3634 liberaverat
3414 3589 3554 3635 eum
3618 3591 3650 3635 e
3713 3589 3909 3635 manu
3978 3571 4364 3638 Pharaonis

2421 3655 2523 3721 10.
2569 3655 2659 3720 Et
2693 3655 2787 3719 ait
2822 3653 3048 3734 Iethro,
3092 3653 3475 3720 Benedictus
3511 3654 3756 3736 Iehova,
3800 3657 3910 3737 qai
3943 3657 4229 3722 liberavit
4260 3678 4370 3724 vos

2415 3762 2449 3806 e
2489 3762 2688 3806 manu
2735 3741 3201 3822 Aeyyptiorum,
3245 3746 3302 3805 et
3344 3763 3376 3806 e
3418 3761 3613 3807 mana
3651 3741 4032 3821 Pharaonis,
4076 3745 4187 3825 qui
4221 3743 4367 3809 libe-

2409 3829 2584 3893 ‘ravit
2649 3826 2960 3907 populum
3037 3847 3068 3891 e
3144 3825 3515 3892 subiectione
3589 3847 3819 3893 manus
3896 3830 4362 3912 Aeyyptiorum.

2418 3913 2518 3978 11.
2571 3913 2760 3977 Nunc
2801 3932 3086 3995 coynosco
3118 3912 3289 3994 ,quod
3329 3933 3594 3994 macnus
3618 3913 3848 3978 Iehova
3881 3935 4047 3996 prae
4079 3916 4365 3981 omnibus

2414 4000 2577 4064 diis.-
2642 3998 2797 4081 quia
2854 3999 3192 4062 secundum
3244 4000 3547 4064 rationem
3611 4019 3739 4081 qua
3793 3999 4056 4080 superbe
4112 4006 4366 4084 eyerunt

2413 4090 2626 4151 contra
2670 4104 2786 4148 eos.
2892 4084 2992 4148 12.
3053 4084 3143 4148 Et
3197 4086 3427 4165 accepit
3470 4085 3680 4149 Iethro
3743 4105 3914 4150 socer
3959 4084 4161 4150 Mosis
4203 4086 4364 4151 holo-

2412 4176 2695 4237 caustum
2739 4174 2795 4235 et
2836 4171 3151 4251 sacrificia
3194 4170 3282 4234 ad
3324 4170 3550 4236 Deum,
3648 4170 3943 4253 Venitque
3997 4170 4264 4236 Aharon
4307 4177 4364 4238 et

2412 4278 2622 4323 omnes
2663 4257 2939 4321 seniores
2967 4255 3179 4321 Israel
3219 4256 3306 4321 ad
3346 4256 3780 4322 comedendam
3810 4276 4045 4336 panem
4087 4277 4229 4323 cum
4269 4278 4364 4325 so-

2409 4363 2545 4409 cero
2591 4341 2798 4408 Mosis
2840 4362 3048 4407 coram
3089 4340 3245 4406 Deo.

2587 4515 2642 4578 1.
2691 4512 2959 4578 Audivit
2999 4518 3221 4577 autem,
3269 4513 3459 4578 Duae
3504 4523 3658 4578 sunt
3701 4512 3898 4577 huius
3941 4513 4172 4597 capitis
4214 4534 4360 4597 par-

2413 4608 2531 4664 tes.
2604 4598 2803 4664 Initio
2850 4599 3025 4663 enim
3071 4609 3381 4663 narratur
3423 4597 3750 4664 adventus
3774 4598 4002 4663 Iethro
4036 4602 4107 4663 in
4144 4613 4361 4667 castra

2412 4695 2481 4750 et
2512 4685 2864 4770 gratulatio
2900 4685 2983 4750 ob
3020 4706 3124 4749 res
3161 4685 3439 4749 feliciter
3473 4706 3512 4749 a
3537 4684 3726 4749 Mose
3748 4695 3982 4769 gestas,
4008 4687 4360 4753 coniuncta

2411 4791 2560 4836 cum
2623 4771 2815 4836 laude
2861 4771 2985 4836 Dei
3032 4781 3098 4836 et
3139 4771 3480 4836 sacrificio:
3528 4770 3763 4836 deinde
3821 4773 4173 4853 exponitur
4215 4774 4357 4839 eius

2411 4859 2755 4924 consilium
2815 4856 3024 4941 quoad
3090 4854 3504 4939 gubernandi
3562 4857 3788 4940 populi
3850 4857 4156 4922 formam:
4226 4881 4353 4941 quo

2411 4945 2656 5008 factum
2716 4954 2820 5009 est
2876 4955 2952 5007 ut
3009 4941 3408 5026 eligerentur
3463 4943 3712 5008 iudices
3758 4965 3832 5008 ac
3877 4945 4203 5025 praefecti,
4272 4966 4353 5009 ne

2413 5030 2635 5094 Moses
2677 5030 2862 5095 oneri
2906 5027 3377 5093 succumberet.
3461 5030 3821 5094 Existimat
3864 5039 4082 5093 autem
4144 5030 4353 5094 maior

2411 5135 2564 5197 pars
2608 5117 3043 5198 interpretum
3094 5113 3491 5197 Sephoram,
3560 5119 3711 5196 quia
3768 5114 4211 5180 excanduerat
4266 5114 4351 5181 ob

2410 5201 2972 5267 circumcisionem
3031 5201 3183 5277 filii,
3245 5223 3329 5265 ex
3376 5201 3615 5266 itinere
3661 5222 4020 5279 reversam,
4081 5210 4147 5264 et
4200 5222 4347 5266 cum

2409 5299 2597 5370 patre
2656 5287 3016 5352 habitasse:
3086 5286 3258 5370 quod
3316 5286 3479 5351 mihi
3522 5286 3853 5370 probabile
3898 5307 4025 5350 non
4073 5285 4354 5354 videtur.

2410 5372 2549 5438 Nec
2609 5394 2767 5439 vero
2827 5395 3114 5458 unquam
3181 5393 3415 5457 passus
3479 5382 3652 5440 esset
3706 5373 3924 5438 Moses
3982 5371 4149 5435 filios
4199 5392 4356 5439 suos

3839 5473 3938 5526 12·
