4867 6150
545 390 758 509 327³*

549 639 800 714 septem
862 631 1091 698 diebus
1155 633 1414 700 maoula
1455 654 1584 699 non
1628 632 1956 700 erescebat
1999 633 2245 699 abrasis
2289 634 2501 716 parie-

551 717 745 796 tibus,
793 739 1124 801 possessor
1166 720 1235 783 in
1284 719 1549 786 domum
1594 741 1784 785 suam
1830 720 2099 785 redibat.
2137 719 2322 785 Alios
2358 740 2506 803 gra·

547 802 699 870 vius
733 803 1092 870 mulctabat
1115 806 1314 883 Deus,
1358 805 1594 889 quibus
1635 826 1899 872 neeesse
1942 815 2085 871 erat
2128 805 2319 870 aedes
2355 808 2502 869 fun-

551 888 728 955 ditus
764 890 1038 966 diruere,
1084 893 1254 975 quod
1296 892 1679 957 incurabilis
1736 901 1911 958 esset
1973 891 2264 975 pollutio.
2351 889 2504 956 Etsi

550 985 769 1042 autem
809 976 970 1042 haee
1003 976 1141 1041 irae
1163 976 1289 1042 Dei
1327 979 1517 1061 signa
1551 988 1758 1058 erant,
1799 978 1868 1042 in
1905 977 2247 1061 expiandis
2283 987 2502 1041 tamen

552 1059 856 1127 sordibus
900 1062 1210 1145 populum
1256 1064 1446 1128 illum
1493 1063 1578 1129 ad
1619 1062 1911 1130 studium
1962 1065 2265 1146 puritatis
2314 1083 2502 1128 exer·

551 1149 713 1212 euit:
759 1147 912 1230 quia
953 1149 1227 1231 perinde
1265 1149 1386 1214 hoo
1420 1150 1545 1215 fuit
1578 1170 1655 1214 ao
1689 1151 1745 1215 si
1781 1151 1862 1216 ab
1900 1171 2162 1217 secessu
2204 1160 2506 1216 sanctua-

551 1231 634 1301 rii
678 1244 929 1298 areeret
977 1237 1084 1317 qui
1121 1257 1158 1300 e
1197 1236 1387 1300 domo
1421 1234 1761 1301 immunda
1794 1234 2156 1319 prodibant.
2227 1233 2505 1302 Summa

550 1318 757 1403 igitur
817 1319 973 1398 fuit,
1039 1319 1266 1386 sedulo
1311 1321 1593 1386 dandam
1639 1343 1782 1388 esse
1825 1343 2087 1406 operam
2147 1329 2220 1387 nt
2276 1319 2503 1387 domos

549 1425 702 1470 suas
745 1404 991 1489 singuli
1035 1428 1253 1490 puras,
1298 1417 1364 1472 et
1406 1418 1650 1488 castas,
1708 1415 1774 1472 et
1833 1410 1914 1474 ab
1971 1409 2152 1472 omni
2209 1406 2355 1471 labe
2398 1407 2503 1471 in-

548 1496 756 1556 taetas
799 1501 1164 1558 servarent.
1253 1491 1447 1573 Quod
1511 1493 1571 1559 si
1629 1514 1744 1576 per
1802 1493 1931 1558 Dei
1988 1492 2500 1559 misericordiam

551 1576 852 1641 cessabat
893 1576 1103 1662 plaga,
1139 1580 1528 1645 sacrificium
1565 1580 1925 1663 gratiarum
1973 1579 2261 1659 aetionis,
2310 1579 2502 1643 sienti

550 1681 672 1744 pro
724 1662 1133 1740 hominibus,
1201 1665 1420 1730 offerri
1489 1663 1731 1731 debuit.
1835 1664 2053 1748 Caput
2105 1666 2504 1748 proximum,

551 1746 662 1812 nbi
717 1768 847 1812 non
910 1750 1309 1831 generaliter
1350 1749 1431 1815 de
1474 1751 1984 1833 inquinamentis
2028 1753 2244 1836 agitur
2288 1760 2354 1815 et
2394 1771 2503 1815 eo-

550 1853 698 1897 rnm
744 1835 1162 1916 purgatione,
1224 1835 1337 1901 sed
1384 1846 1642 1902 tantum
1687 1838 2037 1921 attingitur
2077 1859 2212 1903 nna
2254 1836 2504 1919 speeies

553 1938 718 2001 qnae
742 1920 823 1983 ad
860 1919 1194 1987 libidinem
1232 1923 1448 1988 earnis
1484 1924 1782 2003 refertur,
1828 1924 2038 1989 loeum
2074 1923 2239 1990 forte
2269 1943 2502 2005 oppor-

552 2015 787 2070 tunum
854 2005 1127 2073 haberet
1189 2008 1313 2074 snb
1376 2009 1652 2091 septimo
1731 2019 2106 2092 praecepto:
2187 2030 2269 2073 ex
2348 2029 2502 2074 eon·

552 2098 740 2243 3⁰th
805 2099 1028 2159 tamen
1085 2114 1243 2160 mox
1298 2094 1546 2178 patebit
1598 2095 1666 2159 in
1713 2094 1882 2162 hane
1940 2096 2217 2162 classem
2276 2094 2503 2159 referri

595 2196 634 2241 e
677 2198 868 2243 uisse.

1134 2468 1267 2536 nx
1311 2470 1617 2536 anrr.
1662 2469 1818 2536 xv,
1853 2467 1919 2557 Ι).

727 2607 784 2671 1.
830 2606 1157 2689 Loquutus
1189 2613 1280 2674 est
1320 2611 1529 2672 autem
1572 2606 1802 2693 lehova
1843 2608 1930 2674 ad
1974 2606 2198 2674 Mosen
2239 2613 2294 2673 et
2327 2606 2505 2673 Aba·

553 2712 689 2768 ron‚
735 2692 1020 2758 dicendo.-
1106 2695 1165 2759 2.
1212 2694 1580 2775 Loquimini
1622 2694 1707 2759 ad
1744 2692 1915 2775 filios
1948 2694 2176 2772 Israel,
2221 2699 2278 2759 et
2318 2694 2505 2759 dicite

551 2778 646 2843 eis
661 2828 675 2854 ,
728 2780 1157 2861 unusquisque
1214 2798 1407 2862 quum
1463 2798 1674 2845 semen
1729 2780 1866 2845 eius
1921 2780 2145 2860 defluet
2204 2780 2279 2844 de
2320 2800 2505 2845 earne

549 2884 700 2942 sua,
767 2865 1133 2930 immundus
1186 2870 1294 2930 est.
1385 2866 1443 2929 3.
1506 2865 1683 2931 Haeo
1739 2885 1877 2931 vero
1929 2868 2049 2931 erit
2097 2866 2505 2931 immunditia

551 2951 692 3015 eius
722 2951 794 3016 in
828 2952 1059 3016 semine
1091 2952 1315 3034 ipsius,
1359 2952 1420 3017 si
1454 2954 1691 3016 emittat
1710 2970 1854 3016 earo
1888 2953 2025 3017 eius
2055 2972 2263 3017 semen
2293 2972 2502 3031 suum,

547 3036 649 3103 vel
701 3036 997 3104 clauserit
1050 3057 1299 3104 carnem
1354 3057 1541 3103 suam
1597 3038 1832 3104 semine
1885 3057 2000 3103 suo
2013 3089 2029 3117 ,
2096 3038 2501 3104 immunditia

547 3122 693 3187 eius
733 3128 839 3190 est.
927 3125 988 3189 4.
1043 3122 1238 3190 Ovnne
1287 3128 1558 3189 stratum
1609 3124 1683 3189 in
1723 3144 1844 3206 quo
1888 3123 2149 3190 iacuerit
2188 3126 2300 3206 qui
2329 3125 2502 3205 pati-

547 3211 652 3273 tur
678 3210 930 3290 fluxum
969 3211 1248 3287 seminis,
1290 3210 1686 3275 ionmundum
1721 3211 1878 3274 erit:
1910 3214 1970 3275 et
2000 3229 2175 3275 omne
2207 3212 2278 3276 id
2315 3231 2505 3294 super

547 3313 669 3377 quo
710 3296 954 3371 sedem't,
997 3296 1392 3362 immundum
1433 3298 1570 3362 erit.
1659 3294 1720 3360 5.
1772 3295 2133 3378 Quicunque
2183 3296 2334 3362 item
2374 3297 2504 3362 teti-

542 3381 705 3464 qerit
744 3380 967 3446 lectum
1008 3382 1163 3461 eius,
1206 3381 1440 3447 lavabit
1479 3381 1840 3446 vestimenta
1880 3400 2003 3446 sua
2021 3432 2035 3458 ‚
2091 3387 2504 3463 posteaquam

550 3466 776 3533 laverit
816 3486 949 3531 sese
991 3488 1160 3549 aqua
1174 3492 1194 3533 .·
1247 3467 1481 3549 eritque
1523 3467 1887 3532 immundus
1924 3487 2123 3549 usque
2171 3469 2260 3534 ad
2300 3489 2505 3550 vespe-

547 3572 711 3618 ram.
800 3553 861 3618 6.
910 3551 999 3618 Et
1054 3554 1167 3635 qui
1221 3554 1453 3619 sederit
1492 3572 1688 3634 super
1725 3552 1975 3635 aliquid
2015 3574 2209 3635 super
2249 3574 2367 3636 quo
2409 3574 2505 3620 se-

547 3639 713 3706 derit
752 3639 1166 3720 seminifluus,
1211 3639 1447 3705 lavabit
1485 3639 1847 3704 vestimenta
1893 3659 2044 3720 sua,
2094 3645 2508 3724 posteaquam

548 3724 775 3789 laverit
805 3745 872 3791 se
903 3746 1076 3806 aqua
1090 3749 1110 3789 :
1151 3726 1387 3807 eritque
1417 3726 1782 3791 immundus
1812 3745 2010 3807 usque
2041 3727 2128 3791 ad
2159 3743 2503 3807 vesperam.

553 3811 611 3875 7.
665 3811 788 3892 Qui
827 3832 970 3877 vero
1012 3812 1278 3895 tetiqerit
1317 3831 1569 3877 earnem
1610 3812 1980 3892 seminiflui,
2036 3811 2271 3878 lavabit
2325 3813 2506 3878 vesti-

548 3901 758 3962 menta
799 3918 939 3975 sua,
983 3903 1387 3979 posteaquam
1430 3897 1654 3962 laverit
1693 3918 1827 3964 sese
1870 3918 2070 3980 aqua.-
2120 3900 2356 3980 eritque
2390 3899 2508 3963 im-

548 3984 831 4049 mundus
871 4003 1068 4065 usque
1111 3984 1197 4047 ad
1236 4002 1574 4066 vesperam.
1633 3983 1692 4049 8.
1741 3983 1829 4048 Et
1867 3985 1929 4047 si
1970 3984 2290 4065 despuerit
2327 3985 2509 4049 semi-

553 4071 792 4150 nifluus
832 4090 1026 4151 super
1069 4070 1391 4147 mundum,
1434 4068 1669 4134 lavabit
1699 4070 2058 4134 vestimenta
2090 4089 2228 4147 sua,
2263 4076 2510 4151 postea-

553 4175 744 4238 quam
802 4156 1029 4220 laverit
1078 4175 1144 4220 se
1202 4176 1372 4237 aqua
1389 4179 1409 4220 .-
1470 4155 1706 4235 eritque
1761 4156 2124 4221 immundus
2175 4176 2370 4237 usque
2422 4157 2510 4221 ad

553 4261 895 4322 vesperam.
981 4241 1042 4306 9.
1095 4238 1185 4306 Et
1240 4261 1416 4307 omne
1466 4261 1689 4324 saqma
1746 4260 1938 4321 super
1987 4261 2106 4322 quo
2144 4243 2513 4323 equitaverit

556 4328 968 4406 seminifluus,
1015 4328 1410 4392 immundum
1468 4328 1605 4392 erit.
1718 4325 1819 4392 10.
1881 4327 2085 4409 Atque
2141 4328 2344 4392 omnis
2399 4328 2512 4409 qui

557 4413 828 4495 tetiqerit
869 4433 1043 4478 omne
1083 4414 1394 4495 quidqmd
1431 4414 1628 4495 fuerit
1666 4413 1877 4478 subter
1919 4432 2059 4477 eum
2074 4464 2091 4491 ,
2149 4413 2511 4478 immundus

558 4500 679 4565 erit
719 4518 915 4578 usque
956 4500 1041 4563 ad
1081 4519 1436 4581 vesperam:
1477 4504 1536 4564 et
1573 4500 1685 4580 qui
1713 4498 2062 4579 portaverit
2115 4520 2218 4577 ea,
2278 4498 2514 4565 lavabit

557 4584 917 4650 vestimenta
956 4604 1098 4664 sua,
1131 4592 1540 4669 posteaquam
1580 4585 1805 4650 laverit
1844 4604 1978 4650 sese
2018 4605 2221 4666 aqua.-
2275 4587 2515 4667 eritque

557 4669 925 4736 immundus
986 4691 1183 4753 usque
1247 4672 1332 4735 ad
1395 4691 1734 4752 vesperam.
1849 4672 1948 4736 11.
2025 4671 2246 4736 Omnis
2307 4678 2514 4738 autem

560 4775 742 4839 quem
783 4756 1043 4839 tetiqerit
1082 4758 1494 4836 seminifluus,
1539 4762 1596 4822 et
1635 4777 1867 4822 manus
1905 4776 2062 4822 suas
2093 4777 2216 4821 non
2251 4756 2516 4822 abluerit

562 4862 751 4924 aqua,
793 4840 1028 4906 lavabit
1068 4844 1426 4908 vestimenta
1465 4863 1621 4908 sua.-
1650 4847 2070 4926 posteaquam
2113 4843 2336 4908 laverit
2380 4863 2514 4908 sese

562 4949 763 5010 aqua.-
803 4929 1037 5008 eritque
1078 4929 1443 4993 immundus
1484 4950 1681 5010 usque
1723 4931 1808 4996 ad
1849 4948 2189 5013 vesperam.
2283 4928 2384 4994 12.
2425 4928 2518 4993 Et

559 5035 677 5081 vas
705 5013 893 5096 fictile
926 5013 1091 5096 quod
1124 5014 1388 5096 tetiqerit
1409 5015 1820 5094 seminifluus,
1858 5018 2311 5098 confringetur:
2341 5034 2515 5081 omne

560 5107 771 5166 autem
808 5120 924 5165 vas
965 5100 1238 5181 liqneum
1279 5099 1600 5166 lavabitur
1640 5121 1826 5182 aqua.
1908 5102 2012 5168 13.
2067 5104 2271 5183 Quum
2309 5106 2517 5168 autem

560 5188 899 5253 mundatus
947 5186 1145 5268 fuerit
1194 5187 1588 5266 seminifluus
1646 5208 1688 5250 a
1735 5187 1920 5267 fluoeu
1962 5208 2107 5267 suo,
2164 5188 2517 5254 numerabit

731 5376 789 5446 1)
825 5377 931 5430 Des
966 5376 1263 5447 pollutione
1299 5374 1393 5444 qni
1429 5373 1759 5428 adviennent
1791 5390 1895 5444 par
1928 5375 2056 5432 flux-

2012 443 2390 513 PRIMUM
2433 444 3082 512 PRAEOEPTUM.

4411 446 4520 513 328

2604 633 2728 698 sibi
2769 639 2996 717 septem
3037 634 3173 700 dies
3214 634 3293 699 ab
3334 634 3765 699 emundatione
3805 653 3943 713 sua,
3989 632 4334 714 lavabitque
4369 636 4525 700 vesti-

2602 724 2804 784 menta
2848 740 3004 797 sua,
3059 725 3470 802 posteaquam
3513 719 3741 785 laverit
3776 739 4011 801 quoque
4065 739 4311 784 carnem
4363 739 4525 784 suam

2602 826 2774 887 aqua
2813 807 2992 871 viva.-
3032 810 3087 871 et
3127 809 3401 871 mundus
3442 807 3576 871 erit.
3667 806 3767 870 14.
3813 804 3943 871 Die
3998 824 4140 870 vero
4193 809 4398 870 octava
4437 824 4525 870 ca-

2593 893 2728 973 piet
2783 892 2907 957 sibi
2961 893 3118 958 duos
3169 897 3446 957 turtures
3461 943 3476 968 ,
3542 896 3655 956 aut
3710 892 3869 957 duos
3910 891 4123 971 pullos
4163 889 4527 971 columbinos,

2603 977 2918 1059 venietque
2959 998 3168 1043 coram
3214 977 3445 1044 Iehova
3488 977 3573 1042 ad
3614 979 3839 1044 ostium
3882 977 4269 1042 tabernaculi
4301 996 4528 1043 conven-

2602 1064 2811 1141 tionis,
2856 1069 2914 1128 et
2955 1064 3155 1129 tradet
3209 1083 3311 1128 eos
3351 1064 3676 1128 sacerdoti.
3784 1063 3883 1129 15.
3953 1064 4122 1144 Quos
4175 1062 4531 1144 saorifioabit

2603 1150 2905 1227 sacerdos,
2951 1169 3149 1215 unum
3170 1169 3294 1231 pro
3318 1154 3581 1232 peccato,
3619 1154 3676 1214 et
3707 1149 3971 1214 alterum
4004 1151 4072 1212 in
4106 1148 4530 1214 holocaustum.-

2602 1240 2662 1300 et
2714 1235 3072 1301 emundabit
3122 1235 3305 1301 illum
3357 1235 3648 1301 sacerdos
3702 1255 3911 1300 coram
3969 1234 4201 1299 lehova
4266 1255 4309 1299 a
4362 1235 4531 1313 fluxu

2603 1322 2829 1402 ipsius.
2934 1322 3032 1386 16.
3098 1323 3303 1404 Quum
3374 1326 3584 1386 autem
3647 1341 3724 1385 ea:
3778 1321 3992 1402 aliquo
4056 1340 4306 1404 eqressa
4355 1321 4533 1401 fuerit

2605 1407 2823 1488 effusio
2865 1408 3146 1485 seminis,
3192 1405 3427 1472 lavabit
3467 1427 3637 1489 aqua
3669 1412 3859 1471 totam
3889 1425 4140 1472 carnem
4179 1426 4394 1471 suam.-
4431 1406 4533 1468 im-

2604 1494 2996 1575 mundusque
3044 1494 3164 1557 erit
3216 1513 3411 1574 usque
3468 1492 3554 1558 ad
3605 1512 3942 1575 vesperam.
4049 1492 4149 1556 17.
4208 1491 4300 1555 Et
4352 1491 4535 1556 omnis

2602 1579 2807 1655 vestis,
2866 1580 3183 1661 omnisque
3212 1577 3401 1661 pellis
3441 1598 3632 1659 super
3688 1599 3880 1660 quam
3932 1578 4129 1659 fuerit
4177 1577 4421 1657 aliquid
4468 1576 4536 1641 de

2605 1665 2899 1746 effusione
2940 1665 3220 1744 seminis,
3265 1664 3580 1730 lavabitur
3623 1685 3792 1745 aqua
3826 1670 3883 1730 et
3916 1664 4245 1729 immunda
4286 1663 4403 1727 erit
4438 1681 4535 1726 us-

2604 1771 2720 1833 que
2762 1751 2847 1816 ad
2885 1770 3223 1831 vesperam.
3272 1751 3371 1816 18.
3412 1748 3653 1815 Mulier
3692 1771 3929 1834 quoque
3960 1770 4100 1815 cum
4133 1770 4259 1832 qua
4294 1748 4538 1814 dormie-

2602 1836 2694 1901 rit
2732 1838 2835 1901 vir
2866 1838 3120 1919 patiens
3158 1839 3533 1910 effusionem
3560 1838 3849 1916 seminis,
3907 1836 4224 1901 lavabitur
4278 1853 4441 1916 aqua
4489 1836 4539 1897 et

2604 1923 2933 1987 iaenmunda
2975 1924 3094 1987 erit
3131 1943 3325 2004 usque
3367 1924 3451 1988 ad
3492 1942 3829 2003 vesperam.
3922 1922 4021 1987 19.
4071 1920 4311 1986 Mulier
4351 1923 4541 1984 autem

2604 2028 2795 2088 quum
2844 2007 3042 2088 fuerit
3089 2009 3293 2088 fluens
3346 2009 3685 2091 sanquine,
3751 2013 3807 2073 et
3847 2010 3969 2073 erit
4000 2008 4223 2088 fluxus
4265 2007 4405 2070 eius
4433 2023 4541 2086 per

2605 2114 2854 2161 carnem
2889 2093 3043 2173 eius,
3086 2100 3310 2175 septem
3350 2095 3569 2159 diebus
3601 2095 3721 2159 erit
3763 2096 3835 2159 in
3876 2095 4268 2176 separatione
4312 2111 4457 2156 sua:
4492 2093 4541 2154 et

2605 2181 2808 2247 omnis
2848 2181 2961 2261 qui
2981 2180 3246 2260 tetiqerit
3266 2200 3420 2258 eam,
3464 2180 3825 2245 immundus
3866 2181 3983 2245 erit
4015 2199 4212 2260 usque
4245 2178 4333 2242 ad
4355 2195 4542 2258 vespe-

2602 2286 2762 2331 ram.
2808 2265 2909 2331 20.
2934 2260 3022 2330 Et
3041 2285 3217 2330 omne
3237 2286 3427 2346 super
3444 2286 3565 2348 quo
3596 2266 3863 2330 iacuerit
3883 2267 3954 2330 in
3987 2265 4382 2347 separatione
4412 2281 4539 2339 sua,

2603 2353 2996 2418 immundum
3038 2353 3186 2416 erit.-
3227 2372 3404 2418 omne
3446 2372 3685 2434 quoque
3724 2371 3916 2435 super
3958 2372 4075 2433 quo
4114 2350 4374 2428 sederit,
4439 2349 4543 2413 im-

2603 2438 2907 2503 mundum
2940 2438 3075 2503 erit.
3136 2437 3238 2502 21.
3284 2437 3505 2503 Omnis
3528 2442 3861 2518 praeterea
3896 2438 4008 2518 qui
4041 2437 4307 2520 tetiqerit
4340 2436 4543 2499 lecum

2605 2525 2759 2602 eius,
2805 2522 3040 2589 lavabit
3079 2524 3443 2589 vestimenta
3483 2543 3623 2599 sua,
3667 2529 3723 2588 et
3754 2523 3993 2590 lavabit
4033 2542 4166 2588 sese
4197 2542 4402 2603 aqua.-
4441 2521 4545 2583 im-

2604 2609 2994 2690 mundusque
3032 2610 3153 2675 erit
3194 2629 3390 2690 usque
3431 2609 3518 2674 ad
3556 2629 3894 2690 vesperam.
3961 2610 4064 2674 22.
4118 2606 4343 2673 Omnis
4374 2606 4546 2670 fiam

2605 2697 2721 2778 qui
2773 2696 3037 2779 tetiqerit
3088 2714 3515 2777 quamcunque
3567 2696 3770 2760 sedem
3821 2715 4012 2777 super
4066 2712 4259 2775 quam
4315 2691 4546 2769 sederit,

2606 2781 2844 2847 lavabit
2882 2782 3245 2846 vestimenta
3285 2801 3423 2857 sua,
3460 2785 3872 2864 posteaquam
3915 2780 4138 2846 laverit
4186 2798 4322 2844 sese
4363 2796 4546 2859 aqua.-

2606 2868 2970 2933 immundus
3013 2868 3135 2932 erit
3177 2886 3372 2948 usque
3413 2868 3499 2932 ad
3539 2887 3873 2948 vesperam.
3962 2866 4068 2931 23.
4121 2866 4301 2947 Quod
4356 2866 4415 2928 si
4453 2864 4545 2927 in-

2605 2957 3016 3019 strumentum
3069 2953 3326 3034 aliquod
3377 2952 3575 3035 fuerit
3627 2972 3819 3035 super
3856 2957 4121 3018 stratum
4163 2952 4381 3031 ipsum
4395 3000 4410 3029 ,
4465 2945 4548 3012 vel

2606 3059 2799 3122 super
2840 3040 3061 3107 sellam
3101 3059 3291 3121 super
3331 3058 3523 3122 quam
3563 3039 3821 3105 sederit.-
3861 3058 4054 3120 quum
4091 3037 4361 3120 tetiqerit
4399 3031 4547 3101 illud

2606 3127 2845 3208 aliquis
2887 3126 3253 3191 immundus
3294 3127 3415 3191 erit
3454 3145 3650 3207 usque
3692 3126 3779 3191 ad
3816 3145 4156 3207 vesperam.
4222 3123 4330 3188 24.
4383 3119 4547 3203 Quod

2606 3213 2668 3278 si
2709 3213 3070 3278 dormiendo
3110 3212 3432 3277 dormierit
3471 3213 3616 3293 quis
3657 3230 3799 3277 eum
3841 3231 3934 3291 ea,
3975 3216 4031 3275 et
4059 3211 4257 3294 fuerit
4291 3211 4547 3274 immun-

2606 3299 2771 3365 ditia
2811 3299 2949 3365 eius
2988 3317 3181 3377 super
3221 3317 3391 3376 eum,
3449 3298 3813 3363 immundus
3864 3298 3985 3363 erit
4020 3301 4253 3377 septem
4313 3293 4548 3360 diebus:

2605 3389 2662 3449 et
2705 3403 2881 3448 omne
2918 3389 3188 3449 stratum
3221 3403 3415 3466 super
3451 3403 3571 3465 quo
3600 3384 3941 3460 dormierit,
3984 3382 4380 3447 immundum
4420 3379 4544 3443 erit.

2606 3469 2710 3535 25.
2759 3468 3002 3534 Mulier
3023 3475 3243 3547 autem,
3288 3489 3481 3551 quum
3492 3469 3644 3549 fluet
3656 3470 3872 3548 fluxus
3906 3468 4241 3551 sanquinis
4272 3468 4412 3533 eius
4429 3465 4547 3531 die-

2606 3557 2720 3621 bus
2732 3554 2949 3621 multis
2957 3561 3215 3636 praeter
3234 3561 3476 3636 tempus
3494 3556 3797 3620 menstrui
3810 3555 3936 3632 sui,
3952 3554 4047 3621 vel
4070 3573 4263 3634 quum
4276 3551 4546 3635 patietur

2599 3643 2849 3723 fluxum
2866 3642 3203 3724 sanquinis
3236 3640 3407 3706 ultra
3436 3658 3679 3706 menses
3706 3660 3887 3707 suos:
3928 3640 4161 3705 cunctis
4189 3638 4411 3704 diebus
4431 3636 4545 3716 flu-

2604 3749 2731 3794 xus
2752 3727 3189 3793 immunditiae
3208 3747 3364 3792 suae
3384 3727 3503 3792 erit
3519 3727 3680 3793 sicut
3697 3725 3917 3793 diebus
3948 3725 4254 3791 menstrui
4274 3724 4400 3800 sui,
4443 3724 4547 3786 im·

2606 3815 2843 3881 munda
2879 3826 2987 3879 est.
3030 3813 3134 3878 26.
3174 3812 3368 3879 Omne
3399 3816 3667 3878 stratum
3700 3815 3774 3878 in
3808 3832 3927 3894 quo
3964 3812 4294 3877 dormierit
4328 3809 4546 3877 eundi-e

2607 3901 2824 3968 diebus
2830 3900 3050 3980 fluoeus
3069 3900 3196 3976 sui,
3215 3900 3377 3964 sicut
3389 3904 3658 3964 stratum
3669 3898 3973 3964 menstrui
3992 3898 4099 3962 sui
4119 3898 4256 3969 erit,
4283 3901 4340 3961 et
4358 3895 4548 3961 omnis

2607 3987 2781 4052 sedes
2809 4005 3003 4066 super
3027 4005 3155 4066 qua
3174 3985 3417 4064 sederit,
3438 3984 3769 4050 immunda
3791 3988 3911 4049 erit
3931 3982 4272 4050 seeundum
4291 3984 4547 4047 numun-

2609 4073 2836 4138 ditiaan
2873 4071 3179 4136 menstrui
3209 4072 3333 4136 sui.
3399 4070 3504 4136 27.
3555 4070 3915 4152 Quicunque
3955 4069 4219 4153 tetiqerit
4260 4088 4401 4132 eam
4441 4068 4548 4132 im-

2610 4159 2885 4223 mundus
2926 4157 3075 4235 erit,
3132 4156 3485 4237 lavabitque
3524 4158 3886 4221 vestimenta
3926 4176 4076 4233 sua,
4123 4159 4178 4219 et
4218 4154 4457 4219 lavabit
4492 4171 4551 4217 se

2612 4264 2800 4326 aqua,
2836 4242 3317 4323 immundusque
3337 4243 3454 4306 erit
3494 4262 3690 4323 usque
3725 4243 3811 4308 ad
3830 4261 4167 4323 vesperam.
4251 4240 4356 4305 28.
4388 4236 4551 4320 Quod

2611 4331 2674 4395 si
2715 4329 3020 4394 mundata
3070 4328 3267 4409 fuerit
3321 4349 3363 4392 a
3411 4328 3599 4408 flua-u
3653 4347 3767 4393 suo
3786 4378 3802 4407 ,
3844 4333 3989 4394 tunc
4030 4326 4387 4391 numerabit
4436 4322 4549 4389 sibi

2614 4420 2840 4496 septem
2883 4415 3051 4490 dies,
3107 4419 3164 4479 et
3209 4418 3430 4494 postea
3483 4413 3902 4479 mundabitur.
4014 4411 4116 4478 29.
4163 4411 4296 4478 Die
4353 4415 4548 4476 autem

2617 4507 2830 4566 octava
2870 4500 3037 4565 tollet
3068 4500 3192 4565 sibi
3225 4500 3383 4566 duos
3414 4505 3703 4577 turtures,
3751 4505 3863 4564 aut
3894 4499 4058 4564 duos
4078 4497 4299 4580 pullos
4341 4497 4550 4562 colum·

2615 4587 2825 4652 binos.-
2864 4586 3195 4667 afferetque
3234 4586 3377 4651 illos
3417 4586 3504 4650 ad
3542 4587 3917 4651 sacerdotem
3959 4586 4046 4651 ad
4087 4586 4320 4649 ostium
4362 4581 4549 4647 taber·

2615 4672 2830 4739 naculi
2871 4673 3302 4738 conventionis.
3392 4671 3494 4737 30.
3533 4671 3623 4735 Et
3659 4671 3850 4753 faciet
3891 4670 4194 4748 sacerdos,
4249 4688 4447 4734 unum
4484 4667 4549 4730 in

2614 4758 2880 4825 hostiam
2918 4777 3034 4840 pro
3059 4761 3323 4840 peceato,
3370 4762 3424 4822 et
3462 4757 3730 4823 alterum
3762 4759 3834 4822 in
3866 4756 4318 4824 holocaustum.-
4351 4773 4550 4820 emun-

2614 4845 2902 4926 dabitque
2938 4843 3120 4910 illam
3162 4842 3448 4908 sacerdos
3491 4862 3697 4908 coram
3722 4842 3957 4909 Iebova
3998 4863 4041 4907 a
4072 4843 4263 4920 fluxu
4295 4843 4549 4905 immun-

2613 4931 2810 4997 ditiae
2850 4950 3020 4995 suae.
3108 4928 3212 4995 31.
3262 4928 3708 5011 Separabitque
3735 4928 3901 5009 filios
3934 4927 4147 4993 Israel
4180 4927 4260 4992 ab
4292 4927 4549 4992 immun-

2615 5018 2799 5081 ditiis
2838 5017 2977 5081 suis
2994 5066 3009 5092 ‚
3071 5036 3151 5080 ne
3192 5016 3546 5079 moriantur
3577 5020 3836 5095 propter
3893 5014 4332 5079 immunditias
4386 5027 4547 5085 suas,

2616 5103 2767 5168 dum
2790 5102 3133 5184 polluerint
3167 5100 3632 5165 tabernaculum
3658 5121 3880 5178 meum,
3918 5101 4082 5182 quod
4115 5104 4208 5165 est
4248 5101 4318 5163 in
4360 5095 4548 5161 medio

2616 5209 2847 5253 eorum.
2938 5185 3039 5251 32.
3087 5186 3233 5251 Ista
3272 5189 3364 5251 est
3403 5187 3502 5251 lex
3528 5187 3836 5266 patientis
3868 5187 4116 5267 fluxum
4157 5184 4444 5258 seminis,
4498 5183 4547 5244 et

2614 5275 2752 5339 eius
2786 5294 2864 5339 ex
2898 5292 3017 5354 quo
3051 5270 3362 5356 eqreclitur
3402 5272 3624 5353 effusio
3656 5273 3931 5349 seminis,
3973 5277 4044 5337 ut
4082 5272 4169 5337 sit
4198 5266 4551 5335 immundus

2610 5365 2869 5441 propter
2907 5358 3109 5424 illam.
3211 5356 3314 5422 33.
3373 5355 3461 5422 E‘t
3517 5358 3895 5442 aeqrotantis
3948 5359 4018 5423 in
4066 5358 4251 5437 fluxu
4289 5375 4437 5432 suo,
4497 5355 4546 5416 et
