4867 6150
307 458 438 527 525

311 648 584 734 gravius
622 655 923 731 peccato,
960 665 1216 713 crassae
1273 644 1687 730 ignorantiae
1723 652 1841 710 est.
1930 644 2070 708 Nec
2113 664 2270 709 vero

312 736 512 820 longa
553 733 950 799 refutatione
994 753 1157 815 opus
1202 739 1327 805 est,
1386 729 1501 795 ubi
1561 730 1774 813 palam
1834 738 2106 813 apparet
2147 729 2271 794 hoc

310 821 458 887 loco
502 819 851 903 specialem
898 817 1069 883 tradi
1126 816 1426 902 regulam
1472 815 1553 881 de
1610 817 1863 881 ratione
1911 816 2271 899 impetran-

316 907 438 973 dae
493 907 761 983 veniae,
827 903 942 969 nbi
1001 903 1146 986 quis
1193 924 1310 986 per
1352 902 1846 986 incogitantiam
1897 922 2031 965 non
2074 921 2269 983 repu-

313 993 487 1059 tavit
530 1014 599 1057 se
657 992 730 1055 in
778 989 1081 1068 decimis,
1142 997 1258 1054 aut
1314 990 1484 1053 votis
1540 985 1901 1066 solvendis,
1962 994 2078 1052 aut
2120 988 2270 1053 aliis

311 1076 754 1146 oblationibus
796 1073 1000 1141 solide
1044 1095 1182 1140 non
1222 1074 1426 1139 fuisse
1468 1073 1907 1158 perfunctum.

506 1163 609 1229 17.
695 1162 924 1244 Itaque
985 1162 1048 1227 si
1124 1160 1345 1225 animoa
1396 1160 1760 1240 peceavemt.
1871 1157 2271 1241 Quanquam

319 1250 591 1317 videtur
633 1248 960 1332 generalis
1004 1265 1251 1325 sermo,
1308 1265 1384 1310 ac
1423 1246 1482 1310 si
1521 1245 1814 1311 breviter
1855 1246 2272 1311 confirmaret

315 1357 486 1420 qnae
548 1334 866 1401 hactenus
917 1332 1115 1397 dixit:
1182 1350 1447 1398 necesse
1509 1338 1732 1396 tamen
1791 1340 1894 1395 est
1949 1330 2055 1395 vel
2115 1350 2269 1396 con·

316 1431 545 1489 texer'e
602 1439 753 1488 cum
811 1419 1115 1502 proximo
1169 1418 1492 1494 membre,
1553 1415 1662 1483 vel
1718 1416 2123 1500 restringere
2185 1415 2269 1480 ad

318 1515 535 1574 certas
577 1506 845 1589 species.
933 1504 1107 1570 Mihi
1151 1505 1332 1587 prior
1375 1503 1696 1586 expositio
1743 1502 2004 1567 videtur
2060 1510 2267 1568 recta:

314 1615 441 1660 nec
485 1590 841 1658 absurdum
885 1599 986 1656 est
1029 1590 1128 1656 bis
1174 1587 1348 1655 idem
1405 1589 1644 1671 repeti,
1701 1597 1775 1653 ut
1832 1588 2271 1673 immorigeris

317 1677 804 1764 tergiversandi
868 1697 1098 1741 ansam
1162 1674 1585 1759 praecideret.
1690 1672 2081 1756 Quanquam
2137 1693 2270 1738 non

317 1766 568 1832 infitior
611 1766 930 1830 rationem
975 1782 1143 1845 quae
1184 1761 1254 1825 in
1299 1762 1430 1826 fine
1488 1759 1856 1839 subiicitur,
1916 1758 2000 1824 ad
2044 1779 2271 1825 omnes

319 1851 400 1917 de
443 1851 682 1934 quibus
725 1849 1034 1914 disseruit
1075 1845 1387 1931 expiandi
1423 1845 1648 1911 modos
1692 1844 1990 1910 extendi:
2035 1866 2271 1928 nempe

317 1937 622 2022 quamvis
692 1934 1137 2019 ignorantiam
1213 1931 1525 1998 obtendat
1598 1932 1711 2014 qui
1788 1931 2269 1997 inconsiderate

317 2023 541 2106 lapsus
584 2028 717 2099 est,
762 2020 873 2087 vel
914 2020 1126 2085 noluit
1181 2018 1336 2084 data
1387 2038 1583 2101 opera
1636 2037 1937 2100 peccare,
1985 2017 2090 2083 vel
2149 2037 2270 2101 per

317 2109 719 2176 oblivionem
757 2105 1002 2190 aliquid
1036 2105 1329 2171 maculae
1363 2104 1468 2171 vel
1506 2103 1883 2187 pollutionis
1918 2103 2267 2181 contraxit,

316 2216 505 2261 reum
549 2202 772 2259 tamen
816 2212 960 2258 esse
1002 2211 1220 2258 coram
1281 2192 1423 2256 Deo
1481 2190 1687 2255 donec
1743 2208 1815 2254 se
1871 2189 2266 2256 reconciliet.

316 2283 500 2365 Ergo
562 2278 676 2346 ubi
733 2297 979 2363 agnum
1045 2278 1378 2361 integrum
1444 2285 1511 2340 et
1573 2275 1729 2340 iusti
1785 2275 1979 2357 pretii
2044 2276 2269 2341 offerri

314 2369 515 2444 iubet,
560 2384 792 2430 rursus
830 2363 1114 2429 ostendit
1156 2362 1476 2446 quomodo
1518 2380 1806 2447 purgare
1862 2382 1933 2427 se
1985 2362 2270 2426 debeant

361 2455 427 2519 ni
485 2454 558 2517 in
625 2451 828 2517 sacris
892 2450 1327 2531 oblationibus
1390 2450 1636 2513 fuerint
1701 2446 1898 2512 nimis
1962 2446 2267 2513 restricti.

313 2475 644 2606 Continuo
679 2556 838 2602 vero
887 2544 1036 2619 post
1069 2535 1370 2620 adiungit
1405 2535 1724 2599 rationem
1758 2533 1902 2598 aliis
1937 2530 2268 2598 erroribus

316 2642 764 2693 communem:
802 2641 878 2686 ac
905 2624 962 2687 si
999 2621 1242 2688 diceret
1281 2642 1410 2687 non
1448 2620 1698 2686 absolvi
1736 2639 1955 2685 coram
1974 2620 2122 2685 Deo
2158 2617 2270 2701 qui

313 2711 396 2778 ad
435 2708 779 2795 tegendam
825 2708 1084 2791 culpam
1141 2708 1554 2791 ignorantiae
1604 2704 1886 2772 colorem
1930 2705 2263 2772 obiiciunt.

1044 3050 1348 3118 LEVIT.
1395 3048 1518 3115 VI.

486 3226 523 3291 1
547 3224 612 3313 1).
681 3225 1010 3307 Loquutus
1062 3227 1153 3288 est
1207 3227 1541 3303 praeterea
1597 3219 1830 3286 Iehova
1879 3221 2009 3303 ipsi
2064 3218 2255 3296 Moci,

308 3312 595 3381 dicmdo:
649 3312 708 3377 2.
754 3311 999 3376 Anima
1051 3328 1245 3391 quum
1289 3308 1664 3390 peccaverit,
1720 3312 1779 3371 et
1810 3306 2260 3388 praevaricata

305 3401 502 3482 fuerit
565 3397 1171 3479 praevaricationem
1254 3399 1467 3493 eontra
1546 3392 1866 3493 lehovam,
1911 3479 1924 3491 ·
1957 3393 2259 3491 mentiens

307 3481 1667 3650 fflssfflssfflsspffimffffl
1684 3483 1911 3646 ’faceram
1871 3479 2256 3664 3233?ssss

307 3678 440 3737 suo,
529 3656 588 3721 3.
634 3657 771 3720 Aut
808 3653 1116 3720 invenerit
1154 3653 1460 3718 amissum
1500 3656 1557 3717 et
1596 3655 1909 3734 neyaverct
1949 3650 2108 3716 allud
2122 3699 2138 3730 ,
2182 3669 2257 3714 ac

305 3743 616 3811 iuraverit
658 3742 826 3824 falso
865 3742 938 3805 in
993 3759 1117 3805 uno
1168 3759 1244 3804 ex
1299 3736 1584 3803 omnibus
1636 3756 1797 3818 quae
1847 3737 2055 3818 faeere
2106 3737 2256 3803 solet

310 3831 488 3896 homo
517 3827 830 3911 peccando
871 3827 941 3892 in
983 3826 1184 3905 ipsis:
1265 3825 1327 3889 4.
1381 3824 1584 3905 Quum
1624 3827 1768 3906 erqo
1796 3825 2158 3902 peccaverit,
2200 3827 2257 3888 et

310 3915 661 3996 deliquerit,
703 3918 838 3978 tum
877 3911 1084 3977 reddet
1125 3916 1380 3992 raptum
1415 3911 1580 3992 quod
1609 3909 1845 3990 rapuit,
1891 3915 2003 3975 aut
2042 3910 2109 3974 vi
2152 3930 2254 3975 ex-

309 4007 541 4068 tortum
575 4001 739 4082 quod
774 3999 842 4063 vi
870 3998 1143 4076 extorsit,
1187 4002 1299 4061 aut
1330 3995 1680 4079 depositum
1713 3996 1880 4075 quod
1909 3997 2257 4076 depositam

309 4088 507 4173 fuerit
540 4087 713 4170 apud
744 4085 947 4164 illum,
988 4081 1083 4148 vel
1115 4085 1424 4148 amissum
1456 4082 1619 4164 quod
1651 4081 1971 4147 invenerit.
2020 4081 2080 4148 5.
2120 4083 2260 4147 Aut

414 4177 426 4188 '
462 4175 643 4255 piam
685 4171 868 4237 abiud
910 4189 988 4233 ex
1029 4169 1312 4233 omnibus
1351 4169 1428 4233 de
1460 4168 1689 4249 quibus
1725 4168 2031 4233 iuraverit
2069 4168 2259 4250 falso,

312 4267 462 4327 tunc
499 4258 711 4324 reddet
751 4256 915 4323 illud
956 4257 1028 4320 in
1068 4254 1358 4329 solidant,
1402 4259 1457 4318 et
1499 4256 1789 4335 quintum
1830 4254 2035 4333 ipsius
2076 4256 2262 4322 addet

311 4347 444 4412 illi.-
500 4346 678 4427 eique
727 4343 909 4408 ouius
964 4346 1101 4407 erat
1153 4341 1366 4406 reddet
1416 4339 1578 4406 illud
1619 4339 1722 4406 die
1775 4339 2102 4407 oblationis
2138 4361 2260 4423 pro

311 4433 536 4501 delicto
577 4450 708 4495 suo,
797 4429 856 4494 6.
920 4426 1304 4493 oblationem
1357 4446 1501 4491 vero
1541 4447 1668 4508 pro
1722 4425 1937 4490 delicto
1994 4446 2109 4492 suo
2151 4429 2261 4492 ad-

314 4520 496 4585 ducet
537 4515 835 4592 Iehovae,
887 4515 1142 4579 arietem
1193 4513 1498 4597 intem-um
1551 4533 1583 4577 e
1617 4511 1990 4594 ρεοαᾱῶαε,
2045 4533 2259 4579 secun-

314 4607 471 4671 dum
527 4603 1017 4668 aestimationem
1072 4619 1257 4664 suam
1322 4600 1408 4664 ad
1464 4597 1824 4679 faciendum
1882 4600 2263 4680 sacrificium

302 4711 433 4776 pro
475 4688 689 4756 delicto
730 4687 816 4753 ad
853 4685 1241 4753 sacerdotem,
1331 4686 1368 4750 7
1377 4736 1390 4751 .
1438 4684 1742 4766 Eamiabit
1794 4702 1935 4748 eum
1974 4687 2264 4753 sacerdos

315 4796 535 4843 coram
582 4772 851 4853 Iehova,
910 4777 967 4838 et
1021 4772 1361 4836 remittetur
1416 4772 1505 4849 ei,
1560 4769 1832 4852 expiabit
1886 4771 2145 4850 inquam
2187 4773 2264 4837 ab

315 4883 446 4928 mco
499 4881 592 4927 ex*
626 4860 908 4926 omnibus
959 4878 1117 4941 quae
1170 4859 1376 4940 faeere
1431 4857 1580 4922 solet
1632 4856 1808 4922 homo
1854 4854 2265 4938 delinquendo

315 4970 394 5016 m
435 4969 519 5014 eo.

500 5121 557 5185 1.
616 5118 943 5201 Loquutus
983 5122 1076 5182 est
1102 5120 1436 5197 praeterea
1479 5116 1723 5183 Iehova.
1811 5117 1956 5183 Iam
1999 5138 2133 5182 non
2183 5115 2266 5181 de

319 5205 660 5274 erroribus
703 5203 1044 5288 expiandis
1085 5201 1348 5268 disserit
1390 5202 1610 5270 Moses
1629 5251 1644 5282 ,
1688 5202 1796 5269 ubi
1843 5224 1958 5287 per
2014 5203 2263 5288 incogi-

500 5393 560 5463 1)
592 5392 759 5448 Hebr.
797 5389 847 5460 5,
880 5390 952 5446 20
985 5408 1056 5446 ss.

1715 453 2228 522 SECUNDUM
2273 454 2919 524 PRAECEP‘PUM.

4201 467 4331 534 526

2373 647 2649 710 tantiam
2695 667 2844 712 reus
2896 657 3037 712 erat
3098 656 3424 728 peccator:
3483 667 3718 713 verum
3773 650 3829 714 si
3882 651 4031 732 quis
4096 664 4330 736 sponte

2373 744 2441 797 et
2484 732 2782 799 consulto
2836 732 3053 797 Deum
3109 731 3524 811 offendisset,
3583 734 4131 802 reconciliationis
4195 761 4325 805 mo-

2375 816 2530 882 dum
2576 818 2982 902 praescribit.
3072 817 3267 899 Quod
3316 828 3544 884 notatu
3594 819 3867 904 dignum
3904 832 4033 903 est,
4077 846 4162 890 ne
4206 825 4327 890 du·

2373 902 2586 968 bitent
2628 905 2738 987 qni
2782 905 3155 969 voluntario
3199 914 3464 987 peccato
3522 905 3814 972 obstricti
3874 921 4061 989 sunt,
4108 911 4326 978 Deum

2374 990 2500 1054 sibi
2544 990 2681 1055 fore
2724 991 3110 1073 propitium,
3158 989 3350 1055 modo
3393 991 3474 1054 ad
3521 992 3782 1057 unicum
3837 992 4085 1059 Christi
4130 1000 4329 1062 sacri-

2372 1075 2593 1141 ficium
2641 1073 2735 1162 (in
2780 1096 2911 1157 qno
2954 1074 3163 1141 solida
3203 1086 3459 1141 constat
3513 1077 3894 1145 umbrarum
3931 1080 4095 1164 legis
4151 1085 4325 1149 veri·

2373 1159 2503 1248 tas)
2549 1182 2619 1226 se
2652 1160 3011 1227 conferant.
3102 1161 3486 1227 Cavendum
3530 1162 3790 1246 quidem
3836 1173 3968 1245 est,
4016 1189 4100 1231 ne
4141 1189 4328 1250 prae-

2373 1255 2564 1311 textu
2610 1247 2998 1312 clementiae
3055 1256 3122 1312 et
3176 1247 3511 1313 facilitatis
3555 1247 3686 1315 Dei
3743 1249 3931 1316 nobis
3989 1251 4329 1339 indulgea-

2375 1351 2557 1397 mus:
2603 1353 2757 1397 nam
2822 1332 2973 1417 plus
3038 1353 3246 1416 aequo
3310 1354 3431 1399 nos
3497 1334 3578 1399 ad
3643 1337 4042 1418 peccandum
4108 1343 4327 1407 carnis

2371 1416 2574 1483 libido
2618 1418 2953 1497 sollicitat,
2997 1428 3076 1482 ut
3117 1440 3248 1483 non
3295 1418 3558 1485 accedat
3600 1422 3752 1487 talis
3810 1423 4152 1490 illecebra:
4201 1447 4327 1492 nec

2374 1504 2693 1587 sacrilega
2735 1505 2805 1569 in
2848 1504 3065 1570 Deum
3112 1506 3507 1570 contumelia
3555 1517 3765 1584 vacat,
3802 1502 4137 1575 licentiam
4173 1534 4323 1595 pec-

2374 1589 2568 1656 candi
2611 1611 2694 1654 ex
2757 1610 2834 1654 eo
2890 1592 3209 1672 arripere,
3265 1591 3435 1674 quod
3479 1593 3663 1658 Deus
3721 1592 3802 1657 ad
3856 1596 4324 1677 ignoscendum

2373 1676 2462 1740 sit
2518 1696 2901 1760 propensus.
2992 1676 3255 1761 Regnet
3312 1698 3469 1761 ergo
3548 1681 3615 1743 in
3676 1679 3864 1746 nobis
3924 1681 4052 1749 Dei
4106 1684 4322 1766 timor,

2374 1762 2489 1844 qni
2555 1783 2792 1846 pravas
2860 1761 3253 1845 cupiditates
3322 1763 3538 1829 instar
3586 1766 3796 1830 fraeni
3852 1778 4175 1851 coerceat,
4233 1791 4323 1836 ne

2372 1856 2605 1929 sponte
2647 1848 2717 1912 in
2762 1847 3025 1931 culpam
3067 1847 3395 1928 labamur,
3436 1849 3576 1915 eius
3622 1851 3819 1916 etiam
3870 1855 4325 1923 misericordia

2371 1935 2594 2016 potius
2658 1932 2877 1998 odium
2944 1944 3011 1998 et
3077 1933 3569 2000 detestationem
3619 1940 3892 2021 ,peccati
3954 1940 4188 2026 gignat
4251 1945 4320 2007 in

2373 2018 2676 2086 cordibus
2732 2020 3008 2098 nostris,
3085 2041 3280 2103 quam
3345 2040 3466 2087 nos
3522 2022 3605 2087 ad
3672 2025 4008 2090 audaciam
4070 2028 4321 2094 incitet.

2374 2102 2510 2170 Sed
2555 2103 2912 2189 prudenter
2955 2107 3151 2172 simul
3193 2106 3556 2173 cavendum
3595 2119 3728 2185 est,
3774 2131 3859 2175 ne
3902 2113 3960 2176 si
3994 2114 4321 2198 fingamus

2373 2191 2589 2256 Deum
2635 2191 3025 2256 voluntariis
3067 2193 3353 2276 peccatis
3394 2194 3898 2275 inexorabilem,
3948 2200 4191 2265 nimius
4235 2202 4322 2265 ri-

2373 2297 2494 2360 gor
2527 2277 2698 2360 apud
2743 2278 3190 2344 sanctissimos
3225 2299 3515 2362 quosque
3548 2301 3731 2363 spem
3767 2283 3999 2348 salutis
4043 2292 4318 2351 evertat.

2373 2362 2554 2427 Sunt
2596 2364 2770 2428 enim
2814 2363 3030 2430 adhuc
3074 2364 3267 2430 hodie
3307 2365 3572 2447 quidam
3616 2365 4008 2449 phrenetici,
4054 2372 4167 2452 qui
4203 2393 4315 2437 ve-

2373 2449 2550 2512 niam
2592 2449 2894 2514 omnibus
2937 2457 3215 2534 negant,
3258 2451 3493 2533 quibus
3534 2473 3654 2534 per
3709 2457 3926 2519 carnis
3972 2457 4319 2522 infirmita-

2375 2543 2505 2597 tem
2542 2533 2675 2599 labi
2720 2535 3085 2619 contigerit.
3155 2535 3327 2617 Quia
3371 2548 3589 2602 autem
3632 2541 3909 2604 morosis
3945 2540 4319 2609 hominibus

2374 2620 2622 2685 arridet
2663 2622 3015 2700 severitas,
3071 2623 3194 2688 hoc
3252 2622 3483 2688 delirio
3525 2624 3718 2688 valde
3763 2626 4057 2691 turbavit
4097 2627 4319 2694 Nova-

2373 2714 2481 2771 tus
2525 2715 2814 2772 veterem
2851 2709 3207 2773 ecclesiam.
3294 2709 3549 2774 Verum
3595 2711 3649 2773 si
3687 2709 3888 2792 probe
3922 2733 4041 2778 nos
4089 2734 4319 2779 omnes

2370 2793 2783 2859 excutiamus
2799 2844 2815 2872 ,
2875 2793 3068 2876 plane
3110 2794 3385 2878 liquebit
3444 2795 3709 2861 tetricos
3773 2798 3934 2863 istos
3998 2819 4318 2880 censores,

2369 2879 2484 2960 qui
2526 2879 2785 2944 laudem
2821 2879 3187 2946 sanctitatis
3225 2902 3308 2946 ex
3348 2880 3696 2947 immodica
3732 2884 4089 2966 asperitate
4124 2885 4323 2951 affec-

2369 2971 2543 3045 tant,
2588 2966 2784 3030 nimis
2828 2985 3081 3031 crassos
3124 2986 3264 3032 esse
3309 2967 3703 3050 hypocritas.
3795 2969 3967 3032 Nam
4014 2971 4071 3036 si
4117 2971 4309 3053 depo·

2367 3050 2494 3118 sito
2559 3052 2729 3118 fastu
2807 3071 2994 3117 suam
3076 3052 3278 3116 vitam
3359 3059 3773 3132 excuterent,
3857 3056 4004 3139 quis
4084 3077 4316 3122 eorum

2364 3158 2571 3219 purus
2613 3148 2787 3203 esset
2830 3158 2869 3202 a
2911 3138 3481 3220 concupiscentia?
3527 3148 3593 3203 et
3649 3141 3792 3223 quis
3848 3163 3978 3206 non
4037 3141 4317 3209 subinde

2365 3221 2492 3287 sibi
2535 3223 2711 3289 male
2751 3223 3048 3288 conscius
3092 3223 3308 3289 esset?
3400 3224 3786 3310 Prodigiosa
3828 3248 3983 3312 ergo
4037 3229 4315 3295 caecitas

2365 3317 2496 3387 est,
2542 3330 2619 3373 eo
2662 3309 3075 3392 perfectionis
3119 3309 3418 3375 attollere
3471 3310 3768 3378 homines
3811 3335 4008 3379 earne
4053 3316 4314 3380 mortali

2358 3395 2814 3474 circumdatos,
2848 3404 2925 3460 nt
2960 3396 3203 3461 nullius
3246 3417 3356 3460 eos
3392 3397 3535 3463 vitii
3568 3406 3686 3462 aut
3719 3399 3952 3482 culpae
3995 3412 4307 3486 coarguat

2360 3500 2483 3546 sua
2545 3482 2958 3548 conscientia.
3048 3481 3140 3548 Et
3202 3482 3327 3548 hac
3410 3482 3651 3549 diaboli
3718 3485 4077 3569 impostura
4140 3486 4309 3552 nihil

2359 3569 2573 3650 magis
2612 3567 3029 3652 pestiferum,
3094 3588 3204 3634 eos
3258 3590 3299 3633 a
3357 3590 3473 3652 spe
3532 3571 3766 3636 veniae
3808 3571 4154 3638 excludere
4202 3573 4315 3656 qui

2358 3654 2639 3719 scientes
2673 3662 2739 3719 et
2773 3653 3071 3719 volentes
3104 3668 3487 3737 peccarunt:
3538 3655 3795 3738 quando
3840 3678 4032 3722 nemo
4068 3666 4171 3724 est
4203 3658 4311 3723 vel

2357 3760 2441 3805 ex
2476 3741 2738 3824 optimis
2772 3740 2902 3806 Dei
2944 3741 3173 3821 servis,
3217 3741 3286 3808 in
3321 3760 3449 3824 quo
3493 3762 3627 3806 non
3669 3744 4000 3808 interdum
4044 3764 4315 3827 praeva-

2354 3828 2535 3893 leant
2579 3827 2797 3893 vitiosi
2840 3827 3054 3892 carnis
3106 3826 3394 3893 affectus.
3485 3826 3809 3908 Quamvis
3858 3830 4035 3894 enim
4098 3851 4311 3913 neque

2359 3913 2642 3978 adulteri
2685 3913 2849 3992 sint,
2895 3933 3107 3996 neque
3162 3914 3375 3992 fures,
3421 3934 3634 3996 neque
3679 3915 4079 3994 homicidae,
4118 3936 4312 3982 nemo

2358 4008 2579 4065 tamen
2623 4007 2725 4066 est
2766 4020 2962 4082 quem
3003 4020 3137 4064 non
3180 4009 3366 4097 reatu
3412 4001 3822 4085 constringat
3864 4002 4170 4067 ultimum
4216 4002 4309 4068 le-

2362 4088 2463 4171 gis
2518 4094 2970 4169 praeceptum:
3044 4085 3195 4150 Non
3261 4086 3694 4169 concupisces.
3783 4086 3877 4150 Et
3940 4096 4115 4152 certe
4182 4108 4310 4169 quo

2362 4173 2633 4256 quisque
2675 4172 2886 4256 magis
2929 4171 3205 4254 profecit
3248 4172 3314 4236 in
3362 4171 3579 4236 studio
3615 4172 3953 4255 puritatis,
3988 4193 4064 4237 eo
4098 4175 4310 4256 magis

2361 4259 2565 4325 sentit
2607 4267 2671 4323 et
2715 4258 3012 4342 agnoscit
3048 4258 3131 4322 ab
3174 4256 3407 4322 ultima
3442 4259 3581 4322 eius
3616 4270 3790 4323 meta
3831 4258 4059 4341 procul
4095 4258 4310 4324 adhuc

2365 4367 2434 4411 se
2490 4343 2753 4409 distare.
2842 4344 3021 4427 Ergo
3076 4343 3205 4408 nisi
3271 4344 3501 4410 salutis
3565 4344 3829 4408 ianuam
3893 4343 4048 4408 data
4111 4365 4311 4427 opera

2364 4430 2552 4496 nobis
2596 4429 3244 4507 clauderevelimus,
3282 4430 3636 4494 tenendum
3682 4438 3811 4507 est,
3848 4430 4065 4494 Deum
4101 4433 4309 4495 omni-

2365 4518 2488 4583 bus
2544 4516 2681 4580 fore
2737 4512 3122 4597 placabilem
3179 4514 3294 4598 qui
3358 4516 3672 4581 sacrificio
3737 4514 3988 4580 Christi
4052 4515 4310 4599 culpam

2365 4603 2490 4669 sibi
2556 4601 2802 4667 remitti
2867 4601 3220 4666 confidunt.
3309 4600 3538 4684 Neque
3604 4601 3775 4665 enim
3842 4601 3950 4666 vel
4019 4611 4310 4670 mutatus

2366 4699 2468 4754 est
2511 4690 2711 4767 Deus,
2756 4686 2863 4752 vel
2900 4685 3184 4751 deterior
3217 4697 3446 4750 nostra
3489 4697 3589 4751 est
3623 4706 3817 4769 quam
3853 4696 4117 4771 patrum
4156 4710 4310 4755 con-

2367 4774 2557 4840 ditio:
2605 4773 2789 4855 atqui
2831 4773 2951 4838 sub
2999 4772 3144 4856 lege
3196 4772 3485 4838 instituit
3528 4772 3708 4837 Deus
3766 4773 4089 4840 sacrificia
4145 4797 4310 4859 quae

2366 4860 2746 4928 voluntaria
2781 4879 3034 4942 qnoque
3080 4857 3313 4925 delicta
3355 4858 3712 4942 expiarent.
3781 4858 4098 4943 Sequitur
4133 4883 4306 4946 ergo,

2368 4947 2665 5031 quamvis
2723 4945 2952 5027 culpae
3005 4943 3417 5009 voluntariae
3468 4945 3747 5010 convicti
3806 4947 4043 5024 simus,
4099 4969 4307 5012 reme-

2368 5033 2551 5097 dium
2598 5041 2815 5095 tamen
2864 5029 3312 5113 impetrandae
3356 5030 3590 5095 veniae
3624 5031 3694 5096 in
3738 5032 4079 5115 evangelio
4122 5032 4308 5098 nobis

2367 5118 2662 5203 proponi.
2739 5116 3011 5200 Alioqui
3054 5115 3204 5198 plus
3238 5137 3434 5199 quam
3473 5115 3752 5183 lusoriae
3795 5125 4016 5183 essent
4056 5120 4308 5202 figurae

2368 5214 2642 5283 veteres,
2687 5223 2850 5287 quae
2896 5223 3024 5267 non
3071 5202 3198 5267 alio
3240 5212 3623 5287 spectarunt
3661 5205 3786 5269 nisi
3822 5214 3895 5269 ut
3932 5205 4309 5268 testimonia

2369 5300 2590 5357 essent
2642 5310 2718 5356 ac
2775 5289 3037 5373 specula
3078 5288 3217 5353 eius
3273 5290 3552 5373 gratiae,
3609 5310 3774 5372 quae
3817 5289 4001 5354 nobis
4044 5289 4309 5355 demum

2370 5378 2443 5442 in
2501 5375 2765 5442 Christo
2831 5374 3121 5439 exhibita
3185 5374 3328 5440 fuit.
3420 5373 3493 5439 Si
3557 5382 3865 5439 mutuum
3920 5394 4306 5442 consensum
