4867 6150
321 484 461 553 361-

321 675 450 742 nisi
514 674 767 740 obviam
835 675 1000 740 itum
1059 682 1249 740 esset.
1346 673 1551 740 Ponit
1618 684 1838 739 autem
1898 674 2268 751 circuitum,

321 763 471 846 quia
535 761 692 826 hinc
759 762 930 826 sumi
999 770 1254 844 poterat
1320 759 1756 844 persuadendi
1817 761 2022 839 color,
2096 759 2270 842 quod

322 869 452 913 non
499 858 752 912 tantum
816 848 895 912 ab
943 867 1075 912 una
1115 858 1310 930 gente
1355 847 1651 911 differret
1693 845 1957 912 Israelis
2017 847 2268 930 religio,

324 933 432 1000 sed
481 933 563 999 ab
607 933 914 999 omnibus
960 953 1124 1015 quae
1170 933 1425 1017 regioni
1475 954 1968 1016 quaquaversus
2011 933 2271 1017 opposi-

322 1028 428 1085 tae
464 1028 672 1084 erant.
746 1020 916 1083 Nam
963 1021 1033 1083 in
1078 1040 1496 1102 quascunque
1537 1018 1711 1085 orbis
1752 1019 1981 1102 plagas
2025 1031 2271 1102 specta-

323 1114 487 1183 rent,
533 1104 1011 1171 obiiciebantur
1050 1125 1273 1169 eorum
1311 1104 1520 1171 oculis
1556 1105 1858 1188 exempla
1893 1125 2062 1188 quae
2097 1105 2270 1188 ipsos

323 1191 731 1257 attraherent
780 1193 852 1254 in
897 1212 1138 1256 novam
1196 1204 1260 1256 et
1320 1201 1700 1256 extraneam
1761 1191 2101 1276 religionis
2143 1191 2271 1255 for-

321 1299 519 1343 mam.
588 1278 827 1343 Postea
860 1277 1236 1361 amplificat,
1282 1276 1611 1342 addendo:
1658 1275 1732 1343 Si
1778 1278 1973 1341 etiam
2014 1277 2269 1361 longin-

322 1384 488 1446 quae
532 1365 666 1430 sint
711 1373 944 1446 gentes
987 1363 1169 1428 illae:
1230 1384 1363 1429 non
1421 1365 1592 1428 enim
1641 1384 1791 1429 cum
1836 1364 1992 1428 solis
2035 1361 2270 1428 vicinis

320 1460 464 1515 erat
509 1449 852 1515 dissidium
897 1448 1250 1528 Israelitis,
1311 1448 1423 1514 sed
1470 1449 1655 1531 quasi
1714 1469 1753 1514 a
1800 1458 1935 1514 toto
1979 1450 2270 1514 humano

321 1557 562 1621 genere
608 1540 934 1619 segregati
979 1547 1184 1600 erant.
1246 1535 1411 1600 Erat
1453 1544 1672 1600 autem
1720 1534 1878 1601 haec
1925 1555 2053 1599 non
2098 1533 2268 1599 levis

322 1623 616 1701 tentatio,
655 1641 788 1685 non
825 1624 1111 1704 reperire
1148 1622 1218 1686 in
1255 1629 1392 1686 toto
1428 1621 1674 1686 mundo
1698 1620 1865 1687 ullos
1901 1622 2126 1700 socios,
2164 1620 2270 1685 vel

321 1708 523 1774 ullius
558 1708 774 1792 gentis
810 1728 1218 1772 consensum.
1300 1705 1490 1772 Adde
1534 1706 1704 1790 quod
1749 1706 2078 1771 interdum
2128 1707 2271 1790 ipsa

318 1793 768 1878 longinquitas
812 1795 1303 1858 venerationem
1348 1793 1590 1878 ignotis
1635 1793 1956 1859 conciliat.
2047 1791 2265 1874 Siqui-

320 1879 469 1945 dem
537 1878 884 1945 hominum
948 1879 1308 1957 curiositas,
1378 1879 1745 1958 volitando,
1813 1899 1933 1943 sua
1997 1878 2268 1944 levitate

319 1974 532 2031 terras
578 1977 642 2030 et
677 1967 887 2030 maria
931 1965 1389 2044 transscendit,
1435 1974 1508 2030 ut
1546 1966 1667 2031 sub
1705 1964 2018 2030 novitatis
2052 1966 2268 2047 specie

316 2063 613 2118 monstra
655 2051 967 2134 pestifera
1009 2050 1133 2117 sibi
1178 2063 1485 2117 accersat.
1543 2050 1803 2116 Interea
1843 2052 2027 2117 Deus
2069 2050 2267 2116 fidem

310 2138 379 2203 in
432 2136 629 2203 verbo
665 2158 786 2203 euo
833 2137 1167 2203 fundatam
1212 2139 1281 2203 in
1326 2137 1589 2203 sublimi
1634 2136 1821 2218 locat,
1864 2147 1939 2202 ut
1974 2136 2266 2202 omnium

355 2225 610 2289 entium
659 2245 900 2304 mores,
966 2224 1303 2303 instituta,
1372 2225 1569 2302 ritus,
1627 2234 1693 2288 et
1758 2222 2266 2288 consuetudines

354 2309 648 2394 espiciat.
743 2310 971 2392 Neque
1017 2309 1193 2375 enim
1236 2309 1576 2394 impietate
1619 2330 1775 2374 vere
1820 2310 2091 2392 profecit
2137 2308 2264 2374 nisi

311 2399 420 2464 oui
456 2397 656 2460 foetet
690 2394 1006 2478 quidquid
1043 2396 1333 2461 alienum
1369 2408 1486 2460 est.

486 2482 540 2548 9.
593 2481 719 2547 Sed
751 2483 1069 2548 occidendo
1111 2483 1362 2547 occides.
1411 2481 1556 2547 Non
1595 2481 1739 2545 vult
1774 2501 2094 2563 quemque
2131 2479 2264 2564 pri-

311 2568 520 2634 vatim
570 2568 840 2650 exsequi
865 2568 1220 2633 vindictam
1257 2565 1501 2651 absque
1540 2566 1798 2650 publico
1834 2566 2102 2632 iudicio:
2149 2566 2264 2631 sed

310 2654 607 2738 respexit
649 2652 733 2718 ad
776 2673 1190 2719 communem
1233 2675 1446 2734 usum,
1493 2652 1667 2738 quod
1712 2654 1943 2718 noxios
1986 2663 2052 2717 et
2087 2651 2266 2716 dam-

307 2752 506 2805 natos
566 2747 770 2805 testes
826 2741 1023 2823 primi
1080 2738 1491 2822 lapidabant,
1548 2747 1623 2804 ut
1666 2738 1823 2804 alibi
1875 2737 2259 2809 videbimus.

308 2823 591 2910 Optima
644 2835 861 2891 autem
919 2825 1046 2891 fuit
1088 2827 1295 2906 rati0,
1364 2836 1438 2890 ut
1500 2823 1759 2891 eosdem
1820 2825 2003 2890 Deus
2063 2822 2262 2889 vellet

308 2933 458 2979 esse
523 2931 770 2994 poenae
835 2923 1304 2994 exsequutores
1368 2913 1478 2994 qui
1543 2911 1793 2975 crimen
1866 2909 2259 2988 detulerant,

307 3019 445 3083 quo
492 2999 702 3083 magis
745 2999 920 3062 cauti
965 3012 1183 3064 essent
1226 3019 1300 3063 ac
1343 2997 1659 3063 moderati
1695 2997 1768 3061 in
1809 2995 2097 3062 ferendis
2132 3004 2259 3062 tes-

307 3087 628 3151 timoniis.
720 3085 916 3149 Ratio
960 3086 1235 3169 quaein
1297 3086 1428 3149 fine
1495 3083 1781 3149 additur:
1875 3082 2050 3165 Quia
2108 3103 2259 3165 cap-

309 3173 479 3239 tavit
525 3190 588 3235 te
634 3170 952 3237 abducere
997 3193 1035 3236 a
1080 3171 1222 3236 Deo
1266 3179 1380 3236 tuo
1424 3172 1533 3254 qui
1579 3179 1645 3235 te
1689 3168 1952 3250 eduxit,
2012 3169 2260 3234 crimen

307 3257 555 3322 iterum
592 3264 953 3341 exaggerat
985 3255 1068 3322 ab
1102 3256 1606 3341 ingratitudine:
1652 3275 1817 3338 quae
1859 3277 1934 3320 eo
1979 3253 2259 3320 detesta-

309 3344 508 3409 bilior
551 3355 726 3423 erat,
784 3364 913 3426 quo
970 3344 1183 3428 magis
1240 3342 1717 3408 inaestimabile
1777 3353 1918 3406 erat
1959 3341 2259 3423 redemp-

310 3429 516 3496 tionis
559 3429 965 3495 beneficium.
1056 3434 1118 3494 A
1178 3429 1323 3494 Deo
1379 3431 1637 3513 cognito
1694 3427 1971 3493 deficere
2017 3448 2132 3510 per
2190 3448 2259 3492 se

310 3537 518 3600 grave
576 3524 719 3580 erat
774 3515 1012 3595 scelus,
1066 3513 1182 3581 sed
1226 3516 1498 3599 gravius
1540 3513 2018 3597 redemptorem
2064 3533 2261 3578 suum

309 3600 736 3685 vilipendere.
806 3602 1148 3668 Postremo
1192 3600 1579 3684 adiungitur
1623 3600 1872 3666 utilitas
1906 3610 1972 3665 et
2007 3600 2260 3665 fructus

307 3688 711 3753 severitatis:
770 3689 926 3771 quia
984 3688 1139 3754 dum
1199 3688 1489 3771 exigitur
1544 3685 1623 3750 de
1682 3686 1877 3752 unius
1941 3685 2260 3750 maleficio

301 3795 538 3857 poena,
586 3773 731 3839 aliis
775 3774 1078 3839 omnibus
1123 3774 1446 3838 incutitur
1503 3780 1739 3837 terror:
1801 3781 1869 3836 et
1926 3773 2021 3837 ita
2065 3772 2258 3836 unius

301 3861 646 4010 {interilus’
711 3876 979 3944 propter
1044 3859 1416 3942 exemplum
1486 3857 1764 3924 salubris
1811 3866 1916 3924 est
1955 3858 2260 3923 omnibus

349 3967 516 4029 iscip
545 3968 673 4011 ina.

875 4287 1004 4353 EX
1048 4287 1447 4354 DEU'I'ER.
1494 4286 1694 4353 XIII.

488 4459 611 4524 12¹
647 4509 660 4523 .
711 4457 788 4524 Si
844 4459 1125 4525 audieris
1180 4459 1257 4526 de
1310 4480 1444 4525 una
1507 4459 1758 4524 urbium
1799 4465 2054 4526 tuarum
2097 4482 2261 4543 quas

304 4543 544 4611 Iehova
657 4565 766 4610 eus
809 4549 957 4609 tuus
998 4546 1108 4610 dat
1147 4545 1261 4610 tibi
1303 4550 1371 4610 ut
1413 4545 1649 4610 habites
1692 4545 1797 4625 ibi,
1844 4548 2115 4629 aliquem
2157 4547 2257 4612 di—

303 4637 568 4696 centem.-
633 4632 730 4696 13.
778 4629 1040 4715 Eyressi
1081 4636 1227 4696 sunt
1269 4632 1530 4712 quidam
1571 4631 1845 4698 homines
1873 4632 2002 4714 filii
2037 4634 2258 4714 impie-

301 4719 462 4784 tatis
504 4738 536 4783 e
586 4717 789 4783 medio
848 4719 969 4796 tui,
1028 4718 1139 4799 qui
1201 4717 1587 4798 impulerunt
1646 4717 2016 4785 habitatores
2080 4719 2258 4785 urbis

301 4824 464 4869 suae
483 4802 761 4870 dicendo,-
803 4802 1053 4869 Eamus
1085 4808 1144 4868 et
1183 4803 1459 4868 colamus
1498 4805 1642 4870 deos
1674 4805 1916 4871 alienos
1947 4825 2101 4886 quos
2131 4825 2257 4870 non

304 4890 532 4968 nostis,
621 4890 722 4956 14.
774 4889 951 4955 Tunc
991 4890 1303 4972 inquires,
1355 4895 1410 4955 et
1450 4890 1877 4972 investiqabis,
1934 4911 2008 4957 ae
2064 4892 2256 4956 inter-

304 4975 563 5059 roqabis
615 4976 975 5060 diliyenter:
1027 4981 1082 5039 et
1133 4975 1447 5057 siquidem
1498 4977 1732 5042 veritas
1787 4978 1872 5042 sit
1925 4982 1981 5042 et
2041 4998 2258 5042 rumor

303 5082 515 5138 verus,
572 5062 734 5144 quod
786 5064 956 5144 facta
1018 5062 1102 5126 sit
1151 5061 1530 5127 abominatio
1587 5064 1711 5128 ista
1760 5064 1830 5128 in
1898 5064 2101 5129 medio
2141 5064 2256 5140 tui,

305 5147 417 5212 15.
473 5147 877 5213 Percutiendo
907 5149 1220 5228 percuties
1263 5146 1642 5214 habitatores
1684 5148 1862 5214 urbis
1905 5148 2085 5214 illius
2128 5150 2260 5216 acie

297 5233 532 5318 yladii,
583 5234 899 5317 perdendo
953 5254 1117 5312 eam,
1185 5238 1240 5298 et
1291 5235 1602 5316 quidquid
1656 5236 1722 5300 in
1790 5256 1861 5300 ea
1925 5235 2148 5318 fuerit,
2206 5239 2261 5300 et

486 5423 652 5479 Hebr.
689 5421 909 5477 13-18.

1779 486 2157 553 PRIMUM
2201 486 2852 555 PRAEOEPTUM.

4194 487 4324 553 362

2372 680 2652 743 iumenta
2709 679 2849 743 eius
2904 679 3038 743 acie
3088 676 3311 762 yladii.
3418 678 3517 743 16.
3577 677 3784 758 Atque
3837 676 4047 741 omnia
4110 676 4321 756 spolia

2370 766 2511 829 eius
2558 762 2953 847 conpreyabis
3006 764 3077 829 in
3131 765 3335 830 medio
3379 763 3629 847 plateae
3683 763 3852 842 eius,
3912 767 3967 828 et
4004 762 4323 829 combures

2369 851 2506 932 ἐφη·
2539 850 2752 915 urbem
2787 851 2998 930 ipsam
3031 856 3086 914 et
3120 850 3335 914 munia
3368 849 3573 930 spolia
3607 850 3747 914 eius
3768 868 4039 930 prorsus
4061 846 4322 914 Iehovae

2368 936 2507 1003 Deo
2551 942 2670 1013 tuo,
2716 938 2954 1018 eritque
2995 936 3274 1001 tumulus
3305 942 3680 1017 perpetuus,
3723 955 3846 1000 non
3891 934 4323 1016 aedificabitur

2372 1023 2672 1104 amplius.
2742 1021 2843 1086 17.
2893 1022 3112 1103 Neque
3146 1021 3504 1087 adhaerebit
3534 1021 3757 1086 manui
3788 1025 3932 1087 tuae
3973 1020 4320 1102 quidquam

2371 1108 2446 1173 de
2487 1107 2890 1183 anathemate,
2938 1113 3007 1174 ut
3047 1112 3370 1173 avertatur
3411 1105 3640 1172 Iehova
3675 1105 3753 1170 ab
3787 1107 3891 1171 ira
3922 1107 4169 1187 furoris
4215 1108 4322 1173 sui

2371 1199 2430 1259 et
2481 1195 2584 1260 det
2635 1192 2752 1260 tibi
2815 1194 3284 1260 misericordias
3299 1245 3314 1272 ,
3379 1194 3868 1273 misereaturque
3929 1193 4058 1271 tui,
4125 1211 4199 1257 ac
4262 1198 4320 1257 te

2369 1279 2737 1362 multiplicet
2779 1280 3299 1362 quemadmodum
3341 1279 3580 1345 iuravit
3610 1279 3907 1360 patribus
3947 1279 4093 1343 tuis.

2546 1452 2647 1519 12.
2698 1451 2776 1519 Si
2816 1453 3103 1518 audieris
3145 1451 3220 1517 de
3262 1471 3411 1515 una.
3459 1448 3537 1515 Si
3574 1448 3770 1514 latius
3808 1448 4178 1513 dominetur
4200 1448 4320 1513 im-

2371 1539 2579 1623 pietas
2622 1559 2697 1603 ac
2742 1538 3046 1616 defectio,
3103 1537 3492 1621 pronunciat
3549 1535 3768 1600 Moses
3823 1536 4038 1618 potius
4096 1534 4316 1599 delen-

2370 1623 2489 1690 das
2532 1646 2675 1691 esse
2718 1634 2889 1690 totas
2934 1625 3132 1690 urbes
3176 1645 3325 1689 cum
3371 1622 3507 1687 suis
3552 1619 3783 1686 incolis
3826 1641 4021 1702 quam
4057 1629 4134 1685 ut
4169 1628 4316 1686 tan-

2369 1720 2511 1776 tum
2560 1712 2808 1776 crimen
2854 1718 3122 1776 maneat
3163 1709 3581 1792 impunitum.
3627 1705 3823 1773 Unde
3865 1706 4098 1771 melius
4141 1706 4317 1772 colli-

2370 1798 2587 1881 gimus
2631 1819 2826 1881 quam
2872 1798 3133 1880 impura
3174 1796 3260 1860 sit
3305 1815 3534 1860 eorum
3577 1791 3886 1857 mollities
3921 1794 4033 1875 qui
4074 1813 4317 1874 poenas

2369 1885 2540 1950 sumi
2587 1894 2817 1949 vetant
2876 1884 2956 1948 de
3020 1882 3263 1947 violato
3311 1882 3431 1945 Dei
3492 1879 3693 1946 cultu.
3784 1877 3859 1944 Si
3915 1898 4043 1962 qua
4085 1878 4317 1944 seditio

2370 1982 2512 2035 orta
2554 1971 2753 2036 fuerit
2793 1971 2861 2035 in
2909 1969 3203 2034 exercitu
3245 1968 3464 2050 aliquo
3511 1965 3617 2032 vel
3661 1963 3915 2049 popule,
3983 1977 4049 2029 et
4092 1973 4318 2029 conta-

2369 2057 2478 2139 gio
2543 2056 2623 2120 ad
2692 2064 2893 2121 totam
2940 2052 3435 2120 multitudinem
3480 2051 3881 2135 pervenerit,
3940 2071 4073 2114 non
4139 2050 4316 2115 ultra

2368 2140 2675 2225 progredi
2741 2142 2904 2207 solet
2969 2141 3159 2222 aequi
3226 2148 3293 2204 et
3357 2138 3677 2203 moderati
3745 2136 3926 2201 ducis
4000 2138 4315 2202 severitas

2366 2250 2563 2311 quam
2599 2237 2677 2294 ut
2718 2228 2798 2293 de
2843 2227 3209 2312 praecipuis
3251 2222 3592 2290 autoribus
3634 2222 4027 2306 supplicium
4065 2230 4313 2287 sumat:

2367 2336 2570 2398 quum
2635 2337 2790 2393 ergo
2844 2315 2987 2379 sine
3040 2312 3426 2395 exceptione
3494 2330 3721 2375 omnes
3785 2309 3965 2373 iubet
4021 2307 4207 2374 Deus
4278 2330 4315 2372 e

2367 2398 2584 2466 medio
2629 2400 2789 2479 tolli,
2848 2399 3004 2465 hinc
3049 2408 3323 2482 apparet
3366 2406 3614 2479 quanta
3658 2397 3744 2459 sit
3786 2393 4081 2459 criminis
4138 2403 4313 2459 atro·

2363 2488 2549 2556 citas.
2660 2485 2854 2552 Unde
2925 2487 3116 2550 etiam
3187 2504 3569 2561 monemur,
3636 2481 3876 2563 frigere
3940 2479 4114 2562 apud
4193 2501 4313 2545 nos

2367 2573 2614 2656 gloriae
2658 2572 2791 2638 Dei
2834 2571 3161 2648 studium,
3217 2571 3340 2635 nisi
3402 2568 3604 2651 pluris
3650 2566 3736 2633 sit
3781 2566 3966 2631 nobis
4012 2587 4166 2630 vera
4209 2586 4311 2631 re-

2366 2660 2522 2743 ligio
2569 2680 2760 2743 quam
2804 2660 2982 2724 salus
3025 2656 3223 2722 unius
3268 2654 3450 2721 urbis
3509 2663 3626 2719 aut
3676 2652 3916 2736 populi.
4007 2649 4200 2733 Quod
4254 2651 4314 2717 si

2367 2746 2702 2811 turmatim
2785 2745 2868 2810 ad
2946 2754 3220 2808 mortem
3302 2739 3611 2805 trahendi
3690 2748 3845 2802 sunt
3909 2737 4102 2803 simul
4178 2749 4311 2802 tam

2366 2831 2593 2908 multi,
2651 2831 2800 2914 plus
2858 2851 3056 2913 quam
3117 2825 3525 2893 detestabilis
3583 2835 3683 2890 est
3751 2823 4188 2906 impudentia,
4246 2832 4312 2888 et

2366 2915 2812 2983 misericordia
2849 2914 3147 2993 crudelis,
3196 2921 3271 2979 ut
3292 2913 3404 2978 uni
3430 2912 3677 2976 homini
3701 2920 4026 2992 parcatur,
4065 2909 4310 2974 laesam

2366 3004 2493 3070 Dei
2539 3003 2946 3067 maiestatem
2994 3021 3108 3085 pro
3155 2998 3361 3063 nihilo
3398 2996 3651 3061 ducere.
3732 2996 3821 3060 Et
3858 3015 4016 3060 sane
4048 2993 4310 3079 quando

2366 3112 2577 3174 neque
2624 3093 2691 3154 in
2715 3089 2921 3154 alium
2946 3089 3144 3153 finem
3175 3107 3402 3151 sumus
3426 3083 3644 3163 creati,
3690 3105 3809 3148 nec
3845 3082 3974 3147 alia
4010 3081 4088 3147 de
4112 3102 4310 3148 causa

2366 3178 2648 3242 vivimus
2707 3175 2837 3240 nisi
2894 3183 2971 3239 ut
3015 3171 3198 3238 Deus
3259 3171 3663 3255 glorificetur
3704 3168 3774 3232 in
3823 3167 4042 3247 nobis,
4098 3176 4307 3232 totum

2364 3262 2687 3327 mundum
2728 3261 2944 3344 perire
2988 3259 3196 3325 satius
3233 3267 3333 3322 est
3367 3276 3564 3337 quam
3605 3254 3905 3319 homines
3941 3263 4154 3318 terrae
4190 3253 4306 3318 ali·

2364 3349 2605 3414 mentis
2662 3348 2827 3427 frui,
2884 3355 2961 3412 ut
3018 3366 3162 3409 eam
3216 3342 3575 3425 sacrilegiis
3640 3341 3777 3407 suis
3842 3340 4306 3405 contaminent.

2361 3434 2463 3500 Ac
2505 3435 2559 3500 si
2605 3434 2742 3498 zelo
2786 3435 3181 3516 flagrassent
3215 3430 3325 3512 qui
3350 3427 3541 3492 initio
3563 3426 3836 3510 professi
3870 3435 4025 3491 sunt
4056 3425 4309 3491 Christi

2361 3542 2621 3601 nomen,
2670 3542 2800 3584 non
2848 3527 2942 3583 tot
2991 3515 3385 3600 corruptelis
3419 3514 3652 3580 obruta
3696 3524 3763 3577 et
3803 3511 3938 3576 fere
3981 3512 4310 3576 exstincta

2360 3617 2533 3673 esset
2601 3625 2756 3671 vera
2821 3604 3051 3688 pietas.
3155 3597 3435 3683 Semper
3502 3608 3719 3664 autem
3787 3596 4142 3662 tenendum
4209 3606 4311 3662 est

2359 3690 2532 3776 quod
2600 3704 2752 3757 ante
2819 3690 2985 3755 dixi:
3064 3688 3187 3754 hoc
3255 3688 3470 3769 rigore
3548 3707 3676 3749 non
3743 3683 3934 3749 aliter
3992 3682 4311 3747 utendum

2360 3780 2487 3844 nisi
2534 3777 2687 3843 dum
2734 3775 3171 3860 pessundatur
3215 3771 3472 3856 religi0,
3543 3792 3673 3835 non
3730 3777 3989 3835 tantum
4049 3767 4311 3853 publica

2361 3863 2715 3930 autoritate
2761 3871 2827 3927 et
2871 3862 3162 3926 omnium
3208 3857 3542 3943 suffragiis
3586 3865 3878 3939 recepta,
3944 3855 4061 3920 sed
4106 3854 4309 3920 solide

2359 3950 2670 4036 probata:
2717 3958 2792 4014 ut
2834 3957 3012 4014 certo
3056 3953 3309 4012 constet
3351 3965 3469 4009 nos
3506 3964 3647 4008 esse
3671 3942 3798 4008 Dei
3832 3940 4128 4007 vindices
4163 3962 4310 4007 con-

2360 4048 2465 4102 tra
2506 4035 2763 4119 impios

2537 4121 2636 4186 13.
2683 4119 2949 4204 Eyressi
2988 4123 3137 4184 sunt
3174 4116 3301 4192 filii
3344 4114 3579 4180 Belial.
3626 4113 3825 4180 Ponit
3863 4113 4101 4190 Moses,
4136 4109 4306 4194 quod

2359 4207 2652 4275 accidere
2689 4217 2762 4270 ut
2799 4204 3160 4289 plurimum
3196 4201 3380 4268 solet.
3448 4200 3599 4265 Non
3634 4201 3811 4265 enim
3847 4219 4076 4264 omnes
4109 4196 4308 4263 simul

2360 4317 2494 4361 uno
2537 4305 2866 4358 momento
2908 4290 2988 4355 ad
3019 4292 3423 4373 impietatem
3462 4293 3917 4372 prorumpunt,
3965 4283 4079 4349 sed
4113 4303 4306 4367 quos-

2361 4380 2511 4445 dam
2581 4378 2897 4445 subornat
2966 4375 3169 4443 Satan
3229 4375 3341 4458 qui
3400 4373 3545 4440 aliis
3601 4371 3952 4437 incitandis
4009 4370 4146 4435 sint
4186 4370 4307 4434 fla-

2358 4466 2547 4532 bella.
2660 4464 2908 4529 Eorum
2977 4463 3396 4544 instigatione
3463 4458 3653 4524 turba
3719 4456 3800 4522 ad
3874 4457 4305 4522 imitationem

2356 4551 2662 4618 trahitur.
2752 4548 2943 4613 Tales
2991 4558 3178 4614 vocat
3223 4547 3442 4611 Moses
3487 4545 3654 4609 filios
3698 4543 3929 4622 Belial,
3975 4565 4106 4626 qua.
4148 4562 4307 4607 voce

2359 4631 2623 4721 q'uidam
2668 4634 2887 4700 notari
2934 4642 3167 4716 putant
3225 4631 3620 4713 praefractos
3677 4630 4007 4710 homines,
4068 4637 4134 4693 et
4192 4649 4305 4692 ex-

2355 4734 2616 4807 ponunt
2658 4721 2929 4802 Absque
2973 4720 3144 4803 iugc.
3222 4717 3492 4782 Rectius
3538 4725 3759 4780 tamen
3808 4715 4114 4780 videntur
4157 4734 4305 4779 sen·

2357 4811 2486 4875 tire
2553 4809 2666 4892 qui
2732 4808 3247 4889 interpretantur
3309 4801 3606 4867 homines
3650 4802 3874 4879 nihili,
3943 4804 4013 4866 in
4072 4799 4306 4884 quibus

2357 4895 2529 4960 nihil
2565 4894 2843 4980 probum
2881 4891 3224 4975 reperitur,
3272 4887 3373 4954 vel
3410 4886 3602 4952 laude
3640 4888 3942 4972 dignum:
3989 4895 4057 4952 et
4091 4897 4306 4952 trane-

2357 4981 2588 5047 ferunt
2631 4977 2713 5045 ad
2759 4977 3052 5057 verbum,
3095 4999 3204 5042 eos
3249 4976 3358 5057 qui
3400 4996 3530 5039 non
3576 4973 3958 5041 ascendunt.
4046 4970 4305 5052 Ubique

2358 5067 2677 5150 accipitur
2719 5063 2881 5130 haec
2921 5062 3118 5128 dictio
3163 5083 3283 5163 pro
3328 5060 3680 5138 sceleratis,
3726 5058 4035 5142 improbis
4079 5067 4147 5122 et
4192 5077 4302 5119 ne-

2360 5174 2576 5237 quam.
2679 5149 2836 5215 Ideo
2912 5157 2976 5214 et
3039 5149 3255 5214 Belial
3310 5146 3557 5212 Paulus
3617 5147 3887 5212 Christo
3950 5163 4302 5226 epponem,

2359 5238 2663 5320 designat
2709 5235 3021 5303 Satanam
3069 5235 3417 5318 impiorum
3464 5232 3757 5297 omnium
3803 5242 3996 5313 caput
4038 5227 4123 5316 (2.
4152 5229 4301 5294 Cor.

2360 5326 2419 5406 6,
2460 5323 2586 5411 15).
2679 5322 2998 5407 Egressos
3042 5320 3199 5386 dicit
3242 5317 3411 5405 quod
3457 5319 3598 5382 ausi
3643 5317 3886 5382 fuerint
3927 5315 4191 5398 prodire
4232 5314 4303 5378 in

2360 5409 2670 5488 medium,
2716 5418 2783 5474 et
2824 5427 3009 5474 suam
3054 5407 3462 5491 impietatem
3518 5404 3735 5487 palam
3795 5402 4045 5468 efferre.
4135 5403 4302 5468 Cae·
