4867 6150
583 417 712 484 527

586 627 732 672 esse
798 613 1057 688 oportet
1118 605 1292 671 inter
1360 614 1703 670 externam
1769 603 2021 687 gratiae
2093 609 2537 685 repraesenta-

587 693 832 758 tionem
876 709 1042 774 quae
1083 691 1203 756 sub
1247 690 1391 775 lege
1442 690 1599 770 fuit,
1641 698 1711 754 et
1765 688 2176 773 spiritualem
2228 688 2533 753 effectum

587 798 780 861 quem
840 775 1063 842 attulit
1113 774 1449 855 Christus,
1505 777 1723 860 palam
1791 781 2062 860 apparet
2115 796 2246 839 non
2316 773 2534 839 minus

588 864 782 930 hodie
848 862 1095 928 remitti
1160 861 1348 927 nobis
1411 873 1676 945 peccata
1739 881 1934 943 quam
2001 861 2211 927 veteri
2273 858 2530 943 populo.

589 951 681 1015 Et
722 949 845 1015 hoc
888 946 1182 1032 symbolo
1224 947 1708 1013 commonefieri
1753 947 2009 1027 fideles,
2053 966 2137 1011 ne
2181 944 2262 1010 de
2305 965 2533 1010 recon-

590 1035 918 1102 ciliatione
983 1033 1364 1118 desperent,
1433 1033 1586 1098 dum
1652 1032 1776 1099 sibi
1841 1031 2192 1118 displicent
2259 1032 2328 1095 in
2394 1030 2533 1096 suis

590 1122 804 1192 vitiis:
868 1120 1032 1204 quin
1095 1121 1313 1203 potius
1367 1118 1690 1203 intrepide
1754 1119 2014 1184 veniam
2080 1124 2400 1202 quaerant
2464 1117 2533 1191 in

586 1214 904 1292 perpetuo
938 1204 1270 1284 sacrificio,
1307 1203 1477 1287 quod
1512 1204 1770 1272 assidue
1804 1205 1929 1287 piis
1964 1202 2267 1270 omnibus
2311 1201 2533 1268 Deum

588 1292 918 1378 propitiat.
1008 1290 1100 1355 Et
1140 1299 1316 1356 certe
1359 1311 1560 1374 quum
1608 1290 2005 1374 poenitentia
2048 1301 2114 1355 et
2146 1288 2312 1354 fides
2354 1295 2535 1354 certa

589 1380 723 1446 sint
766 1378 1022 1463 paterni
1082 1377 1208 1442 Dei
1259 1377 1506 1443 favoris
1565 1378 1834 1461 pignora
1852 1428 1867 1455 ,
1926 1375 2069 1440 fieri
2130 1396 2263 1440 non
2320 1381 2534 1459 potest

591 1466 747 1549 quin
790 1463 1038 1546 recepti
1080 1464 1211 1528 sint
1257 1464 1325 1527 in
1370 1461 1495 1529 Dei
1532 1463 1809 1547 gratiam
1825 1515 1840 1542 ‚
1887 1463 1996 1545 qui
2043 1468 2313 1544 utroque
2363 1460 2533 1525 dono

587 1548 870 1635 praediti
935 1557 1109 1615 sunt.
1232 1547 1424 1614 Adde
1506 1548 1680 1633 quod
1748 1548 2043 1614 remissio
2122 1555 2532 1630 peccatorum

591 1634 1087 1702 inaestimabilis
1130 1641 1230 1700 est
1273 1634 1619 1700 thesaurus
1663 1655 1857 1717 quem
1910 1636 2092 1699 Deus
2133 1634 2207 1697 in
2259 1630 2534 1698 ecclesia

591 1744 714 1788 sua
736 1721 1052 1804 deposuit,
1098 1728 1174 1785 ut
1206 1729 1377 1787 esset
1400 1720 1725 1804 peculiare
1744 1720 1899 1786 filiis
1938 1719 2077 1784 suis
2115 1718 2529 1784 beneficium:

591 1808 786 1874 sicuti
829 1807 1122 1872 continet
1170 1805 1323 1872 fidei
1367 1805 1713 1872 confessio:
1770 1803 1983 1872 Credo
2039 1803 2374 1871 ecclesiam
2431 1823 2534 1869 ca-

591 1894 921 1971 tholicam,
966 1892 1409 1959 remissionem
1457 1901 1882 1975 peccatorum.
1971 1891 2031 1957 N
2035 1911 2109 1956 ec
2145 1911 2297 1955 vero
2341 1888 2536 1954 aliter

591 1988 921 2047 constaret
963 1978 1134 2062 quod
1180 1976 1261 2043 de
1303 1977 1628 2061 legatione
1661 1977 1785 2044 sibi
1819 1975 2165 2044 commissa
2197 1974 2535 2060 praedicat

593 2066 840 2132 Paulus
881 2063 969 2151 (2.
1017 2062 1169 2130 Gor.
1205 2062 1265 2130 5.
1312 2063 1442 2151 20),
1487 2063 1614 2131 nisi
1656 2063 1873 2129 Deum
1909 2060 2196 2145 quotidie
2227 2060 2534 2127 fidelibus

590 2152 877 2237 placaret
935 2150 1184 2216 Christi
1238 2149 1615 2217 satisfactio.
1703 2149 1846 2215 Iam
1900 2149 2011 2214 hic
2067 2169 2196 2213 non
2257 2146 2337 2212 de
2397 2145 2534 2211 levi

592 2236 883 2322 quolibet
926 2234 1160 2302 delicto
1210 2237 1459 2321 agitur,
1495 2234 1608 2302 sed
1646 2234 1726 2300 de
1782 2235 1997 2301 malae
2049 2232 2202 2299 fidei
2259 2232 2534 2297 crimine

593 2325 767 2409 quod
810 2321 1079 2407 periurii
1124 2324 1489 2389 accessione
1533 2321 1932 2405 duplicatum
1978 2319 2194 2385 fuerit.
2247 2316 2536 2384 Perfidia

594 2410 889 2493 quidem,
935 2416 1053 2473 aut
1096 2406 1317 2486 dolus,
1362 2415 1482 2473 aut
1516 2407 1859 2486 violentia,
1904 2407 2113 2490 primo
2155 2404 2535 2469 referuntur

595 2497 679 2560 ad
723 2492 1080 2560 notandam
1112 2492 1340 2578 culpae
1378 2495 1801 2577 gravitatem:
1861 2490 1976 2557 sed
2016 2490 2340 2575 piaculum
2398 2499 2532 2555 sta-

597 2582 806 2646 tuitur
868 2579 1131 2663 proprie
1196 2579 1263 2643 in
1327 2579 1774 2662 profanatione
1836 2577 2123 2643 nominis
2185 2576 2342 2655 Dei,
2421 2574 2532 2640 ubi

596 2666 839 2732 iniuria
874 2665 1124 2733 homini
1159 2664 1330 2731 facta
1361 2664 1526 2731 falso
1565 2662 1983 2730 iureiurando
2018 2662 2281 2761 tegitur.
2327 2660 2535 2743 Quid-

639 2752 751 2818 uid
800 2751 921 2829 sit,
979 2749 1063 2815 ad
1118 2748 1472 2834 petendam
1527 2751 1788 2816 veniam
1855 2746 2256 2826 admittitur,
2300 2747 2411 2830 qui
2469 2755 2534 2811 et

594 2774 865 2904 grauem
912 2857 1102 2903 suum
1143 2837 1387 2901 iniuste
1428 2835 1689 2914 fefellit,
1736 2842 1805 2901 et
1852 2835 1979 2900 Dei
2024 2835 2290 2899 nomine
2332 2832 2533 2917 impie

595 2922 839 2990 abusus
909 2930 1027 2988 est.
1149 2921 1341 2988 Unde
1410 2930 1679 3005 apparet
1754 2921 2012 2988 miseris
2087 2918 2534 3003 peccatoribus

594 3011 813 3077 Deum
855 3027 1152 3093 parcere:
1198 3009 1501 3091 quamvis
1546 3028 1617 3074 se
1661 3008 1837 3074 mala
1880 3006 2007 3073 fide
2042 3006 2532 3073 contaminave-

594 3097 750 3177 rint,
783 3102 850 3161 et
885 3097 1132 3162 crimen
1167 3093 1477 3178 perfidiae
1500 3094 1569 3159 in
1608 3094 1904 3160 homines
1940 3093 2299 3158 admissum
2334 3092 2530 3158 sacri-

593 3182 765 3267 legio
814 3182 1152 3259 auxerint,
1211 3180 1369 3246 dum
1436 3179 1783 3264 peierando
1849 3179 2118 3245 fuerunt
2180 3179 2249 3243 in
2314 3178 2534 3244 Deum

591 3266 1063 3335 contumeliosi.
1150 3265 1296 3332 Etsi
1339 3274 1559 3332 autem
1615 3266 1876 3332 nonnisi
1933 3264 2147 3330 octavi
2201 3262 2535 3348 praecepti

595 3354 1150 3437 transgressiones
1226 3360 1693 3418 commemorat
1768 3352 2014 3430 Moses,
2104 3370 2223 3433 per
2300 3370 2533 3435 synec-

597 3439 849 3505 dochen
894 3451 1114 3503 tamen
1158 3457 1277 3503 suo
1320 3459 1501 3503 more
1545 3436 1733 3503 dccet
1772 3437 1926 3520 quid
1967 3438 2037 3501 in
2087 3435 2234 3502 aliis
2282 3455 2536 3520 quoque

595 3524 851 3590 delictis
894 3522 1219 3608 agendum
1256 3522 1359 3588 sit.
1429 3521 1505 3590 Si
1540 3523 1700 3607 quid
1743 3543 1900 3607 ergo
1944 3532 2060 3588 aut
2105 3522 2175 3588 vi
2219 3530 2536 3605 ereptum,

597 3621 709 3676 aut
750 3607 981 3675 fraude
1024 3607 1311 3675 ablatum
1351 3609 1452 3690 sit,
1494 3619 1562 3675 et
1601 3609 1796 3676 simul
1830 3609 2275 3675 intercesserit
2317 3607 2536 3692 periu-

595 3698 801 3762 rium:
845 3694 1028 3761 iubet
1068 3715 1197 3760 non
1243 3703 1503 3760 tantum
1546 3695 1846 3778 proximo
1888 3696 1999 3779 qui
2057 3693 2393 3760 fraudatus
2437 3699 2538 3760 est

596 3781 922 3862 satisfieri,
957 3780 1074 3847 sed
1105 3781 1387 3864 pretium
1419 3802 1674 3866 quoque
1708 3780 2089 3866 'placationis
2120 3781 2340 3846 offerri
2372 3780 2534 3845 Deo.

596 3867 797 3933 Ratio
853 3868 1052 3933 etiam
1110 3867 1529 3951 exprimitur,
1587 3867 1743 3950 quia
1798 3887 1929 3932 non
1986 3876 2250 3932 tantum
2319 3866 2538 3931 laesus

597 3965 698 4020 est
737 3945 1030 4018 mortalis
1084 3953 1312 4032 home,
1357 3953 1469 4017 sed
1524 3951 1709 4019 Deus
1765 3973 2020 4036 quoque
2074 3952 2385 4031 offensus,
2428 3951 2540 4034 qui

595 4040 743 4105 vult
788 4041 1088 4105 homines
1143 4038 1319 4103 inter
1374 4059 1444 4104 se
1498 4041 1670 4105 iuste
1712 4049 1780 4105 et
1834 4049 2215 4104 reverenter
2256 4037 2535 4105 versari:

593 4125 897 4192 cumulus
934 4123 1169 4190 deinde
1211 4124 1438 4190 sceleri
1485 4125 1743 4191 additus
1788 4133 1905 4204 est,
1943 4123 2245 4190 violando
2279 4144 2539 4190 sacrum

599 4212 727 4277 Dei
792 4232 1052 4277 nomen.
1140 4210 1290 4275 Non
1358 4210 1647 4296 exigitur
1715 4209 1978 4294 quidem
2044 4210 2434 4277 sacrificium
2501 4230 2538 4273 a

596 4299 767 4377 fure,
827 4296 938 4362 vel
992 4304 1253 4380 raptore
1271 4347 1285 4374 ,
1330 4296 1435 4362 vel
1478 4296 1754 4379 depositi
1809 4296 2200 4380 abnegatore
2218 4346 2235 4374 ,
2279 4295 2385 4362 vel
2426 4295 2539 4378 qui

597 4403 736 4448 rem
774 4381 1093 4465 perditam
1141 4383 1473 4459 averterit,
1520 4382 1649 4448 nisi
1694 4383 2149 4464 peieraverint.
2236 4380 2539 4448 Pondere

595 4480 818 4533 tamen
883 4488 1013 4533 non
1073 4477 1295 4534 carent
1337 4467 1543 4534 Mosis
1600 4468 1826 4534 verba:
1888 4467 1966 4534 Si
2028 4469 2174 4551 quis
2241 4489 2321 4533 ne
2369 4467 2540 4532 ando

599 4553 985 4637 depositum,
1030 4552 1136 4619 vel
1180 4553 1481 4634 furando,
1528 4553 1634 4618 vel
1680 4552 2010 4637 rapiendo,
2055 4560 2285 4619 contra
2388 4574 2540 4618 eum

596 4640 990 4724 peccaverit:
1034 4638 1267 4722 quibus
1311 4640 1666 4725 significat,
1711 4640 1962 4723 quoties
2004 4639 2286 4705 infertur
2329 4639 2539 4704 homi-

596 4725 791 4791 nibus
832 4725 1092 4804 iniuria,
1137 4726 1201 4789 in
1241 4746 1465 4791 eorum
1510 4745 1792 4808 persona
1826 4726 2040 4791 Deum
2076 4724 2351 4791 offendi:
2388 4724 2542 4809 quia

598 4812 814 4877 omnis
846 4810 1012 4895 legis
1047 4812 1480 4895 transgressio
1515 4812 1834 4878 iustitiam
1872 4812 2010 4877 eius
2048 4811 2249 4876 violat
2284 4830 2359 4876 ac
2393 4832 2538 4895 per-

598 4897 821 4963 vertit.
879 4897 983 4961 De
1020 4897 1430 4963 restitutione
1465 4898 1621 4962 furti
1659 4898 1761 4964 vel
1799 4898 2064 4981 rapinae
2096 4897 2249 4964 alibi
2287 4897 2542 4981 plenius

598 4982 1001 5060 videbimus,
1074 4983 1458 5066 praesertim
1516 4984 1628 5049 ubi
1696 4984 1841 5067 quis
1912 4983 2114 5048 fuerit
2178 4983 2538 5050 convictus.

598 5069 746 5135 Hoc
803 5090 1009 5134 unum
1066 5068 1326 5151 proprie
1385 5067 1466 5133 ad
1523 5079 1933 5152 praesentem
1974 5069 2201 5136 'locum
2258 5076 2542 5153 spectat:

599 5155 895 5239 quisquis
938 5155 1123 5220 fratri
1169 5174 1287 5219 suo
1324 5161 1515 5220 nocet
1550 5156 1651 5220 vel
1688 5156 2001 5221 damnum
2040 5156 2248 5234 affert,
2283 5156 2539 5239 culpam

599 5242 708 5306 vel
756 5249 1006 5307 reatum
1052 5240 1437 5307 contrahere
1479 5261 1695 5306 coram
1740 5242 1908 5306 Deo:
1955 5242 2013 5306 si
2054 5262 2212 5308 vero
2269 5242 2339 5305 in
2397 5262 2543 5306 eam

601 5326 1100 5393 obstinationem
1165 5336 1580 5411 prorumpat,
1648 5337 1722 5391 ut
1787 5347 2043 5392 sacrum
2112 5327 2239 5392 Dei
2306 5348 2544 5393 nomen

1982 413 2495 483 SECUNDUM
2538 412 3183 483 PRAEOEPTUM.

4435 418 4536 487 528

2638 602 2802 668 falso
2859 603 2941 669 ad
2999 603 3352 688 tegendum
3411 603 3804 670 maleficium
3860 604 4246 689 praetendat
4269 656 4283 683 ,
4337 605 4540 691 duplici

2640 689 2882 755 scelere
2939 689 3404 755 contaminari:
3462 690 3684 772 itaque
3740 711 3872 756 non
3931 690 4232 757 sufficere
4292 693 4542 763 iacturas

2638 775 3255 857 compensationem,
3303 775 3431 842 nisi
3476 773 3619 840 Deo
3664 776 3858 841 simul
3902 776 4148 842 litetur.
4222 776 4416 844 Porro
4451 802 4543 848 cos

2637 860 2929 945 intellige
2978 861 3091 944 qui
3147 883 3187 925 a
3243 870 3423 926 metu
3480 882 3726 944 poenae
3784 862 3886 927 ela
3932 863 4021 943 si,
4078 876 4308 946 sponte
4355 874 4547 933 tamen

2638 946 3047 1030 resipiscunt.
3115 945 3310 1028 Quod
3345 948 3737 1031 interpretes
3772 947 3886 1031 qui
3932 969 4039 1013 am
4082 949 4374 1032 copulam
4411 953 4549 1019 acci-

2638 1031 2830 1116 piunt
2887 1032 3026 1099 loco
3083 1031 3550 1112 disiunctivae,
3597 1042 3664 1097 et
3729 1033 4089 1117 periurium
4152 1034 4378 1100 volunt
4427 1057 4549 1105 esse

2640 1119 2828 1201 quasi
2889 1119 3169 1202 speciem
3224 1137 3423 1184 unam
3482 1140 3564 1184 ex
3618 1119 3878 1198 multis,
3936 1126 4245 1204 tanquam
4297 1121 4550 1189 alienum

2639 1224 2679 1269 a
2722 1204 2928 1270 Mosis
2972 1225 3168 1271 sensu
3211 1203 3503 1288 repudio.
3591 1203 3707 1270 Sic
3750 1215 4095 1288 exponunt
4135 1206 4267 1271 illi:
4311 1205 4385 1273 Si
4427 1211 4553 1292 quis

2637 1290 2933 1372 rapuerit
2993 1289 3093 1356 vel
3148 1290 3403 1355 furatus
3460 1290 3576 1369 sit,
3634 1289 3746 1356 vel
3808 1291 3969 1357 falso
4025 1291 4348 1357 iuraverit
4384 1293 4458 1359 de
4492 1315 4553 1361 rs

2638 1396 2757 1460 per
2792 1397 2862 1441 se
2893 1375 3091 1442 licita.
3133 1376 3339 1459 Atqui
3374 1396 3504 1441 non
3542 1375 3730 1441 video
3766 1397 3885 1443 cur
3919 1377 4013 1442 ita
4055 1378 4346 1461 torqueri
4378 1380 4556 1447 verba

2638 1461 2940 1527 debeant:
2980 1461 3217 1527 deinde
3251 1460 3573 1527 refellitur
3607 1483 3829 1527 eorum
3866 1482 4051 1528 error
4083 1464 4224 1547 ipso
4252 1472 4555 1547 contextu,

2637 1549 2748 1614 ubi
2792 1569 2943 1613 cum
2986 1547 3304 1614 sacrificio
3337 1547 3757 1632 coniungitur
3804 1548 4167 1616 restitutio:
4224 1549 4393 1634 quod
4445 1572 4557 1618 non

2636 1642 2843 1699 staret
2880 1632 3011 1699 nisi
3044 1652 3190 1698 cum
3233 1631 3461 1698 fraude
3503 1646 3618 1698 aut
3652 1633 3966 1700 violentia
3997 1635 4246 1718 pariter
4277 1638 4559 1704 coniunc-

2637 1727 2779 1784 tum
2844 1729 3017 1785 esset
3080 1719 3458 1803 periurium.
3551 1717 3609 1784 N
3615 1739 3688 1785 ec
3751 1741 3862 1786 eos
3928 1720 4118 1786 iuvat
4185 1722 4559 1789 disiunctiva

2637 1826 2804 1888 quae
2845 1814 3071 1889 postea
3113 1804 3428 1888 sequitur.
3516 1805 3875 1889 Postquam
3920 1807 4097 1871 enim
4142 1810 4401 1874 restitui
4441 1811 4558 1875 ius·

2637 1890 2727 1957 sit
2762 1890 2934 1974 quod
2968 1891 3039 1957 vi
3075 1900 3190 1956 aut
3223 1889 3371 1955 dolo
3407 1889 3692 1956 ablatum
3725 1898 3886 1971 erat,
3921 1892 4074 1976 quia
4109 1892 4415 1961 distincte
4446 1916 4561 1961 non

2634 1986 2942 2061 poterant
2984 1976 3262 2060 exprimi
3306 1976 3606 2060 singulae
3646 1977 3925 2061 species,
3978 1977 4277 2044 additur:
4327 1984 4455 2046 Aut
4493 1981 4561 2047 de

2639 2063 2876 2147 quibus
2919 2062 3084 2128 falso
3125 2062 3471 2127 iuraverit:
3529 2084 3661 2128 non
3721 2063 3907 2147 quasi
3969 2065 4038 2129 in
4099 2064 4246 2131 aliis
4306 2067 4560 2150 negotiis

2637 2155 2971 2217 contracta
3032 2149 3229 2213 fuerit
3280 2146 3476 2231 culpa
3532 2168 3617 2213 ex
3672 2149 3959 2232 periurio
3975 2200 3991 2228 ,
4057 2149 4174 2216 sed
4227 2160 4307 2217 ut
4358 2171 4563 2218 omnes

2637 2233 3118 2318 tergiversandi
3160 2252 3354 2298 ansas
3395 2233 3830 2317 praecideret:
3876 2234 4041 2318 quod
4091 2236 4292 2302 etiam
4348 2239 4561 2304 confir-

2637 2329 2777 2386 mat
2810 2320 3143 2404 repetitio:
3185 2319 3298 2385 ubi
3333 2320 3509 2385 enim
3544 2319 3936 2404 interposuit
3969 2320 4120 2388 falsi
4152 2322 4564 2389 iurisiurandi

2637 2407 2906 2485 crimen,
2953 2407 3194 2471 iterum
3229 2405 3416 2488 quasi
3460 2405 3698 2472 clarius
3732 2406 4068 2490 explicans
4101 2406 4276 2490 quod
4313 2407 4563 2488 dixerat,

2635 2493 2818 2560 iubet
2858 2512 3184 2558 summam
3229 2491 3573 2556 restituere
3620 2513 3771 2559 cum
3828 2492 4057 2576 quinta
4112 2502 4321 2577 parte.
4406 2493 4566 2576 Quid

2638 2588 2856 2645 autem
2900 2576 3173 2643 reddere
3213 2575 3397 2643 iubet
3438 2576 3569 2642 nisi
3607 2577 3779 2661 quod
3820 2579 4095 2644 iurando
4128 2587 4566 2664 suppresserat

2637 2661 3025 2731 ftaudator?
3113 2660 3320 2728 Cuius
3361 2663 3459 2727 rei
3501 2664 3570 2728 in
3613 2671 3840 2731 octavo
3882 2676 4233 2749 praecepto
4291 2666 4564 2733 luculen-

2637 2752 2767 2816 tior
2831 2748 3176 2833 explicatio
3256 2746 3608 2814 videbitur.
3696 2750 3927 2833 Itaque
4002 2750 4367 2819 satisfactio
4427 2772 4462 2817 e

2637 2837 2934 2903 homines
2977 2833 3377 2918 praecipitur
3433 2855 3569 2899 una
3621 2856 3771 2901 cum
3828 2837 4172 2903 oblatione.
4261 2837 4415 2904 Non
4463 2772 4565 2903 ξιξ

2636 2943 2709 2988 re
2744 2931 2960 2989 autem
2996 2919 3181 2985 iubet
3222 2917 3409 2984 Deus
3445 2919 3762 2986 damnum
3805 2921 4049 2988 sarcire
4082 2943 4214 3005 quo
4252 2924 4360 2989 die
4394 2923 4565 2989 offer-

2635 3016 2751 3075 tur
2784 3006 3192 3085 sacrificium,
3237 3026 3325 3069 ne
3365 3004 3489 3071 sibi
3531 3006 3991 3090 impunitatem
4035 3010 4429 3093 promittant
4458 3008 4564 3095 hy·

2634 3096 2953 3180 pocritae,
3001 3092 3113 3158 ubi
3155 3113 3241 3157 ex
3285 3091 3500 3158 alieno
3543 3092 3734 3159 ditati
3775 3093 4039 3160 fuerint.
4127 3095 4411 3163 Licebat
4448 3095 4567 3180 qui·

2637 3182 2787 3248 dem
2833 3190 2986 3246 ante
3028 3176 3299 3243 reddere
3341 3177 3720 3245 hominibus
3756 3179 3926 3262 quod
3959 3201 4151 3246 suum
4189 3190 4356 3262 erat,
4391 3201 4565 3266 quam

2637 3266 2860 3333 Deum
2904 3265 3218 3332 sacrificio
3260 3263 3549 3348 placare:
3597 3264 3712 3330 sed
3754 3286 3889 3331 non
3946 3266 4090 3332 vult
4132 3265 4325 3334 Deus
4381 3267 4568 3334 altare

2638 3374 2830 3421 suum
2884 3350 3217 3434 inquinari
3232 3400 3249 3430 ,
3309 3350 3481 3433 quod
3544 3352 3734 3417 fieret
3789 3351 3847 3417 si
3907 3351 4207 3419 victimas
4273 3355 4568 3420 offerrent

2635 3440 2817 3506 fures
2878 3437 2979 3503 vel
3035 3434 3393 3519 praedones
3453 3457 3535 3502 ex
3593 3436 3827 3504 alieno.
3913 3437 4079 3503 Vult
4133 3460 4295 3525 ergo
4353 3459 4568 3506 manus

2638 3545 2868 3593 eorum
2920 3523 3032 3607 qui
3097 3523 3467 3588 sacrificant
3517 3544 3556 3588 a
3617 3523 3977 3607 pollutione
4040 3544 4184 3590 esse
4250 3534 4565 3611 purgatas.

2636 3613 2728 3678 Et
2770 3617 2946 3678 certe
2988 3609 3098 3692 qui
3142 3628 3226 3673 ex
3269 3607 3494 3691 spoliis
3535 3609 3776 3676 iniuste
3819 3609 4029 3694 partis
4070 3609 4410 3677 victimam
4444 3611 4569 3677 Deo

2639 3697 2952 3773 offerunt,
3013 3692 3490 3777 quodammodo
3542 3715 3692 3760 eum
3736 3694 4078 3779 implicant
4126 3697 4431 3764 criminis
4484 3715 4573 3763 so-

2639 3785 2891 3851 cietate.
2980 3782 3199 3863 Atque
3241 3778 3395 3845 hinc
3437 3779 3700 3846 elicitur
3742 3782 3924 3847 utilis
3968 3781 4300 3860 doctrina,
4346 3784 4576 3850 frustra

2639 3879 2937 3954 satagere
2979 3866 3355 3951 hypocritas
3399 3864 3479 3930 de
3535 3867 4012 3934 reconciliando
4055 3866 4178 3934 sibi
4238 3869 4419 3948 Deo,
4463 3867 4575 3933 nisi

2639 3955 2811 4021 bona
2853 3954 2981 4019 fide
3024 3951 3305 4018 reddant
3346 3951 3518 4033 quod
3561 3953 3800 4020 iniuste
3844 3954 4204 4037 rapuerint.
4324 3955 4578 4020 Interea

2639 4039 2930 4107 notanda
2972 4048 3073 4104 est
3107 4037 3436 4103 distinctio
3479 4038 3547 4104 in
3580 4039 3799 4104 verbis
3821 4040 4045 4116 Mosis,
4080 4040 4262 4107 inter
4300 4041 4578 4108 satisfac·

2642 4128 2888 4192 tionem
2939 4144 3099 4209 erga
3153 4123 3483 4204 homines,
3548 4133 3616 4189 et
3670 4124 4065 4191 oblationem
4132 4147 4255 4209 pro

2641 4233 2807 4296 quae
2865 4212 3083 4277 Deum
3140 4209 3482 4294 propitiat:
3541 4209 3694 4274 inde
3750 4212 3926 4277 enim
3989 4211 4366 4296 colligimus
4420 4208 4576 4296 quod

2639 4298 2797 4377 dixi,
2834 4317 2969 4361 non
3002 4296 3310 4379 consequi
3342 4296 3603 4362 veniam
3638 4297 3813 4379 apud
3840 4295 4055 4363 Deum
4090 4299 4320 4381 quiex
4351 4295 4579 4383 praeda

2640 4384 2992 4467 locupletes
3022 4402 3293 4447 manere
3326 4380 3586 4447 volunt:
3624 4391 3693 4449 et
3727 4394 3946 4449 tamen
3983 4405 4113 4449 non
4160 4384 4362 4451 aliter
4394 4402 4577 4467 quam

2640 4469 2955 4536 sacrificio
3026 4468 3245 4533 Deum
3320 4467 3584 4553 placari.
3695 4469 3916 4535 Huius
3988 4470 4319 4537 secundae
4384 4468 4578 4554 partis

2639 4555 2974 4623 luculenta
3013 4551 3310 4637 probatio
3355 4576 3441 4620 ex
3499 4563 3636 4620 tota
3689 4555 3838 4640 lege
3890 4555 4064 4622 sumi
4113 4563 4369 4640 potest,
4427 4574 4577 4640 quae

2640 4642 2908 4707 unicum
2967 4639 3425 4705 reconciliandi
3487 4640 3614 4705 Dei
3671 4642 3940 4708 modum
3998 4643 4423 4725 praescribit,
4474 4638 4575 4705 ubi

2640 4749 2710 4794 se
2753 4725 2975 4793 oblata
3018 4727 3283 4792 victima
3327 4728 3550 4811 expiat
3604 4739 3923 4810 peccator.
4013 4727 4207 4794 Unde
4266 4728 4577 4795 refellitur

2641 4812 3027 4879 diabolicum
3093 4813 3482 4895 figmentum
3548 4811 3627 4877 de
3691 4814 4269 4894 satisfactionibus,
4352 4812 4575 4899 quibus

2641 4921 2711 4966 se
2746 4918 2785 4962 a
2816 4897 3056 4965 iudicio
3100 4898 3226 4963 Dei
3268 4898 3498 4963 redimi
3529 4898 3977 4984 imaginantur
4019 4901 4336 4984 papistae.
4414 4898 4574 4964 Nam

2640 4984 2943 5069 quamvis
2976 4982 3163 5048 Deus
3204 4983 3466 5067 culpam
3510 4986 3855 5066 remiserit,
3901 5005 4151 5069 poenae
4186 4995 4410 5051 tamen
4446 5003 4572 5048 rea·

2641 5078 2784 5136 tum
2819 5089 3083 5134 manere
3126 5069 3384 5146 volunt,
3432 5069 3640 5137 donec
3674 5071 3959 5155 propriis
3991 5070 4302 5155 operibus
4337 5093 4408 5139 se
4442 5089 4572 5153 pec·

2641 5168 2820 5223 cator
2862 5155 3256 5221 liberaverit.
3344 5156 3428 5220 In
3472 5155 3648 5223 hunc
3693 5159 3890 5224 finem
3933 5158 4342 5224 fabricarunt
4388 5172 4570 5239 opera

2642 5241 3264 5325 supererogationis,
3322 5261 3487 5325 quae
3539 5244 3867 5309 meritoria
3915 5254 4135 5310 essent
4177 5243 4259 5308 ad
4306 5257 4567 5327 poenam

2646 5326 3126 5394 redimendam:
3185 5326 3339 5392 inde
3395 5336 3464 5392 et
3518 5331 3977 5414 purgatorium
4029 5330 4313 5396 emersit.
4379 5322 4568 5408 Atqui
