4867 6150
536 412 666 479 379

538 603 743 682 Deus,
788 600 903 684 qui
947 598 1221 665 rivalem
1265 620 1399 664 non
1512 598 1747 678 atitur,
1818 598 1919 665 vel
1979 597 2061 685 (si
2121 598 2316 664 latius
2371 620 2488 664 ex-

537 687 809 754 tendere
855 684 1133 772 placeat)
1177 685 1341 750 iuris
1381 707 1486 751 sm
1542 683 1781 751 dicitur
1829 692 2145 750 assertor:
2204 695 2283 749 ut
2348 685 2488 749 eius

538 770 896 841 aemulatio
939 771 1105 838 nihil
1151 769 1332 836 aliud
1376 770 1464 835 sit
1506 791 1701 854 quam
1748 770 2031 836 retinere
2077 770 2248 854 quod
2294 791 2486 836 suum

538 868 657 941 est,
724 869 916 943 atque
981 859 1076 923 ita
1139 877 1369 922 omnes
1430 855 1699 922 honoris
1758 857 2052 921 aemulos
2113 856 2485 922 excludere.

540 947 891 1014 Caeterum
972 944 1078 1009 uia
1113 964 1322 1026 nuper
1351 942 1525 1008 facta
1560 944 1680 1008 furt
1720 947 1888 1007 sacri
1923 941 2205 1008 foederis
2244 944 2488 1007 mentio

539 1031 713 1117 quod
757 1051 901 1097 cum
987 1029 1209 1095 ndacis
1253 1029 1607 1113 pepigerat,
1656 1027 1915 1094 videtur
1950 1029 2242 1094 alludere
2266 1030 2489 1095 Moses

539 1117 623 1183 ad
677 1115 1035 1202 spiritualis
1100 1114 1383 1198 coniugii
1449 1114 1873 1181 violationem.
1964 1114 2112 1180 Etsi
2172 1122 2390 1181 autem
2448 1136 2489 1180 a

539 1203 1042 1271 comminatione
1076 1200 1326 1283 incipit,
1364 1199 1874 1271 misericordiam
1900 1208 2123 1266 tamen
2146 1201 2345 1284 rigori
2367 1222 2486 1266 suo

536 1290 733 1374 longe
769 1288 1162 1373 praeferens,
1217 1288 1510 1352 suaviter
1553 1286 1634 1353 ad
1687 1287 2068 1370 obsequium
2114 1308 2225 1352 eos
2267 1287 2488 1371 potius

540 1375 742 1442 allicit
763 1395 956 1458 quam
995 1383 1176 1438 metu
1211 1393 1288 1439 co
1337 1381 1422 1438 at.
1494 1371 1583 1441 Se
1620 1374 1798 1438 enim
1837 1372 2324 1439 misericordem
2351 1374 2486 1438 fore

537 1469 818 1528 testatur
852 1480 1060 1543 usque
1096 1459 1167 1523 in
1274 1460 1291 1522 i
1321 1459 1343 1522 l
1633 1476 1698 1524 s:
1739 1479 2020 1542 poenam
2044 1479 2202 1524 vero
2223 1479 2357 1524 non
2381 1458 2489 1524 de·

536 1548 810 1613 nunciat
844 1547 977 1611 nisi
1009 1566 1210 1629 usque
1246 1544 1328 1609 ad
1367 1546 1593 1610 tertios
1628 1554 1695 1609 et
1728 1554 2014 1628 quartos,
2049 1542 2170 1631 (sic
2205 1546 2379 1610 enim
2403 1544 2487 1609 ad

537 1634 815 1699 verbum
852 1630 1155 1718 legitur),
1206 1630 1331 1697 hoc
1367 1638 1486 1711 est,
1542 1630 1624 1696 ad
1662 1640 2484 1781 ψει.

538 1718 686 1801 Quo
740 1719 960 1802 itaque
1018 1737 1171 1783 suos
1232 1715 1514 1783 cultores
1573 1737 1676 1782 me
1703 1738 1810 1783 1us
1854 1737 2072 1782 emme
2227 1738 2344 1782 eus
2402 1715 2487 1783 ad

536 1805 795 1889 pietatis
833 1802 1144 1883 studium,
1192 1824 1323 1867 non
1369 1802 1532 1886 ipsis
1576 1802 1786 1881 modo,
1836 1802 1951 1868 sed
1996 1822 2224 1868 eorum
2270 1814 2486 1888 poste-

537 1891 632 1956 ris
677 1892 743 1956 in
790 1889 970 1973 mille
1015 1909 1221 1972 usque
1263 1897 1512 1955 aetates
1556 1887 1909 1974 propitium
1955 1910 2025 1955 se
2061 1889 2200 1954 fore
2237 1889 2490 1955 denun-

537 1978 684 2042 ciat.
775 1976 922 2041 Hoc
966 1996 1124 2039 vero
1168 1974 2329 2125 issQmfflfl-RSQIQMQ
2390 1984 2486 2039 at·

538 2083 664 2146 que
700 2063 896 2128 etiam
921 2060 1396 2153 ipjulgentjae,
1429 2061 1600 2144 quod
1623 2061 1835 2139 servis
1871 2083 2026 2138 suis,
2065 2061 2175 2144 qui
2223 2083 2299 2126 us
2322 2061 2491 2126 nihil

542 2144 1104 2229 demusque
1148 2167 1221 2212 se
1262 2147 1672 2231 obstringere
1719 2164 1849 2213 non
1892 2156 2228 2231 gravatur,
2289 2157 2362 2211 ut
2418 2147 2490 2212 in

540 2255 766 2300 eorum
833 2233 1114 2318 gratiam
1159 2252 1386 2297 eorum
1431 2253 1655 2298 semen
1699 2233 1766 2298 in
1812 2234 2049 2318 populo
2092 2255 2209 2300 suo
2254 2254 2491 2317 agnos·

541 2328 665 2387 cat.
777 2319 948 2386 Nam
1018 2340 1100 2383 ex
1182 2320 1705 2385 remuneratione
1771 2340 2112 2403 perperam
2183 2319 2490 2385 meritum

542 2406 764 2491 colligi
801 2404 958 2471 hinc
1001 2413 1302 2489 apparet,
1358 2403 1528 2486 quod
1600 2426 1733 2470 non
1777 2404 2037 2470 fidelem
2082 2418 2197 2470 aut
2240 2405 2491 2470 iustum

541 2515 613 2559 se
635 2492 773 2557 fore
795 2490 953 2556 dicit
977 2512 1134 2577 erga
1170 2491 1332 2574 legis
1355 2511 1512 2556 suae
1547 2492 2019 2567 observatores,
2058 2489 2171 2557 sed
2210 2491 2485 2556 clemen-

542 2589 701 2643 tem.
790 2575 1079 2642 Prodeat
1123 2577 1323 2660 igitur
1368 2576 1472 2640 vel
1517 2577 2033 2661 perfectissimus
2067 2578 2138 2641 in
2185 2575 2494 2657 medium,

545 2662 714 2729 nihil
771 2673 1081 2745 expetere
1135 2662 1369 2727 melius
1430 2663 1668 2746 poterit
1719 2683 1914 2746 quam
1961 2661 2178 2727 Deum
2252 2663 2492 2728 habere

544 2771 665 2834 pro
701 2748 994 2833 gratuita
1035 2746 1429 2814 liberalitate
1485 2749 1855 2832 propitium,
1918 2761 2057 2817 'an
2117 2747 2290 2814 enim
2351 2757 2494 2813 tan-

545 2833 816 2901 tundem
864 2834 1039 2900 valet
1083 2855 1158 2899 ac
1204 2834 1633 2899 mansuetudo
1678 2845 1791 2900 aut
1833 2834 2281 2900 beneficentia.
2366 2835 2493 2901 Ubi

548 2930 768 2988 autem
792 2918 936 2986 Deo
981 2918 1309 2998 tribuitur,
1355 2929 1428 2985 ut
1471 2921 1826 3004 plurimum
1873 2921 2205 3006 significat
2238 2920 2493 3000 miseri-

547 3005 856 3087 cordiam,
921 3006 1025 3074 vel
1071 3014 1424 3090 paternum
1469 3008 1781 3089 favorem,
1835 3014 1903 3071 et
1946 3028 2113 3091 quae
2157 3006 2311 3073 inde
2355 3026 2490 3073 ma-

548 3103 712 3159 nant
758 3093 1091 3160 beneficia.
1153 3092 1367 3159 Sicuti
1405 3093 1561 3158 dum
1605 3092 1714 3160 hic
1759 3094 2080 3176 promittit
2126 3115 2197 3159 se
2240 3094 2496 3160 miseri-

547 3180 835 3247 cordiam
902 3180 1262 3256 facturum,
1342 3179 1727 3245 tantundem
1801 3180 1981 3245 valet
2052 3180 2346 3263 loquutio
2421 3201 2498 3246 ao

547 3265 909 3332 beneficum
966 3265 1104 3329 fore
1164 3265 1268 3330 vel
1326 3264 1684 3331 clementer
1741 3272 2059 3331 acturum.
2147 3265 2342 3332 Unde
2396 3286 2497 3332 se-

548 3353 803 3435 quitur,
870 3350 1419 3416 remunerationis
1460 3351 1879 3435 praecipuum
1920 3373 2062 3417 esse
2105 3362 2303 3435 eaput
2347 3372 2493 3436 gra-

548 3437 784 3502 tuitam
831 3438 971 3501 eius
1016 3435 1507 3501 beneficentiam
1575 3457 1704 3520 qua
1761 3458 1911 3504 suos
1954 3437 2310 3502 liberaliter
2354 3437 2492 3522 dig·

545 3531 763 3598 natur.
853 3522 995 3587 Iam
1041 3543 1240 3605 quum
1289 3522 1558 3589 dicitur:
1647 3524 1829 3606 Erga
1886 3545 1995 3588 eos
2055 3524 2165 3607 qui
2211 3522 2498 3608 diligunt

545 3610 786 3693 ipsum,
834 3608 1225 3691 exprimitur
1261 3608 1405 3674 fons
1448 3618 1514 3674 et
1557 3609 1739 3690 origo
1775 3630 1968 3674 verae
2003 3609 2307 3689 iustitiae,
2344 3610 2498 3693 quia

551 3696 839 3761 exterior
878 3694 1044 3779 legis
1088 3693 1460 3760 observatio
1506 3694 1755 3761 nullius
1800 3710 1969 3760 esset
2013 3696 2330 3761 momenti
2368 3693 2495 3759 nisi

550 3780 704 3847 inde
771 3790 1090 3845 manaret.
1202 3781 1293 3846 Et
1359 3780 1615 3846 dilectio
1670 3779 1978 3846 laudatur
2034 3783 2247 3864 potius
2299 3801 2498 3864 quam

554 3875 807 3945 metus,
891 3866 1044 3948 quia
1124 3867 1388 3931 nonnisi
1470 3866 1844 3932 voluntario
1924 3867 2231 3951 obsequio
2312 3869 2499 3933 Deus

553 3953 946 4020 oblectatur:
994 3960 1288 4017 coactum
1332 3973 1491 4017 vero
1545 3963 1610 4018 et
1654 3953 1896 4018 servile
1944 3953 2274 4036 repudiat,
2332 3958 2500 4020 sicut

552 4042 791 4105 iterum
864 4037 1019 4104 alibi
1084 4037 1469 4104 videbimus.
1581 4038 1833 4104 Verum
1904 4039 2058 4121 quia
2117 4038 2500 4123 hypocritae

553 4146 806 4209 quoque
850 4124 1099 4189 iactant
1139 4144 1209 4188 se
1247 4123 1461 4189 Deum
1507 4144 1748 4204 amare,
1793 4125 2061 4209 linguae
2096 4133 2315 4190 autem
2351 4147 2500 4208 pro-

552 4209 818 4277 fessioni
853 4210 990 4274 vita
1026 4230 1155 4274 non
1192 4208 1560 4293 respondet,
1607 4218 1960 4293 utrumque
2002 4210 2313 4277 distincte
2347 4233 2498 4277 con·

552 4296 872 4380 iungitur,
915 4293 1086 4378 q'uod
1151 4296 1289 4361 veri
1335 4295 1463 4360 Dei
1507 4295 1790 4362 cultores
1835 4318 1982 4360 eum
2029 4296 2336 4381 diligant,
2392 4296 2502 4362 ob-

556 4390 949 4464 serventque
993 4381 1135 4446 eius
1174 4380 1517 4462 mandata,
1577 4382 1703 4448 hoc
1749 4391 1880 4459 est,
1939 4382 2174 4448 effectu
2228 4383 2504 4466 probent

556 4486 742 4532 suam
788 4467 1118 4549 pietatem.
1173 4466 1305 4533 Hic
1350 4476 1569 4533 tamen
1616 4469 1908 4533 nascitur
1952 4468 2238 4535 difficilis
2274 4491 2505 4554 quaes-

557 4553 682 4617 tio:
753 4553 906 4635 quia
959 4561 1246 4618 aetatum
1308 4554 1601 4619 omnium
1678 4554 1980 4638 exempla
2046 4555 2503 4621 demonstrant

557 4658 864 4723 magnam
912 4646 1163 4721 partem
1221 4660 1304 4704 ex
1360 4649 1736 4706 sanctorum
1793 4641 2100 4724 progenie
2144 4642 2345 4707 fuisse
2399 4663 2502 4707 re-

557 4725 795 4791 iectam
839 4743 915 4790 ac
958 4723 1351 4803 damnatam,
1396 4736 1467 4789 et
1498 4725 1692 4810 longe
1716 4726 2021 4811 graviora
2053 4727 2125 4791 in
2160 4748 2269 4792 eos
2305 4748 2504 4810 quam

558 4820 821 4877 exteros
886 4808 1359 4875 maledictionis
1417 4818 1484 4875 et
1542 4812 1869 4878 vindictae
1912 4834 2070 4879 suae
2115 4811 2506 4878 documenta

558 4895 767 4963 edidit
808 4896 1008 4961 Deus.
1100 4893 1231 4963 Sed
1287 4896 1647 4963 notandum
1704 4906 1804 4963 est
1859 4920 1990 4964 non
2051 4899 2343 4982 promitti
2397 4899 2505 4964 his

562 4982 776 5050 verbis
819 4981 1156 5067 sigillatim
1204 4982 1485 5066 gratiam
1531 4984 1832 5050 omnibus
1877 4996 2253 5052 sanctornm
2298 4999 2507 5067 poste-

561 5069 680 5149 ris,
745 5077 820 5134 ut
877 5068 1248 5151 quicunque
1302 5090 1511 5153 genus
1556 5078 1624 5137 et
1667 5071 1989 5155 originem
2034 5072 2114 5137 ab
2158 5071 2320 5153 ipsis
2374 5081 2506 5136 tra-

560 5155 758 5237 hunt,
815 5153 1036 5219 Deum
1097 5153 1381 5220 habeant
1424 5157 1550 5221 sibi
1596 5155 2003 5223 obstrictum.
2110 5156 2307 5223 Multi
2366 5158 2507 5222 fue-

561 5253 716 5307 runt
773 5239 1131 5324 degeneres
1193 5239 1499 5307 Abrahae
1557 5242 1707 5319 filii,
1768 5243 2002 5327 quibus
2047 5242 2217 5307 nihil
2262 5243 2508 5327 profuit

564 5327 780 5395 vocari
826 5327 1106 5392 sobolem
1155 5330 1364 5392 sancti
1407 5329 1841 5411 patriarchae.
1889 5329 2025 5395 Nec
2053 5350 2212 5393 sanc
2252 5329 2332 5394 ad
2372 5331 2505 5396 sin·

1926 408 2438 477 SECUNDUM
2505 410 3154 478 PRAEGEPTUM.

4401 410 4510 478 380

2592 599 2783 684 gulos
2819 599 3243 683 restringitur
3265 599 3625 683 promissio,
3664 600 3817 683 quia
3833 598 4019 664 multi
4045 599 4156 682 qui
4177 597 4511 666 secundum

2592 706 2857 751 carnem
2895 696 3049 752 sunt
3085 685 3218 767 filii,
3266 708 3398 751 non
3423 697 3774 752 censentur
3809 685 3877 750 in
3914 686 4182 763 semine,
4220 686 4329 750 sed
4352 684 4513 752 Deus

2589 771 2797 837 libera
2853 771 3169 837 electione
3214 793 3375 854 quos
3434 771 3573 838 vult
3630 771 3927 855 adoptat:
3982 771 4077 837 sio
4137 781 4351 836 tamen
4394 793 4512 837 mo-

2593 855 2857 923 deratur
2917 880 3037 923 sua
3102 857 3360 938 iudicia,
3430 867 3506 923 ut
3550 858 3835 923 resideat
3880 859 3946 921 in
4004 856 4221 923 sobole
4280 859 4515 939 piorum

2591 952 2905 1027 paternus
2961 944 3100 1009 eius
3158 943 3367 1010 favor.
3459 942 3647 1009 Adde
3709 944 3878 1027 quod
3939 945 4006 1007 in
4068 942 4515 1026 temporalibus

2592 1029 2921 1097 beneficiis
2967 1031 3147 1114 viget
3190 1030 3551 1113 promissae
3596 1030 3702 1096 hic
3740 1029 3993 1113 gratiae
4044 1030 4332 1095 effectus.
4402 1028 4520 1092 Ita-

2590 1137 2720 1198 que
2756 1117 3057 1200 quamvis
3094 1137 3323 1181 severe
3360 1116 3537 1182 ultus
3574 1115 3772 1181 fuerit
3802 1115 3987 1181 Deus
4022 1114 4271 1181 scelera
4309 1114 4521 1180 adver-

2590 1224 2703 1269 sus
2726 1201 2894 1267 filios
2933 1201 3252 1277 Abrahae,
3290 1213 3357 1266 et
3379 1224 3486 1268 eos
3510 1201 3792 1278 tandem,
3832 1201 3944 1267 ubi
3981 1200 4287 1285 apparuit
4321 1200 4523 1284 despe-

2592 1298 2736 1353 rat-a
2757 1288 3050 1371 ipsorum
3074 1288 3398 1372 impietas,
3433 1287 3862 1353 abdicaverit:
3883 1310 4012 1353 non
4044 1297 4265 1352 tamen
4294 1285 4526 1352 destitit

2591 1396 2733 1440 esse
2780 1376 3109 1439 beneficus
3162 1377 3231 1438 in
3296 1374 3473 1439 mille
3525 1383 3788 1441 aetates.
3881 1372 4067 1439 Adde
4118 1374 4314 1438 etiam
4371 1371 4526 1455 quod

2591 1460 2881 1526 externis
2925 1460 3175 1545 gratiae
3221 1481 3378 1525 suae
3421 1460 3840 1543 testimoniis,
3907 1459 4060 1525 licet
4103 1457 4393 1543 reprobis
4433 1480 4526 1523 ee-

2592 1546 2753 1611 dant
2808 1548 2876 1610 in
2935 1546 3248 1625 exitium,
3309 1547 3491 1612 Deus
3548 1556 3772 1610 tamen
3831 1546 4061 1627 implet
4117 1567 4191 1610 ac
4254 1552 4529 1627 praestat

2591 1631 2757 1716 quod
2807 1633 2915 1697 bic
2959 1632 3288 1715 pollicitus
3333 1642 3450 1698 est.
3497 1631 3605 1696 Ita
3647 1633 4018 1697 misericors
4060 1630 4189 1696 fuit
4233 1651 4390 1714 erga
4424 1652 4527 1713 ge-

2589 1741 2718 1784 nus
2757 1717 3099 1795 Abrahae,
3146 1717 3453 1801 quamdiu
3498 1718 3731 1801 legem,
3787 1718 4161 1800 prophetas,
4199 1715 4526 1799 templum,

2590 1813 2657 1870 et
2714 1805 2843 1870 alia
2899 1804 3163 1889 pietatis
3221 1804 3536 1870 exercitia
3608 1804 3982 1887 relinquere
4044 1802 4357 1887 dignatus
4418 1811 4528 1867 est.

2590 1891 2733 1957 Iam
2793 1911 3059 1955 rursum
3122 1890 3492 1972 expendere
3549 1890 3857 1955 convenit
3899 1909 4096 1973 quam
4164 1888 4390 1972 procul
4432 1889 4531 1954 ab·

2591 1977 2728 2043 sint
2770 1975 2970 2041 etiam
3030 1976 3423 2043 sanctissimi
3481 1974 3723 2059 quique
3781 1976 3862 2041 ab
3916 1975 4181 2059 integra
4241 1975 4531 2040 observa·

2594 2062 2770 2128 tione
2829 2062 3019 2146 legis,
3077 2071 3144 2127 et
3203 2063 3488 2146 perfecto
3554 2083 3775 2127 amore
3819 2062 3978 2127 Dei:
4039 2060 4317 2145 ideoque
4377 2059 4530 2124 nihil

2592 2152 2833 2214 mirum
2879 2149 2933 2213 si
2993 2146 3315 2215 defectum
3374 2148 3573 2214 huius
3631 2148 3882 2231 gratiae
3923 2146 4153 2212 multis
4210 2147 4286 2211 in
4341 2146 4532 2230 parti-

2591 2236 2716 2302 bus
2783 2235 3087 2315 sentiant,
3155 2245 3224 2300 et
3287 2236 3530 2319 exiguo
3597 2242 3855 2305 tantum
3922 2241 4123 2318 gustu
4189 2233 4532 2316 potiantur.

2593 2319 2928 2403 Quidquid
2970 2322 3074 2399 sit,
3119 2341 3379 2404 semper
3421 2328 3778 2403 exsuperat
3803 2319 3930 2384 Dei
3973 2319 4253 2398 bonitas,
4301 2327 4376 2383 ut
4408 2319 4537 2383 eius

2595 2406 2829 2492 gratia,
2876 2406 2931 2472 si
2980 2428 3111 2471 non
3157 2407 3350 2490 pleno
3392 2406 3665 2488 fulgore,
3727 2404 3921 2472 claris
3972 2414 4194 2470 tamen
4240 2404 4536 2470 scintillis

2595 2514 2800 2575 usque
2866 2492 2935 2557 in
3003 2491 3179 2557 mille
3243 2493 3698 2576 generationes
3765 2489 4072 2556 reluceat.
4183 2489 4382 2571 Quod
4460 2487 4536 2555 ad

2596 2578 2962 2644 membrum
3005 2578 3378 2661 oppositum
3424 2585 3691 2662 spectat,
3737 2576 3998 2660 quando
4042 2575 4226 2641 Deus
4280 2575 4536 2641 modum

2598 2662 2924 2730 vindictae
2969 2684 3127 2730 suae
3170 2664 3453 2749 imponit
3494 2664 3567 2729 in
3614 2665 3809 2729 tertia
3851 2661 3954 2729 vel
3999 2672 4231 2746 quarta
4282 2682 4540 2746 genera-

2598 2751 2810 2830 tione,
2870 2749 3165 2817 videmus
3219 2759 3296 2816 ut
3355 2749 3664 2815 humanis
3721 2747 4221 2814 invitationibus
4267 2746 4353 2811 ad
4406 2748 4537 2813 offi-

2598 2837 2776 2903 cium
2824 2836 3148 2903 adducere
3192 2837 3377 2902 malit
3419 2835 3739 2917 homines,
3782 2855 3976 2918 quam
4025 2834 4376 2899 minaciter
4419 2844 4539 2899 ter·

2599 2922 2803 2988 rendo
2838 2930 3224 3005 extorquere
3260 2923 3408 3007 plus
3444 2942 3643 3006 quam
3682 2919 3920 2986 velint:
3958 2942 4085 3005 quo
4120 2920 4373 2986 scilicet
4406 2917 4540 2984 lon-

2601 3010 2748 3094 gius
2796 3008 3309 3077 misericordiam
3357 3029 3541 3075 suam
3592 3027 3788 3091 quam
3832 3006 4055 3074 iudicii
4098 3007 4391 3090 rigorem
4436 3026 4540 3071 ex-

2604 3096 2830 3162 tendit.
2909 3093 3411 3161 Observandum
3451 3096 3649 3159 etiam
3686 3103 3784 3159 est
3821 3092 3991 3178 quod
4030 3101 4175 3158 tran
4268 3111 4542 3159 ressoree

2604 3183 2767 3267 legis
2833 3181 3082 3246 inimici
3141 3181 3265 3245 Dei
3328 3189 3650 3246 vocantur
3721 3191 3785 3243 et
3849 3200 4086 3245 osores.
4267 3177 4543 3244 orribilis

2602 3278 2775 3334 certe
2820 3275 2921 3333 est
2967 3267 3284 3350 impietas,
3345 3275 3413 3331 et
3454 3265 3753 3349 prodigio
3812 3265 4077 3346 similis,
4137 3264 4361 3330 Deum
4410 3263 4544 3329 odio

2606 3353 2878 3419 habere:
2962 3375 3036 3419 ac
3094 3352 3211 3417 vix
3274 3353 3618 3436 quisquam
3688 3351 4053 3435 reperietur
4116 3351 4283 3416 adeo
4356 3350 4544 3418 scele-

2606 3449 2788 3505 ratus
2832 3439 2944 3523 qui
2992 3438 3133 3504 Deo
3177 3460 3248 3505 se
3290 3438 3504 3522 palam
3551 3448 3663 3502 tan
3714 3458 3866 3502 uam
3930 3437 4181 3503 hostem
4240 3442 4545 3521 opponat.

2603 3524 2856 3590 Verum
2901 3545 3035 3589 non
3080 3526 3219 3590 sine
3264 3546 3460 3590 causa
3497 3534 3630 3589 tam
3715 3523 3923 3589 uriter
3959 3524 4358 3606 pronunciat
4379 3522 4548 3588 Deus

2604 3610 2686 3678 de
2741 3612 3036 3693 ipsorum
3092 3611 3449 3694 impietate.
3541 3609 3712 3675 Nam
3770 3631 3975 3692 quum
4036 3630 4075 3674 a
4132 3609 4397 3674 iustitia
4439 3627 4549 3674 sua

2602 3698 2895 3781 separari
2939 3708 3235 3779 nequeat,
3281 3706 3696 3779 contemptus
3740 3694 3906 3780 legis
3955 3695 4173 3760 odium
4232 3695 4405 3760 illud
4448 3714 4545 3759 co·

2604 3784 2853 3868 arguit:
2922 3783 3075 3866 quia
3132 3783 3272 3847 fieri
3317 3804 3448 3847 non
3498 3789 3713 3865 potest
3753 3784 3912 3865 quin
3957 3780 4236 3865 spoliare
4282 3779 4545 3864 imperio

2604 3891 2723 3935 suo
2771 3868 2986 3935 Deum
3027 3870 3278 3952 cupiat,
3341 3869 3452 3953 qni
3498 3867 3937 3951 legislatorem
3983 3876 4050 3932 et
4092 3865 4377 3933 iudicem
4416 3884 4547 3930 esse

2604 3978 2733 4021 non
2779 3955 3042 4037 patitur.
3132 3954 3419 4021 Visitare
3462 3955 3857 4037 iniquitates.
3917 3951 4317 4018 tantundem
4364 3949 4544 4029 valet,

2604 4051 2798 4125 atque
2844 4040 3195 4124 inquirere,
3242 4039 3346 4107 vel
3392 4039 3475 4105 ad
3519 4039 3959 4121 cognitionem
3999 4058 4250 4120 vocare,
4300 4052 4375 4103 ut
4407 4057 4546 4120 poe·

2605 4150 2691 4192 na
2735 4148 2852 4210 pro
2895 4128 3147 4193 ratione
3193 4125 3409 4193 delicti
3454 4137 3772 4192 sumatur.
3847 4122 4405 4206 Quamdiu-enim
4442 4123 4548 4188 ho·

2605 4212 2892 4279 minibus
2956 4211 3282 4297 parcendo
3341 4212 3657 4278 iudicium
3715 4232 3907 4276 suum
3954 4209 4299 4294 suspendit
4352 4208 4546 4287 Deus,

2608 4298 2867 4364 videtur
2920 4299 3304 4378 connivere,
3365 4299 3468 4363 vel
3534 4320 3667 4363 non
3734 4298 4094 4363 attendere.
4195 4296 4383 4381 Ergo
4444 4292 4549 4359 ubi

2605 4385 2932 4467 sepultum
2969 4385 3218 4452 crimen
3271 4385 3598 4469 putabunt
3641 4383 3961 4459 homines,
4007 4383 4147 4448 eius
4191 4403 4264 4447 se
4313 4400 4547 4452 memo-

2606 4493 2745 4537 rem
2791 4472 2929 4535 fore
2973 4470 3343 4538 denunciat.
3390 4470 3754 4553 Quaeritur
3797 4478 4020 4537 tamen
4059 4468 4171 4551 qui
4207 4464 4550 4546 conveniat

2607 4559 2748 4622 Deo
2794 4577 3034 4640 poenas
3079 4579 3119 4623 a
3160 4558 3313 4624 filiis
3355 4567 3421 4623 et
3464 4554 3815 4638 nepotibus
3859 4554 4123 4639 exigere
4164 4553 4249 4620 ob
4296 4561 4546 4637 patrum

2607 4641 2870 4709 delicta:
2930 4643 3091 4708 nihil
3148 4645 3328 4710 enim
3385 4644 3603 4708 minus
3661 4653 4174 4708 consentaneum
4215 4660 4427 4723 quam·
4456 4637 4546 4701 iu·

2608 4729 2840 4794 noxios
2887 4737 2954 4793 et
2996 4729 3348 4796 sceleratos
3392 4728 3621 4793 eadem
3665 4748 3878 4811 poena
3920 4725 4191 4791 involvi.
4251 4728 4342 4790 Et
4384 4724 4549 4788 clara

2609 4825 2709 4879 est
2753 4813 3113 4898 prophetae
3156 4816 3516 4880 sententia:
3565 4813 3781 4878 Filius
3828 4834 3963 4879 non
3999 4812 4283 4897 portabit
4319 4808 4548 4892 iniqui·

2610 4910 2814 4966 tatem
2852 4901 3073 4982 patris,
3121 4921 3328 4984 neque
3353 4900 3973 4984 pater-iniquitatem
4011 4898 4151 4978 filii,
4188 4897 4300 4964 sed
4341 4900 4550 4978 anima

2608 5007 2778 5070 quae
2841 4987 3245 5069 peccaverit,
3316 4987 3463 5070 ipsa
3529 4987 3847 5052 morietur
3939 4984 4174 5050 Ezech.
4245 4982 4362 5061 18,
4429 4978 4545 5066 19).

2611 5072 2986 5138 Difficultas
3045 5093 3212 5155 quae
3271 5095 3353 5138 ex
3409 5073 3768 5156 prophetae
3813 5092 3928 5135 ver
3973 5072 4028 5135 is
4073 5069 4314 5149 oritur,
4373 5066 4549 5133 facile

2610 5158 2780 5224 solvi
2838 5168 3076 5241 potest:
3138 5158 3292 5242 quia
3348 5159 3618 5241 impiam
3676 5156 3900 5242 populi
3967 5154 4547 5238 expostulationem

2612 5244 2720 5310 hic
2777 5244 3014 5309 refellit
3057 5244 3258 5324 Deus,
3316 5244 3483 5310 filios
3527 5244 3639 5328 qui
3682 5253 3873 5308 extra
3915 5240 4172 5324 culpam
4210 5248 4418 5319 erant,
4454 5238 4545 5302 in-

2613 5330 2785 5396 iuste
2809 5339 2875 5394 et
2897 5328 3250 5395 crudeliter
3273 5330 3353 5396 ad
3377 5349 3657 5413 poenam
3681 5328 3876 5396 trahi.
3935 5327 4274 5393 Volitabat
4307 5322 4547 5409 passim
