4867 6150
563 425 687 493 331

564 611 736 698 quod
778 617 1004 695 postea
1050 609 1314 675 additur
1369 609 1449 675 de
1495 607 1741 675 exteris
1789 606 2178 691 quibusdam
2233 605 2508 691 populis,

565 699 814 765 nonita
848 705 1062 781 potest
1095 696 1318 779 accipi,
1355 718 1440 761 ne
1462 716 1591 779 qua
1625 695 1755 760 illis
1791 694 2198 778 praefectura
2235 693 2341 759 vel
2371 692 2512 776 dig-

565 786 742 851 nitas
784 782 1153 849 mandetur.
1243 781 1500 846 Deinde
1560 782 1717 847 satis
1773 780 2168 864 exprimitur
2211 800 2328 863 per
2371 800 2511 844 coe-

566 882 708 935 tum
773 870 1087 947 Iehovae,
1146 867 1482 952 religionis
1532 869 1801 933 castitas
1857 876 1926 933 et
1981 865 2251 949 puritas,
2353 865 2505 931 Non

568 955 796 1022 dubito
839 955 1044 1039 igitur
1085 954 1246 1036 quin
1289 964 1504 1019 arceat
1549 953 1769 1019 Moses
1826 974 1864 1017 a
1921 951 2510 1017 communicatione

567 1062 903 1109 sacrorum
960 1039 1072 1122 qui
1129 1039 1232 1104 his
1290 1038 1542 1105 duabus
1609 1037 1881 1103 maculis
1949 1036 2197 1103 foedati
2265 1046 2506 1102 essent.

566 1128 716 1193 Etsi
752 1126 928 1190 enim
963 1125 1326 1190 communis
1362 1125 1490 1190 illis
1526 1124 1927 1191 circumcisio
1962 1132 2107 1189 erat
2127 1144 2277 1188 cum
2300 1122 2509 1188 electo

568 1213 837 1298 popule,
888 1210 1096 1277 voluit
1147 1219 1369 1276 tamen
1415 1212 1595 1276 Deus
1649 1211 1826 1293 ipsos
1869 1209 2092 1293 probri
2136 1210 2239 1274 sui
2284 1219 2507 1273 notam

569 1313 843 1385 gestare,
885 1306 962 1362 nt
1002 1297 1150 1363 aliis
1192 1308 1411 1363 essent
1454 1296 1775 1380 exemplo,
1839 1306 1904 1359 et
1949 1295 2223 1378 populus
2268 1295 2511 1359 maiore

568 1384 785 1452 studio
843 1384 925 1449 ab
981 1384 1160 1447 omni
1215 1382 1574 1465 pollutione
1628 1380 1750 1447 sibi
1807 1391 2085 1447 caveret.
2172 1380 2321 1447 Hoc
2366 1381 2507 1463 qui·

570 1470 719 1537 dem
777 1470 1138 1534 tenendum
1199 1476 1318 1548 est,
1383 1468 1801 1552 privilegium
1865 1466 1996 1532 illis
2055 1466 2283 1551 negari
2342 1464 2511 1550 quod

563 1554 876 1641 legitimis
899 1554 1218 1620 Israelitis
1254 1555 1586 1638 proprium
1624 1561 1784 1632 erat,
1823 1564 1894 1619 ut
1929 1562 2152 1619 essent
2175 1572 2508 1619 sacrorum

565 1642 916 1727 participes
970 1659 1047 1705 ac
1095 1639 1271 1706 socii.
1360 1640 1465 1705 De
1518 1639 1742 1706 fractis
1799 1637 2117 1705 testiculis
2170 1638 2513 1718 curiosiuS,

565 1749 713 1794 meo
755 1726 1028 1804 iudicio,
1087 1724 1427 1811 disputant
1481 1724 1712 1791 Iudaei
1768 1745 1964 1809 quam
2021 1745 2128 1790 res
2186 1724 2384 1789 ferat:
2447 1732 2517 1790 et

567 1812 833 1879 tandem
870 1833 910 1876 a
943 1820 1118 1878 recto
1162 1833 1358 1879 sensu
1404 1811 1766 1878 discedunt.
1834 1810 2065 1894 Neque
2108 1811 2292 1875 enim
2336 1806 2516 1874 alind

568 1899 783 1966 voluit
843 1898 1056 1978 Deus,
1113 1918 1307 1982 quam
1374 1896 1725 1964 excludere
1779 1917 1820 1961 a
1872 1905 2058 1962 coetu
2112 1895 2337 1979 populi
2392 1895 2515 1974 sui,

568 1985 825 2069 quoties
860 1985 1026 2049 sacri
1062 1991 1428 2051 conventus
1479 1983 1859 2068 agebantur,
1907 1981 2171 2047 mutilos
2219 1989 2286 2047 et
2319 1981 2516 2046 vitia-

570 2081 671 2136 tos
713 2071 780 2135 in
825 2079 1013 2154 parte
1070 2070 1358 2155 genitali.
1443 2067 1838 2153 Quanquam
1903 2089 2019 2151 per
2062 2066 2518 2152 synecdochen

566 2156 718 2241 plus
739 2155 1254 2238 comprehendit.
1297 2154 1555 2220 Deinde
1579 2164 1930 2221 externum
1964 2153 2256 2237 corporis
2280 2153 2518 2219 vitium

571 2241 945 2308 damnando
962 2292 977 2318 ,
1037 2241 1510 2324 praestantiam
1554 2241 1659 2307 sni
1705 2240 1967 2325 generis
2012 2239 2144 2305 illis
2187 2259 2520 2305 commen-

571 2327 705 2407 dat,
747 2338 829 2393 ut
871 2327 1294 2392 meminerint
1333 2347 1405 2391 se
1449 2326 1731 2392 electum
1776 2347 1921 2391 esse
1970 2327 2114 2391 eius
2156 2324 2515 2408 peculium:

573 2435 706 2480 non
740 2410 1158 2496 superbiendi
1190 2432 1408 2492 causa,
1455 2412 1566 2479 sed
1605 2422 1679 2478 ιιι
1715 2420 1943 2478 tantae
1975 2410 2299 2476 nobilitati
2345 2410 2520 2475 vitae

575 2498 892 2566 sanctitas
935 2497 1345 2581 respondeat.

746 2585 807 2649 2.
855 2583 1003 2649 Non
1043 2584 1427 2668 ingredietur
1466 2583 1747 2665 spurius.
1816 2583 1997 2649 Voce
2032 2596 2196 2651 ‘imo
2248 2602 2521 2647 consen-

575 2671 755 2736 tiunt
810 2690 1038 2735 omnes
1092 2670 1386 2753 spurium
1434 2671 1668 2750 notari,
1735 2671 1847 2752 qui
1893 2679 2088 2734 natus
2132 2678 2231 2733 est
2271 2668 2521 2733 incerto

575 2766 789 2841 patre:
836 2754 952 2820 sed
988 2755 1101 2820 alii
1136 2756 1331 2820 aliter
1365 2756 1711 2838 accipiunt,
1756 2752 2043 2836 Quidam
2079 2754 2255 2817 enim
2293 2766 2521 2818 exten-

577 2841 745 2908 dunt
787 2840 869 2906 ad
912 2863 1140 2908 omnes
1183 2841 1440 2920 nothos,
1498 2842 1608 2924 qui
1653 2863 1737 2908 ex
1779 2839 2176 2907 scortatione
2211 2847 2367 2904 sunt
2412 2860 2522 2923 ge·

576 2927 732 2993 niti:
793 2926 1057 3010 quidam
1115 2948 1269 2993 vero
1329 2926 1411 2993 de
1474 2926 1556 2993 iis
1600 2947 1969 2993 sermonem
2013 2925 2241 2991 haberi
2286 2933 2523 3008 putant

576 3034 854 3099 quorum
878 3011 1074 3079 dubia
1091 3022 1193 3079 est
1225 3013 1440 3097 origo:
1479 3033 1640 3096 quos
1664 3012 1998 3097 appellant
2017 3010 2239 3097 Vulgo
2263 3010 2521 3097 genitos

577 3121 855 3184 quorum
896 3099 1146 3165 scilicet
1179 3109 1443 3179 matres,
1487 3099 1731 3181 passim
1769 3108 1836 3165 et
1870 3099 2150 3182 turpiter
2185 3119 2255 3164 se
2290 3098 2523 3181 prosti-

577 3186 843 3265 tuendo,
884 3183 1183 3251 fecerunt
1224 3207 1346 3251 sua
1387 3186 1658 3251 effraeni
1701 3185 1972 3252 libidine
2016 3195 2090 3250 ut
2131 3185 2345 3250 foetus
2388 3183 2523 3250 illis

579 3280 890 3337 nascatur
930 3272 1117 3353 quasi
1173 3293 1255 3337 ex
1315 3279 1728 3337 monstruosa
1782 3270 2240 3354 permixtione.
2331 3268 2523 3349 Quae

580 3356 872 3423 secunda
925 3357 1147 3439 opinio
1206 3357 1367 3421 mihi
1426 3358 1638 3442 magis
1696 3356 1929 3442 placet.
2017 3355 2249 3421 Voluit
2302 3365 2524 3424 autem

580 3443 706 3508 hoc
762 3441 1057 3528 symbolo
1113 3443 1296 3509 Deus
1357 3463 1581 3508 semen
1645 3442 1950 3509 Abrahae
2007 3462 2272 3506 monere
2330 3461 2526 3524 quam

578 3528 825 3594 eximia
857 3538 1029 3593 esset
1062 3528 1242 3594 illius
1276 3527 1582 3614 dignitas,
1626 3528 1796 3612 quod
1832 3538 2248 3613 segregatum
2285 3536 2459 3592 esset
2488 3548 2528 3592 a

578 3614 845 3699 pollutis
880 3612 1206 3697 gentibus.
1268 3613 1529 3679 Interea
1563 3614 1779 3680 noluit
1812 3634 1852 3679 a
1885 3635 2000 3697 spe
2036 3611 2266 3679 salutis
2309 3614 2378 3677 in
2423 3620 2525 3677 to·

579 3709 721 3765 tum
781 3701 1052 3766 miseros
1097 3698 1476 3777 excludere,
1537 3699 1646 3784 qui
1693 3700 1877 3765 nulla
1919 3721 2040 3765 sua
2083 3698 2275 3782 culpa
2318 3698 2526 3781 patris

578 3805 819 3850 nomen
856 3787 1026 3851 ciere
1062 3807 1193 3851 non
1241 3796 1525 3869 possent,
1569 3785 1684 3852 sed
1728 3796 1984 3851 tantum
2032 3805 2243 3869 poena
2278 3795 2525 3867 tempo-

578 3869 862 4023 ralideos
897 3869 1297 3949 humiliavit,
1342 3880 1410 3937 et
1443 3892 1669 3938 eorum
1707 3873 2085 3955 exemplum
2131 3869 2340 3936 voluit
2380 3870 2527 3936 aliis

578 3977 698 4040 pro
745 3977 906 4024 esse.

1214 4299 1568 4368 NUMER.
1615 4297 1885 4386 X1X1).

757 4469 817 4535 1.
876 4470 1342 4553 Loquutusest
1407 4470 1958 4553 iri-superIebova
2025 4470 2112 4536 ad
2182 4469 2405 4537 Mosen
2476 4475 2532 4535 et

582 4554 851 4621 Aharon
915 4557 1199 4624 dicendo.-
1304 4557 1365 4623 2.
1432 4557 1574 4625 Hoc
1636 4562 1725 4624 est
1787 4562 2087 4623 stolidum
2150 4557 2206 4622 le
2258 4557 2271 4571 ⁶

571 4642 892 4724 praecepit
934 4641 1182 4719 Iebova,
1226 4643 1515 4709 dicendo:
1573 4643 1912 4726 Alloquere
1948 4642 2120 4725 lilios
2204 4642 2399 4719 srael,
2459 4647 2532 4707 ut

582 4727 853 4809 afferant
893 4727 979 4792 ad
1017 4732 1074 4794 te
1114 4748 1369 4795 vaccam
1407 4729 1626 4813 rufam
1655 4730 2029 4813 perfectam,
2093 4730 2165 4794 in
2221 4749 2349 4811 qua
2406 4749 2532 4794 non

581 4814 668 4879 sit
707 4812 973 4890 macula,
1016 4834 1208 4895 super
1248 4835 1441 4895 quam
1480 4836 1606 4881 non
1646 4816 1993 4882 ascenderit
2034 4814 2271 4899 iuqum.
2337 4814 2400 4879 3.
2444 4814 2535 4879 Et

581 4898 817 4965 dabitis
866 4918 1006 4964 eam
1059 4898 1347 4965 Eleazar
1387 4901 1707 4983 sacerdoti,
1771 4902 1883 4985 qui
1926 4901 2133 4968 educet
2174 4921 2313 4965 eam
2353 4905 2534 4966 extra

582 4989 814 5060 castra,
875 4989 932 5049 et
970 4986 1368 5051 metandam
1421 4987 1664 5053 curabit
1720 4992 1861 5054 ante
1914 5007 1997 5053 se.
2084 4987 2146 5052 4.
2202 4985 2536 5069 Capietque

583 5068 867 5137 Εῑεαεαν
906 5070 1193 5137 sacerdos
1226 5070 1301 5136 de
1333 5074 1638 5156 sanquine
1677 5074 1815 5140 eius
1846 5074 2041 5158 diyito
2081 5094 2213 5153 suo,
2258 5078 2314 5138 et
2355 5093 2535 5155 spar-

583 5275 1021 5414 peul1)Aut1·e
1090 5275 1441 5347 dependence
1510 5273 1579 5326 de
1648 5274 1703 5328 la
1774 5276 2064 5345 purgation
2135 5277 2389 5348 generale
2460 5278 2536 5332 du

691 5362 729 5415 p
750 5361 796 5399 e.

2028 419 2402 486 PRIMUM
2449 418 3004 487 PRAEOEPTU
3006 420 3098 485 M.

4413 423 4519 490 332

2607 613 2708 692 yet
2757 628 2790 672 c
2846 610 3095 693 reqione
3147 610 3343 694 faciei
3399 609 3786 675 tabernaculi
3826 609 4239 676 conventionis
4288 610 4359 676 de
4394 631 4522 677 san-

2604 695 2799 777 quine
2853 696 2992 761 eius
3043 704 3272 781 septem
3327 695 3582 762 vicibus.
3681 695 3740 762 5.
3809 694 4035 762 Postea
4087 695 4522 764 comburendam

2608 778 2853 845 curabit
2893 802 3144 848 vaccam
3186 785 3259 848 in
3300 782 3498 848 oculis
3539 781 3713 847 suis.-
3744 781 3971 864 pellem
4013 783 4169 861 eius,
4211 787 4269 847 et
4306 802 4524 849 carnem

2608 866 2765 939 eius.
2809 870 2864 931 et
2903 870 3274 952 sanquinem
3315 867 3453 933 eius
3493 888 3629 933 una
3669 887 3811 935 cwm
3849 868 3996 948 fimo
4053 868 4192 933 eius
4232 869 4523 935 comburet.

2609 952 2670 1017 6.
2722 951 2894 1019 Tunc
2936 956 3199 1036 accipiet
3239 954 3530 1019 sacerdos
3570 954 3812 1037 liqnum
3852 955 4192 1033 cedrinum,
4255 959 4311 1019 et
4348 954 4526 1037 hysso-

2600 1058 2777 1120 pum,
2819 1044 2878 1102 et
2907 1060 3144 1105 coccum
3177 1039 3521 1120 vermiculi,
3557 1040 3962 1122 proiicietque
3995 1040 4067 1105 in
4097 1039 4368 1107 medium
4397 1060 4529 1105 con·-

2609 1124 2909 1188 bustionis
2950 1146 3186 1193 vaccae.
3281 1126 3339 1190 7.
3386 1124 3477 1190 Et
3530 1123 3766 1190 lavabit
3803 1131 4000 1192 vestes
4040 1145 4197 1191 suas
4250 1126 4527 1203 sacerdos,

2610 1208 2841 1275 lavabit
2880 1231 3114 1294 quoque
3154 1231 3406 1279 carnem
3446 1231 3632 1277 suam
3676 1231 3862 1292 aqua,
3903 1215 3962 1277 et
3990 1216 4214 1293 postea
4257 1212 4531 1296 inqredie·

2611 1299 2716 1360 tur
2738 1301 2969 1374 castra,
3016 1299 3500 1379 immundusque
3532 1297 3655 1362 erit
3688 1297 3976 1363 sacerdos
4006 1317 4203 1379 usque
4236 1299 4321 1363 ad
4350 1317 4531 1378 vespe-

2610 1401 2771 1447 ram.
2861 1382 2921 1448 8.
2992 1383 3118 1450 1lle
3183 1403 3420 1467 quoque
3480 1383 3594 1465 qui
3635 1382 4034 1450 combusserit
4087 1403 4226 1448 eam
4243 1434 4260 1461 ,
4322 1382 4534 1449 lavabit

2610 1468 2971 1534 vestimenta
3012 1490 3135 1535 sua
3177 1489 3377 1553 aqua,
3434 1468 3671 1534 lavabit
3709 1473 3765 1533 et
3815 1488 4065 1534 carnem
4119 1489 4304 1534 suam
4367 1490 4531 1550 aqua,

2612 1554 3089 1636 immundusque
3144 1557 3265 1621 erit
3323 1575 3520 1637 usque
3582 1554 3667 1620 ad
3729 1574 4063 1637 vesperam.
4173 1555 4234 1620 9.
4307 1554 4537 1639 Colliyet

2613 1644 2820 1704 autem
2852 1641 2957 1705 vir
2987 1642 3268 1707 mundus
3304 1641 3570 1706 cinerem
3602 1639 3781 1705 illius
3813 1660 4049 1721 vaccae,
4093 1646 4153 1706 et
4161 1646 4348 1723 ponet
4376 1640 4538 1705 illum

2615 1730 2793 1791 extra
2828 1730 3038 1792 castra
3075 1728 3142 1792 in
3174 1727 3304 1794 loco
3334 1726 3595 1792 mundo.-
3636 1727 3874 1808 eritque
3909 1727 4362 1810 conqreyationi
4396 1725 4538 1808 filio—

2614 1831 2761 1876 rum
2804 1811 3017 1877 Israel
3055 1813 3125 1876 in
3166 1813 3510 1878 custodiam
3544 1813 3618 1876 in
3651 1830 3884 1894 aquam
3916 1813 4370 1893 separationis.-
4407 1833 4539 1877 nam

2615 1897 2890 1979 expiatio
2953 1903 3060 1964 est.
3151 1897 3251 1964 10.
3310 1897 3401 1964 Et
3458 1897 3692 1964 lavabit
3752 1898 3866 1979 qui
3925 1898 4230 1982 colleqerit
4299 1899 4542 1965 cinerem

2616 2002 2838 2049 vaccae
2891 1985 3253 2050 vestimenta
3307 2004 3430 2050 sua
3447 2035 3463 2064 ,
3518 1983 3999 2066 immundusque
4051 1985 4170 2050 crit
4222 2004 4420 2067 usque
4468 1984 4542 2050 ad

2618 2088 2967 2149 vesperam.-
3017 2074 3074 2135 et
3126 2070 3245 2137 erit
3296 2068 3471 2150 filiis-
3511 2067 3723 2135 Israel
3784 2073 3841 2134 et
3871 2071 4205 2154 pereyo-ino
4246 2072 4360 2153 qui
4391 2089 4544 2153 pere-

2612 2156 2912 2239 qrinatur
2974 2156 3049 2220 in
3111 2156 3313 2221 medio
3376 2175 3618 2231 eorum,
3687 2155 3761 2220 in
3823 2159 4122 2221 statratum
4174 2161 4543 2239 perpetuam

2620 2240 2723 2305 11.
2774 2240 2898 2322 Qui
2938 2242 3200 2324 teti9erit
3240 2241 3506 2307 cadaver
3548 2241 3754 2306 omnis
3794 2242 4045 2307 anianae
4084 2241 4387 2319 bominis,
4440 2243 4543 2305 ion-

2618 2326 2893 2392 mundus
2946 2328 3068 2392 erit
3130 2332 3359 2411 septem
3421 2326 3656 2394 diebus.
3749 2325 3851 2391 12.
3914 2328 4066 2408 lpse
4116 2327 4546 2411 purificabitur

2620 2433 2687 2479 eo
2727 2412 2831 2477 dic
2885 2414 3088 2491 tertia,
3129 2417 3185 2477 et
3217 2414 3320 2479 die
3350 2414 3617 2495 septima
3651 2413 3924 2478 mundus
3958 2414 4110 2479 erit.-
4151 2415 4319 2497 quod
4351 2415 4410 2479 si
4439 2432 4545 2478 non

2608 2498 2774 2650 {32⁵¹
2835 2584 2915 2650 13
2987 2498 3227 2665 offlam
3257 2499 3359 2564 ἀῶ
3384 2498 4043 2650 &Zamam
4052 2500 4356 2650 ffimesst
4377 2519 4549 2650 m

2623 2861 2701 2907 ex
2745 2838 2988 2907 Israel:
3051 2841 3209 2923 quia
3260 2862 3431 2923 aqua
3485 2842 3905 2922 separationis
3958 2862 4084 2907 non
4133 2842 4269 2925 fuit
4309 2861 4553 2924 aspersa

2624 2946 2813 3007 super
2869 2947 3040 3006 eum,
3098 2928 3464 2993 immundus
3517 2928 3666 3006 erit,
3730 2925 3934 2992 adhuc
3974 2927 4380 2994 immunditia
4432 2928 4555 2993 eius

2626 3014 2745 3079 erit
2786 3013 2856 3078 in
2896 3015 3051 3095 ipso.
3142 3013 3242 3080 14.
3291 3013 3468 3081 Haec
3509 3017 3600 3079 est
3640 3011 3767 3079 lav:
3831 3013 4037 3095 Quum
4089 3015 4235 3096 quis
4292 3019 4554 3081 mortuus

2623 3100 2819 3181 fuerit
2861 3101 2933 3165 in
2964 3099 3370 3176 tabernaculo,
3413 3102 3762 3181 quicunque
3789 3099 4112 3183 inyressus
4137 3099 4339 3183 fuerit
4374 3099 4555 3167 taber·

2627 3187 2938 3265 naculunu
2981 3191 3038 3251 et
3070 3187 3380 3268 quidquid
3399 3185 3689 3267 fueritin
3722 3184 4134 3265 tabernaculo,
4178 3187 4556 3252 immundum

2628 3272 2748 3339 erit
2783 3276 3013 3353 septem
3054 3271 3289 3337 diebus.
3352 3270 3452 3337 15.
3507 3269 3702 3336 Omne
3734 3271 3879 3335 item
3911 3291 4027 3335 vas
4058 3277 4350 3353 apertum
4380 3290 4558 3354 super

2625 3377 2746 3440 quo
2785 3377 2909 3422 non
2947 3357 3142 3439 fuerit
3181 3357 3538 3441 operculum
3600 3356 3910 3422 adiectum
3924 3408 3940 3435 ,
4007 3357 4405 3425 immundum
4461 3360 4555 3424 cst.

2632 3444 2730 3510 16.
2796 3443 3157 3525 Quicunque
3200 3448 3538 3524 praeterea
3591 3443 3854 3526 tetiqerit
3910 3443 3980 3508 in
4029 3443 4365 3526 superficie
4428 3442 4559 3528 apri

2626 3530 2894 3597 occisum
2931 3528 3161 3612 yladio,
3202 3533 3316 3593 aut
3354 3533 3685 3607 mortuum,
3731 3533 3843 3593 aut
3884 3548 3954 3594 os
3992 3528 4284 3608 hominis,
4334 3535 4446 3595 aut
4473 3547 4557 3594 se-

2615 3615 2941 3698 pulcrum,
3001 3616 3365 3681 immundus
3405 3615 3524 3679 erit
3563 3618 3792 3695 septem
3834 3613 4065 3680 diebus.
4157 3616 4262 3681 17.
4315 3616 4561 3682 Tollent-

2625 3721 2743 3784 que
2794 3720 2921 3782 pro
2976 3700 3294 3765 immundo
3357 3700 3432 3764 de
3463 3699 3728 3780 pulvere
3769 3701 4205 3767 combustionis
4248 3700 4560 3767 oblationis

2616 3807 2742 3938 ¹1⁰3?
2764 3790 3609 3955 &mmmm
3638 3806 4045 3955 wltawam
4064 3805 4561 3956 wem

2627 3958 2906 4024 mundus
2919 4008 2933 4034 ,
3013 3962 3067 4023 et
3129 3964 3380 4041 sparyet
3441 3977 3635 4037 super
3696 3958 3886 4023 taber»
4166 4009 4184 4038 ‚
4266 3965 4326 4025 et
4386 3976 4564 4039 super

2630 4063 2872 4109 omnem
2894 4043 3344 4125 supellectilem,
3367 4048 3626 4124 etsuper
3648 4044 3902 4108 animas
3926 4064 4084 4124 quae
4105 4045 4353 4127 fuerint
4371 4043 4476 4123 ibi,
4497 4058 4563 4107 ac

2628 4151 2821 4213 super
2841 4149 2982 4194 eum
3013 4130 3125 4211 qui
3144 4128 3336 4212 tetiqit
3365 4149 3434 4195 os
3454 4128 3637 4208 illud,
3672 4129 3768 4194 vel
3803 4130 4086 4208 occisum,
4129 4130 4225 4196 vel
4244 4137 4563 4205 mor-tumn,

2628 4216 2724 4282 vel
2764 4214 3131 4297 sepulcrum.
3223 4214 3323 4280 19.
3370 4215 3693 4299 Asperyet,
3750 4216 4026 4296 inquam,
4071 4218 4351 4283 mundus
4393 4231 4565 4296 super

2630 4302 3023 4367 immundum
3041 4301 3146 4367 die
3187 4302 3391 4378 tertia,
3435 4306 3492 4365 et
3522 4300 3626 4366 die
3658 4302 3940 4382 septima,
3983 4306 4042 4367 et
4081 4303 4410 4368 mundabit
4439 4318 4564 4366 etun

2631 4387 2734 4454 die
2785 4388 3080 4467 septima:
3141 4391 3361 4466 postea
3424 4384 3660 4450 lavabit
3714 4387 4073 4452 vestimenta
4129 4407 4251 4453 sua
4266 4413 4286 4454 .·
4350 4385 4566 4454 lavabit

2631 4493 2863 4556 quoque
2902 4492 3033 4537 sese
3074 4491 3257 4555 aqua,
3301 4477 3356 4537 et
3395 4472 3670 4537 mundus
3702 4473 3821 4539 erit
3864 4472 3931 4537 in
3966 4493 4240 4555 vespera.
4309 4474 4413 4540 20.
4463 4471 4567 4538 Vir

2367 4556 2533 4640 quod
2634 4563 2840 4625 autem
2881 4558 2993 4640 qui
3035 4559 3399 4625 immundus
3451 4557 3678 4638 fuerit,
3742 4563 3801 4624 et
3853 4578 3979 4623 non
4023 4560 4459 4642 purificaverit
4507 4575 4567 4622 se

2632 4644 2946 4710 excidetur
3008 4645 3228 4709 annua
3292 4644 3408 4708 illa
3473 4663 3506 4707 e
3569 4642 3772 4709 medio
3833 4646 4327 4728 conyreqationis
4350 4697 4368 4723 ,
4428 4643 4567 4727 quia

2631 4730 3065 4796 sanctuarium
3119 4729 3386 4796 Iehovae
3442 4728 3701 4810 polluit.-
3769 4749 3937 4812 aqua
3993 4732 4408 4812 separationis
4458 4747 4569 4793 non

2633 4822 2724 4883 est
2766 4836 3029 4899 aspersa
3090 4835 3277 4897 super
3319 4834 3491 4893 eum,
3546 4816 3909 4881 immundus
3961 4822 4071 4881 est.
4162 4816 4264 4882 21.
4325 4816 4415 4883 Et
4461 4814 4570 4880 erit

2633 4903 2726 4968 eis
2779 4903 2850 4967 in
2903 4906 3206 4967 statutum
3248 4906 3648 4984 perpetuum.-
3703 4906 3764 4965 et
3816 4900 3928 4982 qui
3981 4903 4293 4984 sparserit
4348 4919 4569 4984 αρααηι

2633 4988 3073 5070 separationis,
3134 4986 3370 5086 lavabit
3415 4988 3777 5084 vestimenta
3831 5006 3979 5086 sua:
4040 4990 4265 5070 quique
4322 4985 4569 5072 tetiqerit

2634 5093 2869 5225 ἔξω
2884 5072 3812 5241 effsstffluwfffft
3838 5074 4569 5237 ἵὲωέἑὲιξῗῖἰέἒέ.

2635 5247 2785 5312 dum
2835 5248 2954 5311 erit
2969 5270 2988 5309 .·
3052 5251 3108 5309 et
3163 5244 3382 5309 anima
3441 5262 3601 5325 quac
3652 5245 3913 5328 tetiqerit
3958 5246 4198 5328 ipsum,
4256 5243 4569 5311 immunda

2636 5332 2754 5397 erit
2793 5346 2987 5413 usque
3028 5332 3115 5397 ad
3155 5349 3494 5412 vesperam.
