4867 6150
307 480 423 546 293

306 689 488 751 neque
517 673 871 739 comedatur
901 674 1353 757 fermentatum.
1413 676 1475 743 4.
1515 672 1719 743 Hodie
1740 698 1847 742 vos
1865 698 1897 742 e
1973 678 2238 744 edimini

306 776 502 821 mense
568 758 748 824 Abib.
857 759 916 826 5.
991 762 1197 842 Quum
1261 768 1317 828 te
1393 764 1812 829 introduxerit
1917 763 2108 828 ehova
2167 765 2239 828 in

301 846 524 906 terram
572 843 953 926 Chananaei,
999 845 1270 926 Hittaei,
1317 848 1728 924 Amor-rhoeti,
1774 855 1833 913 et
1875 849 2140 929 Hivaei,
2183 855 2240 914 et

305 926 601 1006 Iebusaei,
646 932 724 997 de
754 952 881 1012 qua
921 934 1159 998 iuravit
1183 934 1480 1017 patribus
1511 936 1644 1001 tuis
1676 956 1742 1001 se
1773 935 2072 1000 daturum
2105 935 2235 1013 tibi,

300 1018 526 1079 terram
562 1017 850 1096 fluentem
895 1017 1046 1085 lacte
1087 1025 1144 1084 et
1180 1020 1372 1099 melle,
1414 1025 1545 1085 tum
1588 1021 1744 1086 coles
1778 1023 2012 1086 cultum
2045 1022 2238 1086 istum

301 1100 364 1169 in
395 1121 602 1168 mense
634 1104 770 1169 isto.
843 1105 903 1169 6.
953 1103 1193 1186 Septem
1226 1107 1440 1172 diebus
1472 1107 1745 1171 comedes
1779 1107 2237 1190 infermentata,

301 1191 399 1256 die
439 1194 646 1255 autem
688 1191 945 1271 septimo
986 1190 1323 1257 solennitas
1377 1193 1496 1257 erit
1539 1191 1814 1258 Iehovae.
1906 1194 1963 1258 7.
2025 1192 2237 1274 Infer-

300 1281 562 1340 mentata
624 1277 1009 1341 comedentur
1070 1282 1298 1360 septem
1348 1278 1567 1344 diebus
1581 1302 1600 1340 .·
1659 1297 1769 1343 nec
1831 1278 2241 1360 conspicietur

300 1362 469 1443 apud
524 1367 581 1427 te
628 1363 1063 1445 fermentatum
1079 1414 1093 1442 ,
1151 1383 1344 1445 neque
1399 1363 1725 1446 apparebit
1782 1365 1955 1445 apud
2009 1369 2064 1428 te
2118 1365 2242 1446 fer-

300 1454 565 1513 mentum
606 1451 678 1512 in
720 1453 1012 1513 universo
1055 1450 1314 1514 termino
1355 1453 1476 1514 tuo.
1567 1449 1626 1515 8.
1683 1449 2241 1532 Annunciabisque

295 1533 428 1615 filio
484 1539 591 1598 tuo
650 1554 717 1598 eo
772 1535 905 1613 die,
956 1534 1244 1601 dicendo.-
1300 1534 1565 1616 Propter
1626 1534 1735 1600 hoc
1797 1536 1960 1617 quod
2019 1537 2168 1618 fecit
2195 1533 2239 1622 ¹)

302 1618 528 1719 {ebora
571 1619 731 1683 mihi
785 1640 980 1701 quum
1035 1621 1273 1686 exirem
1317 1621 1613 1719 Aeyypto.
1701 1620 1761 1686 9.
1817 1619 1935 1721 Et·
1955 1623 2103 1721 erit·
2125 1620 2240 1685 tibi

298 1711 1460 1869 afffflssffiffiwtmtwc
1471 1708 2242 1876 “affmssissffss

296 1897 490 1941 manu
529 1876 683 1959 forti
723 1877 942 1942 eduxit
982 1883 1038 1943 te
1079 1877 1311 1944 Iehova
1352 1897 1430 1943 ex
1471 1879 1764 1961 Aeqypto.
1858 1877 1958 1943 10.
2022 1878 2241 1945 Obser-

295 1962 590 2045 vabisque
626 1968 927 2029 stattctum
968 1963 1077 2029 hoc
1118 1965 1190 2029 in
1231 1969 1498 2047 tempore
1537 1983 1652 2029 suo
1693 1965 2044 2047 quotannis.

464 2133 526 2199 3.
603 2133 780 2201 Tunc
840 2133 1008 2199 dixit
1077 2132 1289 2201 Moses
1351 2134 1437 2200 ad
1501 2135 1843 2218 populum.-
1916 2132 2240 2201 Memento.

293 2218 563 2301 Repetit
604 2218 776 2303 quod
821 2220 900 2285 de
945 2222 1194 2304 azymis
1241 2221 1490 2303 prolixe
1535 2222 1791 2286 dixerat
1834 2222 2044 2304 capite
2090 2242 2240 2304 pro-

294 2307 494 2384 ximo,
540 2327 674 2370 non
720 2322 854 2370 tam
893 2305 1163 2372 docendi
1202 2328 1400 2390 quam
1436 2306 1742 2372 hortandi
1781 2328 1998 2374 causa.
2066 2306 2241 2372 Nam

294 2412 432 2455 rem
502 2393 712 2474 ipsam
778 2393 937 2457 satis
1004 2389 1284 2458 dilucide
1341 2393 1739 2473 tradiderat,
1798 2404 1872 2458 ut
1925 2414 2058 2457 non
2111 2393 2242 2458 alia

297 2478 729 2560 explicatione
787 2498 953 2561 opus
1007 2487 1213 2560 esset,
1272 2478 1386 2544 sed
1430 2479 1731 2544 stimulos
1788 2478 2027 2545 addere
2082 2479 2243 2545 utile

294 2561 458 2642 fuit,
527 2584 653 2646 quo
713 2565 956 2629 maiore
1013 2564 1228 2629 studio
1286 2563 1370 2629 ad
1428 2563 1897 2648 praestandum
1952 2565 2242 2632 officium

294 2647 784 2727 incumberent,
851 2649 1136 2714 maxime
1192 2671 1351 2716 vero
1418 2672 1504 2715 ne
1570 2651 1864 2734 longiore
1929 2652 2243 2733 temporis

294 2742 512 2801 tractu
555 2733 657 2821 (ut
700 2736 839 2800 fieri
884 2734 1078 2821 solet)
1123 2737 1434 2818 paulatim
1496 2737 1875 2821 frigesceret
1930 2737 2240 2802 studium.

294 2818 625 2886 Hortatur
682 2841 838 2904 ergo
898 2830 972 2886 ut
1030 2819 1205 2905 quod
1260 2834 1413 2887 ante
1470 2823 1837 2903 mandavit,
1894 2822 2245 2906 diligenter

289 2906 647 2973 observent
687 2920 1029 2991 postquam
1077 2910 1385 2973 venerint
1427 2909 1499 2973 in
1544 2920 1809 2973 terram.
1899 2911 2117 2992 Atque
2161 2930 2244 2974 ex

292 2991 415 3060 hac
488 2994 893 3058 connexione
960 3004 1168 3075 patet,
1226 2994 1297 3058 in
1356 2993 1638 3059 eundem
1703 2995 1904 3059 finem
1969 2994 2244 3060 tendere

292 3094 649 3164 utrumque
684 3092 1118 3164 praeceptum,
1165 3078 1246 3145 de
1280 3080 1632 3146 offerendis
1670 3081 2142 3165 primogenitis,
2181 3093 2246 3147 et

292 3163 516 3231 Pesah
578 3165 997 3243 celebrande,
1074 3174 1149 3231 ut
1213 3166 1515 3232 liberatio
1581 3168 1899 3250 populum
1964 3169 2242 3234 electum

290 3254 630 3317 contineat
671 3252 742 3315 in
789 3252 1049 3334 speciali
1096 3251 1236 3316 veri
1283 3250 1410 3317 Dei
1462 3252 1660 3318 cultu.

468 3338 528 3403 4.
579 3335 783 3402 Hodie
823 3358 927 3404 vos
961 3338 1348 3421 eqredimini.
1417 3338 1772 3421 Comparat
1816 3338 1987 3403 diem
2026 3340 2245 3405 exitus

289 3443 444 3489 cum
507 3435 645 3488 toto
704 3433 993 3507 tempore
1049 3423 1471 3489 habitationis
1529 3424 1600 3488 in
1658 3433 1836 3489 terra
1890 3422 2241 3489 Chanaan:

293 3528 368 3575 ac
413 3509 477 3573 si
523 3509 800 3587 diceret,
851 3531 983 3574 non
1030 3508 1263 3574 redimi
1308 3521 1384 3574 ut
1427 3510 1645 3576 subita
1689 3518 1947 3575 tantum
1995 3510 2245 3575 laetitia

289 3594 620 3676 fruantur,
665 3596 776 3660 sed
825 3607 898 3659 ut
939 3596 1244 3660 omnibus
1287 3597 1563 3664 saeculis
1609 3596 1902 3663 beneficii
1942 3596 2079 3660 sint
2111 3618 2245 3661 me-

292 3701 530 3746 mores.
639 3681 1166 3766 Amplitudinem
1235 3702 1393 3746 vero
1460 3694 1673 3747 terrae
1740 3691 1805 3747 et
1877 3681 2241 3747 ubertatem

290 3788 527 3833 rursus
569 3768 984 3833 commendat
1026 3767 1108 3832 ob
1153 3766 1315 3833 duas
1369 3769 1655 3832 maxime
1714 3788 1960 3833 causas.
2050 3766 2246 3832 Prior

287 3865 412 3931 est,
453 3874 537 3917 ue
573 3866 720 3938 post
740 3854 1034 3936 insignes
1056 3854 1366 3919 victorias
1389 3853 1697 3935 superbia
1720 3861 1993 3936 occupet
2015 3873 2242 3917 eorum

295 3941 589 4014 animos,
649 3948 716 4003 et
772 3940 844 4004 in
895 3939 1235 4004 affluentia
1289 3939 1605 4005 bonorum
1647 3938 1975 4023 pinguedo
2018 3959 2241 4003 eorum

292 4026 520 4090 oculos
556 4024 846 4090 hebetet:
887 4025 1121 4089 deinde
1158 4031 1231 4089 ut
1263 4025 1405 4107 ipsa
1439 4025 1758 4091 bonorum
1791 4024 2244 4107 magnitudine

291 4111 513 4194 magis
578 4111 661 4176 ad
728 4112 1150 4194 gratitudinis
1215 4110 1430 4175 officia
1483 4119 1550 4175 et
1605 4112 1730 4176 Dei
1797 4111 2045 4175 cultum
2102 4113 2242 4176 ani-

291 4207 584 4261 mentur.
685 4198 1003 4261 Poterant
1069 4197 1242 4261 enim
1310 4206 1409 4261 tot
1463 4198 1763 4280 gentium
1830 4198 2111 4262 victores
2175 4204 2244 4262 et

294 4292 436 4347 tam
485 4284 739 4364 opimae
795 4283 1095 4365 lataeque
1143 4292 1357 4347 terrae
1414 4283 1656 4347 domini
1702 4282 2121 4360 insolescere,
2167 4291 2244 4347 ut

290 4368 376 4432 ad
406 4370 623 4433 Deum
661 4368 1004 4435 colendum
1044 4369 1258 4434 minus
1294 4379 1511 4433 essent
1548 4370 1808 4433 attenti:
1856 4368 1986 4434 nisi
2023 4368 2243 4433 admo-

292 4455 419 4518 niti
469 4455 771 4529 fuissent,
819 4454 1053 4519 debere
1095 4475 1167 4518 se
1210 4454 1332 4520 hoc
1376 4464 1633 4519 tantum
1681 4454 1796 4519 uni
1840 4456 2015 4536 Dec,
2072 4453 2241 4537 quod

294 4539 530 4604 multis
573 4541 827 4625 populis
873 4542 1097 4619 victis,
1158 4540 1423 4605 illorum
1471 4539 1718 4604 ditione
1762 4541 1955 4623 potiti
1997 4549 2237 4606 essent.

288 4624 647 4691 Caeterum
716 4625 1001 4691 ostendit
1057 4626 1304 4700 Moses,
1374 4646 1504 4708 quo
1571 4628 1777 4690 maior
1828 4628 2025 4691 fuerit
2084 4648 2242 4710 erga

287 4711 473 4793 ipsos
501 4712 620 4776 Dei
666 4711 1043 4790 liberalitas,
1089 4732 1166 4776 eo
1211 4712 1432 4777 minus
1469 4711 1607 4777 fore
1647 4712 2067 4790 excusabiles,
2115 4712 2241 4778 nisi

290 4797 452 4861 totis
498 4797 745 4863 viribus
781 4796 1091 4864 studeant
1125 4807 1347 4881 gratos
1382 4819 1451 4863 se
1487 4809 1836 4881 praestare.
1906 4798 2051 4862 Hoc
2085 4820 2238 4864 con-

290 4882 448 4946 silio
519 4885 757 4965 repetit
819 4885 1113 4967 gentium
1194 4884 1486 4962 nomina,
1567 4884 1801 4967 quibus
1878 4885 2244 4969 profligatis

288 4967 503 5032 futuri
548 4978 737 5035 erant
781 4978 995 5034 terrae
1054 4969 1401 5047 haeredes,
1462 4968 1696 5035 deinde
1754 4969 1938 5036 addit
1995 4980 2240 5035 terram

289 5055 611 5119 fluentem
655 5055 822 5121 lacte
866 5067 934 5120 et
977 5056 1186 5135 melle,
1234 5070 1312 5120 ut
1353 5056 1539 5139 larga
1575 5078 1794 5121 rerum
1830 5058 2032 5140 copia,
2080 5077 2244 5140 quae

291 5141 674 5207 versabitur
717 5153 871 5207 ante
914 5141 1171 5220 oculos,
1217 5142 1295 5205 ad
1332 5144 1642 5225 pietatem
1682 5144 1889 5226 magis
1925 5164 2000 5209 ac
2035 5145 2244 5228 magis

281 5247 410 5292 eos
470 5228 711 5293 incitet.
802 5228 935 5310 Qui
995 5248 1287 5292 mensem
1333 5227 1507 5294 Abib
1564 5230 1957 5294 tantundem
2027 5230 2245 5295 valere

475 5413 534 5482 1)
572 5414 646 5470 In
678 5415 956 5486 maraine.-
991 5416 1095 5483 vel,
1131 5415 1431 5486 Propterea
1468 5417 1615 5488 quod
1648 5417 1753 5472 hoc
1786 5419 1931 5472 fecit.

1755 488 2131 557 PRIMUM
2173 487 2827 563 PRAEOEPTUM.

4161 489 4290 557 294

2340 685 2582 761 putant
2625 684 2819 760 atque
2864 675 2987 754 Ab,
3033 675 3144 763 qui
3188 674 3363 741 Iulio
3406 681 3631 742 nostro
3675 675 4046 762 respondet,
4091 677 4286 761 longe

2305 764 2679 833 falluntur.
2769 761 3050 828 Constat
3091 761 3267 827 enim
3311 783 3537 828 mense
3581 763 3784 828 Nisan
3845 764 4021 830 circa
4063 763 4286 847 aequi-

2341 850 2630 916 noctium
2721 869 3003 913 vernum
3094 868 3389 932 egressos
3489 848 3695 915 fuisse
3782 849 4114 915 Israelitas
4202 870 4286 915 ex

2343 938 2679 1022 Aegypto:
2746 936 2934 1000 cuius
2998 935 3097 998 rei
3152 934 3425 998 minime
3491 933 3759 1000 dubium
3826 947 3926 1000 est
3989 936 4287 1000 testimo-

2340 1022 2525 1088 nium
2585 1020 2915 1104 paschatis
2971 1019 3370 1099 observatio,
3429 1041 3547 1104 per
3601 1042 3836 1086 manus
3892 1042 3931 1085 a
3988 1018 4287 1104 patribus

2341 1101 2603 1173 traditd.
2692 1106 2834 1171 Iam
2904 1126 3108 1189 quum
3152 1104 3441 1171 Hebraei
3499 1106 3723 1172 omnia
3779 1107 4104 1171 mensium
4166 1125 4285 1170 no·

2341 1195 2554 1273 mina,
2613 1213 2778 1275 quae
2836 1192 2968 1256 illis
3028 1198 3174 1273 post
3228 1191 3358 1256 duo
3400 1191 3606 1255 millia
3663 1213 3986 1258 annorum
4029 1192 4103 1256 in
4153 1212 4288 1257 usu

2343 1279 2636 1357 fuerunt,
2685 1300 2724 1344 a
2770 1276 3121 1344 Chaldaeis
3165 1278 3451 1342 mutuati
3494 1279 3656 1358 sint,
3716 1277 4069 1344 absurdum
4117 1284 4290 1343 esset

2342 1363 2516 1430 Abib
2576 1365 2701 1431 hoc
2761 1363 2899 1430 loco
2956 1372 3272 1445 tanquam
3332 1363 3670 1446 proprium
3727 1365 4045 1447 accipere,
4101 1366 4291 1446 prae-

2343 1451 2572 1517 sertim
2632 1471 2832 1533 quum
2889 1450 2963 1515 in
3021 1450 3347 1531 scriptura
3407 1448 3660 1515 nullum
3719 1451 4085 1532 reperiatur
4142 1470 4292 1532 pro·

2344 1537 2562 1620 prium
2607 1557 2866 1601 nomen.
2957 1534 3240 1616 Quando
3284 1543 3505 1600 autem
3564 1536 3957 1618 appellative
4001 1535 4127 1601 hoc
4174 1553 4291 1599 no·

2343 1645 2496 1688 men
2543 1624 2828 1706 positum
2873 1642 3014 1687 esse
3057 1622 3226 1685 ratio
3272 1621 3704 1700 demonstrat,
3772 1620 4124 1687 videndum
4171 1642 4295 1686 cnr

2343 1710 2678 1774 tribuatur
2703 1707 2942 1774 Martio
2977 1707 3087 1771 vel
3122 1707 3314 1771 initio
3341 1707 3610 1790 Aprilis.
3654 1706 3792 1788 Qui
3817 1706 3986 1772 Abib
4024 1714 4295 1772 vertunt

2344 1796 2571 1879 fruges
2615 1804 3166 1872 maturescentes,
3227 1792 3392 1858 nihil
3439 1792 3688 1860 habent
3732 1794 4043 1869 rationis,
4088 1812 4292 1875 quum

2343 1879 2732 1964 simpliciter
2765 1900 3003 1944 nomen
3043 1879 3165 1945 hoc
3207 1878 3553 1963 significet,
3601 1878 3917 1962 quidquid
3961 1878 4292 1944 adolescit.

2345 1965 2540 2034 Unde
2603 1974 2672 2030 et
2737 1964 2819 2031 ad
2897 1965 3148 2030 culmos
3226 1966 3470 2049 segetis
3549 1966 3959 2030 transfertur.
4070 1963 4294 2045 Quum

2343 2053 2553 2137 igitur
2595 2052 2666 2117 in
2724 2049 2955 2118 calidis
3010 2050 3142 2116 illis
3194 2051 3571 2133 regionibus
3625 2049 4037 2133 aequinoctio
4090 2070 4296 2117 verno

2344 2144 2700 2221 assurgant
2741 2146 3027 2221 segetes,
3073 2136 3154 2200 ab
3199 2137 3439 2202 effectu
3483 2137 3730 2202 mensis
3766 2136 3975 2202 Nisan
4019 2145 4297 2202 vocatur

2345 2225 2734 2291 culmorum.
2804 2221 3175 2287 Probabilis
3210 2224 3408 2288 etiam
3445 2223 3819 2288 coniectura
3858 2231 3959 2287 est
4001 2220 4105 2309 (ut
4139 2229 4298 2287 ante

2346 2307 2664 2397 diximus)
2708 2309 2953 2373 mutari
2996 2308 3150 2372 anni
3195 2308 3557 2386 exordium,
3603 2328 3731 2390 quo
3763 2308 4093 2374 illustrior
4126 2316 4299 2373 esset

2347 2395 2660 2461 ecclesiae
2682 2395 3027 2460 nativitas:
3052 2414 3129 2459 ac
3150 2393 3207 2460 si
3231 2404 3391 2458 tunc
3415 2402 3770 2459 renovatus
3792 2402 3967 2459 esset
3987 2391 4297 2460 mundus.

2348 2479 2546 2563 Quod
2591 2491 2826 2564 putant
2860 2479 3156 2564 quidam,
3213 2477 3439 2545 eodem
3486 2500 3714 2545 mense
3759 2478 3902 2544 Noe
3961 2500 4298 2565 egressum

2348 2588 2495 2633 esse
2540 2587 2623 2632 ex
2668 2586 2853 2644 arca,
2912 2575 2989 2630 ut
3042 2586 3250 2630 verna
3303 2566 3670 2653 temperies·
3700 2566 3915 2648 ipsum
3959 2585 4109 2630 cum
4154 2565 4305 2630 aliis

2349 2654 2796 2719 animantibus
2836 2660 3287 2717 renascentem
3335 2651 3683 2733 exciperet,
3727 2652 3800 2716 in
3842 2651 4058 2717 medio
4104 2652 4304 2717 relin-

2349 2759 2497 2822 quo,
2538 2747 2613 2804 ut
2655 2738 2793 2803 dixi
2836 2759 2974 2821 cap.
3022 2737 3063 2802 8
3106 2738 3178 2800 in
3215 2736 3531 2803 Genesin.
3599 2734 3676 2804 Si
3721 2750 3946 2802 tamen
3991 2738 4306 2822 recipitur

2348 2825 2463 2890 illa
2521 2824 2884 2898 sententia,
2951 2822 3270 2906 prolepsis
3326 2824 3456 2889 erit
3497 2824 3566 2888 in
3625 2843 3900 2887 numero
3943 2824 4303 2889 mensium:

2349 2932 2520 2994 quae
2563 2919 2786 2976 tamen
2832 2906 3118 2973 absurda
3151 2929 3288 2973 non
3332 2909 3492 2974 erit:
3539 2908 3697 2991 quia
3733 2908 3897 2973 utile
3937 2909 4061 2974 fuit
4096 2930 4303 2993 popu·-

2349 2997 2488 3061 lum
2534 2994 2873 3062 assuefieri
2931 2992 3014 3059 ad
3070 2994 3240 3060 ritus
3295 2993 3559 3080 legales.
3651 2991 3786 3061 Sed
3833 2993 3914 3060 de
3957 2993 4155 3061 rebus
4198 2995 4304 3060 in-

2350 3082 2553 3150 certis
2597 3103 2731 3148 non
2775 3079 3125 3146 contendo.

2522 3168 2584 3234 8.
2665 3165 3221 3249 Annunciabisque
3292 3165 3429 3249 filio
3504 3171 3611 3232 tuo
3671 3187 3739 3232 eo
3815 3166 3942 3248 die,
4022 3166 4295 3233 dicendo.

2350 3253 2621 3338 Repetit
2663 3255 2862 3319 etiam
2906 3251 3077 3335 quod
3121 3263 3275 3317 ante
3320 3251 3640 3331 vidimus,
3702 3253 3997 3337 patribus
4040 3252 4301 3338 iniungi

2351 3340 2625 3408 docendi
2671 3350 2908 3422 partes,
2955 3345 3032 3403 ut
3074 3338 3324 3404 cultum
3350 3339 3477 3403 Dei
3511 3337 3594 3403 ad
3631 3350 3922 3422 posteros
3961 3341 4299 3405 transmit-

2350 3436 2515 3492 tant.
2605 3424 2920 3491 Proximo
2978 3424 3195 3506 capite
3254 3424 3504 3488 dictum
3547 3425 3702 3489 fuit:
3750 3423 3976 3506 Quum
4020 3425 4303 3491 interro·

2349 3511 2656 3595 gaverint
2699 3521 2767 3575 te
2810 3510 2960 3588 filii,
3006 3520 3131 3576 etc.
3177 3529 3355 3574 nunc
3399 3509 3666 3576 brevius
3709 3511 3895 3576 iubet
3937 3510 4302 3594 praedicari

2350 3599 2477 3663 Dei
2503 3597 2908 3674 beneficium,
2946 3598 3249 3678 quamvis
3285 3616 3480 3660 nemo
3515 3597 3904 3680 interroget:
3944 3597 4101 3680 quia
4122 3598 4295 3663 ultro

2349 3683 2431 3748 ad
2491 3682 2732 3748 liberos
2786 3682 2857 3747 in
2913 3682 3147 3746 timore
3191 3681 3319 3746 Dei
3370 3680 3737 3748 educandos
3791 3682 4099 3765 propensi
4153 3704 4297 3750 esse

2351 3769 2592 3834 debent
2626 3778 2948 3851 parentes.
3017 3766 3288 3849 Repetit
3331 3768 3529 3832 etiam
3575 3767 3748 3851 quod
3794 3780 3948 3834 ante
3992 3769 4296 3851 vidimus,

2349 3853 2795 3921 renovandam
2861 3853 3211 3936 quotannis
3288 3852 3694 3920 liberationis
3758 3854 4144 3920 memoriam
4213 3877 4295 3922 ne

2349 3962 2640 4023 unquam
2716 3941 2969 4018 effluat,
3048 3947 3123 4003 ut
3200 3937 3389 4004 facile
3469 3940 3828 4024 negligitur
3892 3941 4100 4022 pietas
4165 3940 4294 4007 nisi

2348 4026 2610 4092 assidue
2654 4027 2726 4090 in
2770 4025 2911 4090 eius
2955 4024 3172 4089 studio
3217 4037 3648 4091 exerceantur
3692 4025 4009 4092 homines.
4090 4024 4292 4092 Simi-

2348 4112 2625 4178 litudine
2684 4121 2902 4177 autem
2959 4112 3195 4188 utitur,
3252 4132 3453 4194 quum
3513 4109 3672 4176 dicit
3726 4112 3864 4176 fore
3915 4112 3987 4175 in
4030 4114 4294 4195 signum

2348 4219 2549 4281 super
2603 4218 2908 4275 manum,
2966 4205 3032 4261 et
3092 4197 3468 4261 memoriale
3524 4197 3702 4261 inter
3760 4196 4000 4263 oculos.
4092 4202 4191 4264 Ac
4235 4198 4293 4264 si

2349 4284 2595 4349 diceret
2638 4305 2771 4349 non
2817 4303 3006 4348 secus
3050 4302 3275 4346 eorum
3321 4282 3526 4348 oculis
3572 4284 3849 4365 proponi
3896 4282 4291 4366 redemptio-

2348 4371 2596 4435 nemin
2633 4368 2962 4452 paschate,
3000 4388 3196 4450 quam
3224 4367 3512 4432 annulus
3534 4369 3738 4451 quiin
3763 4366 3969 4451 digito
3992 4381 4290 4453 gestatur

2346 4455 2622 4521 subinde
2665 4454 3077 4536 conspicitur,
3124 4454 3226 4520 vel
3266 4463 3727 4519 ornamentum
3765 4454 3932 4537 quod
3970 4456 4041 4519 in
4078 4456 4294 4523 fronte

2345 4542 2610 4625 ligatur.
2716 4540 2865 4621 Qua
2922 4540 3119 4604 etiam
3179 4539 3434 4604 ratione
3493 4539 3675 4622 prius
3742 4541 3953 4606 voluit
4016 4548 4149 4605 tam
4217 4543 4290 4607 in

2347 4628 2559 4711 capite
2595 4647 2789 4711 quam
2825 4627 2895 4689 in
2932 4624 3233 4690 manibus
3273 4634 3340 4689 et
3376 4626 3652 4690 vestium
3704 4627 3979 4691 fimbriis
4014 4626 4291 4694 describi

2346 4714 2513 4797 legis
2555 4725 2921 4797 praecepta.
3012 4709 3287 4776 Summa
3331 4720 3447 4788 cst,
3493 4712 3567 4775 in
3612 4711 3827 4776 Pesah
3873 4711 4107 4778 debere
4152 4735 4291 4781 mo-

2346 4809 2741 4865 numentum
2778 4806 3037 4863 exstare
3071 4797 3316 4879 gratiae
3339 4796 3487 4875 Dei,
3534 4806 3605 4862 ut
3641 4819 3977 4880 nunquam
4023 4799 4294 4881 obrepat

2345 4887 2621 4953 oblivio:
2680 4885 2871 4949 sicuti
2930 4892 3310 4947 ornamenta
3366 4904 3532 4965 quae
3575 4884 3647 4947 in
3691 4883 3911 4950 fronte
3955 4893 4022 4949 et
4065 4884 4288 4968 digitis

2346 4982 2698 5056 apparent,
2755 4970 3066 5037 continuo
3121 4970 3223 5034 sui
3280 4980 3547 5051 aspectu
3605 4979 3859 5035 mentes
3907 4969 4290 5053 expergefa—

2347 5061 2550 5123 ciunt.
2637 5056 3029 5140 Quanquam
3086 5055 3143 5120 si
3202 5056 3346 5137 quis
3392 5056 3601 5139 magis
3652 5056 3883 5139 probet
3927 5056 4161 5121 Mosen
4205 5054 4289 5120 ad

2349 5165 2461 5209 eos
2527 5142 2818 5207 alludere
2882 5141 2993 5224 qui
3061 5141 3388 5207 tarditatis
3446 5163 3605 5207 suae
3661 5142 3936 5220 conscii,
3994 5141 4287 5207 subsidia

2349 5228 2705 5293 memoriae
2784 5227 2908 5293 sibi
2984 5227 3367 5306 conficiunt,
3446 5249 3578 5292 non
3660 5247 3968 5310 repugno.
4080 5226 4287 5307 Quasi

2351 5314 2599 5379 diceret
2653 5315 2962 5398 quoniam
3017 5312 3312 5378 obliviosi
3364 5314 3531 5392 sint,
3590 5313 3905 5378 utendum
3963 5331 4106 5377 esse
4162 5311 4287 5378 hoc

2349 5401 2657 5479 remedio,
2703 5399 2877 5483 quod
2921 5420 3031 5464 eos
3075 5399 3155 5464 ad
3201 5398 3668 5484 gratitudinem
3712 5398 4033 5464 sollicitet.
4097 5397 4290 5465 Idem

3771 5498 3871 5554 19*
