4867 6150
515 416 648 484 699

518 607 727 676 mittit
789 626 975 672 suam
1056 602 1574 670 benedictionem
1651 602 1791 668 fore
1868 603 2082 669 instar
2164 603 2486 670 uberioris

568 700 901 761 reventus.
1004 689 1223 773 Atque
1280 690 1436 755 hinc
1493 690 1847 773 sumpsisse
1915 689 2177 755 videtur
2235 690 2486 757 Paulus

546 782 607 848 2.
656 779 805 847 Cor.
852 779 912 858 9,
960 775 1069 863 10)
1111 796 1298 841 suam
1352 774 1434 841 ad
1479 773 1861 841 Corinthios
1918 776 2481 842 exhortationem:

587 867 657 933 ui
700 866 983 933 seminat
1025 864 1096 929 in
1139 860 1700 927 benedictionibus
1736 863 1936 927 etiam
1974 860 2056 927 de
2092 858 2486 928 benedictio-

522 954 716 1020 nibus
760 958 980 1016 metet.
1070 948 1319 1014 Potens
1363 955 1465 1013 est
1508 947 1695 1013 Deus
1739 945 1969 1027 facere,
2018 957 2089 1015 ut
2136 949 2365 1013 affluat
2408 947 2482 1012 in

520 1038 704 1106 vobis
761 1038 1005 1119 gratia,
1064 1042 1142 1100 ut
1200 1034 1274 1099 in
1331 1032 1640 1099 omnibus
1698 1053 1957 1116 semper
2016 1034 2481 1100 sufficientiam

522 1126 870 1201 habentes,
940 1118 1287 1188 abundetis
1350 1119 1426 1184 in
1491 1140 1686 1185 omne
1752 1140 1917 1201 opus
1975 1120 2238 1186 bonum.
2345 1118 2478 1201 Qui

521 1209 940 1278 administrat
997 1228 1222 1274 semen
1286 1205 1675 1285 seminanti,
1734 1205 2197 1289 multiplicabit
2254 1227 2479 1271 semen

517 1306 816 1365 vestrum
836 1346 851 1373 ‚
919 1301 989 1359 et
1054 1293 1320 1377 augebit
1383 1293 1791 1357 incrementa
1854 1291 2122 1376 frugum
2189 1291 2480 1357 iustitiae

519 1393 811 1463 vestrae,
875 1389 949 1445 ut
1011 1380 1083 1445 in
1148 1378 1450 1444 omnibus
1513 1376 1919 1461 locupletati,
1993 1377 2340 1444 abundetis
2404 1377 2479 1441 in

517 1489 783 1536 omnem
828 1466 1335 1551 simplicitatem.
1403 1463 1486 1529 In
1523 1482 1797 1542 summa,
1844 1463 2028 1529 Deus
2065 1465 2299 1529 anxios
2333 1484 2480 1529 esse

518 1564 732 1635 vetat,
787 1554 942 1637 quia
1006 1552 1063 1618 si
1119 1549 1459 1635 largiendo
1514 1547 1911 1633 pauperibus
1978 1549 2224 1634 aliquid
2277 1571 2314 1615 c
2359 1571 2480 1615 suo

514 1641 910 1718 diminuant,
953 1657 1074 1704 sua
1119 1635 1570 1703 benedictione
1616 1635 1871 1720 copiose
1911 1635 2167 1702 sarciet.

689 1727 750 1791 6.
792 1724 965 1791 Nam
1000 1722 1232 1790 lebona
1264 1721 1450 1788 Deus
1487 1726 1653 1787 tuus.
1713 1721 2077 1787 Confirmat
2112 1722 2480 1806 proximam

517 1811 932 1890 sententiam,
976 1809 1092 1876 sed
1130 1829 1170 1873 a
1204 1808 1419 1892 specie
1456 1806 1539 1873 ad
1574 1828 1786 1891 genus
1822 1806 2218 1874 conscendit.
2287 1807 2479 1873 Post-

517 1920 718 1983 quam
765 1898 941 1963 enim
998 1894 1220 1962 docuit
1262 1914 1345 1959 ex
1388 1893 1518 1959 Dei
1576 1892 2030 1960 benedictione
2085 1916 2226 1961 esse
2281 1893 2481 1977 longe

519 1984 673 2070 plus
716 1981 1112 2067 sperandum
1147 2001 1345 2065 quam
1380 1979 1780 2062 pauperibus
1815 1980 2254 2065 erogaverint,
2301 2001 2481 2046 nunc

517 2067 631 2139 eos
666 2069 749 2135 ad
783 2068 1010 2136 foedus
1042 2069 1258 2150 ipsum
1299 2074 1595 2131 revocat:
1640 2065 1826 2149 quasi
1866 2065 2127 2145 diceret,
2163 2064 2482 2149 quidquid

518 2157 768 2224 habent
829 2174 1102 2220 manare
1167 2175 1207 2218 a
1271 2152 1482 2236 primo
1559 2150 1676 2216 illo
1753 2152 1933 2217 fonte
2011 2152 2264 2236 gratiae
2329 2150 2479 2229 Dei,

520 2240 784 2328 quando
856 2262 969 2307 eos
1045 2248 1264 2304 terrae
1330 2236 1652 2303 Chauaan
1729 2236 2043 2303 haeredes
2121 2237 2478 2304 constituit.

517 2330 1007 2397 Commemorat
1040 2326 1240 2392 etiam
1264 2324 1480 2389 Deum
1520 2332 1678 2390 tunc
1712 2323 2081 2407 pollicitum
2115 2323 2245 2390 illis
2279 2324 2480 2389 fuisse

518 2415 753 2482 uberes
836 2418 1218 2497 proventus.
1349 2407 1608 2491 Quibus
1687 2408 1906 2476 verbis
1985 2408 2327 2487 admonet,
2421 2410 2480 2476 si

519 2498 805 2569 restricti
848 2498 1096 2565 fuerint
1137 2517 1213 2562 ac
1250 2502 1529 2577 tenaces,
1572 2494 1849 2561 reddere
1881 2505 2131 2560 terram
2167 2493 2477 2562 sterilem.

516 2585 714 2670 Quod
759 2592 979 2651 autem
1038 2581 1310 2659 dicitur,
1369 2580 1642 2647 daturos
1686 2588 1919 2646 mutuo
1965 2583 2218 2647 cunctis
2261 2582 2477 2665 genti-

518 2673 642 2739 bus
660 2723 674 2751 ,
755 2670 838 2738 ad
918 2667 1489 2753 amplificationem
1567 2667 1753 2731 facit:
1829 2667 2022 2733 sicuti
2101 2668 2477 2751 proximum

519 2759 910 2835 membrum,
956 2754 1408 2821 dominaturos
1452 2753 1791 2838 gentibus:
1836 2751 2014 2818 unde
2059 2754 2374 2837 sequitur,
2422 2752 2479 2818 si

518 2846 636 2928 qui
679 2845 851 2910 inter
894 2842 1071 2926 ipsos
1107 2839 1470 2924 indigeant,
1517 2838 1662 2906 fieri
1704 2838 1932 2923 populi
1964 2838 2177 2922 ipsius
2209 2839 2481 2919 malitia,

513 2937 587 2998 ct
674 2930 975 2996 ravitate.

629 2952 672 3015 P
692 3017 753 3083 7.
804 3014 880 3083 Si
917 3012 1116 3098 fuerit
1156 3012 1334 3099 apud
1373 3016 1431 3078 te
1471 3011 1811 3077 mendicus.
1878 3009 2067 3077 Idem
2105 3018 2206 3078 est
2239 3032 2481 3078 nomen

519 3102 690 3188 quod
734 3101 931 3187 paulo
967 3107 1121 3165 ante
1155 3097 1445 3164 vidimus
1488 3109 1660 3196 1³⁹an-
1715 3096 1949 3180 Neque
1992 3105 2217 3163 tamen
2253 3119 2482 3164 secum

517 3199 788 3274 pugnat,
831 3208 1036 3271 quum
1077 3204 1269 3269 opem
1309 3184 1483 3249 ferre
1519 3182 1836 3249 mendicis
1870 3183 2086 3263 iubet,
2130 3206 2290 3268 quos
2327 3195 2482 3250 ante

515 3276 733 3341 vetuit
765 3295 906 3341 esse
950 3272 1022 3338 in
1064 3270 1338 3355 populo:
1381 3268 1737 3352 prohibitio
1771 3269 1950 3334 enim
1983 3267 2116 3337 huc
2153 3269 2479 3349 tendebat,

514 3362 575 3430 si
620 3362 767 3444 quis
827 3357 910 3425 ad
977 3356 1467 3423 mendicitatem
1531 3353 1837 3421 redactus
1905 3364 2112 3437 esset,
2178 3377 2263 3422 ne
2327 3376 2480 3421 cum

513 3446 875 3514 abiicerent
915 3465 992 3511 ac
1036 3442 1429 3508 desererent.
1489 3440 1634 3507 Iam
1670 3462 1829 3506 vero
1865 3440 2128 3507 modum
2173 3441 2481 3526 explicat,

516 3552 788 3616 nempe,
838 3532 898 3598 si
942 3551 982 3596 a
1028 3537 1211 3596 ertae
1253 3527 1390 3594 sint
1434 3527 1718 3593 divitum
1763 3548 2003 3593 manus
2047 3527 2130 3593 ad
2170 3527 2481 3594 ferendas

516 3619 870 3703 suppetias.
1033 3623 1357 3693 aeterum,
1408 3618 1484 3679 ut
1539 3612 1621 3678 ad
1681 3612 2195 3679 misericordiam
2255 3615 2483 3681 flectat

514 3726 745 3770 eorum
788 3702 1043 3769 animos
1062 3753 1077 3781 ,
1135 3721 1369 3766 rursus
1423 3709 1694 3764 mutuae
1736 3700 2167 3765 fraternitatis
2211 3720 2323 3765 eos
2365 3700 2481 3764 ad-

515 3799 761 3868 monet,
808 3790 1074 3871 eiusque
1110 3786 1351 3871 pignus
1388 3784 1497 3850 vel
1532 3794 1849 3850 tesseram
1884 3786 2196 3869 proponit
2231 3795 2478 3851 terram

514 3877 589 3941 in
634 3895 766 3960 qua
810 3873 1008 3941 simul
1049 3873 1358 3939 habitant
1400 3871 1527 3936 Dei
1573 3871 1903 3937 beneficio.
1995 3870 2288 3951 Deinde,
2347 3893 2478 3955 quo

514 3961 870 4029 voluntarii
914 3960 1047 4026 sint
1089 3979 1164 4025 ac
1223 3957 1510 4041 prompti
1569 3955 1655 4022 ad
1709 3954 2191 4023 humanitatem
2208 4008 2226 4036 ,
2295 3965 2477 4024 vetat

515 4069 631 4116 cor
665 4069 859 4114 suum
893 4044 1251 4112 obdurare:
1297 4044 1426 4128 quo
1463 4042 1796 4127 significat
1828 4043 2179 4110 avaritiam
2215 4064 2479 4129 semper

513 4155 659 4200 esse
701 4133 1053 4201 crudelem.
1134 4129 1426 4196 Tandem
1472 4127 1842 4195 doctrinam
1885 4127 2056 4196 hanc
2098 4129 2181 4194 ad
2226 4151 2473 4195 annum

513 4220 919 4286 remissionis
964 4214 1438 4293 accommodat,
1482 4235 1753 4297 nempe,
1798 4223 1876 4279 ut
1917 4213 2191 4297 perinde
2234 4214 2476 4281 subve-

514 4306 705 4371 niant
740 4305 964 4390 egenis
999 4303 1316 4368 fratribus
1351 4302 1610 4368 circiter
1643 4300 1826 4366 illius
1859 4302 2020 4366 anni
2054 4301 2473 4385 principium,

515 4412 592 4456 ac
636 4392 693 4456 si
737 4391 960 4473 paucis
1004 4397 1153 4473 post
1197 4387 1425 4453 diebus
1469 4387 1796 4470 recepturi
1838 4395 2062 4453 essent
2104 4387 2472 4472 pecuniam,

508 4496 682 4560 quae
739 4475 910 4559 apud
979 4495 1335 4560 pauperem
1401 4495 1606 4557 usque
1664 4471 1749 4538 ad
1804 4474 2006 4539 finem
2065 4472 2473 4540 remissionis

510 4561 823 4629 manebit.

688 4647 789 4713 11.
856 4646 1002 4711 Non
1056 4648 1224 4712 enim
1276 4646 1478 4713 deerit
1531 4647 1868 4712 mendicus.
1974 4645 2167 4728 Quod
2226 4646 2470 4712 subau-

513 4732 705 4799 diunt
746 4731 1042 4817 quidam,
1098 4732 1245 4799 ideo
1290 4734 1428 4799 fore
1473 4753 1795 4817 pauperes
1853 4732 2005 4815 quia
2061 4729 2273 4816 Iegem
2335 4753 2469 4797 non

511 4820 892 4898 servabunt,
938 4836 1014 4884 ac
1057 4817 1115 4882 si
1157 4819 1238 4884 ob
1279 4839 1510 4884 eorum
1544 4818 1864 4884 malitiam
1909 4826 2089 4884 terra
2131 4837 2469 4884 exaresce-

512 4912 649 4984 ret,
696 4906 890 4990 longe
933 4905 1212 4988 petitum
1255 4912 1374 4970 est.
1464 4902 1542 4969 Id
1587 4903 1849 4988 quidem
1909 4925 2141 4970 verum
2185 4924 2328 4971 esse
2373 4904 2470 4971 fa-

512 4998 686 5057 teor:
753 4991 868 5057 sed
933 4990 1042 5055 hic
1107 5010 1370 5055 causam
1435 5010 1571 5055 non
1629 4989 1941 5056 adscribit
1995 4989 2182 5057 Deus
2240 5010 2468 5057 eorum

512 5078 813 5161 peccatis,
859 5098 979 5143 cur
1021 5076 1227 5142 futuri
1272 5076 1407 5140 sint
1450 5077 1655 5159 aliqui
1698 5075 2010 5145 mendici:
2058 5083 2315 5142 tantum
2359 5076 2471 5143 ad-

513 5174 738 5229 monet
780 5184 1118 5247 uunquam
1159 5160 1292 5227 illis
1337 5159 1557 5227 defore
1590 5163 1936 5229 materiam
1980 5162 2466 5243 beneficentiae,

515 5250 668 5332 quia
698 5250 880 5316 Deus
901 5249 1139 5315 oblatis
1162 5247 1578 5332 pauperibus,
1606 5247 1902 5331 probabit
1923 5269 2052 5332 quo
2075 5251 2208 5315 sint
2232 5250 2468 5316 animo.

514 5335 686 5401 Nam
731 5334 834 5422 (ut
876 5334 1033 5402 alibi
1076 5333 1305 5422 retuli)
1349 5332 1495 5399 ideo
1538 5344 1896 5400 occurrunt
1938 5335 2064 5401 sibi
2106 5355 2357 5419 pauper
2401 5344 2470 5402 et

1966 411 2421 481 OCTAVUM
2466 413 3117 483 PRAEOEPTUM.

4404 418 4514 487 ''1oe

2590 602 2795 683 dives,
2837 611 2904 669 et
2946 604 3287 687 utriusque
3323 613 3578 672 creator
3613 612 3714 672 est
3735 604 3940 684 Deus,
3987 606 4141 689 quia
4174 626 4306 671 non
4345 607 4515 675 aliter

2589 690 2897 773 vigerent
2953 691 3246 756 caritatis
3300 691 3518 757 officia
3574 692 3701 756 nisi
3759 693 3918 757 dum
3975 714 4047 758 se
4106 691 4211 756 alii
4276 693 4339 758 in
4384 694 4514 760 aliis

2586 774 2896 841 iuvandis
2941 784 3269 842 exercent.
3360 777 3540 862 Ergo
3584 788 3658 842 ut
3715 777 3993 844 divitum
4050 779 4374 863 pigritiam
4416 801 4516 844 ex·

2585 861 2744 928 citet
2783 861 3001 941 Deus,
3055 860 3222 928 nihil
3279 883 3352 927 sc
3408 864 3783 948 praecipere
3847 872 4127 931 testatur
4183 864 4314 931 nisi
4359 864 4517 948 quod

2584 946 2910 1032 flagitabit
2952 949 3263 1015 continua
3303 949 3683 1017 necessitas.

3206 1290 3338 1357 EX
3374 1291 3678 1360 EXODI
3718 1293 3917 1361 XXI.

2757 1465 2815 1529 1.
2864 1461 3038 1530 Haec
3074 1468 3223 1530 sant
3272 1465 3517 1531 iudicia
3570 1485 3729 1547 qnae
3769 1485 4089 1548 propones
4145 1466 4258 1533 eis.
4347 1467 4407 1532 2.
4452 1465 4521 1532 Si

2578 1551 2807 1617 emeris
2844 1570 3095 1616 servum
3139 1548 3495 1616 Hebraeum
3508 1601 3525 1627 ‚
3582 1572 3693 1617 sex
3734 1553 3926 1617 annis
3968 1552 4224 1618 serviet.-
4279 1553 4517 1634 septimo

2580 1635 2930 1720 eyredietur
2975 1637 3199 1720 ,oratis
3301 1637 3362 1703 3.
3416 1635 3495 1702 Si
3549 1657 3691 1702 cum
3755 1658 4010 1719 corpore
4050 1658 4165 1704 suo
4217 1638 4520 1722 inyressus

2577 1722 2790 1806 fuerit,
2825 1742 2967 1796 cam
2999 1742 3248 1804 corpore
3280 1743 3396 1789 sno
3427 1724 3774 1807 eyredietnr
3789 1774 3806 1803 ‚
3848 1725 3912 1789 si
3942 1725 4218 1790 maritas
4251 1724 4521 1790 mulieris

2581 1813 2749 1886 erat,
2815 1809 3157 1892 eyredietur
3211 1813 3268 1874 et
3306 1828 3472 1876 uxor
3513 1810 3652 1875 eins
3692 1829 3836 1875 cnm
3872 1810 4031 1892 ipso.
4120 1810 4184 1877 4.
4235 1808 4315 1876 Si
4352 1809 4521 1877 henas

2583 1895 2724 1959 eius
2757 1894 2997 1961 dederit
3037 1895 3097 1960 ei
3138 1914 3419 1972 uxorem,
3456 1900 3514 1960 et
3542 1897 3863 1978 pepererit
3896 1895 3957 1977 ei
3993 1895 4181 1978 filios,
4218 1895 4314 1962 vel
4342 1894 4519 1977 filias,

2581 2000 2743 2045 uxor
2780 1984 2837 2045 et
2873 1978 3001 2061 filii
3042 1980 3180 2046 eius
3222 1986 3404 2046 erant
3446 1980 3582 2047 heri
3622 1982 3760 2049 sui.-
3817 1982 3954 2064 ipse
4006 2002 4150 2048 vero
4194 1982 4519 2066 eyredietnr

2583 2085 3183 2149 cumcorporesuo.
3274 2066 3336 2133 5.
3389 2067 3967 2149 Quodsidieendo
4014 2068 4521 2135 dioeeritservus:

2583 2150 2805 2235 Dssiyo
2846 2151 3066 2216 herum
3103 2172 3327 2233 meum,
3365 2157 3423 2218 et
3461 2173 3723 2218 uxorem
3763 2174 3999 2235 meam,
4042 2159 4100 2219 et
4135 2154 4312 2236 filios
4349 2173 4519 2233 meo-3,

2581 2258 2707 2303 non
2762 2238 3106 2321 eyredietur
3169 2237 3355 2303 liber:
3454 2240 3515 2305 6.
3589 2239 3765 2304 Tunc
3822 2240 4084 2306 adducet
4143 2259 4292 2305 eum
4352 2238 4519 2306 herus

2582 2324 3149 2405 eiusadiadices,
3208 2329 3266 2389 et
3319 2324 3842 2407 applicabiteum
3884 2328 3972 2393 ad
4015 2326 4278 2406 estinan,
4320 2326 4520 2392 velud

2573 2415 2846 2491 postem,
2878 2409 3347 2493 perforabitque
3387 2409 3576 2477 herus
3607 2411 3748 2477 eius
3780 2433 3998 2478 aurem
4030 2413 4172 2478 eins
4203 2412 4444 2492 subula,
4474 2415 4521 2476 d

2581 2496 2809 2561 serviet
2847 2496 2908 2561 ei
2948 2496 3019 2561 in
3058 2496 3390 2563 saeculum,

3235 2838 3368 2905 Ex
3411 2838 3683 2906 nsum.
3729 2838 3887 2907 xv,

2762 3010 2862 3078 12.
2907 3008 2984 3077 ss·
3022 3010 3307 3077 venenas
3359 3010 3558 3094 fuerit
3597 3010 3712 3079 aba
3748 3013 3952 3097 frater
3993 3018 4141 3081 tm
4185 3013 4517 3093 Hebraeas,

2539 3137 2545 3160 .
2584 3098 2686 3163 vel
2728 3096 3036 3176 Hebraea,
3077 3102 3133 3163 et
3164 3098 3456 3163 servierit
3495 3097 3612 3163 tibi
3650 3119 3764 3165 sex
3806 3101 4029 3166 annis.-
4071 3120 4241 3167 anno
4283 3102 4517 3184 septimo

2586 3183 2859 3249 dimittes
2914 3203 3056 3248 enm
3108 3182 3371 3249 liberum
3425 3202 3468 3248 a
3524 3187 3598 3250 te.
3704 3185 3801 3251 13.
3864 3185 3955 3251 Et
4010 3207 4204 3268 qnam
4267 3188 4518 3254 dimittes

2584 3289 2728 3336 eum
2759 3269 3024 3335 liberam
3058 3290 3102 3336 a
3136 3274 3208 3346 te,
3253 3289 3379 3336 non
3411 3269 3686 3336 dimittes
3721 3291 3864 3336 eum
3895 3292 4178 3338 vacnum.
4244 3272 4345 3340 14.
4387 3272 4518 3339 One-

2585 3356 2785 3421 rando
2826 3355 3116 3422 onerabis
3148 3375 3305 3436 enm,
3348 3356 3425 3421 de
3456 3356 3803 3439 pecudibus
3836 3358 3982 3440 tuis,
4024 3363 4081 3423 et
4111 3359 4187 3424 de
4224 3380 4378 3426 area
4407 3363 4518 3438 tae,

2586 3446 2644 3507 et
2684 3442 2761 3507 de
2803 3442 3108 3508 torenton-i
3159 3448 3296 3507 tao.-
3350 3442 3421 3506 in
3454 3443 3682 3524 quibas
3723 3442 4100 3510 benedixerit
4139 3445 4261 3511 tibi
4305 3444 4518 3511 Iebova

2586 3526 2767 3594 Dens
2809 3533 2974 3608 tune,
3018 3527 3204 3595 dabis
3238 3530 3314 3594 ei.
3388 3526 3488 3595 15.
3533 3528 3625 3594 Et
3654 3529 4080 3596 recordaberis
4112 3533 4284 3614 quod
4323 3549 4519 3597 servus

2580 3613 2772 3697 fuisti
2812 3615 2882 3680 in
2923 3619 3096 3679 terra
3139 3614 3442 3698 Aeyypti,
3502 3619 3558 3679 et
3612 3616 3942 3682 redemerit
3981 3621 4037 3681 te
4080 3616 4320 3684 Iekova
4359 3615 4517 3682 Deus

2583 3705 2765 3766 tuus.-
2804 3700 3037 3765 idcirco
3078 3720 3220 3784 erqo
3252 3700 3580 3783 praecipio
3619 3700 3734 3767 tibi
3766 3700 3876 3769 hoc
3917 3701 4120 3771 bodie.
4216 3705 4317 3770 16.
4365 3700 4517 3785 Quod

2580 3786 2642 3851 si
2697 3785 2930 3852 dioeerit
2979 3785 3129 3851 tibi.-
3187 3785 3335 3851 Non
3389 3787 3677 3871 eyrediar
3728 3809 3770 3852 a
3826 3792 3918 3854 te:
3971 3793 4313 3871 propterea
4373 3787 4516 3871 quod

2581 3871 2808 3956 diliyat
2849 3876 2905 3936 te
2944 3876 3002 3937 et
3041 3871 3292 3938 domum
3346 3877 3555 3951 tuam,
3600 3878 3656 3938 et
3699 3873 3864 3954 quod
3905 3874 4049 3940 bene
4090 3876 4178 3940 sit
4221 3878 4282 3940 ei
4321 3881 4511 3941 team.

2582 3958 2685 4023 17.
2738 3958 2914 4024 Tunc
2958 3959 3224 4040 accipies
3263 3958 3587 4038 subulam,
3653 3964 3709 4024 et
3760 3959 3978 4044 adiyes
4021 3961 4093 4026 in
4135 3982 4357 4027 aurem
4391 3961 4514 4025 eius

2578 4043 3368 4212 ἑῖἔάᾝίαῗιῆΐεεξω
3423 4045 3763 4197 ῗέἪῗ
3787 4046 4161 4198 &wi
4207 4049 4304 4198 {2⁶2⁶
4337 4048 4513 4198 3223

2577 4216 2708 4283 tais
2750 4236 2946 4299 qaum
2988 4216 3265 4282 dimittes
3306 4236 3448 4282 eum
3491 4216 3757 4285 liberwm
3798 4238 3841 4283 a
3881 4223 3967 4299 te,
4011 4219 4169 4301 quia
4210 4218 4396 4302 duplo
4432 4237 4512 4281 se-

2576 4303 2848 4369 cundnm
2904 4302 3238 4368 mercedem
3284 4304 3655 4369 mercenarii
3707 4304 3958 4370 servivit
3995 4304 4111 4370 tibi
4154 4324 4269 4370 sex
4309 4303 4510 4371 annis.-

2576 4393 2633 4454 et
2672 4388 2975 4456 benedicet
3014 4388 3129 4454 tibi
3171 4388 3404 4455 Iehova
3445 4389 3515 4455 in
3557 4388 3840 4455 omnibns
3883 4409 4045 4471 quae
4082 4390 4301 4474 facie-5⁸.

2746 4560 2963 4627 Exodi
3005 4560 3108 4642 21,
3153 4561 3209 4626 l.
3257 4559 3432 4628 Haec
3471 4566 3622 4627 sunt
3661 4560 3922 4628 iudicia.
4010 4560 4305 4646 Uterque
4346 4561 4507 4626 locus

2570 4647 2747 4728 idem
2811 4647 3130 4726 continet,
3208 4667 3445 4732 nempe
3502 4644 3678 4731 apud
3718 4646 4057 4713 Hebraeos
4134 4648 4504 4713 servitutem

2572 4734 2751 4799 finiri
2815 4732 3052 4799 debere
3107 4754 3281 4799 anno
3337 4734 3637 4816 septimo.
3741 4731 3912 4799 Nam
3970 4734 4138 4799 filios
4196 4732 4503 4808 Abrahae,

2573 4821 2877 4903 quamvis
2941 4840 3013 4885 se
3075 4818 3366 4885 vendere
3431 4819 3638 4886 coacti
3703 4829 3957 4900 essent,
4039 4819 4249 4887 voluit
4301 4829 4502 4883 tamen

2572 4907 2755 4972 Deus
2814 4927 2854 4971 a
2908 4904 3199 4989 profanis
3251 4912 3319 4970 et
3378 4904 3764 4989 vulgaribus
3831 4905 4175 4990 mancipiis
4239 4903 4499 4969 differre.

2570 4990 3007 5058 Manumissio
3054 4993 3276 5076 itaque
3309 4992 3728 5075 praecipitur,
3773 4991 3888 5057 sed
3922 5013 4070 5059 cum
4108 4993 4500 5076 exceptione:

2567 5098 2763 5162 quam
2832 5078 3144 5160 exprimit
3202 5076 3423 5142 Moses
3476 5077 3551 5141 in
3609 5078 3828 5161 priore
3883 5076 4053 5155 loco,
4109 5079 4180 5143 in
4235 5074 4500 5144 secundo

2569 5176 2789 5230 autem
2834 5164 3111 5228 omittit:
3171 5183 3439 5246 nempe,
3496 5163 3555 5229 si
3613 5162 3879 5230 duxerit
3923 5185 4195 5230 uxorem
4240 5181 4499 5235 servam,

2570 5260 2634 5315 et
2676 5251 2981 5336 genuerit
3021 5249 3281 5325 liberos,
3326 5258 3402 5314 ut
3444 5263 3757 5315 maneant
3799 5249 3972 5333 apud
4016 5249 4281 5328 herum,
4335 5246 4496 5314 solus

2569 5344 2790 5402 autem
2849 5336 2990 5418 ipse
3046 5334 3212 5401 liber
3268 5334 3409 5402 fiat.
3510 5334 3705 5404 Unde
3771 5345 4043 5421 apparet
4102 5356 4295 5419 quam
4350 5333 4497 5398 dura
