4867 6150
570 428 695 494 175

481 616 488 625 '
566 637 836 683 suorum
901 624 1183 682 mentes:
1253 614 1366 682 sed
1435 613 1805 680 infirmitati
1872 635 2096 679 eorum
2171 613 2518 679 consulere

565 701 814 781 volens,
861 701 943 767 ad
986 704 1162 785 ipsos
1206 701 1682 784 quodammodo
1726 698 2081 777 descendit,
2133 721 2336 783 quum
2378 700 2518 765 vir-

565 790 727 855 tutis
770 808 926 854 suae
969 788 1407 871 praesentiam
1453 788 1750 852 externis
1796 787 2027 870 figuris
2072 793 2352 851 testatus
2395 794 2515 850 est.

566 874 924 941 Descendit
970 894 1126 958 ergo
1184 872 1267 938 ad
1312 893 1457 953 eos,
1525 894 1660 938 non
1706 879 1781 938 ut
1823 872 1894 936 in
1941 893 2161 938 crassa
2204 872 2518 954 supersti-

565 961 742 1026 tione
783 968 1126 1044 occuparet
1170 980 1396 1025 eorum
1440 968 1729 1037 mentes,
1788 957 1902 1022 sed
1961 968 2037 1022 ut
2081 978 2343 1023 sursum
2401 978 2521 1041 per

567 1045 813 1132 gradus
857 1046 939 1111 ad
984 1045 1391 1130 spiritualem
1436 1046 1690 1110 cultum
1735 1043 2083 1109 attolleret.

1257 1385 1561 1454 CAPUT
1605 1385 1834 1451 XVII.

746 1561 803 1625 1.
850 1560 1095 1626 Deinde
1124 1560 1435 1642 profectus
1477 1563 1568 1623 est
1607 1560 1941 1624 universus
1995 1562 2196 1622 coetus
2241 1555 2523 1636 filiorum

575 1646 784 1712 Israel
828 1666 860 1710 e
903 1646 1136 1711 deserto
1162 1644 1280 1710 Sin
1307 1666 1432 1727 per
1463 1650 1709 1711 turmas
1744 1665 1919 1720 suas,
1962 1643 2300 1710 secundum
2329 1662 2523 1721 prae-

573 1738 814 1814 ceptum
869 1730 1131 1796 Iehovae
1144 1781 1158 1810 ,
1229 1737 1286 1797 et
1340 1732 1762 1796 castrametati
1818 1735 1962 1795 sunt
2016 1730 2081 1794 in
2148 1727 2518 1808 Rephidim,

572 1819 682 1884 nbi
723 1838 849 1882 non
890 1822 1025 1882 erat
1064 1838 1235 1899 aqua
1276 1822 1344 1881 ut
1387 1816 1611 1882 biberet
1653 1815 1941 1897 populus.
2032 1816 2091 1880 2.
2139 1814 2230 1878 Et
2270 1814 2521 1878 rixati&

573 1909 665 1969 est
714 1903 992 1985 populus
1055 1922 1193 1967 cum
1260 1902 1469 1978 Mose,
1539 1922 1613 1967 ac
1690 1904 2017 1968 dixerunt.-
2102 1901 2269 1966 Date
2343 1898 2523 1963 nobis

572 2009 807 2071 aquam
849 1994 918 2054 ut
958 1988 1257 2056 bibamus.
1347 1988 1540 2053 Dixit
1597 1992 1802 2053 autem
1858 1988 1990 2052 illis
2049 1986 2290 2051 Moses.-
2352 1984 2522 2065 Quid

572 2076 885 2140 rixamini
925 2095 1158 2140 mecum
1173 2125 1189 2154 ‚
1255 2075 1410 2156 quid
1471 2075 1721 2139 tentatis
1765 2074 2058 2139 lehovam
2071 2073 2105 2137 2
2194 2072 2256 2137 3.
2308 2070 2524 2135 Sitivit

573 2182 714 2245 erqo
778 2161 910 2225 illic
954 2162 1235 2243 populus
1288 2161 1366 2225 ab
1417 2161 1605 2240 aquis
1621 2211 1635 2235 ,
1693 2165 1751 2224 et
1791 2159 2210 2224 murmuravit
2242 2156 2522 2238 populus

573 2253 783 2314 contra
828 2245 1068 2324 Mosen,
1114 2247 1357 2312 dicens:
1407 2246 1614 2327 Quare
1656 2247 1751 2311 sie
1791 2266 1904 2310 nos
1947 2245 2272 2311 ascendere
2310 2241 2523 2326 fecisti

574 2354 650 2399 ex
679 2333 976 2416 AeqyptO,
1020 2337 1089 2396 ut
1123 2333 1497 2413 interficeres
1529 2352 1644 2409 me,
1690 2337 1745 2396 et
1775 2330 1944 2412 filios
1977 2350 2158 2408 meos,
2202 2334 2260 2395 et
2290 2348 2524 2409 pecora

574 2440 732 2494 mea,
778 2419 937 2483 siti?
1022 2419 1082 2482 4.
1145 2418 1232 2482 Et
1287 2418 1583 2483 clamavit
1642 2416 1855 2482 Moses
1900 2418 1985 2482 ad
2030 2415 2358 2492 Iehovam,
2424 2414 2521 2476 di-

574 2506 796 2571 cendo:
870 2504 1034 2584 Quid
1087 2504 1324 2586 faciam
1369 2504 1602 2586 populo
1644 2503 1837 2568 huie?
1907 2502 2133 2568 Adhuc
2164 2499 2522 2584 paululum,

575 2595 630 2657 et
674 2589 1039 2672 lapidabunt
1079 2610 1191 2654 me.
1279 2590 1339 2655 5.
1387 2589 1476 2654 Et
1519 2592 1614 2654 ait
1656 2588 1886 2654 Iehova
1927 2590 2013 2653 ad
2037 2586 2273 2665 Mosen,
2318 2586 2527 2652 transi

577 2681 719 2741 ante
750 2676 1077 2757 poputum,
1121 2680 1178 2740 et
1219 2675 1354 2740 tolle
1394 2680 1590 2740 tecum
1632 2697 1664 2739 e
1704 2674 2052 2739 senioribus
2096 2672 2339 2739 Israel:
2396 2672 2526 2736 vir-

573 2782 726 2842 qam
778 2781 1015 2843 quoque
1068 2767 1243 2825 tuam
1302 2782 1431 2843 qua
1487 2761 1860 2841 percussisti
1896 2761 2195 2840 fluvium,
2263 2758 2403 2824 tolle
2456 2760 2524 2821 in

576 2868 770 2912 manu
813 2853 943 2925 tua,
987 2852 1040 2911 et
1084 2848 1309 2912 incede.
1358 2848 1416 2912 6.
1464 2847 1640 2923 Ecce,
1686 2867 1790 2930 eqo
1831 2846 2002 2911 stabo
2045 2866 2255 2912 coram
2296 2849 2351 2908 te
2390 2844 2525 2908 illie

577 2953 770 3015 super
801 2937 1052 3013 petram
1094 2953 1252 3015 quae
1293 2938 1379 3000 est
1421 2934 1492 2998 in
1519 2932 1695 3013 Oreb,
1743 2937 1798 2997 et
1839 2938 1907 2996 tu
1917 2932 2229 3014 percuties
2250 2935 2522 3012 petram,

576 3019 1079 3104 eyredienturque
1128 3040 1333 3102 aquae
1384 3039 1461 3085 ex
1526 3039 1629 3100 ea,
1693 3023 1765 3085 ut
1828 3018 1995 3084 bibat
2035 3019 2335 3100 populus.
2435 3011 2526 3081 Et

572 3107 719 3189 fecit
759 3107 852 3170 sie
887 3105 1096 3172 Moses
1138 3127 1346 3171 coram
1387 3107 1588 3172 oculis
1631 3107 1945 3171 seniorum
1969 3104 2198 3169 Israel.
2290 3104 2347 3169 7.
2411 3102 2525 3169 Vo-

576 3194 857 3273 eavitque
897 3211 1116 3256 nomen
1157 3193 1274 3258 loci
1313 3192 1495 3258 illius
1540 3191 1736 3257 Masa
1780 3197 1836 3256 et
1879 3191 2131 3255 Meriba
2158 3189 2224 3277 ¹),
2268 3194 2527 3271 propter

575 3279 791 3342 rixam
828 3276 1107 3358 filiorum
1144 3278 1371 3358 Israel,
1415 3283 1472 3343 et
1511 3280 1666 3360 quia
1709 3282 2043 3342 tentassent
2065 3276 2377 3355 Iehovam,
2421 3276 2525 3340 di-

579 3363 798 3429 cendo:
857 3362 1056 3427 Estne
1100 3362 1330 3429 Iehova
1371 3366 1444 3429 in
1482 3364 1681 3429 medio
1723 3365 1953 3441 nostri,
2000 3384 2086 3428 an
2129 3363 2305 3428 non?

755 3534 811 3599 1.
858 3533 1107 3598 Deinde
1150 3534 1488 3615 profectus.
1601 3533 1734 3599 Vix
1790 3534 2017 3599 sedata
2070 3544 2340 3618 propter
2398 3532 2524 3597 cibi

577 3620 926 3704 penuriam
971 3631 1111 3683 erat
1147 3620 1371 3703 populi
1414 3619 1666 3699 seditio,
1710 3642 1910 3704 quum
1952 3619 2033 3684 de
2068 3630 2226 3703 potu
2262 3640 2526 3685 rursum

579 3705 1086 3770 tumultuantur.
1132 3705 1517 3771 Debuerant
1559 3706 1793 3771 saltem
1838 3729 1920 3771 ex
1965 3727 2208 3771 manna
2252 3725 2526 3789 cognos-

580 3811 761 3870 cere,
819 3792 1074 3874 quoties
1136 3812 1247 3858 eos
1311 3802 1640 3874 premeret
1705 3794 2079 3871 necessitas,
2143 3792 2528 3876 suppliciter

583 3878 752 3942 votis
795 3897 871 3941 ae
916 3877 1214 3960 precibus
1279 3876 1756 3959 implorandam
1798 3899 1940 3943 esse
2002 3899 2189 3961 opem
2245 3878 2392 3958 Dei,
2453 3898 2529 3942 ac

579 3971 757 4030 certo
801 3962 1190 4046 sperandam
1238 3983 1399 4028 esse.
1498 3964 1724 4045 Atqui,
1770 3985 1888 4046 pro
1933 3984 2053 4029 suo
2089 3964 2373 4047 ingenio,
2418 3962 2530 4028 de-

580 4072 611 4115 s
660 4049 954 4115 eratione
978 4050 1282 4113 feruntur
1317 4048 1399 4114 ad
1422 4069 1647 4115 caecos
1669 4051 2004 4133 strepitus,
2042 4058 2107 4114 et
2129 4050 2531 4133 impetuosos

581 4158 616 4202 c
643 4157 915 4201 amores.
1006 4133 1258 4200 Similis
1298 4136 1434 4199 fere
1476 4134 1754 4201 historia
1795 4135 2040 4220 legitur
2082 4136 2524 4201 Numerorum

583 4221 889 4286 vicesimo
933 4221 1162 4304 capite.
1238 4221 1412 4285 Nam
1457 4222 1627 4304 quod
1671 4220 1937 4304 quidam
1983 4243 2180 4287 unam
2224 4222 2529 4287 eandem·

582 4327 711 4390 que
753 4327 895 4372 esse
939 4316 1207 4389 putant,
1268 4306 1457 4372 facile
1515 4308 1890 4393 coarguitur
1944 4329 2169 4373 eorum
2216 4329 2398 4373 error
2443 4328 2525 4372 ex

580 4392 1069 4458 circumstantia
1134 4394 1445 4477 temporis
1512 4406 1579 4457 et
1645 4393 1797 4470 loci,
1844 4403 1910 4459 et
1951 4396 2165 4476 capite
2207 4394 2312 4473 33,
2367 4395 2528 4459 satis

581 4488 807 4561 aperte
872 4486 1053 4559 patet
1117 4490 1437 4561 quantum
1490 4478 1863 4544 interfuerit
1927 4480 2101 4545 inter
2162 4480 2331 4545 hanc
2392 4491 2526 4544 sta-

580 4566 822 4628 tionem
871 4573 938 4627 et
1002 4564 1296 4629 alteram.
1396 4564 1744 4631 Probabile
1796 4566 1996 4631 etiam
2063 4587 2196 4630 non
2262 4565 2530 4631 videtur

580 4647 750 4731 quod
797 4646 1072 4714 tradunt
1113 4650 1380 4732 quidam
1424 4672 1505 4715 ex
1553 4650 1888 4731 Rabbinis,
1956 4652 2135 4716 sitim
2181 4652 2352 4717 hanc
2395 4672 2526 4716 non

580 4734 785 4800 fuisse
825 4756 908 4799 ex
950 4736 1239 4800 naturali
1285 4738 1608 4820 appetitu,
1676 4737 1845 4821 quod
1889 4758 2045 4803 man
2092 4758 2221 4802 non
2267 4745 2526 4803 tantum

581 4820 763 4887 cibus
805 4821 994 4901 foret,
1039 4820 1152 4886 sed
1198 4823 1400 4886 etiam
1443 4835 1639 4904 potus
1677 4823 1838 4891 vice.
1898 4824 2127 4908 Neque
2171 4824 2347 4888 enim
2392 4822 2531 4888 ulla

580 4907 750 4972 ratio
795 4908 969 4989 cogit
1012 4908 1134 4974 hoc
1180 4906 1510 4973 divinare:
1572 4919 1638 4974 et
1681 4931 1763 4974 ex
1808 4918 2000 4975 textu
2045 4909 2357 4988 elicimus,
2400 4911 2530 4975 ini·

579 4993 745 5058 tium
792 4995 1148 5059 murmuris
1189 4993 1343 5058 inde
1387 5002 1604 5058 ortum
1648 5016 1789 5060 esse
1833 4996 2002 5080 quod
2047 5006 2206 5062 tunc
2244 4999 2530 5080 primum

581 5100 788 5162 aquae
835 5080 1108 5145 deficere
1152 5089 1528 5162 coeperunt.
1600 5080 1832 5146 Voluit
1875 5096 2094 5147 autem
2138 5083 2324 5148 Deus
2369 5082 2530 5147 duo-

583 5166 703 5230 bus
769 5165 1009 5242 modis,
1079 5173 1148 5230 et
1212 5165 1474 5249 quidem
1544 5164 1800 5232 diverso
1857 5176 2181 5252 tempore,
2254 5167 2532 5251 probare

720 5352 779 5419 1)
815 5351 889 5408 In
922 5354 1196 5423 maraine:
1235 5354 1490 5409 Tentatio
1527 5360 1585 5408 et
1619 5353 1752 5407 rixa.

1692 422 2434 492 COMMENTARIUS
2481 424 2582 489 IN
2627 421 2929 489 EXODI
2972 421 3168 488 CAP.
3216 421 3442 488 XVII.

4439 422 4548 489 176

2623 608 3075 675 Israelitarum
3146 612 3424 690 animos,
3493 630 3622 693 quo
3689 610 3980 693 apertius
4038 609 4385 693 proderent
4439 615 4552 683 sibi

2623 695 3017 760 indomabile
3054 716 3195 762 esse
3238 697 3596 783 ingenium.
3686 696 3939 760 Panem
3985 706 4053 759 ct
4094 717 4323 780 aquam
4368 699 4552 768 simul

2622 780 2920 866 petendo,
2964 783 3177 866 magis
3212 783 3497 848 fuissent
3540 780 3973 848 excusabiles:
4022 793 4367 865 postquam
4408 808 4551 855 vero

2622 869 2877 950 experti
2922 875 3080 932 sunt
3124 890 3333 952 genus
3377 867 3580 933 edulii
3625 888 3828 933 suave
3871 876 3939 933 et
3981 868 4245 934 salubre
4288 870 4552 938 liberali-

2624 964 2724 1019 ter
2770 952 2896 1018 sibi
2939 975 2976 1018 6
3017 955 3196 1020 66616
3241 954 3490 1035 datum,
3535 976 3610 1020 eo
3656 953 3829 1038 quod
3874 954 4091 1019 nullas
4136 956 4359 1038 fruges
4417 979 4554 1039 pro·

2622 1040 2826 1104 ferret
2868 1039 3068 1123 regio,
3130 1041 3243 1106 ubi
3288 1052 3480 1124 potus
3527 1060 3657 1104 non
3702 1040 4021 1123 suppetit,
4080 1042 4374 1123 protinus
4423 1043 4555 1110 Deo

2623 1124 3017 1208 obstrepere,
3062 1127 3427 1209 pervicacia
3471 1136 3573 1192 est
3605 1126 3879 1191 minime
3924 1127 4297 1193 tolerabilis.
4360 1130 4555 1197 Porro

2625 1211 2869 1294 duplex
2914 1231 3141 1276 eorum
3186 1214 3433 1277 crimen
3481 1222 3822 1276 narratur:
3880 1211 4053 1294 quod
4099 1213 4281 1278 litem
4327 1225 4396 1279 et
4430 1216 4555 1281 iur-

2625 1296 2807 1381 gium
2854 1299 3328 1364 intentaverint
3375 1299 3534 1378 Deo,
3582 1297 3817 1363 deinde
3859 1299 4033 1380 quod
4080 1321 4229 1363 eum
4274 1308 4557 1366 tentave-

2625 1384 2778 1448 rint.
2912 1382 3279 1468 Utrumque
3359 1406 3441 1449 ex
3520 1382 3909 1449 infidelitate
3989 1385 4306 1465 manavit,
4383 1387 4559 1455 cuius

2624 1490 2824 1535 causa
2865 1469 2993 1533 fuit
3033 1468 3460 1554 ingratitudo.
3528 1469 3701 1535 Nam
3746 1469 3916 1554 quod
3964 1471 4145 1537 Deus
4188 1471 4323 1537 illis
4357 1494 4559 1558 nuper

2623 1557 3062 1637 praestiterat,
3132 1555 3507 1621 voluntaria
3572 1556 3902 1622 oblivione
3968 1564 4103 1623 tam
4161 1557 4288 1622 cito
4347 1557 4559 1638 deleri,

2627 1642 2823 1705 nimis
2868 1641 3213 1725 indignum
3260 1643 3401 1707 fuit.
3492 1642 3700 1707 Fame
3745 1642 4196 1708 laborantibus
4239 1647 4560 1728 suppetias

2625 1727 2895 1791 tulerat:
2956 1747 3071 1792 cur
3126 1729 3231 1792 siti
3295 1738 3571 1812 urgente
3624 1749 3758 1793 non
3814 1727 3897 1792 ad
3955 1749 4105 1792 eum
4142 1729 4558 1813 confugiunt?

2626 1812 2907 1879 Constat
2964 1814 3167 1896 igitur
3218 1814 3388 1878 male
3446 1814 3622 1896 apud
3678 1834 3787 1879 eos
3845 1813 4122 1880 locatam
4180 1816 4384 1881 fuisse
4429 1837 4562 1901 gra-

2625 1899 2785 1963 tiam
2830 1900 3147 1980 priorem,
3222 1920 3388 1981 quae
3449 1921 3674 1965 eorum
3743 1899 4039 1965 socordia
4081 1922 4233 1965 mox
4279 1905 4559 1970 evanuit.

2623 1985 2802 2049 Hinc
2845 1986 3043 2049 etiam
3090 1985 3533 2065 incredulitas,
3596 1985 3767 2068 quod
3814 2007 3853 2051 a
3896 1984 4042 2051 Deo
4088 1986 4256 2052 nihil
4304 2010 4562 2071 exspec-

2623 2080 2770 2135 tant
2831 2070 2929 2135 vel
2997 2072 3350 2154 postulant.
3453 2072 3629 2137 Huic
3685 2073 4033 2138 coniuncta
4089 2082 4191 2138 est
4244 2075 4561 2157 superbia,

2625 2156 2793 2240 quod
2869 2156 2949 2221 ad
3023 2157 3424 2241 iurgandum
3490 2177 3917 2241 prorumpere
3982 2157 4247 2224 audent.
4358 2160 4563 2244 Atque

2623 2242 2747 2307 hoc
2789 2242 2928 2307 fere
2973 2264 3231 2325 semper
3273 2242 3524 2321 accidit,
3571 2254 3645 2308 ut
3675 2245 3892 2309 Deum
3930 2245 3999 2309 in
4045 2256 4378 2311 certamen
4425 2266 4564 2330 pro·

2626 2337 2881 2406 vocent,
2919 2337 2989 2393 et
3023 2328 3399 2394 turbulento
3435 2329 3682 2412 impetu
3726 2339 3958 2395 contra
4002 2352 4151 2395 eum
4199 2341 4418 2413 ruant,
4462 2332 4562 2415 qui

2628 2434 2842 2497 neque
2887 2415 3173 2496 pendent
3229 2437 3310 2480 ex
3357 2416 3496 2480 eius
3542 2415 3972 2497 providentia,
4034 2437 4246 2498 neque
4308 2419 4382 2482 in
4427 2440 4565 2503 pro-

2627 2502 2971 2565 missiones
3027 2500 3448 2566 recumbunt:
3508 2503 3661 2584 quia
3723 2501 4012 2566 belluina
4059 2503 4416 2569 affectuum
4472 2505 4567 2569 in·

2629 2586 2980 2670 temperies
3024 2607 3145 2651 nos
3189 2586 3272 2652 ad
3311 2587 3599 2653 furorem
3640 2590 3828 2671 rapit,
3877 2588 4000 2653 nisi
4036 2591 4334 2670 persuasi
4372 2591 4567 2656 simus

2629 2672 2848 2737 Deum
2895 2672 3080 2738 nobis
3124 2675 3193 2738 in
3238 2681 3531 2756 tempore
3573 2675 4028 2739 auxiliatorem
4074 2676 4241 2753 fore,
4302 2688 4372 2742 et
4430 2675 4569 2742 sub·

2627 2758 2782 2824 iecti
2840 2759 3045 2824 simus
3104 2760 3245 2824 eius
3296 2760 3583 2825 arbitrio.
3689 2758 4040 2825 Caeterum
4097 2762 4284 2827 initio
4347 2762 4569 2846 capitis

2630 2846 2916 2910 breviter
2973 2845 3221 2911 indicat
3263 2847 3514 2925 Μ6666,
3571 2847 3930 2910 secundum
3990 2855 4415 2928 praeceptum
4470 2847 4566 2913 vel

2628 2952 2701 2996 os
2763 2931 2889 2996 Dei
2944 2928 3049 3015 (ut
3113 2930 3412 2996 hebraice
3455 2930 3723 3017 legitur)
3769 2933 4086 3014 profectos
4130 2955 4274 2997 esse
4322 2934 4572 3000 Israeli-

2629 3027 2751 3097 tas,
2798 3037 2874 3083 ac
2917 3019 2975 3084 si
3017 3016 3319 3084 laudaret
3359 3038 3587 3083 eorum
3631 3018 4093 3085 obedientiam.
4161 3019 4360 3088 Unde
4405 3020 4571 3089 colli·

2629 3107 2880 3188 gimus‚
2941 3106 3009 3168 in
3056 3106 3267 3187 primo
3312 3118 3458 3170 actu
3505 3106 3664 3169 satis
3708 3104 3789 3170 ad
3835 3105 4122 3170 officium
4168 3107 4375 3173 fuisse
4431 3128 4572 3192 pro-

2630 3211 2884 3273 pensos,
2927 3188 3132 3257 donec
3175 3190 3457 3256 occurrit
3492 3193 3788 3270 tentatie,
3832 3212 4001 3274 quae
4037 3202 4293 3258 rectum
4315 3213 4570 3259 cursum

2632 3277 3069 3360 abrumperet.
3157 3275 3310 3358 Quo
3354 3278 3654 3358 exemplo
3699 3299 4060 3355 monemur,
4108 3279 4221 3344 ubi
4265 3278 4430 3362 quid
4465 3300 4571 3364 ag·

2632 3362 2967 3447 gredimur
3021 3385 3103 3427 ex
3163 3363 3289 3427 Dei
3351 3364 3563 3440 iussu,
3622 3363 3847 3429 sedulo
3891 3363 4244 3429 videndum
4292 3387 4439 3431 esse
4494 3384 4572 3431 ne

2630 3449 2788 3532 quid
2846 3449 3380 3532 perseverantiae
3439 3460 3704 3514 nostrae
3756 3449 4059 3515 obsistat:
4108 3458 4175 3515 et
4228 3451 4453 3517 nullos
4496 3447 4572 3515 ad

2630 3546 2803 3600 recte
2839 3535 3166 3618 agendum
3208 3555 3351 3599 esse
3393 3534 3678 3613 idoneos,
3723 3536 3847 3602 nisi
3893 3538 4001 3618 qui
4040 3534 4122 3601 ad
4159 3535 4571 3603 sustinendos

2630 3623 3067 3686 tentationum
3110 3620 3452 3686 conflictus
3498 3620 3697 3703 probe
3739 3622 4043 3688 instructi
4093 3630 4266 3689 sunt.

2803 3707 2861 3772 2.
2910 3706 2998 3771 Et
3038 3707 3293 3772 rixatus
3334 3711 3422 3772 est
3457 3708 3738 3789 populus
3780 3727 3918 3772 cum
3962 3707 4160 3773 Mose.
4268 3709 4408 3775 Hic
4447 3710 4571 3774 iam

2632 3814 2702 3858 se
2746 3792 2995 3878 detegit
3036 3803 3177 3857 tum
3214 3814 3441 3857 eorum
3487 3794 3788 3875 impietas
3831 3806 4062 3860 contra
4102 3795 4358 3874 Deum,
4412 3790 4574 3877 quod

2632 3900 2710 3945 eo
2746 3880 3041 3964 neglecto
3086 3898 3161 3945 ac
3194 3879 3424 3944 relicto
3460 3878 3703 3943 bellum
3748 3880 4118 3962 suscipiunt
4159 3902 4315 3945 cum
4365 3882 4573 3947 Mose:

2632 3975 2771 4030 tum
2831 3967 3031 4030 etiam
3093 3964 3344 4029 malitia
3388 3975 3454 4029 et
3494 3964 3959 4044 inhumanitas,
4019 3965 4188 4048 quod
4232 3977 4335 4032 tot
4384 3968 4575 4033 bono-

2631 4072 2779 4116 rum
2816 4052 3246 4128 immemores,
3284 4051 3653 4133 petulanter
3677 4051 3844 4117 Mosi
3882 4052 4220 4118 insultant.
4272 4051 4578 4119 Sciebant

2632 4137 2844 4202 fontes
2889 4149 2956 4202 et
2996 4137 3234 4202 fluvios
3293 4158 3425 4202 non
3485 4157 3677 4219 posse
3720 4140 3925 4203 creari
3971 4137 4053 4202 ab
4094 4137 4367 4205 homine
4411 4159 4576 4203 mor-

2631 4223 2778 4287 tali:
2818 4244 3128 4306 quorsum
3163 4222 3365 4307 igitur
3398 4244 3547 4289 cum
3583 4244 3659 4287 eo
3696 4224 3979 4308 litigant,
4003 4245 4122 4290 nec
4158 4232 4342 4290 reeta
4363 4224 4576 4290 Deum

2629 4311 2957 4389 invocant,
3002 4310 3186 4374 ouius
3228 4309 3300 4373 in
3345 4330 3547 4374 manu
3592 4319 3750 4375 sunt
3785 4331 4011 4394 aquae,
4059 4321 4132 4374 ut
4165 4311 4426 4394 reliqua
4459 4309 4576 4375 ele-

2633 4393 2902 4459 menta?
2992 4395 3187 4461 Certe
3232 4395 3289 4459 si
3332 4416 3460 4478 qua
3499 4395 3727 4461 suisset
3770 4396 3836 4460 in
3883 4396 3979 4460 eis
4022 4396 4173 4460 fidei
4218 4406 4441 4481 gutta,
4498 4392 4576 4460 ad

2634 4481 3075 4562 precationem
3120 4502 3190 4546 se
3234 4482 3604 4546 vertissent.
3693 4481 3927 4564 Itaque
3983 4482 4220 4546 merito
4265 4492 4576 4566 expostu-

2632 4567 2723 4631 lat
2768 4568 2986 4633 Moses
3030 4564 3204 4649 quod
3246 4588 3467 4633 secum
3529 4564 3854 4651 iurgando
3912 4568 4131 4633 Deum
4172 4568 4399 4651 ipsum
4447 4577 4577 4632 ten-

2632 4663 2792 4718 tent.
2871 4652 3061 4733 Quod
3104 4674 3261 4718 vero
3305 4653 3538 4718 Mosen
3583 4662 3894 4719 accusant
3936 4653 4366 4732 crudelitatis,
4411 4649 4573 4737 quod

2632 4759 2743 4804 eos
2787 4741 3099 4803 traxisset
3139 4760 3219 4803 ex
3268 4742 3590 4824 Aegypto,
3645 4750 3719 4804 ut
3761 4760 3910 4804 cum
3955 4738 4176 4805 liberis
4220 4748 4287 4804 et
4332 4738 4575 4823 pecori·

2633 4823 2757 4890 bus
2800 4826 2869 4889 in
2929 4824 3188 4889 deserto
3242 4825 3658 4903 interficeret,
3715 4834 3998 4909 quantae
4054 4826 4392 4891 socordiae
4437 4821 4572 4891 est?

2636 4909 2768 4977 Sed
2829 4910 2951 4977 hac
3011 4910 3090 4975 de
3147 4930 3348 4977 causa
3404 4911 3752 4995 praecipue
3806 4912 3981 4993 ipsos
4044 4912 4325 4996 castigat
4370 4912 4576 4977 Moses

2632 4994 2804 5079 quod
2849 4996 3228 5061 turbulento
3275 4998 3396 5063 hoo
3433 4998 3647 5080 iurgio
3683 5007 3975 5062 tentetur
4010 4998 4212 5063 Deus.
4272 4997 4433 5081 Ipsa
4466 5016 4574 5062 au-

2633 5093 2768 5147 tem
2814 5081 3193 5149 tentationis
3236 5084 3448 5148 forma
3490 5085 3558 5148 in
3604 5086 3737 5148 fine
3782 5084 4195 5166 exprimitur,
4240 5084 4413 5166 quod
4457 5081 4575 5148 sci·

2633 5168 2791 5234 licet
2848 5167 3298 5235 dubitaverint
3350 5180 3606 5234 essetne
3666 5172 3849 5235 Deus
3912 5170 3982 5234 in
4027 5170 4241 5235 medio
4285 5169 4577 5252 ipsorum

2634 5275 2721 5321 an
2765 5276 2918 5321 non.
3020 5251 3214 5320 Unde
3257 5255 3570 5337 sequitur,
3635 5255 3886 5320 fontem
3934 5256 4134 5321 totius
4177 5256 4331 5319 mali
4380 5256 4577 5319 fuisse

2638 5340 3095 5406 diffidentiam:
3139 5340 3308 5423 quod
3361 5361 3570 5424 neque
3618 5342 3857 5407 iustam
3916 5342 4173 5408 laudem
4210 5341 4576 5406 tribuerent
