4867 6150
532 441 664 507 231

487 692 490 695 ,
539 630 908 714 depositam
967 628 1176 696 fuisse
1219 629 1433 714 legem
1479 630 1653 714 apud
1695 628 1971 695 Levitas
2030 638 2109 692 ut
2152 648 2297 693 eam
2342 647 2500 710 sup-

543 718 924 802 primerent,
947 717 1051 780 vel
1076 715 1196 781 soli
1228 724 1448 782 essent
1490 717 1629 781 eius
1664 714 1996 781 custodes:
2043 735 2272 778 verum
2313 713 2368 778 si
2405 713 2503 777 in-

547 802 930 867 differenter
978 808 1207 867 omnes
1257 800 1560 867 hortatus
1619 811 1793 868 esset
1827 799 1909 867 ad
1954 820 2098 866 eam
2137 799 2502 883 legendam,

546 889 664 953 vix
710 888 1054 972 quisquam
1092 888 1485 972 applicasset
1527 909 1723 954 suum
1761 884 2076 953 studium.
2167 885 2280 951 Sic
2324 886 2501 950 enim

547 974 692 1039 fieri
752 974 917 1039 solet
970 982 1044 1039 ut
1100 974 1269 1057 quod
1329 975 1398 1039 in
1458 995 1701 1058 genere
1766 971 2067 1038 omnibus
2133 969 2504 1051 mandatur,

520 1056 795 1143 'singuli
830 1061 1186 1144 negligant.
1259 1060 1443 1144 Ergo
1479 1059 1988 1145 nomophylaces
2024 1067 2331 1124 creantur
2374 1058 2502 1123 Le·

551 1147 749 1227 vitae,
792 1145 900 1227 qui
947 1146 1016 1209 in
1063 1146 1344 1211 aliorum
1389 1155 1771 1230 contemptu
1817 1145 1920 1210 vel
1959 1143 2367 1229 negligentia
2402 1165 2503 1209 se-

551 1230 704 1296 dulo
776 1230 1139 1316 advigilent
1205 1253 1288 1296 ne
1353 1231 1709 1298 intercidat
1760 1230 1891 1296 Dei
1961 1231 2262 1314 cognitio,
2363 1230 2504 1294 Nec

551 1316 818 1382 dubium
876 1328 977 1382 est
1035 1318 1194 1400 quin
1251 1317 1400 1383 ideo
1460 1318 1700 1383 tradita
1758 1317 1957 1382 fuerit
2005 1318 2119 1383 lex
2164 1318 2231 1380 in
2276 1337 2498 1381 eorum

547 1424 785 1468 manus
821 1412 897 1467 ut
931 1412 1152 1469 essent
1185 1404 1327 1469 eius
1363 1405 1777 1487 interpretes.
1823 1401 1975 1483 Quo
2019 1403 2306 1486 pertinet
2340 1400 2501 1466 illud

547 1488 922 1555 Malachiae
959 1490 1019 1569 2,
1060 1491 1117 1567 7,
1144 1490 1356 1556 Labia
1378 1490 1733 1556 sacerdotis
1757 1487 2126 1555 custodient
2160 1488 2498 1553 scientiam

549 1587 616 1641 et
670 1574 884 1658 legem
945 1575 1287 1658 requirent
1344 1598 1425 1641 ex
1471 1597 1584 1642 ore
1610 1578 1796 1642 eius:
1845 1576 2000 1659 quia
2049 1575 2327 1640 nuncius
2372 1573 2501 1638 Dei

548 1662 955 1726 exercituum
993 1672 1113 1727 est.
1189 1661 1358 1727 Nam
1396 1662 1569 1745 quod
1605 1663 1917 1728 continuo
1956 1671 2102 1744 post
2136 1660 2501 1738 subiicitur,

548 1754 627 1811 ut
660 1747 940 1830 septimo
978 1768 1233 1830 quoque
1269 1769 1445 1813 anno
1480 1749 1691 1833 legem
1738 1748 2035 1821 recitent,
2080 1767 2212 1811 non
2259 1747 2351 1810 ita
2394 1767 2499 1811 ac-

547 1834 766 1915 cipere
802 1835 1109 1899 convenit
1144 1854 1218 1898 ac
1261 1835 1319 1900 si
1360 1835 1611 1918 reliquo
1655 1844 1951 1917 tempore
1996 1841 2292 1898 maneret
2327 1830 2501 1915 apud

547 1921 727 2001 ipsos
801 1919 1195 1985 abscondita.
1303 1919 1535 1985 Voluit
1598 1921 1772 1986 enim
1839 1918 2025 1985 Deus
2091 1918 2503 2001 quotidianos

549 2026 692 2070 esse
729 2002 1042 2086 doctores,
1088 2013 1154 2069 et
1192 2005 1505 2089 populum
1544 2008 1739 2072 officii
1774 2006 1877 2072 sui
1914 2005 2177 2071 assidue
2215 2025 2499 2069 monere.

551 2088 683 2157 Sed
743 2112 825 2155 ne
881 2091 1044 2158 haec
1088 2093 1472 2158 exercitatio
1536 2092 1993 2171 obsolesceret,
2050 2099 2187 2156 tam
2236 2090 2501 2156 fastidio

545 2175 790 2260 populi,
859 2197 1054 2259 quam
1120 2178 1530 2244 sacerdotum
1598 2179 1903 2263 ignavia,
1980 2176 2267 2243 solennis
2331 2176 2501 2241 ritus

549 2262 898 2328 adiunctus
943 2264 1083 2340 fuit,
1131 2274 1204 2328 ut
1239 2267 1527 2347 septenis
1571 2265 1936 2348 quibusque
1983 2264 2194 2342 annis,
2238 2261 2349 2327 ubi
2394 2284 2501 2327 ce-

544 2348 935 2414 leberrimus
981 2361 1122 2413 erat
1165 2349 1394 2433 populi
1427 2360 1810 2428 conventus,
1858 2358 2294 2414 renovaretur
2334 2349 2501 2432 legis

545 2435 1002 2518 promulgatio,
1050 2436 1243 2502 Unde
1289 2449 1579 2520 apparet,
1621 2436 1789 2501 nihil
1836 2457 1977 2502 esse
2023 2444 2158 2500 tam
2196 2444 2498 2501 sanctum

547 2529 615 2585 et
657 2522 835 2585 omni
886 2522 1184 2587 cautione
1243 2523 1572 2587 munitum
1621 2522 1792 2604 quod
1837 2544 1967 2587 non
2013 2522 2381 2605 perfringat
2424 2541 2500 2586 ac

550 2607 750 2671 violet
815 2607 1155 2672 hominum
1214 2608 1485 2674 malitia.
1598 2609 1766 2673 Nam
1827 2628 2029 2690 quum
2093 2607 2254 2671 adeo
2310 2626 2497 2689 prae-

546 2694 677 2759 oise
715 2693 971 2758 Levitis
1008 2694 1304 2759 iniuncta
1345 2704 1517 2760 esset
1560 2694 1725 2779 legis
1768 2694 2079 2773 recitatio,
2127 2693 2496 2776 prodigium

549 2779 676 2843 fuit
743 2788 807 2843 et
872 2779 1133 2861 quidem
1201 2780 1584 2846 detestabile
1648 2791 1940 2863 tempore
2005 2778 2215 2845 Iosiae
2295 2779 2498 2844 fuisse

550 2874 896 2947 repertam,
966 2876 1032 2930 et
1097 2887 1324 2933 omnes
1374 2867 1674 2932 novitate
1738 2867 1939 2931 fuisse
1988 2865 2499 2950 expergefactos,

550 2972 625 3016 ac
686 2950 742 3016 si
801 2951 968 3016 nihil
1027 2972 1313 3035 unquam
1371 2953 1710 3019 audissent
1763 2950 1851 3039 (2.
1901 2952 2067 3036 Reg.
2122 2951 2252 3040 22).
2344 2950 2496 3016 Non

548 3037 724 3103 idem
771 3058 1038 3121 prorsus
1082 3038 1359 3122 contigit
1399 3039 1466 3104 in
1515 3048 1777 3123 papatu,
1837 3038 1950 3105 sed
2008 3059 2209 3122 quum
2270 3045 2499 3123 tyran-

550 3124 698 3190 nice
744 3124 1066 3189 dominari
1111 3125 1361 3190 vellent
1401 3125 1639 3190 larvati
1686 3126 2004 3208 episcopi,
2062 3125 2184 3190 hoc
2227 3122 2502 3189 artificio

552 3211 654 3276 nsi
699 3221 855 3275 sunt
900 3209 978 3275 de
1021 3211 1383 3293 scripturae
1419 3210 1753 3296 mysteriis
1795 3212 1895 3276 fas
1940 3232 2072 3275 non
2116 3232 2258 3276 esse
2294 3211 2504 3291 inqui-

552 3317 720 3362 rere.
811 3296 989 3362 Hinc
1033 3298 1276 3362 factum
1323 3307 1422 3362 est
1468 3307 1545 3362 ut
1585 3298 1711 3380 ipsi
1758 3296 2019 3381 quidem
2064 3318 2292 3362 secure
2339 3294 2506 3359 ludi-

553 3384 682 3447 oris
727 3381 994 3465 ineptiis
1029 3403 1291 3465 operam
1332 3382 1662 3449 dederint:
1711 3384 2012 3449 monachi
2037 3393 2252 3448 autem
2278 3401 2505 3447 eorum

556 3468 885 3535 emissarii
942 3469 1212 3551 impune
1269 3468 1542 3534 fabulati
1587 3470 1725 3534 sint
1766 3468 2077 3552 quidquid
2122 3469 2281 3551 ipsis
2327 3480 2507 3550 pote-

556 3565 660 3619 rat
718 3555 948 3619 venire
1006 3556 1076 3618 in
1135 3554 1420 3621 buccam.
1512 3556 1716 3619 Porro
1774 3554 2122 3621 consilium
2176 3553 2302 3619 Dei
2365 3553 2507 3629 fuit,

552 3640 833 3723 septimo
895 3661 1150 3723 quoque
1216 3662 1392 3706 anno
1459 3642 1778 3725 populum
1844 3661 2113 3706 monere
2176 3651 2254 3706 ut
2295 3639 2508 3724 legem

554 3725 815 3792 assidue
861 3725 1307 3792 meditaretur.

730 3812 829 3876 12.
884 3810 1318 3896 Conyreqando
1347 3813 1672 3894 populum.
1742 3813 1847 3877 Ad
1893 3813 2189 3891 verbum,
2237 3832 2506 3895 congre-

556 3918 733 3982 gare,
780 3900 850 3962 in
899 3899 1091 3963 modo
1149 3899 1506 3963 infinitivo:
1557 3897 1667 3981 qui
1712 3900 1971 3965 tametsi
2014 3897 2345 3963 interdum
2392 3918 2510 3980 pro

552 3981 949 4067 imperativo
992 3985 1285 4067 capitur,
1347 3985 1470 4049 hoo
1513 3993 1733 4049 tamen
1792 3984 1934 4051 loco
1976 4005 2314 4068 perperam
2365 4006 2511 4049 ver-

556 4078 712 4135 tunt
755 4069 1051 4153 quidam:
1098 4071 1447 4155 Congrega
1489 4070 1838 4153 populum:
1885 4092 1961 4137 ac
2004 4071 2062 4136 si
2107 4071 2279 4135 Mosi
2322 4090 2509 4152 prae-

555 4157 807 4238 ciperet
852 4157 1014 4222 haec
1057 4157 1366 4222 mandata
1410 4157 1610 4222 semel
1654 4156 1738 4221 ad
1782 4157 2087 4221 homines
2129 4158 2232 4221 sui
2266 4156 2512 4222 saeculi

558 4240 847 4307 deferre:
915 4264 1113 4323 quum
1174 4245 1390 4326 potius
1433 4241 1707 4307 eandem
1753 4244 2148 4309 sententiam
2198 4251 2514 4309 contexat

558 4328 798 4393 Moses.
891 4327 1214 4394 Cohaeret
1256 4329 1462 4414 igitur
1505 4329 1614 4394 hic
1659 4350 1889 4394 versus
1954 4350 2104 4393 cum
2159 4329 2510 4412 superiori—

558 4413 713 4479 bus:
781 4436 1016 4497 nempe
1080 4425 1154 4479 ut
1218 4415 1330 4480 lex
1396 4415 1478 4481 de
1544 4415 1802 4498 integro
1866 4415 2320 4499 promulgetur
2386 4434 2513 4497 quo

564 4520 736 4565 anno
814 4500 1101 4566 indicere
1167 4502 1458 4584 oportuit
1528 4500 2021 4567 celeberrimum
2088 4509 2514 4566 conventum:

562 4586 715 4669 quia
759 4593 917 4652 tunc
974 4587 1281 4670 clangore
1348 4587 1658 4652 tubarum
1724 4586 1805 4652 ad
1864 4587 2180 4654 iubileum
2241 4597 2515 4653 vocatus

560 4671 686 4736 fuit
729 4672 1029 4755 populus.
1122 4674 1424 4756 Denique
1467 4695 1585 4738 ver
1632 4695 1743 4738 um
1785 4673 2224 4758 congregandi
2281 4683 2515 4738 exten-

564 4757 748 4822 ditur
812 4758 895 4822 ad
962 4767 1311 4842 septennes
1375 4769 1768 4839 conventus,
1836 4780 2117 4843 quorum
2183 4758 2337 4823 alibi
2403 4761 2518 4824 fiet

564 4843 831 4910 mentio.
921 4844 1060 4910 Nec
1111 4853 1287 4910 certe
1345 4848 1622 4927 tempori
1670 4846 1873 4911 Mosis
1931 4845 2283 4929 quadraret
2344 4843 2516 4928 quod

566 4930 803 4995 dicitur
862 4929 941 4995 de
1000 4930 1240 5014 populo
1305 4932 1417 5013 qui
1472 4932 1727 4997 habitat
1784 4932 1960 4998 intra
2025 4941 2276 5015 portas,
2349 4951 2518 5014 quae

562 5028 723 5081 tunc
770 5015 991 5080 nullae
1035 5026 1243 5082 erant.
1331 5016 1574 5081 Fusius
1618 5038 1776 5103 ergo
1819 5019 2090 5102 exponit
2134 5019 2354 5084 Moses
2398 5037 2519 5082 cur

566 5103 921 5184 septimum
981 5122 1232 5167 annum
1290 5101 1765 5187 designaverit:
1831 5106 1985 5187 quia
2040 5103 2293 5170 scilicet
2358 5111 2519 5169 tunc

565 5189 847 5272 populus
927 5209 998 5254 se
1086 5189 1158 5253 in
1237 5189 1365 5253 Dei
1445 5199 1866 5271 conspectum
1947 5191 2236 5256 sistebat.
2361 5191 2517 5256 Mu·

566 5274 761 5339 lieres
797 5287 863 5338 et
896 5273 1210 5357 parvulos
1255 5275 1499 5340 diserte
1540 5276 1853 5352 nominat,
1902 5299 1985 5342 ne
2022 5299 2150 5359 qua
2193 5277 2280 5341 sit
2319 5297 2519 5342 sexus

563 5361 671 5425 vel
731 5363 965 5427 aetatis
1023 5362 1376 5428 excusatio.
1467 5359 1618 5441 Quo
1674 5361 1925 5427 foedior
1967 5374 2069 5429 est
2123 5384 2347 5429 eorum
2393 5364 2515 5427 im·

2008 436 2545 504 PRAEFATIO
2590 438 2691 504 IN
2734 439 3086 505 LEGEM.

4414 437 4524 504 232

2607 628 2896 712 probitas
2941 629 3053 711 qui
3096 650 3225 694 non
3272 647 3509 712 pueros
3564 627 3757 693 modo
3815 627 3928 692 sed
3975 627 4283 693 mulieres
4327 638 4529 694 arcent

2608 735 2647 785 a
2691 715 2957 798 pietatis
3015 714 3341 780 doctrina:
3410 714 3669 797 quando
3726 735 3955 780 omnes
4012 734 4050 777 a
4109 713 4380 778 minimo
4433 736 4527 780 us-

2607 821 2731 883 que
2778 794 2872 866 'ad
2940 802 3300 865 maximum
3351 799 3538 866 Deus
3583 799 3665 866 ad
3710 800 4001 866 scholam
4063 820 4249 865 suam
4310 800 4530 867 invitat

2606 887 2877 970 vultque
2926 908 3080 952 suos
3147 908 3289 952 esse
3348 885 3718 970 discipulos.
3816 887 4159 968 Quantum
4221 884 4301 950 ad
4364 906 4529 968 pere-

2607 974 2832 1057 grinos
2892 982 3173 1055 spectat,
3255 993 3366 1038 eos
3430 972 3730 1057 intellige
3796 993 3925 1037 non
3995 973 4104 1054 qui
4168 972 4532 1055 negotiandi

2606 1080 2806 1125 eausa
2878 1060 3182 1124 venirent
3249 1058 3319 1123 in
3388 1066 3632 1123 terram
3691 1057 4011 1123 Chanaan
4069 1080 4225 1123 mox
4287 1056 4533 1123 domum

2606 1144 2899 1224 redituri,
2945 1145 3055 1211 sed
3095 1145 3204 1228 qui
3244 1145 3642 1211 domicilium
3679 1145 3813 1209 illic
3849 1145 4202 1228 elegerant,
4249 1155 4317 1209 et
4357 1145 4535 1228 longa

2607 1231 3013 1296 habitatione
3058 1231 3440 1296 coaluerant
3480 1232 3548 1296 in
3595 1228 3767 1297 idem
3812 1250 4052 1314 corpus
4093 1251 4243 1296 cum
4288 1231 4536 1295 Israeli-

2605 1318 2710 1382 tis.
2773 1316 3058 1382 Additur
3101 1317 3352 1382 sructus
3395 1329 3462 1384 et
3505 1317 3776 1395 utilitas,
3822 1329 3898 1382 ut
3940 1315 4263 1382 audiendo
4301 1316 4540 1383 discant

2606 1404 2836 1468 timere
2882 1404 3116 1469 Deum.
3206 1402 3399 1470 Unde
3435 1404 3818 1487 colligimus,
3864 1425 3945 1469 ex
3990 1404 4360 1486 cognitione
4403 1404 4538 1467 reli-

2607 1489 2867 1573 gionem
2924 1510 3144 1554 veram
3191 1491 3405 1566 nasci,
3452 1502 3518 1554 et
3561 1489 3874 1572 quidquid
3919 1490 4181 1574 pietatis
4225 1499 4542 1554 ostentant

2606 1575 2908 1640 homines
2952 1574 3081 1640 Dei
3135 1575 3336 1641 verbo
3382 1595 3514 1641 non
3560 1576 3803 1654 edocti,
3871 1598 4120 1642 meram
4165 1597 4307 1641 esse
4351 1575 4541 1640 simu·

2606 1661 2939 1727 lationem.
3063 1660 3411 1726 Custodire
3502 1660 3583 1726 ad
3681 1661 4077 1739 faciendum,
4166 1662 4540 1727 tantundem

2607 1748 2782 1812 valet
2825 1768 2901 1813 ac
2945 1748 3115 1812 serio
3151 1748 3477 1830 applicare
3512 1769 3703 1815 suum
3739 1750 4031 1815 studium
4066 1748 4148 1813 ad
4191 1747 4543 1832 parendum

2607 1833 2772 1917 legis
2818 1834 3200 1916 praecepti&
3726 1864 3735 1871 ·

2782 1920 2882 1984 13.
2931 1919 3018 1984 Et
3071 1919 3200 2000 filii
3264 1940 3477 1985 eorum
3532 1921 3647 2002 qui
3702 1941 3829 1987 non
3881 1925 4194 1986 noverunt.
4301 1920 4545 1985 Iterum

2605 2005 2909 2071 videmus
2973 2026 3109 2071 non
3175 2007 3281 2089 agi
3349 2004 3429 2069 de
3504 2008 3835 2089 praesenti
3900 2006 4369 2072 convocatione
4443 2003 4547 2069 sed

2606 2112 2772 2174 quae
2797 2091 3154 2175 repetenda
3177 2099 3320 2156 erat
3364 2093 3642 2176 singulis
3677 2094 4061 2177 septenniis,
4099 2103 4172 2158 ut
4208 2094 4549 2175 posteritas

2605 2178 3054 2243 contineretur
3103 2179 3173 2242 in
3209 2178 3437 2244 officio.
3523 2179 3712 2244 Alter
3756 2200 3912 2263 ergo
3953 2199 4112 2245 usus
4156 2179 4549 2244 recitationis

2606 2275 3030 2343 monstratur,
3068 2266 3224 2346 quia
3263 2264 3473 2342 multi,
3511 2267 3621 2347 qui
3656 2286 3774 2348 per
3810 2275 4088 2331 aetatem
4122 2266 4376 2348 primae
4411 2284 4548 2347 pro-

2605 2349 3029 2434 mulgationis
3073 2359 3275 2415 testes
3319 2371 3461 2416 esse
3504 2372 3636 2415 non
3685 2362 4059 2435 potuerunt,
4112 2352 4264 2417 inde
4308 2350 4551 2416 discent

2605 2435 2928 2519 quomodo
2987 2436 3296 2502 colendus
3361 2437 3446 2501 sit
3504 2438 3707 2503 Deus.
3800 2442 3889 2504 Ac
3959 2449 4169 2503 terrae
4233 2436 4553 2522 possessio

2603 2543 2835 2588 rursus
2880 2522 3012 2588 illis
3058 2522 3478 2606 proponitur,
3537 2532 3614 2588 ut
3658 2523 3784 2590 Dei
3832 2524 4262 2591 beneficentia
4307 2545 4419 2590 eos
4474 2521 4551 2587 ad

2607 2607 2987 2692 obsequium
3035 2609 3299 2675 alliciat.

3272 2951 3400 3017 EX
3448 2950 3719 3018 DEU'I'.
3767 2953 3887 3019 VI.

2784 3124 2883 3190 10.
2953 3122 3104 3189 Erit
3167 3130 3373 3191 autem
3450 3146 3641 3206 quum
3705 3126 4127 3192 introduxerit
4191 3131 4251 3191 te
4331 3125 4563 3191 Iehova

2610 3212 2792 3278 Deus
2868 3215 3017 3275 tuus
3106 3211 3179 3275 in
3263 3217 3498 3277 terram
3582 3213 3657 3277 de
3737 3233 3868 3294 qua
3950 3213 4194 3278 iteravit
4267 3211 4565 3295 patribus

2612 3300 2775 3378 tuis,
2819 3296 3152 3363 Abraham
3198 3297 3389 3363 Isaac
3431 3302 3487 3362 et
3530 3297 3744 3375 Iacob,
3801 3320 3868 3364 se
3908 3299 4210 3364 daturum
4246 3299 4364 3363 tibi
4409 3317 4564 3376 eam,

2612 3390 2668 3450 et
2729 3384 2915 3449 wrbes
2975 3402 3242 3466 maynas
3306 3389 3362 3448 et
3412 3383 3726 3464 pulchras
3788 3405 3949 3467 quas
4013 3406 4137 3450 non
4192 3383 4562 3466 aedificasti,

2613 3471 2716 3536 11.
2762 3467 2853 3535 Et
2902 3470 3124 3535 domus
3162 3469 3394 3549 plenas
3444 3470 3613 3535 omni
3666 3469 3848 3552 bono,
3905 3492 4067 3553 quas
4120 3491 4242 3535 non
4295 3469 4562 3551 replesti,

2611 3564 2664 3623 et
2707 3557 3013 3622 caeter-nas
3053 3556 3328 3636 effossae,
3373 3577 3539 3637 quas
3578 3577 3699 3619 non
3733 3558 4037 3638 effodisti:
4094 3557 4317 3621 vineas
4360 3561 4417 3620 et
4458 3554 4563 3620 oli-

2609 3648 2763 3722 veta,
2832 3661 2990 3723 quae
3054 3661 3177 3705 non
3229 3642 3578 3722 plantastiz·
3624 3646 3678 3707 et
3720 3644 4075 3716 comederis,
4135 3647 4195 3707 et
4235 3646 4568 3707 saturatus

2608 3729 2848 3812 fueris:
2935 3727 3034 3792 12.
3107 3727 3270 3792 Cave
3332 3729 3445 3793 tibi
3507 3749 3586 3793 ne
3649 3728 4041 3794 obliviscaris
4105 3727 4394 3808 Iehovae,
4460 3727 4565 3809 qui

2612 3815 2829 3882 eduxit
2868 3819 2923 3878 te
2964 3834 2997 3878 e
3038 3817 3211 3878 terra
3253 3814 3541 3897 Aeyypti,
3587 3835 3619 3878 e
3661 3815 3836 3881 domo
3877 3835 4215 3881 servorum.

2789 3985 2888 4050 10.
2947 3984 3103 4049 Erit
3164 3990 3369 4050 autem
3431 4005 3626 4067 quum
3688 3988 4125 4053 immolam-it.
4232 3986 4565 4071 Quoniam

2613 4071 3012 4157 prosperitas
3048 4078 3116 4135 et
3150 4072 3485 4153 opulentia
3526 4081 3599 4136 ut
3636 4073 3992 4154 plurimum
4027 4071 4340 4141 excaecat
4361 4072 4567 4138 homi-

2616 4180 2776 4225 num
2842 4166 3115 4234 mentes,
3185 4179 3265 4221 ne
3332 4157 3414 4223 ad
3480 4158 3864 4225 modestiam
3924 4168 3993 4226 et
4046 4161 4568 4227 moderationem

2615 4245 2776 4312 satis
2821 4241 3184 4321 attendant,
3227 4243 3340 4308 sed
3387 4245 3606 4327 potius
3644 4245 3990 4312 lasciviant
4032 4248 4098 4310 in
4145 4247 4285 4313 suis
4330 4267 4566 4313 concu-

2616 4329 2967 4416 piscentiis,
3014 4350 3089 4394 ac
3123 4349 3193 4394 se
3230 4329 3472 4396 delitiis
3506 4331 3865 4397 inebrient:
3912 4332 4062 4399 huic
4100 4334 4259 4399 vitio
4298 4354 4421 4417 per
4457 4353 4567 4396 an-

2617 4415 3062 4500 ticipationem
3121 4416 3422 4482 medetur
3476 4418 3678 4483 Deus.
3783 4418 4013 4502 Neque
4069 4421 4244 4485 enim
4317 4420 4570 4484 frustra

2617 4503 2928 4569 admonet
2970 4502 3337 4568 cavendum
3395 4525 3537 4570 esse
3582 4526 3663 4569 ne
3709 4505 3835 4569 Dei
3893 4505 4404 4584 obliviscantur,
4466 4505 4572 4571 ubi

2617 4591 2800 4673 large
2836 4599 2901 4654 et
2945 4588 3123 4653 laute
3167 4589 3249 4653 ab
3285 4611 3361 4654 eo
3409 4591 3669 4655 tractat-i
3714 4592 3991 4672 fuerint,
4047 4592 4160 4657 sed
4206 4592 4367 4675 quia
4411 4591 4573 4658 scie-

2618 4676 2728 4742 bat
2764 4695 3107 4740 commune
3144 4674 3268 4740 hoc
3303 4697 3446 4742 esse
3482 4677 3717 4741 vitium
3766 4686 3842 4741 ut
3863 4678 4131 4743 satietas
4155 4678 4377 4760 pariat
4410 4679 4572 4743 fero-

2618 4765 2821 4827 ciam:
2882 4759 3429 4844 quemadmodum
3486 4771 3713 4844 postea
3767 4763 3941 4828 dicet
3982 4764 4053 4829 in
4097 4766 4390 4830 cantico:
4453 4762 4568 4830 Sa-

2620 4851 2884 4933 ginatus
2950 4846 3157 4911 Israel
3224 4848 3693 4914 recalcitravit:
3774 4849 4174 4934 pinguedine
4248 4850 4573 4916 obductus

2619 4942 2750 5014 est,
2795 4932 3146 5016 dereliquit
3188 4933 3404 4999 Deum
3446 4934 3756 5001 factorem
3803 4958 4030 5016 suum,
4090 4946 4156 5001 et
4199 4958 4323 5019 pro
4368 4936 4575 5002 nihilo

2620 5021 2855 5086 habuit
2896 5018 3117 5083 Deum
3165 5019 3397 5085 salutis
3441 5042 3616 5086 suae.
3704 5022 4045 5106 Principio
4103 5035 4329 5088 autem
4377 5043 4569 5108 quam

2622 5107 2832 5190 turpis
2898 5115 2964 5169 et
3027 5104 3302 5188 indigna
3377 5107 3602 5172 futura
3681 5108 3768 5173 sit
3845 5130 4069 5173 eorum
4139 5110 4577 5193 ingratitudo,

2621 5192 2907 5258 ostendit
2962 5190 3019 5257 si
3075 5199 3174 5254 tot
3217 5192 3569 5273 praeclaris
3615 5194 3742 5260 Dei
3795 5193 4124 5261 beneficiis
4168 5199 4393 5261 onusti
4439 5197 4575 5260 eius

2621 5279 3008 5344 memoriam
3051 5275 3375 5343 abiiciant.
3441 5279 3616 5344 Nam
3652 5291 3724 5344 ut
3756 5280 4255 5347 inaestimabilis
4294 5282 4428 5348 fuit
4452 5282 4575 5345 Dei

2622 5365 2904 5444 bonitas,
2946 5363 3141 5429 urbes
3184 5363 3316 5431 illis
3352 5365 3611 5431 tradere
3647 5368 3876 5434 alienis
3915 5369 4215 5435 manibus
4250 5369 4575 5444 conditas,
