4867 6150
375 441 494 507 201

373 651 659 698 amorem
704 632 1124 716 studiumque
1167 631 1445 709 abiiciat‚
1512 634 1884 700 conditione
1927 635 2316 720 interposita

372 738 712 785 ascensum
753 721 1095 801 permittit,
1161 719 1273 783 ubi
1319 720 1579 803 longius
1624 731 1994 805 protractus
2040 725 2167 788 erit
2211 735 2315 789 tu-

370 804 485 869 bae
544 804 829 888 clangor,
896 806 998 869 vel
1070 826 1273 889 usque
1338 806 1421 871 ad
1488 824 1818 873 summum
1877 810 2311 891 personuerit.

367 891 473 956 Ita
519 912 648 956 non
694 899 793 956 est
838 890 1006 973 quod
1053 890 1133 956 de
1183 891 1628 958 mediocritate
1672 903 2061 976 querantur,
2117 916 2312 979 quam

367 977 495 1042 illis
540 986 865 1059 temperat
907 978 1094 1043 Deus
1139 979 1204 1041 in
1250 976 1552 1044 salutem.

539 1149 638 1213 16.
686 1148 776 1214 Et
815 1150 946 1231 fuit
985 1150 1087 1215 die
1128 1150 1330 1227 tertia,
1396 1170 1588 1232 quum
1628 1150 1865 1232 factum
1908 1157 2062 1218 esset
2109 1173 2308 1229 mane,

361 1234 528 1317 facta
572 1239 720 1298 sunt
757 1237 1035 1300 tonitrua
1050 1286 1069 1319 ‚
1135 1240 1193 1300 et
1244 1236 1506 1319 fulgura
1524 1286 1538 1315 ,
1599 1241 1657 1301 et
1697 1238 1888 1302 nubes
1928 1239 2311 1304 densissima

362 1340 551 1402 super
597 1327 880 1400 montem,
922 1326 978 1385 et
1012 1321 1266 1405 clanqor
1296 1322 1482 1387 tubae
1513 1322 1987 1401 intentissimus,
2034 1326 2311 1404 expavit-

360 1426 475 1489 que
528 1408 865 1473 universus
905 1408 1184 1490 populus
1236 1408 1349 1489 qui
1413 1414 1546 1473 erat
1608 1409 1677 1472 in
1736 1411 1981 1476 castris.
2075 1410 2175 1475 17.
2221 1410 2312 1475 Et

360 1493 574 1557 eduxit
642 1492 853 1558 Moses
901 1494 1213 1575 populum
1268 1494 1338 1558 in
1389 1513 1712 1560 occursum
1769 1495 1897 1560 Dei
1951 1517 1983 1560 e
2046 1497 2275 1562 castris
2288 1522 2307 1560 .-

357 1578 467 1659 qui
499 1583 792 1644 steterunt
823 1580 892 1643 in
912 1580 1217 1662 inferiore
1237 1582 1687 1662 partemontis.
1753 1581 1852 1646 18.
1892 1581 2082 1646 Mons
2104 1587 2305 1647 autem

360 1664 549 1729 Sinai
585 1666 872 1748 fumabat
913 1670 1102 1746 totus,
1160 1685 1226 1730 eo
1269 1667 1435 1748 quod
1476 1667 1886 1732 descendisset
1926 1687 2119 1749 super
2162 1688 2305 1732 eum

352 1750 584 1817 Iehova
624 1751 697 1816 in
739 1752 882 1835 iqne
925 1751 1402 1833 ascendebatque
1438 1752 1656 1834 fumus
1699 1754 1851 1831 eius,
1888 1753 2049 1818 sicut
2085 1753 2303 1835 fumus

345 1837 644 1918 fornacis,
690 1843 748 1903 et
789 1843 1121 1904 commotus
1164 1843 1254 1903 est
1294 1840 1631 1905 universus
1684 1858 1866 1904 mons
1905 1839 2296 1905 vehementer.

349 1923 447 1988 19.
496 1924 667 1988 Erat
697 1929 1030 2004 praeterea
1069 1925 1320 2006 clanqor
1361 1924 1652 1991 buccinae
1682 1926 2043 2005 procedens,
2101 1930 2158 1989 et
2198 1925 2296 1990 in·

345 2009 681 2075 valescebat
712 2011 921 2075 valde:
946 2010 1158 2077 Moses
1189 2010 1566 2090 loquebatur,
1600 2015 1656 2075 et
1678 2010 1858 2075 Deus
1891 2012 2299 2092 respondebat

344 2097 401 2160 ei
467 2097 540 2160 in
602 2116 755 2162 voce.
865 2096 968 2162 20.
1037 2096 1452 2162 Descenderat
1519 2102 1723 2162 autem
1789 2096 2019 2162 Iekova
2096 2117 2297 2179 supra

343 2188 608 2247 montem
655 2181 859 2262 Sinai,
916 2204 1106 2264 super
1161 2182 1446 2248 verticem
1500 2183 1759 2248 montis:
1810 2188 1867 2248 et
1908 2183 2152 2248 vocavit
2195 2183 2295 2247 Ie-

340 2267 501 2333 hova
548 2267 766 2334 Mosen
809 2269 896 2334 ad
958 2269 1243 2335 verticem
1290 2268 1517 2334 montis
1527 2299 1546 2345 ·,
1605 2269 1999 2351 ascenditque
2063 2267 2291 2335 Moses.

520 2442 621 2506 16.
664 2440 757 2506 Et
794 2440 921 2522 fuit
961 2440 1065 2505 die
1107 2440 1311 2506 tertia.
1409 2440 1485 2504 Id
1549 2440 1906 2506 tenendum
1973 2441 2292 2505 memoria

336 2537 436 2592 681
492 2526 660 2610 quod
714 2539 865 2590 ante
913 2525 1241 2603 admonui,
1288 2527 1360 2590 in
1411 2527 1532 2591 1106
1589 2526 1980 2592 formidabili
2025 2527 2289 2609 speculo

334 2615 580 2696 partim
627 2612 985 2678 subiectam
1029 2612 1234 2678 oculis
1274 2612 1478 2678 fuisse
1523 2614 1649 2678 Dei
1693 2614 2154 2696 praesentiam,
2213 2622 2289 2677 ut

333 2701 481 2765 eius
547 2701 857 2764 maiestas
926 2709 1324 2782 spectatores
1391 2697 1474 2763 ad
1547 2700 1929 2783 obsequium
2003 2709 2284 2784 cogeret,

333 2784 827 2869 doctrinamque
887 2793 1209 2850 assereret
1264 2806 1303 2850 a
1359 2795 1767 2868 contemptu,
1825 2786 2067 2869 partim
2127 2806 2285 2851 vero

333 2891 713 2955 expressam
763 2871 962 2936 fuisse
1011 2880 1320 2936 naturam
1365 2871 1561 2954 legis,
1613 2893 1783 2953 quae
1828 2892 1948 2954 per
1996 2893 2066 2936 86
2118 2871 2282 2935 nihil

332 2956 517 3022 aliud
564 2977 761 3040 quam
803 2977 1019 3021 meros
1062 2967 1344 3023 terrores
1387 2967 1679 3042 generat.
1728 2957 2004 3023 Tonitru
2049 2967 2114 3021 et
2158 2956 2279 3022 ful-

329 3043 611 3128 guribus
652 3055 715 3108 et
762 3042 958 3109 tubae
1000 3044 1219 3109 sonitu
1265 3057 1378 3110 aer
1436 3043 1734 3110 turbatus
1791 3045 1940 3124 fuit,
1994 3044 2173 3109 fumo
2218 3051 2284 3109 et

327 3131 614 3215 caligine
658 3151 845 3195 mons
881 3131 1171 3210 obrutus,
1211 3151 1445 3213 nempe
1481 3142 1556 3195 ut
1589 3131 1967 3214 suppliciter
2000 3131 2281 3213 populus

328 3238 554 3283 coram
599 3214 744 3281 Deo
787 3237 857 3281 se
902 3225 1361 3299 prosterneret,
1421 3215 1779 3299 foedusque
1822 3216 1948 3281 sibi
1992 3218 2280 3300 proposi-

326 3311 470 3368 tum
520 3314 750 3369 sancte
805 3301 1323 3385 amplexaretur:
1381 3304 1533 3385 quia
1585 3323 1919 3386 nunquam
1980 3312 2281 3386 penetrat

324 3389 395 3453 in
444 3390 708 3454 animos
754 3388 1017 3472 religio,
1078 3397 1153 3453 ut
1210 3389 1381 3453 serio
1440 3389 1565 3453 Dei
1625 3390 1895 3455 verbum
1942 3390 2280 3472 recipiant,

323 3474 537 3541 donee
583 3475 885 3558 purgatis
930 3496 1003 3540 ac
1050 3477 1356 3541 correctis
1399 3476 1580 3540 vitiis
1621 3474 1822 3558 probe
1859 3475 2109 3541 subacti
2147 3475 2283 3539 fue-

323 3564 477 3627 rint.
574 3561 775 3644 Atqui
834 3559 944 3627 hic
1006 3561 1200 3626 timor
1258 3562 1598 3645 evangelio
1645 3582 1901 3645 quoque
1962 3574 2060 3627 est
2105 3582 2280 3627 com-

323 3647 586 3712 munis:
653 3647 809 3730 quia
874 3647 1066 3712 sicuti
1126 3647 1199 3710 in
1271 3648 1414 3732 lege
1480 3647 1956 3731 promulganda
2033 3657 2279 3712 terram

324 3733 666 3799 concussit
709 3734 907 3812 Deus,
952 3734 1047 3797 ita
1090 3732 1171 3798 de
1215 3733 1464 3799 Christi
1509 3734 1800 3799 adventu
1845 3742 1913 3799 et
1956 3736 2280 3800 instaura-

325 3821 511 3884 tione
557 3819 866 3884 ecclesiae
912 3839 1025 3901 per
1060 3819 1447 3902 prophetam
1485 3818 1833 3900 disserens,
1879 3820 2092 3886 adhuc
2127 3839 2284 3903 pau·

324 3904 554 3988 lisper,
590 3905 823 3988 inquit,
864 3918 931 3969 et
951 3905 1224 3970 movebo
1246 3906 1496 3971 coelum
1521 3915 1589 3970 et
1623 3915 1866 3971 terram
1887 3904 2084 3991 (Agg.
2107 3905 2169 3982 2,
2196 3903 2280 3990 7).

325 3991 568 4075 Itaque
608 3988 843 4067 David,
889 3991 997 4056 ubi
1034 3990 1379 4056 ostendere
1417 3993 1562 4056 vult
1596 3992 1813 4056 Deum
1851 3992 2049 4057 fuisse
2086 3991 2284 4056 eecle-

325 4078 468 4141 siae
514 4098 673 4141 suae
714 4076 1053 4156 vindicem,
1101 4077 1223 4143 hac
1258 4078 1546 4162 imagine
1581 4099 1727 4142 eum
1769 4076 2082 4160 depingit.
2148 4077 2281 4142 Ne-

325 4183 460 4247 que
484 4164 663 4227 enim
689 4160 952 4229 dubium
981 4173 1100 4247 est,
1136 4184 1333 4247 quum
1362 4165 1522 4229 dicit
1543 4164 1716 4230 Psal.
1745 4164 1845 4241 18,
1869 4164 1942 4229 8:
1981 4164 2163 4229 Mota
2186 4172 2285 4228 est

324 4263 394 4315 et
438 4251 846 4314 contremuit
890 4263 1084 4329 terra,
1131 4260 1383 4317 montes
1427 4250 1724 4316 concussi
1769 4259 1941 4326 sunt,
1987 4248 2284 4315 ascendit

324 4337 560 4401 fumus
606 4337 671 4399 in
718 4336 884 4400 facie
927 4337 1086 4413 eius,
1147 4336 1322 4420 ignis
1366 4359 1446 4400 ox
1491 4358 1603 4401 ore
1647 4337 1785 4402 eius
1830 4337 2120 4415 voravit,
2180 4338 2280 4399 in-

323 4422 607 4489 clinavit
650 4422 877 4500 coelos,
924 4434 989 4486 et
1034 4421 1369 4487 descendit
1408 4422 1618 4507 caligo
1654 4427 1779 4488 sub
1813 4422 2087 4505 pedibus
2123 4423 2281 4498 eius,

326 4511 494 4591 quin
543 4508 623 4572 ad
671 4507 1011 4573 historiam
1073 4529 1237 4590 quae
1295 4530 1334 4572 a
1379 4509 1566 4573 Mose
1610 4520 1950 4586 narratur,
2013 4507 2281 4572 alludat.

325 4594 602 4660 Clarius
637 4595 834 4658 etiam
856 4593 1170 4661 Habacuc
1192 4595 1251 4672 3,
1276 4594 1344 4659 3:
1386 4593 1568 4660 Deus
1605 4593 1683 4659 de
1707 4594 2003 4659 Theman
2051 4598 2284 4673 veniet,

325 4692 728 4762 sanctusque
773 4678 851 4744 de
894 4693 1118 4745 moute
1166 4680 1452 4746 Pharan.
1544 4682 1809 4746 Interea
1855 4689 2075 4745 manet
2122 4681 2281 4745 alte-

323 4787 487 4832 rum
536 4766 697 4830 illud
739 4767 1141 4845 membrum,
1205 4765 1532 4831 horrenda
1589 4768 1922 4850 prodigia,
1973 4766 2054 4831 ad
2116 4787 2282 4848 quae

325 4872 772 4936 expavescere
817 4852 1127 4935 populum
1174 4873 1439 4918 necesse
1483 4853 1641 4931 fuit,
1698 4864 2009 4936 tanquam
2065 4851 2283 4935 sigilla

322 4942 539 5004 fuisse
562 4935 783 5003 addita
827 4937 910 5002 ad
946 4938 1108 5023 legis
1131 4940 1753 5023 promulgationem:
1800 4938 1952 5023 quia
1987 4938 2095 5002 lex
2132 4938 2284 5003 data

323 5027 460 5090 fuit
509 5045 674 5107 quae
718 5026 964 5106 sopitas
1007 5026 1438 5090 conscientias
1484 5025 1564 5090 ad
1602 5025 1890 5090 1111101161
1926 5025 2175 5103 citaret,
2211 5035 2283 5087 ut

323 5120 522 5176 metu
588 5119 892 5175 aeternae
960 5112 1186 5176 mortis
1254 5112 1334 5177 ad
1382 5112 1507 5176 Dei
1554 5110 2064 5176 misericordiam
2129 5130 2281 5176 con·

323 5198 659 5282 fugerent.

520 5282 615 5347 17.
662 5281 752 5346 Et
811 5282 1031 5349 eduxit
1096 5281 1308 5348 Moses
1358 5283 1687 5365 populum.
1793 5284 2124 5348 Docemur
2182 5282 2286 5347 his

322 5368 564 5435 verbis
607 5390 736 5433 non
778 5367 953 5434 edita
984 5367 1188 5433 fuisse
1221 5369 1520 5453 prodigia
1555 5391 1720 5452 quae
1754 5370 2063 5452 populum
2097 5369 2280 5452 fuga-

1513 445 2251 515 COMMENTARIUS
2297 447 2397 513 IN
2442 446 2744 513 EXODI
2788 446 2986 513 CAP.
3033 446 3230 513 XIX.

4239 448 4367 514 202

2418 647 2570 699 rent
2592 657 2630 701 a
2655 636 2778 701 Dei
2802 646 3171 717 conspectu,
3208 655 3327 701 066
3349 636 3648 700 1111101601
3673 634 3874 701 fuisse
3892 634 4229 723 incussum
4254 637 4367 720 qui

2419 722 2843 787 exacerbaret
2887 724 3138 787 animos
3181 723 3249 786 in
3291 720 3507 786 odium
3556 721 3909 799 doctrinae,
3970 721 4081 787 sed
4137 722 4363 787 foedus

2417 805 2548 871 Dei
2616 829 2746 872 non
2805 808 3022 873 minus
3077 808 3278 873 fuisse
3336 806 3614 872 amabile
3672 827 3867 891 quam
3920 809 4360 874 metuendum.

2413 892 2740 958 Iubentur
2783 895 2956 959 enim
3009 893 3265 959 obviam
3313 895 3409 958 ire
3454 894 3615 974 Deo,
3662 905 3733 957 ut
3783 904 4080 977 prompto
4127 895 4362 960 affectu

2416 999 2486 1044 86
2532 978 2616 1044 ad
2658 978 3233 1062 obtemperandum
3284 980 3536 1045 sistant.
3596 978 3744 1044 Hoc
3787 989 4004 1044 6016111
4051 981 4191 1044 fieri
4230 1002 4360 1045 non
4424 992 4430 999 '

2414 1073 2674 1148 poterat
2717 1066 2845 1130 nisi
2893 1065 3070 1129 aliud
3120 1067 3191 1130 in
3238 1065 3381 1149 lege
3426 1064 3727 1130 audirent
3776 1087 3970 1148 quam
4016 1075 4361 1149 praecepta

2413 1161 2480 1215 et
2525 1152 2758 1217 minas.
2849 1150 2930 1214 In
2975 1153 3155 1216 fumo
3201 1161 3417 1216 tamen
3466 1162 3533 1215 et
3576 1152 3757 1235 igne,
3817 1151 4090 1235 aliisque
4134 1153 4357 1235 signiS,

2412 1238 2777 1320 permixtus
2800 1238 2924 1303 fuit
2957 1237 3193 1319 aliquis
3217 1237 3414 1301 timor
3439 1237 3705 1317 exlegis
3741 1235 3967 1316 offici0,
4014 1237 4164 1320 quia
4191 1260 4360 1302 nun-

2409 1344 2604 1406 quam
2657 1326 2887 1388 veniae
2931 1343 3139 1405 capax
3184 1324 3310 1386 erit
3352 1332 3685 1405 peccator,
3743 1322 3947 1389 donee
3993 1335 4210 1388 reatus
4255 1325 4359 1389 sui

2409 1410 2708 1474 conscius
2754 1410 3082 1492 trepidare
3127 1409 3363 1486 discat,
3429 1408 3559 1472 imo
3603 1409 3873 1472 horrore
3917 1409 4224 1475 confusus
4270 1410 4354 1474 ad

2408 1495 2538 1561 Dei
2581 1495 2872 1560 tribunal
2930 1497 3135 1560 iaceat
3192 1495 3326 1560 fere
3378 1495 3719 1559 exanimis.
3811 1494 4084 1560 Duobus
4130 1495 4351 1577 proxi-

2406 1581 2533 1646 mis
2578 1579 2877 1646 versibus
2922 1582 3204 1664 explicat
3252 1582 3458 1646 Moses
3494 1578 3667 1662 quod
3710 1581 3997 1645 breviter
4039 1582 4349 1664 attigerat

2406 1667 2487 1731 de
2545 1689 2817 1733 occursu
2885 1668 3029 1733 Dei.
3121 1666 3337 1732 Deum
3405 1667 3578 1731 enim
3646 1666 4080 1749 propinquum
4147 1667 4348 1733 fuisse

2403 1753 2617 1832 docet,
2678 1754 2984 1837 quoniam
3047 1752 3399 1837 apparebat
3453 1753 3593 1817 eius
3638 1752 3944 1817 maiestas
3987 1753 4058 1815 in
4103 1753 4347 1818 vertice

2399 1840 2645 1905 montis
2692 1840 2897 1904 Sinai.
2991 1839 3194 1904 Addit
3257 1849 3479 1904 tamen
3544 1838 3806 1904 stetisse
3848 1839 4029 1903 intra
4070 1836 4342 1904 limites:

2398 1926 2553 2006 quia
2620 1924 2797 1990 solus
2864 1926 3002 2008 11186
3067 1924 3490 2005 ascendebat,
3568 1933 3635 1988 et
3715 1923 3976 2006 quidem
4061 1933 4343 1990 vocatus.

2397 2011 2568 2076 Nam
2626 2011 2863 2077 diserte
2921 2012 3326 2094 exprimens,
3385 2032 3517 2076 non
3562 2020 3827 2092 sponte,
3894 2009 4006 2075 sed
4051 2011 4345 2076 vocantis

2398 2097 2709 2163 mandato
2758 2109 3236 2178 transgressum
3294 2096 3494 2163 fuisse
3550 2094 3736 2179 vulgi
3796 2105 4026 2174 metas,
4083 2097 4342 2161 temeri-

2397 2185 2552 2249 tatis
2611 2184 2859 2250 crimen
2917 2205 2956 2247 a
3013 2204 3085 2249 se
3152 2184 3412 2248 avertit.
3524 2182 3732 2246 Porro
3799 2183 4134 2247 inversum
4201 2203 4345 2247 esse

2397 2270 2799 2335 narrationis
2889 2268 3185 2334 ordinem
3265 2291 3347 2334 ex
3427 2277 3737 2335 contextu
3821 2269 3963 2350 ipso
4041 2278 4339 2351 apparet:

2394 2355 2568 2439 quod
2636 2355 2792 2420 dum
2850 2365 3044 2421 vetus
3108 2357 3434 2438 interpres
3501 2375 3633 2418 non
3698 2353 4004 2419 observat
4072 2375 4341 2420 sensum

2394 2443 2730 2525 pervertit.
2820 2442 3186 2525 Responsio
3227 2442 3360 2506 Dei
3414 2440 3485 2505 in
3530 2460 3686 2505 voce
3730 2437 4118 2504 tantundem
4163 2439 4342 2505 valet

2392 2537 2587 2612 atque
2645 2548 2883 2592 sonora
2940 2536 3054 2593 aut
3112 2527 3380 2607 vocalis,
3436 2547 3671 2609 nempe
3731 2547 3929 2609 quam
3993 2525 4341 2591 exaudiret

2392 2614 2703 2697 populus:
2749 2615 2916 2680 sicut
2962 2622 3187 2697 postea
3230 2612 3562 2679 videbitur
3597 2635 3677 2677 ex
3722 2613 3783 2677 4.
3828 2613 4025 2677 Deut.
4068 2632 4207 2696 cap.

2562 2784 2665 2849 21.
2704 2785 3015 2867 Dioeitque
3052 2783 3284 2850 Iebova
3325 2784 3411 2849 ad
3447 2781 3701 2850 Mosen:
3742 2781 4079 2864 Descende,
4112 2790 4336 2850 contes-

2386 2876 2523 2936 tare
2555 2870 2863 2953 populum
2907 2891 2985 2936 ne
3015 2874 3394 2953 perrumpat
3427 2870 3513 2935 ad
3538 2869 3830 2935 Iebovam
3850 2870 4103 2936 videndi
4123 2890 4339 2943 causa,

2386 2962 2447 3023 et
2487 2958 2671 3024 cadat
2713 2978 2789 3022 ex
2830 2957 2925 3022 eis
2966 2957 3316 3023 multitudo.
3406 2957 3509 3020 22.
3560 2956 3728 3037 Quin
3770 2956 3957 3020 etiam
3999 2955 4339 3021 sacerdotes

2385 3044 2500 3128 qui
2535 3044 3043 3127 appropinquant
3074 3042 3162 3108 ad
3197 3041 3489 3108 Iekovam
3530 3040 3907 3122 sanctificent
3947 3061 4029 3120 se,
4070 3060 4148 3106 ne
4181 3040 4340 3122 forte

2385 3135 2720 3213 rupturam
2763 3131 2898 3196 illis
2938 3129 3137 3207 faciat
3181 3128 3431 3193 Iehova.
3534 3128 3636 3192 23.
3701 3127 3790 3191 Et
3846 3128 3941 3192 ait
3983 3125 4199 3192 Moses
4251 3127 4338 3192 ad

2387 3215 2710 3295 Iehovam,
2784 3235 2913 3279 non
2958 3215 3191 3295 poterit
3232 3214 3515 3298 populus
3571 3214 3895 3278 ascendere
3948 3213 4021 3278 in
4075 3217 4337 3278 montem

2390 3301 2611 3368 Sinai:
2654 3303 2806 3384 quia
2848 3306 2918 3365 tu
2959 3321 3073 3366 nos
3106 3305 3477 3365 contestatus
3512 3319 3596 3378 es,
3632 3298 3922 3365 dicendo:
3963 3300 4338 3365 distermina

2383 3394 2675 3466 montem,
2737 3393 2790 3452 et
2831 3386 3156 3467 sanctifica
3201 3385 3401 3452 illum.
3492 3385 3597 3449 24.
3643 3383 3729 3448 Et
3772 3385 3937 3450 dixit
3977 3385 4036 3451 ei
4079 3385 4333 3465 Ielzova,

2382 3475 2557 3556 vade,
2600 3473 2909 3549 descende,
2958 3476 3012 3537 et
3056 3471 3351 3537 ascendes
3392 3476 3461 3537 tu
3504 3476 3562 3536 et
3581 3469 3848 3535 Aharon
3883 3476 4092 3549 tecum,
4137 3490 4337 3536 sacer-

2383 3562 2552 3627 dotes
2594 3565 2804 3625 autem
2860 3563 2917 3623 et
2947 3559 3229 3640 populus
3272 3577 3395 3623 non
3426 3562 3852 3640 perrumpant
3889 3563 3960 3622 ut
4002 3557 4337 3623 ascendant

2383 3647 2470 3710 ad
2549 3646 2843 3711 Ielzovam
2870 3693 2885 3719 ,
2962 3665 3038 3709 ne
3108 3644 3267 3728 forte
3342 3649 3677 3726 rupturam
3755 3643 3826 3707 in
3903 3642 4049 3726 illis,
4112 3643 4328 3724 faciat.

2383 3731 2486 3797 25.
2533 3733 2870 3798 Descendit
2932 3731 3140 3813 itaque
3186 3729 3395 3795 Moses
3450 3730 3537 3795 ad
3567 3729 3894 3811 populum,
3948 3734 4005 3794 et
4046 3728 4337 3812 loquutus

2383 3823 2474 3884 est
2515 3818 2688 3901 apud
2731 3837 2848 3883 eos.

2555 3990 2659 4054 21.
2712 3989 3020 4072 Dioeitqtaee
3076 3989 3303 4057 Iehova
3372 3990 3459 4056 ad
3519 3988 3756 4055 Mosen.
3859 3985 4150 4052 Iteratur
4206 3985 4333 4051 Dei

2383 4076 2694 4142 mandato
2739 4074 2965 4141 eadem
3012 4077 3384 4159 prohibitio,
3450 4098 3536 4141 ne
3580 4075 3864 4160 populus
3909 4073 4071 4138 fines
4115 4080 4330 4137 trans·

2384 4161 2673 4240 scendat,
2709 4160 2888 4227 haud
2926 4160 3122 4227 dubie
3157 4165 3309 4246 quia
3344 4184 3476 4228 non
3514 4164 3676 4229 satis
3718 4160 3951 4225 fuisset
3992 4158 4193 4223 semel
4217 4178 4332 4222 ve-

2383 4250 2621 4314 tuisse:
2668 4248 2834 4329 quod
2882 4270 2961 4312 ex
3010 4248 3217 4313 Mosis
3262 4269 3575 4332 responso
3619 4247 3965 4331 colligitur.
4048 4244 4333 4309 Putabat

2385 4337 2580 4411 enim,
2625 4355 2822 4416 quum
2871 4333 3188 4399 admoniti
3231 4343 3450 4399 essent
3492 4354 3737 4408 omnes,
3784 4331 3948 4396 nihil
3986 4351 4150 4414 opus
4188 4351 4332 4395 esse

2387 4441 2555 4487 novo
2621 4417 2988 4485 interdicto,
3086 4419 3292 4503 Atqui
3352 4421 3804 4486 vehementius
3861 4417 4069 4482 instat
4126 4414 4329 4496 Deus,

2385 4517 2452 4573 et
2495 4507 2730 4571 iterum
2777 4506 2975 4570 minis
3035 4505 3344 4571 adhibitis
3404 4506 3781 4570 denunciari
3834 4504 4017 4570 iubet
4074 4512 4151 4566 ut
4204 4501 4327 4567 sibi

2385 4602 2640 4658 attente
2712 4601 3005 4657 caveant.
3096 4591 3349 4674 Nempe
3423 4591 3670 4657 sciebat
3733 4611 3879 4656 cum
3949 4587 4330 4673 praefractis

2384 4679 2510 4745 sibi
2558 4699 2698 4744 6886
2742 4680 3117 4761 negotium:
3165 4677 3401 4759 quibus
3446 4675 3786 4742 domandis
3831 4677 4041 4741 acrior
4085 4694 4329 4757 poenae

2384 4774 2601 4830 metus
2656 4764 3063 4829 necessarius
3117 4763 3300 4827 foret.
3392 4764 3538 4828 Iam
3599 4783 3798 4845 quum
3860 4760 4065 4824 nihilo
4125 4760 4328 4824 simus

2384 4851 2715 4929 meliores,
2781 4870 2865 4913 ne
2933 4849 3246 4913 miremur
3312 4850 3366 4915 si
3435 4848 3731 4933 pluribus
3798 4845 4325 4911 exhortationum

2383 4936 2669 5002 stimulis
2706 4934 2981 5000 subinde
3025 4931 3145 4998 1108
3189 4932 3374 5001 Β608
3410 4944 3694 5019 pungat,
3761 4933 4101 5014 minasque
4145 4932 4324 5013 inge-

2385 5024 2619 5087 minet:
2667 5021 2905 5103 alioqui
2953 5019 3139 5085 facile
3182 5021 3520 5104 obreperet
3564 5020 3857 5085 omnium
3904 5038 4067 5100 quae
4125 5015 4325 5081 semel

2382 5108 2715 5193 praecepit
2759 5106 3015 5171 oblivio.
3064 5105 3429 5171 Confirmat
3472 5106 3672 5172 etiam
3712 5106 3819 5171 hic
3861 5105 4056 5180 locus,
4097 5112 4326 5184 quant-

2384 5215 2578 5278 opere
2640 5192 2977 5276 displiceat
3030 5193 3173 5257 Deo
3230 5213 3394 5276 quae
3452 5193 3744 5257 humana
3797 5190 4061 5273 ingenia
4105 5185 4328 5251 titillat

2385 5279 2747 5348 curiositas.
2840 5280 3102 5345 Diserte
3143 5280 3317 5343 enim
3374 5278 3589 5354 edicit,
3635 5298 3719 5341 ue
3762 5281 4197 5360 perrumpant
4242 5272 4324 5337 ad

2388 5364 2766 5444 videndum,
2806 5385 2937 5431 non
2974 5364 3144 5449 quod
3178 5365 3500 5432 occultum
3546 5370 3660 5430 aut
3694 5359 4146 5453 absconditum
4185 5378 4325 5425 esse
