4867 6150
553 426 689 494 283

2031 424 2410 492 PRIMUM
2450 422 3100 492 PRAEOEP'PUM.

4421 428 4538 495 284

560 637 600 681 a
642 614 1181 699 superstitionum
1242 636 1362 680 usu
1408 624 1484 679 ut
1540 613 1803 680 auditus
1859 633 2115 698 quoque
2170 613 2510 697 contagio·
2596 612 2842 679 miscue
2889 612 3228 697 recipient.
3318 613 3552 696 Itaque
3610 611 3967 679 tenendum
4025 624 4128 680 est
4186 613 4357 680 istud
4398 615 4534 683 Non

1078 698 1159 766 In
1208 699 1422 766 verbis
1469 700 1591 767 hoe
1637 701 1927 767 breviter
1970 699 2349 777 notandum,
2395 698 2510 764 ubi

563 787 888 854 vertimus
931 785 1273 852 Possidere
1332 795 1594 871 gentes,
1654 787 1885 852 Mosen
1943 808 2077 851 non
2142 785 2512 868 intelligere

560 892 860 939 cessuras
921 873 990 937 in
1058 872 1401 956 praedam,
1471 881 1546 936 ut
1609 872 1753 938 iure
1817 872 2130 956 mancipii
2194 872 2512 949 serviant,

565 957 679 1025 sed
723 958 791 1024 id
833 958 1082 1024 referre
1125 958 1209 1023 ad
1254 968 1519 1023 terram.
1608 957 1784 1023 Ideo.
1817 957 2010 1038 dicit,
2054 957 2428 1023 Possidebis
2474 978 2514 1022 a

561 1045 727 1112 facie
772 1055 914 1109 tua:
962 1045 1086 1111 hoc
1130 1053 1259 1109 est:
1316 1044 1552 1110 Vacua
1593 1045 1723 1109 erit
1766 1053 1981 1109 terrae
2025 1045 2348 1127 possessio
2383 1043 2516 1108 illis

560 1131 944 1215 profligatis.
1037 1130 1121 1194 Et
1165 1130 1287 1196 hoo
1329 1129 1608 1196 verbum
1652 1130 1725 1195 in
1769 1129 2233 1213 coniugatione
2277 1127 2516 1211 Hiphil

563 1215 893 1300 expellere
947 1217 1308 1299 significat,
1374 1224 1448 1281 ut
1513 1224 1670 1281 ante
1738 1214 2040 1280 vidimus.
2147 1215 2250 1281 Ad
2316 1235 2514 1297 quem

567 1323 833 1369 sensum
882 1302 1050 1368 forte
1096 1302 1319 1367 allusit
1362 1301 1601 1367 Moses.
1695 1300 1991 1366 Verbum
2037 1315 2167 1394 wpn
2222 1322 2340 1385 pro
2383 1321 2515 1384 quo

560 1387 914 1472 illaqueare
958 1387 1231 1468 reddidi,
1276 1387 1539 1470 quidam
1585 1389 1978 1471 interpretes
2022 1389 2352 1471 accipiunt
2395 1406 2514 1470 pro

562 1473 924 1554 offendere,
981 1474 1094 1539 alii
1153 1482 1373 1538 autem
1432 1494 1552 1557 pro
1595 1474 1771 1557 rapi,
1831 1473 2005 1556 quod
2057 1474 2138 1538 ad
2196 1472 2515 1557 syntaxin

561 1571 733 1626 esset
775 1559 1020 1642 aptius:
1071 1558 1171 1624 Ne
1215 1560 1490 1641 rapiaris
1535 1573 1682 1643 post
1722 1558 1892 1624 illas.
1975 1559 2180 1625 Nolui
2217 1571 2439 1623 tamen
2475 1579 2515 1623 a

561 1647 893 1712 sententia
957 1646 1170 1728 magis
1236 1656 1496 1728 recepta
1560 1645 1925 1726 discedere,
1998 1667 2197 1729 quum
2266 1645 2514 1728 optime

559 1731 909 1798 conveniat
965 1729 1360 1813 illaqueandi
1423 1730 1826 1816 metaphora.
1933 1735 2031 1798 Ac
2097 1732 2153 1796 si
2214 1730 2511 1807 dixisset,

563 1837 913 1902 perversos
956 1838 1183 1882 omnes
1224 1817 1522 1900 gentium
1571 1818 1756 1897 ritus,
1810 1816 2082 1882 totidem
2129 1837 2272 1883 esse
2320 1816 2515 1883 Sata-

560 1925 686 1969 nae
731 1904 898 1968 retia
934 1902 1039 1967 vel
1076 1901 1407 1986 decipulas
1442 1902 1524 1967 ad
1566 1901 2172 1970 circumveniendos
2209 1903 2512 1968 homines

561 1990 619 2055 si
677 1990 942 2073 propius
1000 1987 1328 2054 accedant.
1433 1987 1609 2070 Quia
1668 2011 1820 2054 mox
1899 1990 2227 2072 sequitur:
2315 1989 2510 2053 Post·

561 2096 759 2159 quam
806 2073 1057 2139 deletae
1095 2074 1342 2140 fuerint
1367 2124 1384 2155 ,
1428 2085 1583 2140 sunt
1627 2075 1828 2141 etiam
1873 2075 1986 2159 qui
2043 2083 2340 2142 vertant:
2411 2073 2514 2139 Ne

561 2180 792 2245 pereas
836 2171 982 2245 post
1023 2160 1191 2226 illos.
1277 2163 1364 2225 Ae
1408 2160 1464 2226 si
1509 2162 1843 2244 proposito
1884 2160 2199 2226 interitus
2240 2161 2512 2226 illarum

561 2267 750 2312 exem
798 2246 883 2327 lo,
930 2255 1181 2311 metum
1216 2245 1487 2311 iniicere
1532 2246 1751 2312 vellet.

781 2332 838 2397 1.
888 2332 1036 2397 Non
1072 2331 1274 2414 facies
1312 2332 1423 2397 sic.
1472 2332 1579 2397 Ex
1622 2332 1727 2398 his
1766 2333 1986 2400 verbis
2020 2330 2328 2417 colligere
2362 2331 2520 2397 licet

562 2416 721 2502 quid
760 2419 849 2484 sit
883 2439 1013 2483 non
1052 2418 1369 2483 asciscere
1403 2418 1530 2484 sibi
1568 2418 1816 2484 alienos
1850 2418 2034 2498 deos,
2087 2439 2355 2502 nempe,
2405 2416 2516 2481 ubi

562 2503 906 2570 hominum
943 2504 1331 2571 commentis
1376 2504 1599 2569 valere
1639 2505 1854 2585 iussis,
1901 2505 2026 2571 hoe
2059 2526 2268 2570 unum
2304 2512 2517 2568 atten-

564 2589 772 2668 ditur,
834 2590 986 2672 quid
1039 2590 1218 2655 Deus
1261 2591 1641 2673 praecipiat.
1732 2589 1871 2655 Cur
1924 2592 2098 2657 enim
2159 2592 2350 2655 aliter
2391 2588 2515 2654 coli

562 2674 712 2741 vult
771 2675 957 2740 Deus
1012 2674 1095 2740 ab
1153 2674 1360 2741 electo
1422 2676 1660 2759 populo
1725 2696 1922 2759 quam
1987 2687 2220 2760 gentes
2286 2674 2519 2741 solitae

564 2761 699 2826 sint
757 2760 969 2827 colere
1030 2760 1185 2826 deos
1229 2781 1403 2841 suos,
1463 2760 1596 2826 nisi
1638 2762 1792 2845 quia
1837 2761 2122 2829 notabile
2166 2762 2513 2829 discrimen

566 2867 712 2912 esse
758 2854 1030 2931 oportet,
1077 2868 1160 2912 ne
1205 2848 1478 2914 confusa
1520 2847 1609 2913 sit
1654 2847 1926 2931 religio?
2015 2849 2110 2913 Et
2165 2859 2341 2914 certe
2384 2846 2519 2913 nisi

565 2955 635 2998 se
679 2932 981 2999 homines
1027 2934 1400 3017 astringant
1444 2931 1648 3000 verbo
1687 2934 1832 3011 Dei,
1878 2942 1954 2999 ut
1994 2947 2174 3000 certo
2208 2943 2521 3013 statuant,

565 3018 732 3085 nihil
799 3018 976 3085 aliud
1043 3017 1167 3084 sibi
1231 3018 1429 3086 licere
1492 3039 1688 3103 quam
1744 3019 1916 3103 quod
1975 3020 2111 3086 illio
2176 3021 2518 3099 docentur,

565 3127 697 3171 non
730 3114 991 3171 tantum
1023 3105 1441 3187 vacillabunt,
1487 3106 1600 3173 sed
1646 3104 1962 3191 quidquid
2005 3118 2322 3189 occurret,
2366 3126 2520 3192 pro-

559 723 712 767 nem
759 700 989 786 fugiat.

2555 721 2563 871 f

2597 698 2725 777 sie,
2783 709 2849 765 et
2906 699 3032 766 hoo
3077 700 3300 765 fraeno
3360 698 3760 765 cohibendae
3806 708 4098 780 mentes,
4158 721 4243 766 ne
4297 722 4421 783 qua
4473 724 4536 770 se

2595 784 2890 850 insinuet
2944 784 3048 848 vel
3106 784 3176 848 in
3226 795 3371 850 erat
3425 787 3836 868 superstitio,
3951 807 4072 852 uae
4131 786 4256 852 Dei
4298 787 4536 855 cultum

2595 869 2916 953 inquinet.
3010 869 3180 935 Addi
3233 872 3313 952 't,
3365 872 3584 937 Deum
3630 893 3764 936 non
3808 892 3917 936 mo
3965 893 4003 936 o
4048 873 4396 956 repudiare
4434 895 4537 939 ex·

2597 969 2862 1022 traneos
2924 955 3070 1023 illos
3134 956 3383 1037 cultus,
3451 954 3565 1022 sed
3632 958 3826 1023 etiam
3902 957 4296 1025 abominari:
4378 959 4540 1043 quod

2599 1052 2673 1107 ut
2718 1042 2954 1107 melius
2998 1041 3421 1125 persuadeat,
3479 1044 3763 1127 speciem
3810 1065 4013 1109 unam
4072 1046 4256 1128 ponit
4296 1045 4369 1109 in
4419 1065 4541 1128 qua

2600 1128 3007 1194 manifestior
3050 1136 3189 1194 erat
3250 1128 3641 1195 absurditas.
3731 1128 3954 1197 Foeda
3998 1133 4177 1196 enim
4222 1129 4541 1199 barbaries

2598 1225 2717 1290 est,
2764 1215 2974 1280 foetus
3018 1214 3318 1280 insontes
3360 1214 3553 1280 exuri
3593 1237 3633 1280 a
3674 1216 4079 1298 parentibus.

2772 1297 2973 1365 Deut.
3025 1299 3124 1377 12,
3170 1300 3276 1366 32.
3373 1299 3567 1367 Omne
3608 1301 3805 1384 ἰθεῖαν
3844 1301 4113 1368 verbum,
4198 1299 4344 1368 Hac
4382 1301 4544 1368 clau·

2600 1386 2747 1451 sula
2804 1384 3092 1452 breviter
3147 1387 3334 1452 docet
3392 1406 3526 1451 nou
3579 1387 3781 1452 alium
3826 1408 3969 1453 esse
4012 1387 4381 1473 legitimum
4428 1387 4545 1454 Dei

2598 1471 2850 1537 cultum
2910 1471 3039 1537 nisi
3098 1493 3294 1555 quem
3352 1472 3476 1539 sibi
3531 1474 3795 1556 probari
3855 1474 4058 1539 verbo
4108 1494 4230 1539 suo
4276 1484 4545 1539 testatus

2598 1565 2718 1636 est,
2764 1565 2833 1621 et
2874 1557 3311 1624 obedientiam
3357 1579 3500 1624 esse
3544 1559 3730 1641 quasi
3774 1559 4038 1642 pietatis
4082 1571 4382 1626 matrem.
4458 1562 4546 1626 Ae

2598 1643 2652 1708 si
2722 1641 3002 1720 diceret,
3076 1655 3498 1729 praepostera
3562 1666 3705 1710 esse
3767 1644 3989 1711 studia
4052 1645 4413 1729 quaelibet,
4479 1665 4547 1712 ac

2598 1729 3064 1813 superstitione
3130 1729 3374 1796 infecta
3439 1751 3607 1814 quae
3673 1729 3755 1796 ad
3826 1731 3997 1797 hanc
4063 1732 4365 1816 regulam
4422 1752 4546 1796 non

2598 1813 2996 1899 diriguntur.
3066 1814 3259 1882 Unde
3297 1815 3683 1901 colligimus,
3721 1815 3805 1881 ad
3842 1817 4039 1899 primi
4074 1818 4406 1902 praecepti
4442 1817 4548 1884 ob-

2599 1901 3044 1966 servationem
3083 1902 3326 1985 requiri
3365 1904 3502 1967 veri
3540 1902 3667 1968 Dei
3702 1902 4006 1969 notitiam
4047 1924 4133 1969 ex
4168 1903 4313 1970 eius
4358 1902 4550 1970 verbo

2598 2000 3000 2069 conceptam,
3055 2008 3221 2070 quae
3264 2009 3414 2054 cum
3459 1989 3587 2054 fide
3631 1989 3983 2056 coniuncta
4026 1998 4147 2055 est.
4246 1987 4550 2054 Vetando

2598 2070 2957 2155 quidquam
2993 2071 3235 2139 addere
3267 2074 3375 2140 vel
3413 2073 3780 2152 detrahere,
3823 2074 4143 2160 quidquid
4178 2074 4549 2141 comminis-

2600 2166 2842 2224 cuntur
2885 2158 3188 2225 homines
3232 2180 3351 2243 pro
3394 2180 3516 2226 suo
3571 2160 3871 2244 ingenio,
3938 2159 4331 2246 simpliciter
4376 2161 4552 2227 dam-

2603 2254 2718 2309 nat
2761 2252 3076 2327 tanquam
3121 2245 3583 2311 adulterinum.
3683 2245 3878 2313 Unde
3935 2246 4253 2332 sequitur,
4311 2246 4552 2313 alienos

2604 2327 2760 2395 deos
2804 2329 2930 2395 sibi
2974 2330 3293 2397 fabricare
3336 2331 3713 2415 quicunque
3757 2333 3828 2397 in
3873 2330 4017 2399 Deo
4059 2331 4334 2399 colendo
4379 2331 4553 2399 aliud

2605 2425 2975 2498 sequuntur
3039 2437 3234 2501 quam
3315 2438 3613 2482 normam
3680 2417 3764 2483 ab
3844 2419 3990 2502 ipso
4069 2419 4357 2502 praeseri
4406 2429 4551 2484 tam.

2605 2500 2892 2584 Ideoque
2963 2523 3082 2586 per
3154 2502 3398 2568 Isaiam
3466 2502 3850 2570 horribilem
3930 2503 4287 2599 vindiotpm
4359 2441 4561 2572 huius

2609 2587 3002 2653 temeritatis
3047 2587 3436 2655 denunciat.-
3491 2588 3667 2670 Quia
3720 2589 3826 2656 hie
3883 2589 4165 2674 populus
4210 2611 4320 2656 me
4363 2590 4563 2657 coluit

2610 2674 2976 2756 praeceptis
3036 2674 3406 2752 hominum,
3463 2694 3644 2756 eece,
3710 2697 3849 2741 rem
3915 2675 4313 2759 stupendam
4382 2677 4561 2744 facio.

2608 2757 2928 2824 Auferam
2975 2760 3153 2824 enim
3199 2760 3594 2844 sapientiam
3651 2782 3693 2826 a
3746 2760 4178 2846 sapientibus,
4224 2772 4354 2830 etc.

2607 2845 2711 2925 29,
2759 2842 2894 2946 14].
2982 2844 3208 2926 Quum
3254 2868 3409 2912 vero
3455 2867 3604 2930 pom
3658 2868 3734 2913 ae
3777 2867 4007 2914 omnes
4050 2848 4268 2914 cultus
4314 2848 4565 2933 papalis

2607 2951 2947 3016 congeries
2990 2932 3081 2997 sit
3122 2952 3446 2998 vanarum
3492 2943 3597 2998 tra
3647 2933 3946 3014 ‘tionum,
4006 2933 4176 2999 nihil
4222 2934 4471 3001 mirum
4513 2935 4565 2999 si

2606 3017 2720 3083 illo
2754 3038 2946 3100 quem
2973 3015 3163 3084 Deus
3197 3019 3487 3087 minatus
3523 3028 3624 3087 est
3647 3028 3920 3105 stupore
3954 3020 4283 3088 excaecati
4318 3019 4568 3088 fuerint

2605 3104 2943 3188 praecipui
2987 3104 3232 3189 quique
3276 3103 3476 3172 duces
3519 3116 3588 3172 et
3629 3106 3954 3192 magistri.

1240 4036 1914 4115 APPENDICES
1961 4036 2870 4115 CAEREMONIALES
2915 4037 3227 4114 PRIMI
3268 4039 3901 4118 PRAECEPTI.

2124 4268 2658 4337 INSTITUTIO
2704 4269 3034 4336 PESAH.

1208 4560 1340 4626 EX
1387 4559 1687 4627 EXODI
1730 4558 1893 4627 XII.

748 4730 803 4794 1.
854 4729 1180 4812 Loquutus
1220 4736 1313 4797 est
1356 4731 1588 4798 Iehova
1628 4733 1716 4798 ad
1761 4731 1981 4798 Mosen
2025 4736 2082 4798 et
2127 4732 2211 4798 ad
2258 4730 2524 4797 Aharon

567 4816 638 4880 in
685 4819 856 4880 terra
899 4816 1183 4900 Aeyypti,
1227 4817 1514 4884 dicendo.-
1580 4817 1641 4884 2.
1690 4817 1938 4884 Mensis
1980 4820 2095 4884 iste
2126 4818 2526 4902 principium

569 4901 742 4967 vobis
784 4903 902 4967 erit
945 4905 1270 4981 mensium,
1314 4909 1370 4968 et
1403 4907 1661 4985 primus
1695 4905 1861 4970 idem
1894 4904 2065 4970 vobis
2099 4905 2168 4969 in
2210 4904 2528 4970 mensibus

570 4989 746 5054 anni.
821 4989 880 5053 3.
923 4989 1290 5071 Loquimini
1332 4987 1418 5055 ad
1460 4995 1653 5055 totum
1694 4996 1929 5056 coetum
1966 4989 2193 5070 Israel,
2235 4991 2526 5056 dicendo.-

572 5072 835 5140 Decima
878 5074 1074 5140 huius
1115 5076 1351 5140 mensis
1394 5075 1566 5140 tollat
1598 5075 1722 5141 sibi
1756 5078 2018 5158 quisque
2050 5097 2284 5162 aqnum
2316 5096 2531 5142 seeun-

569 5161 725 5226 dum
779 5162 1030 5226 domum
1078 5166 1360 5245 patrum,
1420 5181 1656 5245 aynum
1712 5162 2030 5228 domatim.
2134 5164 2195 5229 4.
2249 5163 2424 5245 Quod
2465 5164 2529 5228 ei

570 5248 778 5312 minor
833 5248 1032 5326 fuerit
1083 5247 1343 5330 familia
1399 5268 1588 5329 quam
1633 5267 1760 5329 pro
1818 5269 2004 5331 ayne,
2058 5255 2335 5315 assumet
2389 5251 2528 5332 ipse

569 5334 845 5397 vicinum
887 5352 1071 5397 suum
1117 5334 1227 5414 qui
1259 5334 1685 5416 propinquior
1711 5334 1909 5414 fuerit
1939 5335 2158 5400 domui
2188 5356 2377 5414 suae,
2402 5354 2529 5419 pro

2609 4580 2868 4626 numero
2934 4563 3301 4630 animarum
3317 4616 3333 4644 ,
3400 4565 3642 4650 sinyuli
3708 4565 3794 4631 ad
3855 4586 4219 4633 mensuram
4277 4566 4404 4634 eibi
4465 4564 4569 4632 sui

2609 4645 3021 4713 numerabitis
3061 4670 3191 4732 pro
3246 4672 3424 4735 ayne.
3530 4650 3591 4717 5.
3654 4650 3884 4735 Aynue
3938 4653 4059 4718 erit
4101 4652 4275 4719 vobis
4314 4653 4564 4736 ὑιίερθν,

2610 4734 2949 4813 masculae,
2987 4736 3340 4814 anniculus,
3376 4757 3561 4820 quem
3594 4758 3671 4802 ea:
3704 4737 3919 4803 ovibus
3953 4744 4069 4804 aut
4092 4738 4306 4822 capris
4326 4737 4563 4804 tolletia

2612 4819 2672 4884 6.
2723 4818 4565 4907 Eteritvobieincustodiausqueaddeeimamqucr·

2610 4910 2742 4971 tam
2774 4906 2944 4972 diem
2977 4907 3171 4973 huius
3202 4910 3473 4975 mensis.-
3763 4911 3776 4923 '
3951 4930 4097 4976 eum
4129 4911 4334 4977 omnis
4364 4915 4566 4976 coetus

2613 4992 2823 5057 Israel
2856 4992 3016 5058 inter
3048 5014 3356 5075 vesperas.
3431 4995 3489 5060 7.
3526 4994 3618 5061 Et
3650 4997 3861 5063 tollent
3894 5016 3927 5062 e
3960 4995 4289 5080 sanquine,
4314 5000 4567 5079 ponent-

2611 5098 2729 5159 que
2781 5098 2974 5161 super
3014 5081 3177 5145 duos
3209 5085 3431 5162 poetes,
3494 5086 3553 5146 et
3593 5082 3665 5147 in
3706 5081 4189 5163 superliminari
4230 5082 4317 5147 ad
4356 5083 4565 5148 domos

2611 5164 2683 5228 in
2739 5165 2966 5246 quibus
3023 5186 3165 5230 eum
3206 5166 3528 5233 comedent.
3617 5168 3678 5233 8.
3729 5166 3822 5232 Et
3859 5168 4167 5234 emnedent
4206 5187 4454 5234 comem
4495 5167 4563 5231 in

2612 5250 2761 5331 ipsa
2801 5256 2972 5316 node
3015 5271 3230 5316 assam
3262 5252 3418 5337 iqui,
3462 5257 3518 5318 et
3560 5273 3816 5337 azymos
3841 5274 4052 5335 panes
4083 5274 4228 5321 eum
4259 5252 4563 5320 amarita-

2612 5334 2871 5402 dinibus
2921 5338 3243 5404 comedent.
3340 5338 3400 5404 9.
3462 5338 3609 5405 Non
3664 5340 3987 5406 comedetis·
4044 5360 4125 5405 ex
4174 5360 4241 5407 eo
4281 5339 4559 5414 wadum,
