4867 6150
595 421 728 489 507

602 609 878 677 cudibus
921 620 988 674 et
1030 631 1112 673 ex
1159 608 1409 674 avibus.
1497 608 1756 674 Vaccae
1813 608 1991 673 enim
2051 606 2237 673 rufae
2293 630 2374 673 ex
2419 626 2550 690 qua

602 698 768 764 cinis
812 696 1208 778 expiationis
1252 693 1467 772 fiebat,
1515 694 1642 758 alia
1685 694 1987 777 specialis
2030 693 2152 758 fuit
2197 694 2393 758 ratio:
2442 694 2548 760 hie

604 784 779 848 enim
821 781 901 848 de
937 780 1283 846 ordinariis
1327 780 1662 846 sacrificiis
1706 780 1941 863 agitur,
1988 779 2225 862 quibus
2254 779 2551 845 solebant

600 869 848 953 privati
894 867 1191 932 homines
1236 866 1338 931 vel
1386 872 1650 949 peccata
1712 866 1978 948 expiare
1995 915 2010 946 ,
2072 866 2178 933 vel
2236 867 2548 948 pietatem

603 975 791 1021 suam
838 954 1081 1019 testari.
1129 952 1456 1018 Masculos
1501 973 1658 1036 ergo
1701 959 1837 1016 tam
1876 952 2072 1017 boves
2108 972 2309 1034 quam
2344 972 2549 1035 agnos

602 1050 670 1107 et
728 1038 967 1106 hoedos
1024 1038 1249 1103 offerri
1312 1039 1515 1118 iubet,
1586 1037 1822 1102 deinde
1880 1038 2169 1121 integros
2227 1047 2293 1103 et
2348 1058 2549 1120 puros

597 1128 781 1192 omni
825 1124 1097 1191 macula.
1171 1123 1462 1190 Proinde
1504 1124 1812 1189 videmus
1858 1125 2117 1189 nonnisi
2154 1146 2238 1189 ex
2285 1123 2549 1189 mundis

601 1210 995 1277 animalibus
1020 1211 1270 1277 delecta
1302 1211 1506 1275 fuisse
1529 1210 1873 1275 sacrificia:
1912 1209 2149 1275 deinde
2184 1231 2317 1274 non
2354 1231 2551 1293 quae-

602 1299 760 1364 libet
803 1295 1052 1362 munda
1094 1296 1408 1362 animalia
1450 1296 1774 1379 placuisse
1811 1296 1971 1375 De0,
2015 1295 2129 1361 sed
2174 1295 2546 1374 domestica,

597 1394 669 1450 et
731 1404 898 1468 quae
963 1405 1034 1449 se
1092 1384 1434 1466 patiuntur
1496 1403 1698 1446 manu
1759 1392 1825 1446 et
1882 1382 2149 1448 arbitrio
2203 1381 2549 1447 hominum

599 1472 761 1555 regi.
852 1470 1002 1535 Etsi
1042 1470 1219 1533 enim
1262 1467 1594 1533 interdum
1639 1468 2016 1533 6168188181
2057 1466 2286 1533 damae
2331 1478 2399 1532 et
2442 1489 2549 1533 68-

601 1577 833 1642 preae,
896 1554 979 1621 ad
1038 1556 1244 1619 altare
1303 1564 1522 1620 tamen
1582 1575 1774 1618 suum
1835 1553 2014 1619 Deus
2074 1575 2205 1618 1168
2264 1551 2545 1619 admisit.

601 1643 751 1709 Hoc
795 1662 952 1725 ergo
997 1641 1391 1724 principium
1450 1640 1575 1706 fuit
1617 1638 2058 1719 obedientiae,
2123 1661 2206 1703 ne
2250 1640 2550 1704 homines

603 1729 847 1812 absque
891 1727 1146 1809 delectu
1206 1727 1521 1791 offerrent
1565 1724 1686 1791 has
1733 1725 1833 1790 vel
1878 1725 2025 1790 illas
2069 1725 2386 1806 victimas,
2432 1724 2548 1790 sed

603 1838 688 1881 ex
733 1834 963 1897 pecore
1008 1835 1126 1879 suo
1168 1813 1386 1893 boves,
1453 1832 1536 1877 ex
1578 1810 1886 1895 gregibus
1929 1819 2147 1877 autem
2194 1832 2397 1895 agnos
2442 1809 2550 1876 vel

603 1900 866 1967 hoedos.
913 1899 1178 1965 Puritas
1221 1898 1302 1964 ob
1347 1898 1508 1964 duos
1551 1898 1718 1963 fines
1761 1897 2146 1980 requiritur:
2194 1919 2348 1963 nam
2395 1896 2549 1981 quia

604 1986 924 2054 sacrificia
968 1985 1218 2051 Christi
1262 1993 1455 2050 erant
1498 1984 1767 2067 figurae,
1821 1983 1894 2047 in
1939 1982 2243 2049 omnibus
2287 2002 2550 2066 reprae-

604 2072 852 2139 sentari
909 2070 1197 2154 oportuit
1258 2089 1582 2136 summam
1650 2069 1789 2135 eius
1852 2068 2348 2152 perfectionem,
2420 2091 2549 2152 qua

601 2156 960 2242 placandus
1004 2167 1149 2222 erat
1190 2156 1491 2222 coelestis
1546 2161 1748 2237 pater.
1839 2154 2096 2220 Deinde
2153 2154 2549 2220 admonendi

601 2246 873 2311 fuerunt
914 2243 1272 2320 Israelitae,
1318 2239 1651 2325 repudiari
1694 2262 1734 2305 a
1775 2239 1919 2306 Deo
1962 2262 2222 2305 omnem
2266 2242 2550 2306 immun-

604 2330 851 2408 ditiem,
918 2350 1003 2394 ne
1071 2329 1213 2394 eius
1285 2327 1538 2393 cultum
1608 2326 1746 2392 suis
1802 2326 2102 2392 sordibus
2160 2325 2545 2410 polluerent.

606 2416 818 2483 Sicuti
884 2423 1104 2481 autem
1171 2412 1253 2478 ad
1320 2413 1611 2477 studium
1678 2434 1877 2477 verae
1942 2414 2331 2479 sinceritatis
2395 2413 2548 2478 illos

602 2500 991 2567 hortabatur
1015 2498 1215 2575 Deus,
1263 2499 1353 2563 ita
1389 2499 1547 2563 satis
1584 2520 1908 2581 superque
1942 2520 2051 2564 eos
2095 2497 2382 2579 docebat,
2419 2498 2550 2565 nisi

603 2587 800 2653 fidem
845 2606 1032 2651 suam
1076 2584 1157 2650 ad
1182 2583 1522 2651 Christum
1568 2585 1944 2668 dirigerent,
1991 2584 2323 2666 repudiari
2357 2583 2546 2668 quid-

605 2670 762 2756 quid
806 2673 886 2737 ab
924 2672 1082 2754 ipsis
1118 2673 1480 2755 profectum
1523 2677 1689 2734 erat:
1735 2690 1945 2753 neque
1981 2671 2158 2735 enim
2194 2671 2371 2736 bruti
2406 2671 2546 2737 ani-

606 2757 796 2823 malis
862 2758 1115 2840 puritas
1181 2758 1595 2822 satisfactura
1658 2764 1803 2821 erat
1866 2756 2043 2837 Deo,
2111 2757 2237 2822 nisi
2302 2756 2549 2839 aliquid

604 2843 1046 2927 praestantius
1090 2841 1513 2925 designasset.
1602 2839 1908 2909 Secundo
1950 2841 2092 2908 loco
2127 2842 2544 2926 praecipitur,

607 2938 683 2995 ut
707 2931 817 3013 qui
846 2929 1123 2993 hostiam
1147 2929 1358 3008 offert,
1405 2935 1748 3011 postquam
1794 2927 2139 2994 accesserit
2182 2928 2266 2993 ad
2307 2930 2545 2995 ostium

604 3013 1026 3093 tabernaculi,
1067 3035 1307 3081 manus
1349 3015 1643 3097 imponat
1685 3033 1882 3097 super
1923 3021 2120 3097 caput
2163 3013 2545 3082 holocausti.

603 3101 792 3168 Haec
859 3110 1081 3167 autem
1147 3101 1553 3167 caeremonia
1619 3120 1751 3164 non
1815 3097 2007 3165 modo
2076 3099 2338 3183 signum
2405 3110 2550 3166 erat

605 3187 1130 3265 consecrationis,
1195 3185 1311 3252 sed
1366 3187 1567 3251 etiam
1624 3184 1893 3268 piaculi:
1956 3186 2262 3269 quoniam
2315 3187 2382 3252 in
2429 3187 2547 3252 ho-

604 3273 806 3338 minis
869 3273 1085 3339 locum
1151 3272 1614 3338 subiiciebatur
1671 3269 1946 3336 animal:
2008 3271 2178 3355 quod
2235 3273 2545 3355 exprimi-

605 3366 718 3423 tur
763 3358 983 3424 verbis
1021 3358 1258 3423 Mosis:
1318 3357 1526 3423 Grata
1570 3356 1695 3422 erit
1737 3356 1819 3420 ad
1861 3357 2081 3440 ipsum
2126 3357 2543 3442 expiandum.

606 3444 884 3511 Minime
950 3465 1103 3528 ergo
1174 3444 1445 3510 dubium
1511 3450 1612 3507 est
1674 3444 1830 3526 quin
1898 3452 2152 3508 reatum
2220 3465 2415 3509 suum
2481 3454 2549 3510 et

604 3530 920 3615 quidquid
956 3550 1310 3613 poenarum
1348 3528 1568 3594 meriti
1610 3535 1817 3606 erant,
1862 3529 1932 3591 in
1980 3527 2224 3594 hostias
2259 3539 2549 3597 transtu-

604 3616 819 3695 lerint,
857 3625 932 3681 ut
969 3615 1114 3681 Deo
1148 3615 1745 3681 reconciliarentur.
1792 3614 2000 3680 Porro
2036 3636 2237 3697 quum
2275 3617 2547 3682 minime

603 3703 804 3767 fallax
860 3702 1021 3767 haec
1078 3702 1418 3785 promissio
1474 3699 1704 3778 fuerit,
1772 3698 2192 3766 statuendum
2238 3709 2336 3768 est
2400 3723 2548 3786 pre-

604 3789 778 3853 tium·
850 3786 1307 3853 satisfactionis
1383 3786 1587 3852 fuisse
1661 3787 1735 3851 111
1812 3785 2148 3853 veteribus
2212 3788 2546 3855 sacrificiis

604 3873 777 3957 quod
832 3874 1011 3958 ipsos
1068 3874 1346 3938 solveret
1413 3871 1606 3954 culpa
1648 3880 1716 3936 et
1757 3878 1946 3937 reatu
1988 3873 2057 3937 in
2102 3872 2231 3938 Dei
2275 3873 2543 3941 iudicio:

603 3980 738 4025 11611
797 3966 1017 4024 181868
1076 3958 1249 4041 quod
1307 3979 1423 4042 per
1486 3979 1557 4022 se
1613 3956 1691 4022 ad
1753 3957 2192 4040 expiationem
2248 3961 2546 4026 valerent

601 4046 797 4112 bruta
840 4044 1165 4123 animalia,
1210 4044 1339 4108 nisi
1385 4051 1711 4125 quatenus
1751 4044 2124 4109 testimonia
2167 4055 2356 4110 erant
2398 4068 2547 4130 gra-

604 4132 733 4197 tiae
780 4152 896 4214 per
938 4130 1279 4196 Christum
1324 4129 1748 4195 exhibendae.
1826 4128 2059 4211 Itaque
2104 4129 2293 4196 modo
2335 4152 2546 4198 sacra-

604 4216 876 4283 mentali
913 4215 1313 4282 reconciliati
1348 4215 1619 4279 fuerunt
1642 4216 1783 4279 Deo
1808 4223 2060 4280 veteres
2083 4236 2200 4297 per
2222 4217 2542 4297 victimas,

604 4303 794 4368 sicuti
830 4300 1023 4367 hodie
1055 4301 1386 4367 abluimur
1466 4321 1538 4364 er
1587 4300 1999 4382 baptismum.
2086 4300 2282 4367 Unde
2331 4304 2544 4386 sequi-

601 4397 730 4466 tur,
797 4387 1096 4471 symbola
1158 4388 1273 4452 illa
1315 4323 1505 4451 utilia
1560 4384 1879 4451 duntaxat
1933 4385 2153 4466 fuisse,
2216 4398 2543 4471 quatenus

600 4474 914 4539 exercitia
953 4481 1143 4538 erant
1185 4473 1268 4538 ad
1311 4473 1776 4557 poenitentiam
1822 4479 1888 4536 et
1931 4471 2146 4553 fidem,
2192 4486 2270 4538 ut
2312 4495 2541 4558 pecca-

598 4570 705 4624 tor
736 4559 905 4623 iram
940 4556 1066 4625 Dei
1101 4563 1396 4626 metuere
1431 4556 1728 4636 disceret,
1766 4578 1840 4623 ac
1875 4558 1946 4622 in
1969 4558 2236 4624 Christo
2276 4560 2541 4626 veniam

647 4653 968 4710 uaereret.

604 4666 644 4729 q
772 4729 833 4796 5.
873 4728 1171 4795 Mactabit
1204 4735 1409 4796 autem
1431 4734 1771 4795 iuvencum.
1819 4728 2184 4795 Subiicitur
2209 4730 2542 4797 mactandi

600 4818 787 4894 ritus,
856 4835 1088 4897 nempe
1154 4824 1226 4879 ut
1289 4815 1590 4881 sacerdos
1656 4815 1993 4881 victimam
2057 4817 2264 4900 ipsam
2332 4827 2541 4900 paret,

602 4925 677 4969 ac
722 4900 1108 4985 sanguinem
1156 4901 1383 4966 fundat
1426 4921 1625 4985 super
1669 4900 1902 4966 altare:
1951 4923 2161 4985 neque
2194 4903 2371 4967 enim
2409 4905 2540 4986 pri-

601 4999 756 5054 vato
823 4986 1071 5052 homini
1148 4986 1551 5069 permittitur
1617 4985 1917 5052 manibus
1993 4987 2128 5053 suis
2202 4988 2541 5054 immolare

599 5074 810 5157 ipsam
855 5073 1208 5149 victimam,
1254 5071 1367 5136 sed
1403 5072 1473 5135 in
1511 5093 1658 5137 eum
1696 5072 2089 5138 transfertur
2129 5072 2301 5157 quod
2335 5074 2542 5156 ipsius

599 5160 865 5225 nomine
920 5157 1275 5242 peragebat
1341 5156 1659 5223 sacerdos.
1763 5156 1844 5222 Id
1899 5180 2051 5223 vero
2104 5168 2339 5225 notatu
2397 5160 2541 5245 dig-

600 5265 764 5312 num
806 5252 932 5324 est,
999 5243 1299 5326 quamvis
1342 5243 1883 5308 reconciliationis
1927 5245 2165 5328 pignus
2209 5245 2399 5311 domo
2445 5246 2541 5311 af-

598 5332 880 5408 ferrent,
935 5329 1339 5413 quaerendos
1395 5339 1615 5396 tamen
1679 5328 1835 5396 alibi
1889 5330 2090 5396 fuisse
2154 5331 2539 5415 placationis

2012 415 2184 485 SEO
2195 420 2251 485 U
2253 419 2314 484 N
2319 418 2529 486 DUM
2565 417 3214 488 PRAEOEPTUM.

4452 428 4557 497 508

2649 607 3007 688 ministros,
3073 609 3228 692 quia
3292 628 3487 674 nemo
3552 608 3633 675 ad
3701 618 3834 676 tam
3894 612 4299 695 praeclarum
4354 638 4560 686 munus

2650 692 2927 759 idoneus
2993 693 3121 760 nisi
3176 693 3289 776 qui
3348 714 3536 761 sacra
3578 697 3890 762 unctione
3957 696 4273 766 divinitus
4322 713 4562 769 ornatus

2650 788 2769 845 est.
2817 778 3047 845 Palam
3095 801 3250 863 ergo
3293 792 3629 846 ostensum
3677 782 3819 858 fuit,
3864 783 4171 867 indignos
4215 807 4352 851 esse
4392 810 4562 856 61186-

2650 872 2754 930 tos
2790 865 3099 931 mortales
3142 865 3258 948 qui
3302 866 3383 931 ad
3411 868 3624 932 Deum
3658 868 4152 951 propitiandum
4197 873 4562 952 accederent,

2649 959 2718 1015 et
2761 950 3234 1034 quodammodo
3289 952 3573 1034 pollutas
3631 975 3774 1018 esse
3839 956 4135 1021 omnium
4180 978 4423 1037 manus,
4471 962 4562 1026 vel

2649 1038 2990 1119 profanas,
3058 1037 3186 1103 nisi
3251 1059 3412 1120 quas
3471 1037 3658 1105 Deus
3724 1041 3861 1122 ipse
3920 1051 4282 1126 purgasset.
4366 1044 4569 1128 Neque

2649 1123 2826 1186 enim
2886 1121 3152 1187 aliunde
3204 1123 3607 1190 sacrificandi
3667 1123 3956 1209 dignitas
4001 1149 4197 1210 quam
4244 1150 4327 1194 ex
4379 1133 4568 1214 gratia

2650 1209 2953 1291 spiritus,
3010 1209 3196 1274 cuius
3252 1211 3493 1294 pignus
3551 1219 3690 1274 erat
3752 1221 4029 1278 externa
4074 1216 4312 1281 unctio.
4396 1216 4567 1285 Nunc

2648 1293 3097 1378 intelligimus,
3151 1297 3471 1378 quomodo
3515 1296 3878 1363 obtulerint
3921 1300 4164 1383 singuli
4206 1299 4351 1366 Deo
4392 1304 4566 1368 sacri·

2651 1380 2835 1458 ficia,
2895 1392 2962 1444 et
3015 1391 3236 1445 tamen
3283 1382 3516 1449 unicus
3560 1383 3861 1450 sacerdos
3907 1384 4029 1453 1166
4073 1386 4286 1452 officio
4330 1385 4568 1455 defunc·

2652 1473 2758 1532 tus
2801 1467 3015 1531 fuerit.
3092 1470 3452 1549 Aspersum
3495 1470 3820 1553 sanguine
3862 1472 3985 1537 fuit
4029 1473 4254 1550 altare,
4302 1481 4374 1537 ut
4400 1475 4571 1540 sciret

2649 1551 2932 1635 populus
2978 1574 3108 1617 non
3153 1553 3454 1619 excidere
3511 1556 3581 1618 in
3641 1565 3816 1620 terra
3873 1559 4261 1641 sanguinem
4321 1579 4401 1623 ex
4455 1561 4570 1628 vic-

2652 1637 2815 1703 tima.
2858 1639 3109 1717 fusum,
3176 1638 3289 1704 sed
3352 1640 3496 1705 Deo
3555 1643 3921 1707 consecrari
3980 1653 4044 1708 et
4088 1644 4279 1727 quasi
4338 1656 4571 1729 31818111

2650 1722 2915 1789 odorem
2960 1724 3241 1805 spirare:
3291 1726 3484 1792 sicuti
3529 1727 3722 1793 hodic
3766 1748 3986 1793 eoram
4018 1730 4161 1795 eius
4196 1729 4363 1795 facie
4397 1752 4571 1814 appa-

2650 1820 2754 1873 ret
2806 1809 3056 1875 Christi
3112 1812 3397 1894 sanguis.
3488 1812 3769 1895 Reliqua
3826 1823 4194 1897 praetereo:
4265 1817 4453 1882 sicuti
4506 1816 4573 1882 de

2653 1896 2848 1960 tertia
2881 1897 3111 1979 specie,
3157 1896 3282 1963 hoc
3320 1906 3436 1978 est,
3475 1897 3554 1963 (16
3591 1899 3840 1979 avibus,
3888 1921 4021 1965 non
4067 1901 4332 1969 videtur
4366 1922 4574 1984 operae

2649 1982 2934 2064 pretium
2979 1982 3172 2064 plura
3217 1982 3449 2049 dicere.
3496 1984 3882 2050 Tenendum
3929 1995 4155 2051 tamen
4199 1996 4319 2069 est,
4363 1988 4576 2054 Mosen

2653 2067 2970 2134 hactenus
3051 2067 3128 2132 de
3213 2068 3610 2136 holocaustis
3688 2071 4031 2154 loquutum
4110 2094 4255 2139 esse
4322 2095 4575 2156 quorum

2650 2173 2885 2235 corpus
2952 2151 3364 2219 adolebatur:
3423 2157 3577 2238 quia
3632 2176 3763 2222 non
3823 2156 4051 2223 eadem
4108 2169 4253 2224 erat
4307 2160 4577 2225 omnium

2651 2239 2850 2304 ratio:
2899 2247 2977 2303 ut
3018 2250 3243 2323 postea
3286 2241 3672 2308 videbimus.
3763 2242 3959 2325 Quod
4004 2265 4159 2330 ergo
4204 2246 4308 2311 bis
4353 2245 4577 2311 dictum

2649 2325 2803 2390 fuit:
2869 2322 3194 2408 Disponet
3237 2325 3540 2393 sacerdos
3582 2327 3797 2393 frusta
3831 2329 3982 2413 illa,
4027 2339 4093 2395 et
4129 2331 4425 2415 adipem:
4468 2353 4577 2397 non

2647 2410 2744 2475 ita
2786 2410 3234 2493 accipiendum
3280 2419 3397 2491 est,
3456 2414 3646 2496 quasi
3700 2422 3958 2480 tantum
4003 2414 4267 2500 adipem
4311 2417 4578 2484 comburi

2649 2495 2909 2561 iuberet
2954 2518 3104 2563 eum
3150 2499 3379 2581 capite,
3434 2498 3549 2564 sed
3593 2521 3676 2565 ne
3718 2500 3875 2584 quid
3922 2500 4261 2567 residuum
4310 2511 4582 2569 maneret

2650 2590 2911 2665 praeter
2972 2582 3230 2666 pellem.
3337 2583 3735 2668 Quanquam
3799 2587 4135 2653 nonnullis
4196 2589 4419 2671 placet
4466 2602 4577 2658 ’1Ἱῦ

2651 2690 2794 2734 6666
2824 2679 3020 2753 caput
3055 2678 3394 2736 truncum:
3441 2692 3723 2753 quorum
3758 2675 4151 2739 sententiam
4187 2696 4328 2741 non
4362 2675 4581 2752 reiici0,

2650 2753 2845 2819 modo
2909 2774 2995 2817 ne
3072 2753 3331 2838 adipem
3410 2757 3858 2825 excludamus.
3971 2758 4165 2840 Quod
4246 2770 4465 2827 autem
4524 2762 4581 2825 in

2650 2839 2918 2907 victima
2959 2839 3294 2906 sordidum
3336 2853 3479 2907 erat
3526 2844 3734 2909 voluit
3774 2845 3985 2912 lavari
4033 2846 4239 2926 Deus,
4302 2867 4388 2912 ne
4445 2845 4583 2931 quid

2652 2946 2795 2991 eam
2874 2926 3371 2993 contaminaret.
3493 2928 3557 2993 N
3559 2950 3688 2996 unc
3767 2932 4106 3013 quaeritur
4182 2934 4356 2999 ratio
4433 2952 4583 2999 com-

2650 3011 3002 3091 bustionis,
3064 3013 3204 3078 sive
3247 3014 3318 3078 in
3363 3023 3604 3094 totum,
3662 3016 3805 3083 sive
3863 3017 3931 3083 in
3977 3026 4181 3102 parte.
4275 3018 4583 3103 Equidem

2650 3099 2952 3163 existimo
2993 3100 3146 3183 igne
3190 3107 3520 3166 ostensam
3564 3102 3765 3169 fuisse
3806 3105 4082 3187 spiritus
4144 3106 4499 3185 virtutem,
4552 3125 4583 3169 a

2650 3205 2779 3267 qua
2821 3182 3145 3267 dependet
3188 3193 3323 3251 tota
3370 3188 3838 3255 sacrificiorum
3894 3189 4177 3268 utilitas,
4239 3192 4373 3258 nisi
4426 3191 4581 3257 enim

2650 3270 2722 3335 in
2767 3270 3002 3354 spiritu
3046 3291 3276 3353 passus
3319 3273 3553 3339 fuisset
3594 3274 3936 3355 Christus,
4004 3295 4138 3342 non
4190 3277 4429 3343 fuisset
4483 3298 4583 3342 ex-

2649 3356 2894 3439 piatrix
2940 3356 3221 3423 victima.
3268 3357 3455 3442 Ignis
3499 3380 3656 3444 ergo
3697 3361 3882 3427 velut
3923 3360 4423 3429 condimentum
4457 3363 4581 3440 fuit,

2648 3442 2821 3525 quod
2878 3443 3215 3508 sacrificiis
3274 3465 3503 3510 verum
3560 3468 3751 3512 suum
3812 3467 4112 3530 saporem
4171 3448 4397 3516 daret:
4452 3449 4584 3533 quia

2647 3528 2885 3613 spiritu
2927 3530 3410 3596 consecrandus
3469 3541 3611 3596 erat
3666 3532 3919 3598 Christi
3978 3534 4292 3618 sanguis,
4354 3543 4430 3601 ut
4482 3555 4583 3600 nos

2646 3615 2728 3680 ab
2773 3614 3074 3680 omnibus
3119 3617 3443 3681 scelerum
3487 3619 3761 3685 maculis
3804 3618 4114 3685 ablueret.
4182 3619 4269 3687 Id
4315 3620 4388 3687 in
4427 3620 4585 3686 holo-

2645 3701 2888 3767 caustis
2931 3700 3191 3784 plenius
3234 3705 3718 3785 repraesentari
3762 3705 3969 3772 voluit
4014 3704 4222 3784 Deus,
4272 3707 4457 3773 nulla
4496 3717 4581 3772 ta·

2646 3807 2799 3938 131θῖ
2835 3787 3104 3853 victima
3132 3786 3351 3855 oblata
3394 3789 3538 3870 fuit,
3582 3792 3769 3856 cuius
3812 3812 3945 3857 non
3989 3792 4210 3876 aliqua
4256 3814 4417 3877 pars
4449 3793 4583 3878 igne

2732 3894 2769 3938 o
2797 3880 3033 3938 eretur.

3399 4217 3701 4286 LEVIT.
3744 4217 3837 4286 Π.

2820 4387 2875 4450 1.
2924 4387 3167 4452 Anima
3185 4408 3380 4470 quum
3413 4390 3620 4471 offeret
3653 4389 4020 4458 oblationem
4052 4391 4279 4458 mintha
4317 4392 4578 4467 Iekovae,

2643 4471 2862 4537 simila
2895 4472 3014 4537 erit
3053 4472 3280 4540 oblatio
3323 4476 3490 4540 eius:
3534 4475 3871 4558 fundetque
3924 4498 4113 4559 super
4167 4498 4315 4543 eam
4376 4479 4577 4556 61611111,

2644 4577 2718 4623 86
2760 4557 2902 4623 thus
2941 4560 3413 4642 superimponat.
3506 4563 3565 4626 2.
3616 4563 3856 4643 Afferet
3885 4567 4093 4628 autem
4127 4583 4273 4630 eam
4301 4565 4391 4630 ad
4426 4564 4578 4646 filios

2642 4643 2905 4709 Aharon
2966 4646 3336 4727 sacerdoteS,
3401 4651 3458 4711 et
3498 4648 3754 4729 accipiet
3793 4648 3941 4714 inde
3971 4649 4237 4730 plenum
4270 4651 4577 4734 pugillum

2640 4730 2717 4796 de
2771 4728 2988 4795 simila
3040 4732 3178 4796 eius
3194 4784 3210 4808 ,
3271 4737 3328 4796 et
3381 4732 3457 4797 de
3511 4733 3636 4798 oleo
3692 4735 3901 4815 ipsius
3953 4754 4155 4817 supra
4212 4740 4410 4801 totum
4449 4735 4577 4799 thus

2640 4816 2869 4896 ipsine,
2916 4815 3296 4899 adolebitque
3337 4818 3625 4884 sacerdos
3666 4821 3909 4885 odorem
3950 4820 4091 4887 eius
4131 4840 4332 4903 super
4365 4822 4575 4887 altare.-

2639 4902 2864 4968 oblatio
2906 4902 3109 4987 iynita
3151 4908 3242 4968 est
3281 4904 3490 4969 odori-s·
3530 4905 3758 4986 quietis
3802 4904 4079 4971 Iehovae.
4191 4906 4251 4972 3.
4303 4906 4395 4972 Et
4433 4905 4576 4973 resi·

2638 4987 2834 5053 duum
2876 5008 2908 5052 e
2966 4987 3202 5068 mittha,
3258 4989 3468 5071 ipsius
3512 4990 3779 5056 Akaron
3831 4992 3951 5056 erit
3991 4997 4049 5056 et
4095 4991 4381 5073 filiorum
4435 4993 4573 5069 eius,

2638 5078 2921 5139 sanetum
2961 5078 3322 5140 sanctorum
3363 5080 3452 5140 est
3492 5096 3569 5140 ex
3612 5077 4021 5143 oblationibus
4063 5078 4285 5161 iynitis
4311 5077 4571 5145 Iehovae.

2638 5159 2699 5224 4.
2752 5160 2958 5241 Quum
3014 5179 3153 5224 vero
3210 5160 3499 5226 obtuleris
3551 5161 3916 5228 oblationem
3956 5163 4204 5243 minha,
4268 5164 4572 5231 coctionem

2637 5245 2896 5321 clibani,
2952 5245 3039 5310 sit
3094 5265 3125 5309 6
3178 5246 3393 5312 simila
3434 5247 3761 5329 placentae
3815 5248 4292 5332 infermentatae
4355 5248 4573 5315 mium

2639 5331 2794 5408 oleo,
2841 5338 2894 5396 et
2950 5330 3184 5415 lagana
3236 5352 3314 5398 ex
3368 5332 3821 5416 infermentatis
3881 5336 4087 5403 mixta
4148 5335 4295 5403 oleo.
4398 5334 4456 5402 5.
4504 5331 4573 5399 Si
