4867 6150
358 408 487 475 481

366 594 720 674 dederunt,
787 594 930 659 sive
995 602 1174 660 recto
1239 595 1479 662 iudicio
1548 595 1842 675 adducti,
1910 597 2051 663 sive
2106 595 2314 663 illecti

363 680 833 765 superstitione
867 680 1142 758 fuerint,
1204 681 1309 746 vel
1353 682 1462 765 pia
1502 681 1940 748 sollicitudine
1983 685 2171 761 tacti,
2232 705 2314 747 ne

363 766 638 834 ecclesia
702 766 1023 832 ministris
1095 765 1594 848 destitueretur,
1660 789 1964 853 erogasse
2031 769 2315 835 decimas

362 854 448 920 ad
493 853 744 920 clerum
790 851 1116 918 alendum.
1205 853 1379 919 Nam
1423 853 1628 919 libera
1674 854 1889 921 adhuc
1932 855 2219 939 civitate,
2278 876 2317 920 a

363 938 622 1025 populis
661 938 1028 1004 tributariis
1062 960 1174 1005 eas
1208 940 1474 1024 exigere
1508 940 1757 1006 solebat
1795 942 2093 1025 populus.
2169 942 2316 1007 Hoc

360 1046 620 1110 quoque
677 1025 941 1109 regibus
1005 1024 1133 1089 fuit
1186 1027 1521 1091 usitatum.
1612 1024 1825 1093 Siculi
1883 1027 2062 1092 enim
2128 1038 2314 1093 ante-

362 1133 560 1196 quam
627 1111 764 1175 illic
829 1110 1324 1177 dominarentur
1380 1112 1701 1193 Romani,
1757 1112 2044 1178 decimas
2101 1114 2312 1179 solve—

364 1199 543 1265 bant.
634 1195 822 1262 Adde
886 1196 1056 1279 quod
1123 1197 1179 1261 si
1237 1199 1452 1263 carior
1504 1206 1645 1263 erat
1703 1199 1775 1263 in
1818 1200 1980 1264 urbe
2034 1220 2312 1277 annona,

361 1285 604 1349 alteras
651 1280 936 1348 decimas
980 1281 1345 1366 imperabat
1391 1293 1661 1350 senatus
1705 1285 2078 1367 provinciis.
2168 1285 2313 1350 Imo

363 1369 885 1437 vetustissimum
945 1369 1145 1434 fuisse
1202 1391 1449 1435 morem
1507 1380 1582 1434 ut
1617 1386 1835 1453 ‘reges
1895 1370 2314 1454 decimarent,

362 1456 698 1539 colligitur
753 1476 837 1520 ex
897 1454 931 1518 1
989 1453 1099 1520 lib.
1163 1453 1494 1522 Samuelis
1536 1455 1624 1543 (8,
1690 1455 1832 1544 15):
1889 1478 2091 1540 quare
2144 1457 2316 1522 nihil

363 1543 604 1607 mirum
675 1542 730 1607 si
798 1541 1172 1624 exemplum
1245 1541 1410 1607 illud
1475 1543 1715 1607 imitati
1781 1554 1941 1608 sunt
2007 1542 2314 1610 Romani.

362 1628 556 1694 Unde
591 1625 897 1710 colligere
922 1627 1089 1705 licet,
1135 1649 1342 1710 quum
1366 1627 1616 1693 vellent
1637 1627 2077 1712 Imperatores
2100 1639 2318 1711 pasto-

363 1715 545 1780 ribus
588 1711 904 1778 alimenta
948 1713 1247 1778 conferre
1293 1736 1376 1779 ex
1418 1714 1696 1796 publico,
1765 1714 2052 1781 decimas
2097 1717 2316 1798 potius

363 1802 640 1883 elegisse
677 1821 871 1881 quam
895 1798 1059 1864 alios
1082 1798 1352 1879 reditus,
1390 1809 1465 1866 ut
1489 1802 1704 1866 Deum
1742 1801 2182 1867 imitarentur.
2229 1802 2321 1866 Et

364 1907 524 1952 sane
567 1884 785 1950 adhuc
828 1887 968 1951 eius
1011 1886 1107 1950 rei
1154 1895 1425 1951 manent
1466 1885 1783 1969 quaedam
1831 1887 2128 1972 vestigia.
2188 1888 2319 1952 Ne·

365 1994 492 2056 que
537 1972 712 2037 enim
759 1972 1000 2054 ubique
1042 1971 1449 2037 sacerdotum
1487 1981 1644 2038 sunt
1678 1971 1988 2040 decimae.
2035 1974 2126 2038 Et
2160 1974 2321 2039 satis

366 2067 596 2124 notum
652 2067 784 2136 est,
853 2058 1089 2123 bonam
1146 2066 1402 2141 partem
1463 2059 1677 2124 vorari
1736 2080 1776 2125 a
1841 2060 2185 2125 monachis
2256 2069 2324 2125 et

367 2143 730 2222 abbatibus,
791 2144 905 2225 qui
963 2153 1188 2208 tamen
1243 2143 1400 2209 olim
1458 2166 1595 2209 non
1650 2145 2089 2211 censebantur
2144 2146 2322 2210 inter

365 2230 656 2297 clericos.
743 2227 999 2294 Omitto
1056 2228 1230 2313 quod
1297 2232 1441 2314 agri
1485 2229 1750 2314 quidam
1795 2233 2119 2296 immunes
2164 2242 2321 2298 sunt

365 2338 408 2382 a
448 2315 738 2383 decimis.
813 2314 945 2381 Sed
989 2336 1099 2381 eas
1142 2336 1183 2379 a
1224 2316 1406 2382 laicis
1450 2319 1750 2400 occupari
1796 2317 2120 2399 quomodo
2166 2340 2318 2401 pas-

370 2426 483 2470 sus
529 2403 763 2467 fuisset
804 2422 991 2485 papa,
1036 2403 1090 2467 si
1136 2403 1276 2467 iure
1324 2402 1547 2468 divino
1581 2401 1684 2489 (ut
1708 2404 1956 2469 insulse
1991 2403 2321 2491 garriunt)

370 2509 556 2555 sacra
600 2487 836 2553 fuisset
879 2487 1039 2554 cleri
1084 2487 1502 2554 haereditas?
1551 2490 1901 2555 Caeterum
1951 2491 2103 2571 quia
2146 2491 2323 2555 inter

372 2573 635 2658 publica
678 2573 1025 2655 vectigalia
1081 2581 1148 2640 et
1199 2573 1448 2640 tributa
1492 2573 1941 2641 numerandae
1998 2586 2159 2640 sunt
2217 2575 2324 2641 de-

365 2661 599 2738 cimae,
646 2679 756 2725 eas
799 2661 1053 2725 solvere
1094 2680 1180 2725 ne
1216 2669 1524 2726 recusent
1557 2661 1801 2745 privati
1831 2661 2149 2743 homineS,
2194 2664 2320 2729 nisi

370 2746 711 2831 politicum
757 2745 1058 2811 ordinem
1101 2756 1170 2812 et
1224 2768 1583 2831 regnorum
1641 2754 1886 2813 statum
1931 2747 2321 2814 labefactare

369 2832 610 2898 velint:
677 2831 770 2916 pii
839 2840 1058 2897 autem
1124 2832 1458 2916 principes
1523 2854 1749 2899 euram
1798 2834 2159 2916 suscipiant
2215 2836 2323 2901 ab·

370 2939 532 2984 usus
576 2916 965 3000 corrigendi,
1033 2939 1116 2982 ne
1159 2917 1412 2983 reditus
1457 2919 1750 3002 publicos
1794 2919 2101 2985 ecclesiae
2146 2919 2321 2988 dica-

367 3015 474 3070 tos
516 3005 585 3069 in
639 3005 930 3086 urgitent
971 3005 1199 3088 ignavi
1243 3016 1528 3071 ventres.

543 3025 648 3157 23.
692 3088 834 3175 Eyo
866 3092 1074 3174 portio
1117 3096 1243 3156 tua.
1327 3090 1502 3173 Quid
1544 3091 1669 3158 sibi
1706 3091 1866 3157 velit
1910 3091 2074 3157 haec
2115 3093 2320 3176 parti-

369 3178 538 3257 cula,
582 3198 794 3261 nuper
837 3176 1061 3242 docui:
1107 3197 1347 3260 nempe
1389 3177 1543 3261 quia
1586 3178 1666 3243 ab
1702 3177 2109 3244 haereditate
2145 3200 2321 3245 com-

368 3264 558 3329 muni
615 3263 865 3329 exclusi
923 3271 1110 3328 erant
1155 3264 1463 3342 Levitae,
1523 3261 1741 3330 Deum
1785 3263 1958 3329 hanc
1999 3265 2320 3330 iacturam

367 3371 645 3433 pensare
681 3349 763 3415 de
798 3369 937 3422 suo,
973 3368 1050 3413 ac
1084 3350 1137 3415 si
1175 3370 1259 3414 ex
1281 3350 1422 3416 eius
1458 3370 1659 3415 manu
1697 3350 2095 3433 acciperent:
2134 3351 2320 3434 quasi

370 3435 617 3501 diceret
636 3486 650 3512 ‚
718 3434 843 3501 sibi
915 3435 1074 3501 satis
1127 3435 1382 3520 largam
1442 3436 1698 3518 copiam
1752 3444 2133 3521 suppetere,
2192 3457 2323 3520 qua

368 3523 545 3605 ipsos
603 3529 1006 3586 muneretur.
1095 3520 1366 3587 Interea
1418 3520 1730 3587 iubentur
1786 3543 1921 3587 uno
1975 3523 2119 3605 ipso
2176 3543 2321 3588 esse

368 3608 679 3674 contenti.
791 3606 930 3674 Nec
995 3605 1266 3672 dubium
1333 3616 1434 3674 est
1496 3609 1651 3691 quin
1711 3608 1792 3673 ad
1857 3607 2037 3675 hunc
2103 3609 2319 3675 locum

368 3693 622 3758 alludat
665 3690 920 3771 David,
991 3694 1101 3757 ubi
1161 3693 1505 3772 exclamat,
1574 3694 1756 3759 Deus
1797 3696 2009 3778 portio
2054 3715 2201 3760 mea
2256 3702 2323 3759 et

369 3779 743 3845 haereditas
788 3798 963 3843 mea:
1024 3800 1167 3844 sors
1211 3779 1377 3843 mihi
1434 3779 1771 3864 praeclare
1828 3781 2065 3846 cecidit
2117 3779 2318 3866 (Psal.

371 3865 477 3945 16,
517 3864 603 3952 5).
666 3864 1014 3948 Significat
1057 3866 1234 3929 enim
1278 3886 1406 3930 non
1455 3865 1646 3931 modo
1688 3867 1906 3931 Deum
1952 3866 2076 3931 sibi
2113 3867 2323 3950 pluris

368 3972 516 4017 esse
559 3972 757 4034 quam
803 3971 1032 4014 omnes
1078 3959 1373 4017 terrenas
1416 3971 1591 4034 opes,
1637 3950 1751 4017 sed
1795 3974 1953 4035 prae
1996 3954 2137 4037 ipso
2179 3974 2321 4019 sor-

370 4036 527 4102 dere
582 4034 898 4121 quidquid
958 4036 1071 4101 alii
1117 4037 1522 4119 praeclarum
1583 4048 1651 4102 et
1694 4038 1982 4103 maxime
2038 4039 2321 4122 optabile

368 4123 714 4189 ducebant.
816 4122 1011 4188 Nunc
1083 4121 1344 4205 quando
1410 4124 1480 4187 in
1548 4123 1817 4189 Christo
1883 4125 2037 4190 sacti
2094 4146 2321 4191 sumus

365 4229 599 4274 omnes
643 4207 1028 4286 sacerdotes,
1084 4208 1246 4274 haec
1291 4209 1478 4274 nobis
1522 4210 1828 4293 imposita
1871 4221 1970 4275 est
2012 4210 2320 4291 conditi0,

367 4316 453 4361 ne
508 4294 705 4360 aliam
763 4305 1004 4360 sortem
1059 4301 1463 4378 appetamus.
1521 4295 1672 4360 Non
1716 4296 1888 4378 quod
1932 4295 2323 4380 simpliciter

367 4380 895 4447 renunciandum
975 4380 1062 4446 sit
1134 4381 1416 4447 terrenis
1493 4381 1800 4447 omnibus
1887 4383 2076 4448 bonis
2102 4434 2116 4458 ‚
2206 4383 2321 4448 sed

367 4468 528 4551 quia
591 4469 662 4532 in
726 4466 1005 4533 solidum
1074 4467 1355 4535 felicitas
1420 4476 1650 4532 nostra
1716 4470 1809 4533 sic
1877 4469 1948 4533 in
2015 4470 2159 4534 Deo
2226 4470 2316 4535 lo·

361 4553 582 4652 canda
623 4562 750 4632 est,
817 4562 892 4618 ut
954 4553 1098 4636 ipso
1156 4554 1445 4619 contenti
1507 4554 1833 4638 patienter
1890 4555 2173 4621 feramus
2219 4577 2316 4620 re-

368 4660 516 4704 rum
583 4640 882 4706 omnium
959 4639 1275 4723 inopiam:
1364 4640 1475 4723 qui
1555 4662 1710 4705 vero
1788 4640 2034 4723 aliquid
2112 4643 2317 4725 possi-

363 4726 549 4805 dent,
593 4748 724 4791 non
767 4726 987 4792 minus
1032 4725 1230 4791 soluti
1273 4726 1410 4791 sint
1453 4747 1528 4791 ac
1572 4725 1881 4810 expediti,
1928 4747 2004 4793 ac
2048 4728 2105 4793 si
2148 4727 2318 4792 nihil

363 4811 767 4897 possideant.

542 4898 821 4964 Levitic.
868 4898 971 4975 27,
1016 4897 1119 4964 30.
1175 4896 1402 4964 Omnes
1434 4904 1638 4964 autem
1673 4898 1959 4964 decimae.
2009 4899 2138 4965 His
2173 4921 2319 4964 ver-

369 4983 468 5050 bis
513 4983 799 5050 ostendit
842 4985 1056 5062 Deus,
1113 5005 1182 5049 se
1244 4982 1526 5050 decimas
1584 4984 1845 5051 Levitis
1904 4983 2316 5069 assignando,

367 5071 636 5155 proprio
679 5071 822 5135 iure
867 5069 1111 5147 cedere,
1158 5069 1312 5152 quia
1354 5070 1486 5136 siut
1528 5070 1715 5154 quasi
1759 5070 1979 5155 regale
2016 5071 2319 5155 vectigal,

370 5163 567 5238 atque
610 5156 705 5222 ita
754 5156 1195 5239 querimonias
1241 5176 1467 5222 omnes
1517 5158 1899 5239 compescit:
1959 5158 2115 5241 quia
2157 5157 2317 5221 alio-

367 5243 487 5326 qui
530 5243 905 5325 obstrepere
949 5248 1255 5326 poterant
1295 5242 1461 5308 aliae
1519 5244 1760 5322 tribus,
1819 5242 1995 5309 ultra
2052 5241 2316 5309 modum

365 5350 442 5394 se
478 5330 762 5413 gravari.
833 5327 1220 5395 Sacerdotes
1255 5328 1459 5411 igitur
1494 5338 1824 5396 coactores
1858 5331 2171 5413 praeficit,
2207 5330 2318 5414 qui

573 5429 799 5486 Calvio&
825 5445 1015 5500 opera.
1095 5427 1216 5485 Vol.
1246 5426 1477 5486 XXIV.

1779 407 2294 475 SECUNDUM
2338 406 2984 473 PRAEOEPTUM.

4243 412 4379 478 482

2416 596 2626 681 ipsius
2681 596 2946 662 nomine
3014 596 3353 680 colligant:
3422 596 3596 681 quod
3662 597 3889 682 negari
3956 620 4090 663 non
4158 606 4374 681 potest

2418 684 2563 749 sine
2628 682 2831 765 impia
2900 691 2969 747 et
3037 683 3355 766 sacrilega
3420 682 3847 749 fraudatione.
3956 684 4150 765 Quod
4216 704 4374 749 vero

2418 769 2531 836 ubi
2598 770 2877 851 pecunia
2949 768 3368 834 redimuntur
3446 768 3764 849 decimae,
3845 770 4145 853 quintam
4219 789 4377 853 par-

2420 866 2556 920 tem
2614 854 3054 919 aestimationi
3112 854 3254 920 vult
3308 855 3679 938 superaddi,
3748 877 3879 921 non
3924 877 4001 920 eo
4043 855 4255 920 tendit
4298 862 4377 921 ut

2420 941 2699 1008 Levitae
2744 962 2826 1005 ex
2870 940 3081 1006 alieno
3125 939 3364 1006 damno
3408 942 3667 1007 lucrum
3712 942 3985 1006 faciant:
4047 941 4161 1007 sed
4219 941 4377 1024 quia

2418 1034 2634 1109 astute
2701 1027 2985 1110 aliquam
3051 1026 3406 1091 utilitatem
3473 1027 3824 1111 captabant
3878 1047 4185 1111 agrorum
4260 1027 4375 1093 do-

2418 1112 2616 1191 mini,
2687 1112 3098 1177 frumentum
3153 1113 3224 1177 in
3289 1114 3639 1196 pecuniam
3704 1112 4051 1179 mutando:
4122 1112 4376 1178 fraudi·

2418 1200 2543 1265 bus
2590 1199 2986 1276 occurritur,
3044 1219 3131 1263 ne
3189 1199 3343 1280 quid
3403 1221 3484 1265 ex
3545 1201 3835 1283 captiosa
3893 1199 4374 1280 permutatione

2420 1284 2676 1350 Levitis
2745 1282 3032 1349 decedat.
3142 1284 3394 1349 Eadem
3465 1286 3719 1351 ratione
3789 1284 4102 1349 animalia
4169 1285 4372 1363 iubet,

2419 1372 2900 1453 qualiacunque
2945 1379 3167 1451 erunt,
3235 1370 3564 1449 decimari,
3623 1390 3745 1436 nec
3801 1370 4081 1453 pecunia
4138 1369 4376 1436 redimi

2421 1457 2702 1539 patitur,
2768 1456 3082 1538 quoniam
3127 1456 3181 1522 si
3228 1454 3436 1522 libera
3501 1457 3732 1522 fuisset
3788 1456 4049 1535 electio,
4115 1455 4374 1521 nullum

2422 1562 2714 1625 unquam
2781 1542 3024 1606 animal
3090 1541 3333 1626 pingue
3400 1551 3516 1608 aut
3575 1552 3887 1627 vegetum
3948 1542 4234 1607 venisset
4292 1540 4376 1606 ad

2422 1627 2715 1694 Levitae.
2782 1628 2962 1712 Ergo
3008 1629 3131 1693 hac
3176 1629 3236 1692 le
3284 1650 3321 1693 e
3364 1628 3726 1694 remedium
3772 1629 4084 1693 avaritiae
4126 1636 4193 1694 et
4235 1648 4376 1693 sor-

2424 1713 2618 1781 dibus
2652 1714 2778 1779 fuit.
2814 1713 3203 1779 adhibitum.
3316 1736 3480 1798 eque
3504 1713 3569 1779 id
3592 1716 3706 1780 abs
3728 1734 3834 1779 re:
3873 1715 4025 1798 quia
4060 1713 4118 1779 si
4139 1734 4374 1779 verum

2424 1810 2525 1865 est
2546 1799 2996 1883 proverbium:
3034 1801 3141 1865 Ex
3178 1800 3372 1866 malis
3409 1802 3700 1866 moribus
3725 1803 3909 1866 nasci
3934 1802 4135 1866 bonas
4156 1799 4371 1883 leges:

2423 1906 2682 1952 summa
2740 1886 3092 1952 severitate
3149 1886 3467 1951 contineri
3522 1890 3589 1951 in
3656 1887 3869 1953 officio
3926 1906 4193 1952 necesse
4245 1885 4376 1950 fuit

2424 1972 2587 2038 adeo
2632 1981 2926 2037 tenacem
2973 1984 3038 2037 et
3082 1972 3446 2056 malignum
3494 1973 3829 2057 populum.
3877 1975 3976 2038 Ac
4021 1980 4375 2055 quantum-

2425 2059 2526 2124 vis
2592 2057 2818 2123 sedulo
2884 2067 3151 2123 cautum
3219 2071 3390 2124 esset
3454 2059 3749 2136 Levitis,
3819 2059 3927 2125 vix
3983 2066 4206 2123 tamen
4254 2058 4380 2122 fuit

2425 2144 2635 2209 ullum
2679 2155 2938 2228 tempus
2981 2156 3110 2227 quo
3155 2165 3288 2209 non
3333 2146 3713 2225 esurierint,
3780 2166 3855 2210 ac
3898 2143 4232 2208 interdum
4280 2141 4378 2207 fa-

2424 2230 2640 2295 melici
2680 2230 3064 2296 oberrarint.
3152 2229 3298 2296 Imo
3342 2252 3545 2313 quum
3591 2229 3674 2296 ab
3718 2230 3949 2296 exsilio
3989 2229 4379 2311 babylonico

2424 2317 2674 2383 reversi
2733 2324 2985 2393 essent,
3058 2337 3187 2381 non
3260 2318 3412 2383 fecit
3476 2318 3647 2382 tanti
3707 2317 4005 2383 beneficii
4062 2316 4378 2381 memoria

2425 2402 2587 2486 quin
2632 2402 2810 2468 furto
2868 2401 3333 2468 subtraherent
3376 2411 3629 2485 partem
3696 2402 4129 2468 decimarum:
4186 2400 4381 2467 sicuti

2422 2489 2848 2571 conqueritur
2893 2487 3075 2554 Deus
3114 2488 3287 2571 apud
3333 2489 3733 2554 Malachiam
3776 2487 3864 2575 (3,
3904 2487 3987 2574 8).
4031 2487 4222 2554 Unde
4258 2507 4374 2569 ap-

2424 2586 2638 2659 paret,
2701 2596 2831 2640 non
2874 2574 3120 2640 frustra
3166 2586 3302 2640 tam
3351 2574 3697 2659 imperiose
3743 2576 3828 2639 ad
3872 2597 3981 2639 eas
4025 2573 4376 2639 solvendas

2423 2662 2624 2727 fuisso
2659 2670 2933 2728 coactos.

2597 2748 2866 2812 Deuter.
2896 2747 2996 2826 14,
3017 2747 3121 2812 22.
3159 2746 3546 2813 Decimando
3566 2744 3919 2811 decim-abia.
3958 2744 4380 2810 Generaliter

2424 2833 2665 2917 repetit
2709 2833 2920 2917 legem
2968 2843 3120 2899 ante
3164 2837 3477 2915 positam,
3534 2831 3646 2896 ubi
3690 2832 3832 2895 Deo
3890 2829 4193 2896 vendicat
4235 2850 4376 2895 om·

2426 2922 2612 2986 nium
2675 2919 2941 3003 frugum
3008 2917 3313 2984 decimas.
3426 2917 3684 2998 Quibus
3748 2924 3965 2981 autem
4026 2914 4377 2981 solvendae

2427 3006 2591 3085 sint,
2650 3024 2783 3070 non
2830 3005 3055 3070 statim
3101 3005 3441 3087 exprimit:
3503 3003 3617 3068 sed
3677 3001 3994 3086 quaedam
4040 3002 4380 3066 interserit

2429 3092 2511 3157 de
2555 3091 2702 3157 aliis
2745 3091 3196 3169 oblationibus,
3242 3112 3406 3174 quae
3441 3090 3595 3156 alibi
3632 3088 3922 3172 exposui.
3977 3086 4220 3155 Verum
4258 3087 4380 3152 ali·

2427 3187 2675 3261 quanto
2719 3187 2862 3261 post
2910 3198 3102 3243 versu
3154 3177 3235 3243 27
3288 3177 3556 3241 Levitas
3598 3176 4082 3249 commendans,
4136 3195 4249 3239 eas
4293 3173 4376 3238 ad

2428 3286 2664 3330 verum
2706 3283 2901 3330 suum
2946 3284 3140 3330 usum
3197 3262 3660 3328 accommodat.
3751 3261 4104 3342 Significat
4156 3270 4377 3326 autem

2427 3350 2723 3417 crudeles
2758 3351 2913 3427 fore,
2950 3349 3008 3415 si
3044 3370 3156 3415 eas
3193 3349 3451 3415 Levitis
3486 3347 3819 3413 furentur:
3858 3347 4184 3431 malignos
4218 3367 4377 3413 vero

2425 3446 2495 3502 et
2530 3437 2811 3503 iniustos
2854 3436 2910 3502 si
2954 3454 3148 3519 aegre
3191 3436 3323 3500 illis
3357 3435 3640 3501 decimas
3676 3433 3952 3510 solvant,
4000 3454 4168 3516 quae
4200 3433 4377 3516 ipso-

2425 3544 2576 3588 rum
2620 3533 2774 3588 sunt
2816 3523 2960 3587 iure
3000 3520 3468 3587 haereditario:
3514 3521 3773 3604 quando
3816 3518 4027 3584 tribus
4068 3518 4185 3584 illa
4227 3521 4376 3584 fun·

2427 3609 2543 3675 dos
2587 3609 2805 3674 nullos
2846 3607 3156 3691 possidet.

2598 3694 2699 3760 28.
2752 3695 2960 3760 Tertio
3004 3700 3211 3759 autem
3253 3712 3432 3759 anno,
3500 3690 3880 3769 Falluntur,
3923 3710 4070 3756 meo
4113 3690 4375 3770 iudici0‚

2424 3786 2537 3865 qui
2582 3781 2777 3847 aliam
2822 3778 3221 3846 decimarum
3282 3779 3563 3862 speciem
3623 3778 3835 3843 notari
3894 3786 4147 3859 putant.
4243 3778 4377 3842 Po·

2425 3869 2559 3933 tius
2617 3868 2795 3933 enim
2839 3867 3154 3932 correctio
3199 3875 3316 3945 est,
3382 3864 3489 3930 vel
3535 3864 3990 3946 interpretatio
4032 3863 4095 3928 le
4146 3863 4231 3942 ‘s,
4291 3883 4376 3928 ne

2424 3954 2547 4020 soli
2590 3951 2957 4019 sacerdotes
3001 3971 3078 4017 ac
3120 3951 3400 4017 Levitae
3458 3951 3744 4017 decimas
3800 3969 4029 4014 omnes
4074 3968 4113 4011 a
4159 3970 4376 4013 sume·

2424 4049 2606 4120 rent,
2663 4038 2779 4104 sed
2837 4059 2990 4123 pars
3045 4038 3305 4105 cederet
3363 4035 3446 4101 ad
3502 4033 3811 4101 levandos
3885 4054 4237 4117 pauperes,
4306 4042 4375 4099 et

2424 4126 2824 4208 peregrinos,
2871 4133 2939 4190 et
2980 4123 3231 4190 viduas.
3279 4122 3426 4206 Quo
3470 4144 3574 4188 res
3610 4121 3843 4187 melius
3878 4129 4118 4204 pateat,
4163 4120 4376 4203 primo

2424 4210 2789 4276 notandum
2857 4220 2973 4291 est,
3032 4232 3163 4278 non
3232 4209 3500 4276 tertium
3563 4227 3888 4291 quemque
3953 4226 4199 4271 annum
4268 4206 4377 4274 hic

2425 4297 2797 4381 praescribi,
2841 4296 2955 4362 sed
3000 4296 3335 4362 numerari
3370 4317 3410 4360 a
3445 4292 3778 4360 sabbatho.
3841 4291 4019 4357 Alibi
4063 4292 4241 4356 enim
4277 4294 4377 4359 vi-

2425 4384 2725 4449 debimus
2768 4382 3046 4464 septimo
3089 4403 3346 4466 quoque
3390 4401 3563 4447 anno
3607 4388 3853 4444 terram
3898 4377 4239 4461 quievisse,
4300 4387 4379 4444 ut

2423 4489 2640 4552 neque
2662 4473 2976 4549 sererent,
3012 4489 3223 4552 neque
3242 4477 3584 4533 meterent.
3641 4466 3824 4549 Ergo
3849 4475 3996 4546 post
4019 4464 4185 4529 duas
4208 4485 4377 4530 mes-

2424 4577 2527 4621 ses
2593 4562 2908 4638 peractas,
2972 4554 3265 4620 decimae
3329 4554 3486 4619 anni
3551 4552 3729 4617 tertii
3794 4572 3919 4616 non
3986 4551 4375 4616 Levitarum

2423 4640 2757 4726 propriae,
2829 4639 2945 4707 sed
3007 4639 3203 4706 simul
3269 4659 3650 4706 communes
3707 4647 3903 4702 erant
3956 4636 4376 4720 pauperibus,

2423 4727 2711 4811 pupillis,
2757 4735 2824 4794 et
2864 4725 3084 4793 viduis
3127 4737 3191 4792 et
3236 4726 3621 4809 peregrinis.
3669 4723 3750 4788 Id
3787 4744 3869 4789 ex
3905 4723 4376 4808 supputatione

2422 4834 2746 4879 annorum
2809 4812 3117 4895 colligere
3182 4818 3555 4894 promptum
3622 4818 3740 4876 est.
3865 4809 4132 4892 Alioqui
4196 4811 4376 4873 enim

2421 4900 2658 4965 tertius
2702 4919 2917 4964 annus
2959 4918 3150 4982 saepe
3192 4895 3531 4964 incidisset
3571 4897 3642 4961 in
3685 4894 4195 4972 sabbatharium,
4242 4914 4372 4977 quo

2421 4986 2718 5052 cessabat
2760 4985 2976 5050 omnis
3017 5005 3322 5069 agrorum
3368 4983 3644 5050 cultura.
3713 4981 3920 5048 Porro
3963 5000 4222 5046 summa
4265 5001 4376 5046 ae-

2421 5072 2671 5155 quitate
2714 5070 2780 5135 id
2826 5078 3267 5154 temperatum
3313 5071 3463 5148 fuit,
3533 5079 3606 5134 ut
3649 5067 4018 5135 sacerdotes
4061 5077 4128 5130 et
4170 5067 4374 5131 Levi·

2425 5167 2532 5223 tae
2577 5157 2707 5222 iam
2755 5155 3008 5222 duobus
3052 5157 3245 5222 annis
3288 5154 3501 5232 ditati,
3545 5154 3972 5220 admitterent
3996 5152 4068 5215 in
4113 5161 4379 5234 partem

2422 5264 2665 5328 egenos
2708 5243 2943 5308 fratres
2986 5252 3052 5307 et
3140 5244 3489 5326 eregrinos.
3579 5241 3687 5306 Ita
3744 5262 3826 5305 ex
3892 5237 4101 5303 nimia
4143 5259 4378 5304 eorum

2423 5327 2829 5396 abundantia
2871 5263 3138 5412 aliquid>
3161 5328 3610 5406 minuebatur,
3669 5347 3752 5391 ne
3795 5344 3867 5390 se
3923 5324 3996 5389 in
4038 5324 4379 5390 luxuriam
