4867 6150
339 459 463 524 193

335 647 673 715 fundatam
719 670 861 715 esse
906 648 1133 715 doceat
1166 649 1234 714 in
1271 650 1400 717 Dei
1434 651 1902 731 misericordia,
1952 654 2281 720 homines-

338 757 465 820 que
509 735 745 800 invitet
795 735 876 801 ad
924 735 1141 800 Deum
1201 747 1381 802 certa
1439 736 1569 803 fide
1625 738 2103 819 invocandum,
2163 739 2286 804 hoc

339 834 559 887 tamen
608 821 848 886 habere
893 823 1230 905 proprium
1275 833 1342 888 et
1384 823 1712 906 peculiare
1757 822 1929 908 quod
1974 824 2097 890 sub
2132 846 2284 891 con·

338 906 584 972 ditione
608 908 973 990 paciscitur.
1035 907 1138 971 Ita
1184 930 1264 973 ue
1300 909 1706 995 distinguere
1741 932 1976 994 operae
2000 912 2285 995 pretinm

339 1002 442 1060 est
483 994 658 1058 inter
700 995 1075 1076 generalem
1140 929 1508 1061 doctrinam
1555 1017 1721 1079 quae
1765 997 2007 1061 tradita
2066 997 2192 1062 fuit
2248 1016 2288 1059 a

338 1079 560 1156 Mose,
627 1090 694 1143 et
756 1080 931 1145 inter
988 1079 1268 1163 speciale
1332 1081 1503 1164 quod
1572 1084 1819 1164 accepit
1883 1083 2285 1149 mandatum.

339 1166 595 1231 Passim
643 1164 861 1230 oblata
904 1186 1021 1249 spe
1058 1166 1290 1231 veniae
1335 1167 1637 1233 hortatur
1675 1170 1910 1246 Moses,
1957 1180 2033 1233 ut
2076 1191 2147 1234 se
2194 1189 2291 1232 re-

337 1252 687 1317 concilient
733 1252 1031 1316 homines
1068 1253 1243 1317 Deo:
1292 1264 1359 1317 et
1402 1255 1657 1336 quoties
1700 1256 2151 1338 expiationum
2199 1256 2286 1319 ri-

339 1348 448 1403 tus
490 1339 896 1421 praescribit,
942 1358 1074 1402 non
1122 1337 1392 1404 dubium
1453 1350 1555 1406 est
1611 1340 1768 1422 quin
1814 1341 2091 1407 miseros
2135 1362 2286 1423 pec-

337 1434 589 1489 catores
635 1421 717 1489 ad
760 1425 928 1490 bene
962 1423 1364 1506 sperandum
1410 1425 1650 1509 erigat,
1699 1426 2044 1510 Deumque
2089 1438 2285 1492 teste·

337 1524 446 1575 tur
487 1509 621 1576 illis
663 1511 1017 1593 propitium
1083 1509 1240 1575 fore.
1331 1511 1597 1576 Interea
1653 1510 1775 1578 hoc
1835 1533 2129 1578 seorsum
2191 1511 2284 1577 illi

336 1617 580 1661 munus
622 1597 1003 1678 impositum
1054 1596 1196 1676 fuit,
1259 1597 1611 1678 perfectam
1660 1598 1976 1663 iustitiam
2024 1600 2287 1683 exigere

337 1704 378 1746 a
420 1682 695 1765 populo,
753 1693 819 1746 et
863 1683 1048 1764 quasi
1094 1703 1176 1747 ex
1222 1696 1558 1766 compacto
1603 1683 1970 1750 mercedem
2013 1685 2287 1768 promit-

335 1784 494 1843 tere,
542 1788 673 1833 non
712 1768 904 1832 aliter
950 1789 1140 1850 quam
1188 1769 1245 1833 si
1282 1768 1604 1853 impleant
1639 1769 1938 1835 homines
1972 1770 2284 1853 quidquid

335 1855 767 1937 praecipitur:
829 1854 1069 1919 minari
1114 1863 1331 1919 autem
1375 1867 1441 1919 et
1485 1854 1842 1920 vindictam
1890 1855 2285 1922 denunciare

337 1940 393 2004 si
438 1939 698 2023 quando
757 1960 796 2004 a
854 1941 961 2005 via
1005 1939 1410 2006 deflexerint.
1512 1941 1785 2007 Certum
1847 1941 2109 2025 quidem
2166 1953 2283 2019 est,

337 2026 508 2092 idem
571 2025 731 2090 illud
793 2025 1050 2102 foedus,
1109 2027 1292 2092 cuius
1351 2026 1654 2092 minister
1697 2038 1763 2093 et
1805 2039 2025 2094 custos
2070 2029 2287 2095 fuerat

335 2112 695 2191 Abraham,
752 2113 1100 2194 repetitum
1146 2111 1352 2178 fuisse
1394 2113 1563 2196 apud
1612 2114 1780 2178 filios
1837 2135 1958 2198 per
2016 2137 2283 2180 manum

329 2198 558 2263 Mosis.
647 2199 740 2263 Et
783 2211 1005 2262 tamen
1043 2198 1292 2264 Paulus
1335 2195 1515 2283 (Gal.
1561 2199 1622 2275 3,
1672 2197 1780 2285 19)
1825 2198 2028 2265 tradit
2070 2201 2284 2285 Iegem

333 2283 541 2349 fuisse
585 2284 1073 2367 superadditam
1117 2286 1712 2369 transgressionum
1760 2306 1969 2366 causa,
2014 2308 2285 2370 eamque

333 2371 749 2455 promissioni
793 2368 1102 2435 Abrahae
1149 2369 1338 2436 datae
1381 2372 1669 2455 opponit,
1727 2392 1963 2455 nempe
2008 2373 2159 2454 quia
2205 2372 2285 2439 de

336 2456 723 2540 particulari
766 2456 930 2540 legis
981 2457 1225 2536 officio,
1284 2458 1353 2524 vi
1398 2469 1465 2521 et
1508 2459 1641 2523 fine
1682 2456 2008 2524 disserens
2052 2479 2090 2524 a
2133 2480 2283 2544 gra-

336 2544 524 2608 tuitis
591 2541 1126 2623 promissionibus
1192 2564 1334 2609 eam
1394 2551 1672 2626 separat.
1773 2542 2021 2610 Eodem
2083 2566 2283 2610 sensu

337 2627 490 2693 alibi
556 2626 641 2713 (2.
688 2628 837 2693 Cor.
900 2627 959 2707 3,
1020 2629 1081 2693 6.
1151 2627 1218 2729 7)
1275 2630 1712 2695 ministerium
1780 2632 2009 2696 mortis
2076 2643 2281 2710 vocat,

337 2724 406 2780 et
456 2714 717 2779 literam
774 2735 939 2796 quae
1003 2715 1258 2779 occidit.
1348 2714 1524 2781 Alibi
1592 2717 1785 2781 etiam
1853 2717 2052 2781 tradit
2116 2718 2284 2783 iram

338 2801 615 2884 operari,
658 2819 733 2867 ac
778 2801 832 2863 si
876 2821 962 2864 ex
996 2809 1182 2865 reatu
1226 2801 1640 2867 mortiferum
1695 2802 1937 2868 vulnus
1979 2804 2287 2887 infligens

338 2887 629 2951 humano
672 2886 917 2971 generi,
964 2886 1213 2950 nullam
1258 2907 1438 2969 spem
1485 2887 1717 2953 salutis
1754 2889 2068 2970 reliquam
2114 2891 2286 2955 face·

338 2986 440 3037 ret
484 2971 705 3059 (Rom.
750 2972 811 3047 4,
861 2968 985 3057 15).
1077 2973 1257 3054 Ergo
1300 2974 1370 3037 in
1416 2973 1540 3039 hac
1582 2977 2097 3056 praeparatione,
2158 2998 2286 3059 qua

341 3060 526 3126 Deus
583 3058 901 3143 populum
957 3059 1241 3123 erudivit
1315 3059 1394 3124 ad
1467 3062 1902 3126 reverentiam
1964 3074 2029 3125 et
2095 3064 2283 3127 timo-

340 3168 504 3222 rem,
571 3145 814 3226 duplex
884 3155 988 3210 est
1052 3144 1406 3229 spectanda
1459 3147 1644 3212 ratio.
1735 3147 2060 3226 Quoniam
2110 3153 2282 3214 enim

339 3234 584 3317 partim
643 3235 812 3296 fastu
872 3243 937 3296 et
995 3229 1339 3295 altitudine
1399 3244 1695 3316 turgent,
1744 3236 1977 3317 partim
2039 3239 2283 3301 securi-

342 3329 476 3383 tate
514 3330 774 3400 torpent
817 3318 1153 3381 hominum
1201 3319 1496 3400 ingenia:
1547 3332 1620 3383 ut
1663 3318 2006 3384 coelestem
2054 3321 2287 3387 doctri·

340 3425 498 3470 nam
545 3424 674 3486 qua
719 3403 907 3468 decet
950 3402 1366 3469 observantia
1398 3404 1873 3487 amplexentur,
1918 3408 2021 3471 vel
2070 3408 2285 3472 humi-

341 3491 523 3566 liari,
590 3489 693 3554 vel
739 3491 1169 3573 expergefieri
1230 3512 1493 3556 necesse
1537 3500 1653 3556 est.
1742 3491 1881 3559 Nec
1940 3493 2285 3576 quisquam

342 3577 539 3641 aliter
592 3576 861 3640 formari
919 3588 1136 3658 potest
1196 3573 1279 3639 ad
1334 3576 1696 3660 parendum
1750 3579 1914 3655 Deo,
1977 3599 2170 3662 quam
2232 3581 2287 3646 si

342 3674 523 3727 metu
593 3662 806 3725 flexus
877 3683 953 3726 ac
1024 3663 1331 3728 subactus
1397 3662 1615 3729 fuerit.
1729 3664 2027 3729 Metuere
2099 3687 2289 3748 porro

344 3758 503 3813 tunc
556 3746 817 3811 demum
888 3747 1216 3829 incipiunt
1268 3747 1379 3812 ubi
1427 3748 1508 3813 ad
1593 3761 1906 3815 terrorem
1965 3751 2287 3817 incutien-

344 3833 501 3898 dum
545 3832 762 3915 prodit
803 3833 929 3897 Dei
974 3833 1300 3900 maiestas.
1389 3834 1496 3898 Ita
1537 3835 1706 3918 quod
1763 3836 1928 3920 legis
1973 3840 2289 3903 autoritas

347 3919 575 3984 multis
641 3918 848 4002 signis
914 3940 990 3984 ac
1055 3918 1368 4004 prodigiis
1434 3921 1687 3986 sancita
1742 3922 1898 3996 fuit,
1966 3922 2291 3988 discamus

345 4006 608 4089 pietatis
641 4025 716 4070 ac
752 4004 902 4069 fidei
940 4005 1063 4069 hoc
1098 4026 1241 4070 esse
1278 4007 1618 4072 exordium
1655 4008 1723 4071 in
1763 4007 1915 4073 filiis
1940 4009 2084 4075 Dei.
2131 4007 2290 4074 Ideo

347 4113 606 4175 quoque
659 4101 899 4156 terram
957 4092 1285 4156 concussit
1341 4093 1522 4158 Deus
1577 4103 1656 4158 ut
1712 4093 2052 4159 hominum
2098 4094 2295 4161 corda

351 4180 677 4245 excitaret
740 4199 777 4241 e
842 4198 960 4242 suo
1026 4186 1318 4260 torpore,
1379 4178 1487 4243 vel
1542 4180 1915 4261 superbiam
1975 4179 2295 4247 domando

349 4264 730 4348 corrigeret.
787 4262 971 4329 Haec
1015 4264 1181 4329 ratio
1216 4261 1295 4328 ad
1333 4264 1567 4349 legem,
1610 4266 1964 4348 prophetas
2000 4278 2065 4332 et
2100 4287 2297 4332 evan-

350 4352 602 4437 gelium
679 4349 1062 4413 extenditur
1086 4400 1101 4426 ,
1182 4360 1508 4432 totamque
1588 4352 1886 4417 coelestis
1965 4352 2296 4418 doctrinae

352 4454 715 4505 summam:
763 4434 867 4498 cui
916 4455 1251 4517 nunquam
1291 4438 1499 4502 iustus
1545 4436 1838 4502 defertur
1883 4438 2107 4516 honos,
2168 4440 2298 4504 nisi

353 4521 764 4608 praefulgeat
807 4520 933 4585 Dei
978 4522 1314 4600 maiestas,
1375 4544 1539 4606 quae
1583 4544 1842 4587 omnem
1881 4524 2105 4589 mundi
2153 4526 2298 4590 alti-

355 4608 656 4675 tudinem
724 4616 1111 4690 prosternat.
1223 4606 1355 4673 Sed
1423 4611 1635 4674 omitti
1686 4632 1814 4674 non
1874 4610 2065 4676 debet
2128 4611 2300 4693 quod

358 4717 572 4779 nuper
617 4694 753 4758 dixi
797 4692 928 4778 legi
971 4715 1113 4759 esso
1172 4693 1482 4777 speciale,
1538 4696 1810 4778 implere
1863 4696 2113 4762 scilieet
2168 4698 2298 4760 for·

357 4780 607 4847 midine
651 4779 936 4855 animos,
1004 4793 1070 4844 et
1112 4778 1409 4845 horribili
1464 4780 1916 4847 maledictione
1972 4784 2302 4866 proposita

357 4889 546 4951 spem
590 4866 823 4932 salutis
865 4865 1266 4932 abscindere.
1356 4867 1526 4931 Nam
1571 4888 1769 4950 quum
1827 4867 2040 4933 tribus
2095 4889 2299 4933 mem-

360 4955 500 5019 bris
543 4961 827 5030 constet,
883 4953 951 5015 in
995 4950 1276 5018 eundem
1320 4953 1519 5018 finem
1565 4953 1844 5019 tendunt
1884 4954 2171 5039 singula,
2230 4966 2305 5020 ut

362 5049 723 5126 agnoscant
756 5058 985 5104 omnes
1028 5060 1099 5105 se
1135 5050 1438 5105 aeternae
1483 5040 1713 5105 mortis
1746 5038 1982 5106 iudicio
2017 5062 2159 5107 esse
2194 5042 2304 5108 ob·

362 5126 623 5193 noxios:
670 5124 824 5208 quia
862 5125 999 5190 illic
1041 5124 1300 5190 nonnisi
1349 5125 1585 5191 iudicis
1630 5145 1975 5209 personam
2021 5128 2305 5193 sustinet

363 5213 581 5280 Deus:
647 5211 758 5294 qui
816 5224 1153 5295 postquam
1213 5232 1442 5276 severe
1499 5212 1720 5296 exegit
1772 5210 1941 5294 quod
2008 5212 2132 5278 sibi
2198 5214 2306 5279 de-

366 5299 588 5378 betur,
652 5298 916 5364 nonnisi
982 5296 1266 5363 debitam
1333 5297 1696 5363 mercedem
1763 5299 2112 5380 promittit,
2160 5301 2303 5364 vin-

369 5385 610 5451 dictam
668 5395 888 5449 autem
933 5383 1523 5467 transgressoribus
1567 5385 1873 5449 minatur.
1962 5384 2102 5450 Iam
2153 5406 2306 5451 vero

505 5484 727 5543 Galum
754 5501 942 5556 opera.
1024 5485 1139 5543 Vol.
1171 5483 1336 5540 XXI
1345 5486 1404 5542 V.

1482 462 2226 531 COMMENTARIUS
2264 464 2364 530 IN
2399 463 2702 531 EXODI
2736 462 2934 531 OAP.
2980 465 3177 533 XIX.

4210 466 4341 536 194

2386 654 2534 736 quis
2578 653 2942 736 reperietur
2985 654 3308 737 perfectus
3355 654 3517 739 legis
3553 653 3982 720 observator?
4030 656 4160 720 imo
4195 679 4336 723 cer-

2387 751 2530 804 tum
2599 750 2699 805 est
2763 760 2992 806 omnes
3056 760 3095 805 a
3174 741 3446 806 minimo
3527 761 3731 822 usqne
3809 739 3889 805 ad
3971 743 4335 808 maximum

2386 826 2931 908 transgressionis
2988 846 3133 891 reos
3204 847 3378 892 esse:
3453 825 3631 891 unde
3688 827 3991 891 omnibus
4048 829 4148 892 ira
4207 828 4337 894 Dei

2386 911 2726 977 incumbit.
2840 910 2986 976 Hoc
3052 913 3174 978 sibi
3242 914 3391 978 vult·
3458 913 3748 991 Paulus,
3826 933 4025 995 quum
4109 915 4339 981 scribit

2386 993 2607 1081 (Rom.
2654 997 2715 1076 8,
2764 996 2872 1083 15)
2916 995 3142 1063 fideles
3189 1019 3315 1064 non
3362 999 3602 1063 iterum
3650 1001 3975 1081 accepisse
4034 999 4340 1083 spiritum

2387 1082 2730 1149 servitutis
2797 1085 2864 1147 in
2932 1084 3256 1164 timorem,
3322 1084 3435 1148 sed
3496 1082 3893 1166 adoptionis,
3962 1107 4077 1168 per
4141 1108 4338 1169 quem

2388 1167 2679 1233 clamant
2736 1169 2945 1245 Abba,
2996 1169 3212 1234 Pater.
3313 1168 3442 1236 Ubi
3500 1169 3784 1235 ostendit
3840 1188 4083 1253 quanto
4127 1174 4341 1257 potior

2387 1253 2476 1318 sit
2541 1263 2768 1320 nostra
2829 1275 3026 1338 quam
3109 1266 3369 1337 patrum
3436 1255 3753 1321 conditio:
3833 1257 3986 1337 quia
4048 1256 4155 1323 lex
4231 1280 4341 1325 eos

2388 1341 2706 1405 servitute
2743 1341 3127 1407 constrictos
3164 1342 3396 1417 tenuit,
3444 1340 3628 1406 nobis
3664 1343 4077 1425 evangelium
4113 1345 4340 1410 anxie-

2390 1434 2592 1491 tatem
2675 1426 2938 1507 eximit,
3021 1438 3087 1490 et
3165 1429 3509 1493 tormentis
3581 1429 4014 1495 conscientias
4082 1430 4339 1497 liberat.

2385 1512 2557 1576 Nam
2598 1512 2925 1596 trepidare
2962 1534 3228 1579 necesse
3263 1524 3363 1578 est
3406 1534 3650 1594 omnes,
3697 1525 3763 1578 et
3806 1515 4072 1580 tandem
4111 1515 4340 1599 despe-

2388 1598 2641 1663 ratione
2699 1599 2921 1677 obrui,
2990 1600 3103 1680 qui
3162 1599 3230 1664 in
3286 1598 3594 1682 operibus
3659 1599 3939 1665 salutem
3984 1610 4339 1682 quaerunt:

2386 1703 2519 1767 pax
2566 1691 2786 1748 autem
2847 1694 2913 1749 et
2972 1687 3153 1768 quies
3199 1686 3266 1750 in
3327 1686 3466 1750 sola
3512 1685 3638 1750 Dei
3687 1685 4132 1752 misericordia
4191 1709 4345 1753 eon·

2388 1769 2580 1835 sistit.
2655 1768 2848 1849 Quod
2896 1768 3067 1835 idem
3114 1772 3323 1836 fusius
3367 1773 3786 1854 prosequitur
3842 1782 4032 1836 autor
4074 1774 4339 1857 Episto-

2386 1855 2491 1920 lae
2549 1855 2628 1919 ad
2691 1855 3059 1936 Hebraeos,
3109 1857 3211 1920 his
3273 1857 3491 1922 verbis
3545 1854 3776 1942 (Hebr.
3827 1858 3926 1935 12,
3977 1856 4101 1944 18).
4190 1860 4338 1925 Non

2387 1943 2752 2007 accessistis
2821 1939 2902 2007 ad
2970 1958 3258 2007 montem
3328 1944 3770 2022 tractabilem,
3838 1960 3904 2008 et
3969 1944 4186 2027 ignem
4235 1964 4340 2011 ac-

2385 2048 2689 2111 censum,
2749 2037 2817 2092 et
2859 2027 3224 2107 turbinem,
3283 2038 3352 2092 et
3394 2029 3773 2110 caliginem,
3841 2040 3907 2092 et
3964 2030 4340 2111 procellam,

2387 2123 2455 2177 et
2500 2114 2693 2178 tubae
2738 2134 3006 2193 sonum,
3066 2124 3133 2179 et
3176 2134 3403 2180 vocem
3449 2114 3833 2193 verborum,
3892 2133 4060 2198 quae
4104 2116 4340 2181 intole-

2388 2199 2612 2265 rabilis
2686 2209 2830 2265 erat
2906 2199 3352 2265 audientibus:
3433 2197 3634 2285 (unde
3700 2210 3766 2264 et
3851 2202 4074 2266 Moses
4141 2202 4339 2268 dixit:

2386 2285 2766 2351 Exterritus
2821 2307 2968 2350 sum
3030 2296 3098 2350 et
3143 2285 3562 2351 tremefactus
3602 2305 3617 2349 :
3674 2285 3789 2350 sed
3846 2287 4211 2354 accessistis
4258 2286 4341 2353 ad

2388 2381 2675 2436 montem
2751 2370 2946 2449 Sion,
3014 2380 3134 2438 etc.
3242 2371 3615 2437 Antithesis
3681 2372 3860 2437 enim
3930 2372 4339 2439 demonstrat

2385 2478 2678 2522 seorsum
2721 2456 2802 2522 ab
2849 2457 3190 2541 evangelio
3240 2458 3437 2523 locari
3484 2458 3654 2540 quod
3703 2458 3874 2523 Mosi
3919 2461 4337 2526 commissum

2385 2543 2544 2608 fuit:
2586 2544 2737 2626 quia
2779 2545 2982 2622 Deus,
3027 2544 3140 2627 qui
3188 2543 3428 2608 vindex
3488 2544 3794 2627 apparuit
3852 2546 3916 2608 in
3964 2545 4123 2628 lege,
4197 2568 4342 2612 sua·

2389 2629 2566 2694 viter
2610 2650 2729 2695 nos
2777 2628 2968 2696 hodie
3012 2650 3132 2712 pro
3178 2639 3457 2714 paterna
3491 2629 3907 2713 indulgentia
3940 2630 4021 2696 ad
4060 2632 4340 2697 salutem

2388 2717 2660 2793 invitat,
2718 2726 2784 2779 et
2834 2715 3127 2800 trepidas
3186 2717 3441 2781 animas
3486 2716 3883 2799 tranquillat,
3930 2716 4148 2782 oblata
4191 2739 4340 2801 pec-

2389 2812 2685 2867 catorum
2732 2803 2944 2868 venia.
3034 2802 3240 2867 Porro
3284 2801 3356 2866 in
3400 2803 3526 2867 hac
3571 2802 3949 2868 diversitate
3994 2803 4161 2868 nihil
4197 2824 4342 2869 esse

2390 2889 2791 2953 contrarium
2840 2888 3027 2954 docet
3083 2887 3359 2952 Paulus:
3430 2888 3583 2970 quia
3629 2889 3907 2970 populus
3959 2911 4039 2953 ne
4074 2888 4342 2955 aliunde

2390 2973 2689 3052 salutem,
2736 2994 2929 3057 quam
2977 2994 3059 3038 ex
3097 2973 3349 3038 Christi
3384 2975 3598 3058 gratia
3632 2984 3901 3056 peteret,
3951 2974 4095 3059 lege
4151 2975 4340 3041 edoc-

2390 3068 2501 3125 tus
2542 3060 2700 3138 fuit,
2761 3079 2836 3124 ac
2893 3058 3227 3125 convictus
3294 3058 3375 3124 de
3419 3058 3715 3126 horribili
3761 3059 4178 3126 damnat-ione
4236 3060 4341 3125 cui

2390 3147 2739 3211 obstrictus
2797 3159 2967 3222 erat,
3029 3156 3222 3229 atque
3282 3149 3374 3209 ita
3430 3154 3611 3210 metu
3669 3154 3934 3212 coactus
3979 3146 4061 3210 ad
4107 3147 4340 3230 implo-

2391 3231 2665 3297 randam
2714 3230 2839 3295 Dei
2887 3231 3414 3299 misericordiam.
3507 3232 3676 3296 Nam
3740 3239 3813 3296 ut
3855 3232 3981 3297 sibi
4036 3234 4104 3298 in
4150 3232 4342 3298 malis

2391 3318 2740 3401 indulgent
2821 3318 3153 3382 homines:
3245 3325 3500 3382 remota
3564 3318 3709 3401 lege
3789 3329 4127 3400 peccatum
4208 3340 4340 3384 non

2392 3406 2770 3487 imputatur,
2819 3414 2892 3468 ut
2936 3403 3090 3469 dicit
3136 3402 3388 3469 Paulus
3423 3400 3620 3489 (Rom
3667 3403 3728 3481 5,
3769 3401 3911 3490 13):
3956 3425 4187 3469 verum
4227 3404 4343 3489 qui

2390 3490 2512 3555 sibi
2558 3490 2628 3554 in
2671 3488 2959 3554 tenebris
3002 3490 3265 3572 placent
3312 3488 3483 3574 legis
3532 3488 3824 3555 doctrina
3867 3490 4225 3556 trahuntur
4259 3490 4342 3556 ad

2390 3577 2517 3642 Dei
2564 3574 2850 3640 tribunal
2909 3586 2983 3639 ut
3048 3585 3397 3658 conspecta
3439 3596 3560 3641 sua
3608 3576 3920 3641 foeditate
3978 3575 4339 3658 pudefiant.

2389 3663 2498 3727 Ita
2540 3661 2853 3744 impletur
2918 3660 3078 3726 illud
3126 3660 3355 3740 Pauli,
3417 3660 3622 3727 vitam
3667 3661 3835 3746 legis
3879 3683 4021 3727 esse
4063 3673 4342 3728 mortem

2393 3748 2736 3813 hominum
2804 3745 3025 3833 (Rom.
3075 3747 3132 3826 7,
3189 3745 3276 3833 9).
3366 3747 3560 3811 Nunc
3622 3757 3922 3812 tenemus
3989 3768 4107 3813 cur
4172 3749 4341 3834 legis

2393 3833 2831 3918 promulgatio
2900 3842 2996 3898 tot
3073 3834 3408 3899 miraculis
3474 3834 3729 3899 sancita
3793 3833 4019 3898 fuerit:
4106 3854 4343 3917 nempe

2393 3922 2545 4003 quia
2588 3922 2654 3983 in
2701 3940 2940 4003 genere
2984 3919 3158 4001 apud
3218 3919 3441 3984 tardos
3499 3932 3565 3984 et
3608 3919 3904 3995 hebetes,
3952 3920 4053 3984 vel
4117 3941 4342 4003 super-

2395 4008 2511 4071 bos
2554 4019 2622 4069 et
2666 4007 3146 4089 immorigeros,
3215 4005 3475 4071 coelesti
3536 4004 3870 4070 doctrinae
3936 4005 4345 4070 concilianda

2396 4090 2527 4157 fuit
2591 4093 2937 4156 autoritas:
3017 4090 3252 4156 deinde
3320 4091 3472 4173 quia
3538 4090 3914 4156 hominibus
3995 4090 4346 4156 blanditias

2397 4176 2851 4262 appetentibus
2911 4176 3015 4241 lex
3077 4178 3410 4260 proposita
3454 4175 3612 4259 fuit,
3671 4187 3980 4259 tanquam
4036 4176 4347 4243 maledic·

2399 4265 2595 4329 tionis
2639 4262 2993 4344 speculum,
3037 4274 3114 4328 ut
3155 4262 3243 4327 in·
3270 4283 3340 4327 ss
3384 4262 3642 4345 perditi,
3687 4262 3767 4325 ad
3815 4263 4044 4328 veniae
4086 4262 4342 4347 asylum

2396 4350 2842 4434 confugerent.
2954 4348 3139 4413 Haec
3203 4348 3481 4430 praefari
3546 4348 3710 4412 utile
3765 4348 3917 4425 fuit,
3990 4369 4156 4431 quae
4215 4348 4342 4416 lec·

2399 4447 2574 4501 tores
2619 4434 2701 4499 ad
2746 4448 2994 4499 rectum
3043 4433 3353 4500 historiae
3415 4454 3581 4517 quae
3639 4433 3747 4499 hic
3806 4431 4088 4498 traditur
4146 4435 4348 4500 finem

2401 4522 2781 4606 dirigerent.
2869 4520 3094 4585 Primo
3154 4528 3372 4584 autem
3430 4529 3654 4584 narrat
3706 4520 3913 4584 Moses
3980 4541 4109 4586 uno
4152 4520 4346 4586 itine-

2400 4609 2494 4674 ris
2548 4615 2760 4672 tractu
2809 4607 3117 4689 populum
3164 4606 3426 4670 venisse
3482 4627 3517 4670 e
3581 4605 3939 4688 Raphidim
3984 4606 4057 4670 in
4104 4616 4348 4672 terram

2402 4694 2610 4760 Sinai.
2725 4691 2837 4759 Sic
2916 4692 3087 4756 enim
3146 4690 3575 4774 interpretor,
3667 4692 3918 4756 nullam
3998 4692 4345 4757 stationem

2400 4779 2602 4845 fuisse
2667 4778 3154 4862 interpositam:
3236 4779 3389 4860 quia
3452 4777 3718 4843 videtur
3796 4785 4093 4843 coactum
4172 4779 4346 4859 quod

2404 4866 2575 4932 diem
2621 4865 2842 4948 ipsum
2890 4864 3217 4947 accipiunt
3251 4862 3516 4946 quidam
3562 4863 3953 4947 interpretes
3998 4884 4114 4945 pro
4157 4863 4348 4929 initio

2400 4973 2665 5018 mensis.

2573 5038 2634 5104 3.
2682 5036 2896 5104 Moses
2936 5041 3141 5103 autem
3183 5036 3478 5103 ascendit.
3567 5034 3945 5100 Verisimile
3978 5044 4078 5099 est
4112 5034 4346 5100 Mosen

2403 5146 2730 5191 secessum
2792 5143 2874 5188 ex
2932 5144 3118 5189 more
3174 5124 3532 5208 quaesiisse
3573 5132 3650 5185 ut
3695 5121 3910 5186 Deum
3955 5119 4344 5185 consuleret.

2404 5211 2734 5294 Loquitur
2774 5210 2949 5275 enim
2995 5231 3130 5274 non
3172 5210 3358 5293 quasi
3412 5206 3495 5274 de
3549 5228 3621 5272 re
3676 5227 3849 5272 nova
3901 5213 4018 5269 aut
4059 5204 4346 5290 insolita,

2404 5296 2521 5361 sed
2576 5296 2658 5361 de
2715 5318 2839 5361 usu
2884 5296 3067 5379 prius
3131 5294 3501 5361 observato:
3558 5291 3712 5376 quia
3768 5311 4088 5373 nusquam
4148 5288 4346 5357 aude-

2401 5382 2519 5448 bat
2561 5382 2935 5460 consistere,
2985 5381 3087 5447 vel
3132 5380 3258 5447 alio
3302 5379 3638 5465 progredi,
3697 5377 3821 5443 nisi
3864 5384 4190 5460 quatenus
4233 5398 4348 5443 ore
