4867 6150
576 411 707 479 243

581 598 756 685 quod
779 597 862 665 ad
896 598 1320 681 praecipuum
1355 596 1717 681 sapientiae
1752 604 1947 679 caput
1980 603 2246 678 spectat,
2284 614 2520 660 sensus

582 707 809 753 omnes
865 685 1071 750 nostri
1128 684 1381 750 iaceant
1435 682 1721 748 inutiles.
1808 681 1890 746 In
1938 692 2212 746 naturae
2257 678 2517 763 quidem

582 770 998 855 corruptione
1062 770 1177 835 lux
1242 769 1458 835 adhuc
1522 768 1591 833 in
1658 767 1945 833 tenebris
2009 766 2209 846 lucet,
2290 785 2518 832 verum

581 877 748 941 quae
792 878 946 922 mox
1004 853 1492 921 obtenebrescit.
1580 853 1811 936 Itaque
1868 861 2007 917 tota
2063 851 2520 936 intelligentia,

583 950 651 1009 et
693 942 964 1009 rationis
1006 941 1297 1020 facultas,
1333 941 1403 1005 in
1438 960 1568 1024 qua
1603 938 1726 1006 sibi
1760 938 2022 1022 placent
2055 947 2123 1004 et
2156 937 2524 1023 gloriantur

582 1028 902 1105 homines,
947 1049 1126 1093 mera
1168 1036 1269 1092 est
1311 1026 1537 1110 caligo,
1583 1024 1690 1092 vel
1727 1025 1968 1090 fumus.
2035 1022 2192 1088 Ideo
2236 1044 2367 1088 non
2404 1021 2522 1087 abs

582 1136 655 1181 rc
690 1113 979 1198 postulat
1002 1110 1219 1179 David
1255 1110 1457 1199 (Psal.
1499 1111 1599 1191 19,
1648 1110 1729 1176 13
1763 1121 1831 1177 et
1868 1110 1967 1190 18,
2012 1108 2124 1197 24)
2158 1109 2523 1175 illuminari

581 1199 707 1267 sibi
741 1199 975 1278 oculos,
1017 1206 1092 1264 ut
1125 1197 1493 1265 consideret
1526 1217 1766 1263 arcana
1808 1196 1970 1282 legis
1996 1194 2060 1283 ¹).
2129 1195 2520 1278 Quanquam

581 1286 854 1352 minime
913 1305 1031 1351 nos
1074 1307 1114 1351 a
1154 1284 1347 1368 culpa
1402 1283 1635 1348 eximit
1690 1283 1797 1347 hic
1847 1281 2168 1349 defectus:
2228 1281 2380 1364 qnia
2423 1279 2526 1367 (ut

581 1369 820 1458 inquit)
865 1371 1032 1435 nulli
1075 1371 1343 1453 sapiunt
1384 1370 1512 1435 nisi
1556 1369 1793 1452 quibus
1837 1368 2060 1433 datum
2107 1380 2209 1432 est
2252 1388 2291 1432 a
2335 1378 2523 1449 patre

578 1458 925 1536 luminum,
960 1458 1221 1540 proprio
1257 1465 1478 1520 tamen
1516 1454 1674 1519 vitio
1712 1453 2082 1537 desipimus.
2129 1453 2219 1518 Et
2258 1451 2524 1535 propria

580 1542 976 1610 conscientia
1010 1543 1279 1625 quisque
1313 1542 1471 1607 satis
1505 1561 1829 1624 superque
1864 1540 2184 1624 arguitur,
2219 1538 2523 1621 superbia

580 1640 646 1695 et
690 1640 951 1710 torpore
993 1626 1380 1710 implicitam
1426 1646 1568 1692 csse
1608 1627 2072 1710 ignorantiam,
2125 1646 2200 1691 ac
2247 1622 2521 1708 proinde

577 1713 1025 1781 voluntariam
1082 1733 1242 1779 esse.
1329 1712 1586 1778 Nomen
1632 1711 1845 1785 cordis
1888 1710 2010 1776 hoc
2051 1711 2189 1777 loco
2233 1731 2365 1775 non
2399 1729 2521 1792 pro

579 1800 734 1866 sede
770 1800 1118 1865 affectuum
1153 1799 1428 1881 capitur,
1465 1796 1580 1863 sed
1615 1818 1734 1880 pro
1769 1805 1989 1863 mente
2022 1797 2181 1880 ipsa,
2219 1816 2386 1880 quae
2421 1803 2524 1860 est

578 1885 985 1952 intellectiva
1028 1887 1284 1950 animae
1327 1884 1622 1951 facultas.

751 1970 813 2036 5.
848 1967 940 2035 Ec
970 1970 1364 2039 deduximos.
1423 1967 1782 2036 Descendit
1815 1968 1897 2033 ad
1934 1966 2247 2033 beneficia
2282 1965 2519 2049 quibus

579 2056 892 2141 populum
936 2076 1130 2122 suum
1175 2055 1485 2122 continuo
1528 2054 1960 2138 quadraginta
2003 2071 2327 2118 annorum
2370 2072 2521 2135 pro-

579 2163 808 2227 gressu
865 2150 1304 2226 prosequutus
1366 2149 1483 2206 est.
1574 2140 1799 2223 Neque
1858 2147 2078 2203 tamen
2139 2136 2359 2202 omnia
2416 2157 2520 2200 re·

579 2236 833 2306 censet,
878 2227 1106 2311 paucis
1147 2236 1213 2293 et
1257 2224 1518 2309 quidem
1563 2226 1851 2291 maxime
1894 2224 2260 2308 insignibus
2305 2242 2523 2287 exem·

579 2312 707 2397 plis
751 2321 1130 2380 contentus:
1190 2311 1358 2394 quod
1417 2319 1739 2377 vetustate
1786 2332 1918 2376 non
1963 2309 2208 2375 fuerint
2255 2308 2521 2373 attritae

581 2419 807 2465 eorum
843 2410 1083 2473 vestes,
1127 2405 1193 2462 et
1230 2397 1546 2462 divinitus
1580 2397 1754 2481 pasti
1790 2396 2055 2473 fuerint,
2098 2415 2298 2478 quum
2337 2392 2521 2458 nulla

581 2506 664 2550 ex
709 2492 922 2549 terrae
964 2491 1284 2567 proventu
1319 2484 1633 2548 alimenta
1666 2489 2105 2566 suppeterent.
2172 2480 2299 2544 His
2336 2481 2521 2544 testi-

579 2570 817 2636 moniis
857 2570 1246 2653 patefactam
1293 2569 1495 2634 fuisse
1539 2569 1665 2634 Dei
1717 2569 1991 2653 gloriam
2050 2565 2386 2645 admonet,
2448 2573 2520 2630 ut

579 2676 651 2722 se
693 2655 834 2722 eius
875 2655 1147 2738 imperio
1190 2653 1601 2720 subiicerent.

752 2741 809 2806 7.
870 2739 1110 2807 Venisti
1148 2740 1411 2805 tandem.
1503 2740 1728 2806 Tertia
1770 2739 2036 2822 species,
2079 2733 2252 2821 quod
2295 2735 2520 2801 hostes

578 2826 690 2909 qui
730 2826 927 2910 primi
983 2826 1064 2891 ad
1120 2824 1609 2908 impediendum
1661 2825 2018 2890 transitum
2080 2830 2516 2899 occurrerant,

578 2913 760 2979 Deus
805 2911 1266 2996 profligaverit,
1314 2918 1511 2994 atque
1553 2912 1646 2977 ita
1687 2912 1817 2976 iam
1857 2911 1930 2975 in
1973 2910 2254 2975 statione
2297 2907 2519 2990 quieta

577 2996 789 3064 locare
831 2999 1005 3083 ipsos
1050 2997 1353 3081 coeperit.
1443 2996 1611 3062 Nam
1670 2996 1842 3082 quod
1903 2996 2035 3061 illic
2094 2993 2259 3059 duae
2303 2992 2517 3058 tribus

576 3094 643 3151 et
699 3084 970 3150 dimidia
1022 3081 1421 3149 domicilium
1480 3084 1845 3168 elegerant,
1912 3083 2097 3166 quasi
2141 3082 2214 3145 in
2255 3079 2518 3162 speculo

575 3191 843 3239 cernere
900 3170 1135 3237 licebat
1187 3177 1486 3254 paratam
1541 3191 1682 3235 esse
1738 3169 2114 3234 fruitionem
2161 3166 2517 3250 promissae

573 3263 811 3322 terrae.
878 3256 1056 3322 Hinc
1099 3275 1255 3338 ergo
1299 3255 1548 3340 colligit
1581 3256 1820 3333 Moses,
1866 3254 2208 3321 obstrictos
2252 3273 2392 3317 esse
2432 3249 2517 3315 ad

577 3340 971 3408 servandam
1013 3342 1075 3406 le
1124 3362 1259 3420 em,
1319 3350 1385 3406 et
1441 3341 1523 3406 ad
1568 3340 2039 3426 gratitudinem
2081 3337 2263 3403 fideli
2306 3337 2516 3401 since-

578 3448 778 3510 roque
840 3427 1148 3511 obsequio
1205 3427 1662 3509 praestandam
1721 3425 2040 3492 hortatur.
2130 3425 2312 3508 Ergo
2366 3423 2519 3488 finis

579 3512 980 3578 narrationis
1023 3520 1147 3592 est,
1193 3520 1272 3577 ut
1314 3511 1646 3578 doctrinae
1690 3532 1846 3578 suae
1889 3510 2319 3578 reverentiam
2365 3529 2517 3575 con-

578 3598 786 3667 ciliet:
852 3598 1007 3681 quia
1072 3595 1347 3664 verbum
1407 3581 1544 3665 ’πω
1607 3599 1678 3664 in
1743 3598 1979 3681 Hiphil
2047 3607 2180 3661 tam
2242 3593 2521 3660 feliciter

578 3705 773 3767 quam
820 3684 1181 3767 prudenter
1225 3705 1418 3767 agere
1460 3684 1805 3768 significat.
1894 3685 2255 3765 Utramque
2297 3680 2521 3746 lectio·

578 3791 734 3835 nem
775 3771 992 3851 posui,
1037 3790 1236 3854 quum
1282 3769 1524 3851 optime
1566 3771 1914 3836 conveniat
1956 3781 2225 3852 uterque
2267 3787 2521 3832 sensus.

579 3856 818 3921 Visum
862 3855 1038 3921 enim
1081 3854 1211 3921 fuit
1253 3855 1462 3937 capite
1498 3855 1544 3920 4
1585 3855 1756 3922 hanc
1798 3857 1936 3922 fore
1981 3856 2239 3921 unicam
2283 3853 2524 3937 populo

580 3941 1006 4025 sapientiam,
1064 3941 1119 4008 si
1175 3940 1436 4007 obediat
1491 3939 1622 4006 Dei
1679 3941 1962 4009 statutis.
2060 3941 2199 4006 Nec
2258 3936 2524 4005 aliunde

579 4026 907 4111 speranda
952 4037 1052 4093 est
1094 4025 1493 4111 prosperitas
1538 4047 1734 4110 quam
1770 4048 1854 4092 ex
1894 4028 2021 4093 Dei
2057 4023 2525 4101 benedictione,

625 4133 747 4179 nae
790 4114 1033 4198 passim
1077 4111 1403 4179 Israelitis
1445 4113 1879 4198 promittitur,
1938 4114 1994 4180 si
2050 4112 2265 4196 legem
2307 4119 2524 4179 custo-

624 4199 783 4266 iant.

1217 4536 1349 4602 EX
1391 4535 1662 4604 DEUT.
1708 4535 1901 4603 VIII.

758 4707 816 4772 7.
869 4707 1036 4789 Quia
1056 4706 1288 4773 lehova
1308 4707 1488 4775 Deus
1518 4713 1666 4774 titus
1705 4708 2042 4775 inaodueit
2082 4712 2141 4774 te
2177 4709 2250 4772 in
2292 4712 2525 4773 terram

583 4794 828 4872 bonam,
875 4797 1110 4858 terram
1141 4794 1250 4859 ubi
1283 4798 1590 4875 torrentes,
1625 4815 1938 4878 aquarum
1968 4795 2185 4877 fontes,
2222 4798 2279 4859 et
2310 4793 2527 4878 abyssi

582 4884 975 4960 erumpentes
1004 4900 1130 4960 per
1169 4878 1365 4945 valles
1407 4885 1465 4945 et
1501 4879 1695 4947 eolles.
1783 4881 1842 4948 8.
1896 4881 2159 4947 Terram
2204 4880 2524 4963 frumenti,

583 4971 642 5032 et
684 4964 925 5044 hordei,
981 4964 1132 5030 vitis
1172 4970 1229 5030 et
1264 4965 1455 5046 fieus,
1499 4970 1555 5030 et
1593 4965 2037 5051 maloyranati:
2087 4971 2320 5032 terram
2361 4966 2528 5032 oleae

582 5051 937 5134 oliviferae,
984 5055 1043 5115 et
1080 5051 1301 5117 mellis.
1392 5051 1453 5117 9.
1517 5052 1781 5118 Terram
1819 5053 1891 5118 in
1930 5072 2055 5135 qua
2095 5073 2219 5118 nou
2259 5052 2529 5118 comedes

572 5157 805 5221 panem
839 5137 910 5202 in
940 5137 1241 5219 penuria,
1284 5157 1394 5203 uec
1427 5137 1566 5204 ulla
1597 5157 1666 5202 re
1698 5138 2037 5223 indiyebis:
2078 5143 2311 5205 terram
2344 5139 2528 5204 cuites

756 5324 815 5396 1)
853 5325 926 5381 Iu
961 5323 1206 5380 Psalmis
1239 5324 1538 5395 adm-aptis
1571 5325 1704 5382 haec
1738 5341 1849 5381 uon
1889 5326 2154 5396 haumar.
2211 5326 2358 5398 (119,
2393 5326 2463 5382 18
2472 5325 2525 5396 2)

2038 353 2575 473 PRAEr’A'mo
2618 406 2719 473 IN
2763 406 3112 474 LEGEM.

4430 405 4538 471 244

2623 596 2871 675 lapides
2911 600 3060 662 sunt
3100 595 3362 677 ferrum,
3409 598 3467 659 et
3507 612 3540 659 e
3580 593 3762 659 ouius
3802 591 4108 658 montibus
4149 591 4392 672 effodies
4428 613 4535 660 aes.

2626 681 2727 748 10.
2800 681 3088 748 Comedes
3140 682 3363 764 ἐρίων,
3422 683 3480 745 et
3535 678 3896 744 satiaberis:
3951 683 4006 743 et
4058 682 4201 743 tune
4257 677 4538 745 benedices

2623 767 2887 835 Iehovae
2928 767 3064 835 Deo
3107 772 3210 833 tuo
3252 768 3326 833 in
3365 771 3534 831 terra
3570 764 3689 831 illa
3730 784 3923 847 quam
3962 764 4134 830 dedit
4174 762 4304 828 tibi.

2708 1106 3209 1175 REPE'I'ITIO
3252 1107 3676 1262 EIIIJJSIRJQPM
3686 1104 4305 1261 XSIENTENTIAE
4347 1104 4472 1171 EX

2798 1367 2898 1432 10.
2963 1366 3161 1431 Terra
3203 1367 3370 1431 enim
3407 1386 3598 1448 quam
3640 1371 3710 1431 tu
3748 1365 4094 1449 iayrederis
4134 1367 4202 1428 ut
4231 1362 4549 1443 possideas

2622 1472 2779 1533 eam,
2820 1472 2945 1518 non
2989 1456 3080 1519 est
3120 1452 3279 1517 siout
3310 1455 3479 1517 terra
3500 1453 3788 1535 Aegypti,
3833 1472 3911 1516 ex
3952 1471 4079 1532 qua
4120 1450 4354 1533 eyressi
4393 1450 4544 1523 estis,

2622 1539 2694 1603 iu
2734 1558 2861 1619 qua
2902 1537 3258 1604 seminabas
3299 1558 3501 1602 semen
3543 1542 3748 1616 tuum,
3792 1541 3849 1603 et
3890 1537 4209 1620 irriyabas
4240 1535 4404 1616 pede
4442 1538 4549 1612 tuo,

2623 1628 2694 1689 ut
2734 1623 2978 1690 hortum
3018 1623 3220 1689 oleris.
3312 1623 3414 1688 11.
3475 1625 3567 1689 At
3607 1629 3777 1689 terra
3819 1623 3906 1688 ad
3945 1641 4138 1705 quam
4179 1642 4287 1686 vos
4327 1620 4549 1684 transi-

2623 1709 2772 1774 bitis
2805 1713 2874 1774 ut
2903 1709 3284 1791 possideatis
3318 1730 3474 1789 eam,
3516 1714 3688 1774 terra
3719 1709 4022 1774 montium
4056 1713 4114 1771 et
4147 1706 4414 1773 vallium
4445 1709 4551 1770 est:

2620 1796 2697 1861 de
2749 1794 2978 1878 pluvia
3036 1794 3186 1860 coeli
3238 1794 3402 1860 bibes
3458 1815 3711 1877 aquam.
3817 1795 3916 1860 12.
3975 1794 4098 1859 Est
4150 1798 4320 1858 terra
4375 1810 4552 1874 quam

2623 1879 2856 1945 Iehova
2890 1880 3072 1947 Deus
3112 1886 3261 1946 tuus
3300 1882 3603 1962 reqairit:
3646 1901 3890 1962 semper
3921 1884 4070 1945 sunt
4104 1879 4270 1944 oculi
4304 1877 4553 1942 Iehovae

2625 1965 2888 2064 Dei-tui
2928 1967 2998 2031 in
3041 1986 3133 2047 ea,
3176 1987 3221 2032 a
3248 1967 3572 2048 principio
3613 1967 3772 2032 anni
3824 1986 4023 2048 usque
4078 1966 4165 2032 ad
4226 1970 4555 2029 extremam

2623 2071 2796 2117 anm.

3299 2394 3430 2460 EX
3473 2392 3743 2461 DEU'P.
3787 2391 3908 2458 VI.

2796 2563 2853 2629 1.
2900 2563 3087 2630 Istud
3127 2569 3332 2631 autem
3374 2571 3463 2631 est
3493 2569 3906 2648 praeceptum,
3949 2566 4182 2629 statuta
4223 2566 4280 2627 et
4321 2561 4560 2628 iudicia

2620 2668 2780 2730 quae
2809 2651 3133 2734 praecepit
3175 2651 3405 2717 Iehova
3440 2650 3621 2718 Deus
3660 2656 3857 2717 vester
3896 2655 3967 2715 ut
4006 2649 4284 2714 docerem
4327 2667 4456 2723 vos,
4495 2649 4560 2710 ut

2618 2736 2878 2817 faciatis
2922 2736 3039 2802 illa
3080 2738 3152 2801 in
3194 2743 3367 2803 terra
3408 2737 3494 2802 ad
3536 2757 3728 2819 quam
3768 2756 3875 2801 vos
3917 2735 4209 2801 transitis
4252 2738 4327 2798 ut
4357 2732 4561 2815 possi·

2619 2821 2854 2887 deatis:
2918 2821 2976 2887 2.
3029 2820 3108 2889 Ut
3137 2824 3361 2888 timeas
3384 2822 3680 2888 Iehovam
3699 2822 3909 2887 Deum
3942 2827 4134 2897 tuum,
4168 2818 4561 2886 eustodiendo

2620 2908 2830 2972 omnia
2849 2911 3082 2973 statuta
3104 2909 3245 2974 eius
3266 2914 3323 2973 et
3343 2914 3681 2990 praecepta
3715 2910 3871 2986 eius,
3907 2927 4069 2988 quae
4101 2926 4207 2989 eqo
4236 2903 4564 2988 praecipio

2622 2992 2752 3071 tibi,
2794 2997 2863 3057 tu
2897 2998 2953 3058 et
2989 2993 3170 3075 filius
3209 3000 3375 3075 tua-3,
3410 2999 3468 3060 et
3504 2994 3685 3076 filius
3714 2994 3840 3070 lilii
3870 2994 3985 3074 tui,
4028 2991 4319 3057 omnibus
4351 2990 4564 3069 diebus

2621 3079 2784 3144 vitae
2834 3084 3007 3146 tuae.-
3062 3086 3118 3146 et
3170 3085 3239 3146 ut
3282 3080 3729 3165 prolongentur
3779 3081 3918 3146 dies
3973 3080 4087 3145 tui.
4185 3078 4247 3143 3.
4307 3077 4567 3143 Audias

2621 3185 2763 3249 erqo
2801 3184 2836 3229 o
2881 3164 3118 3246 Israel,
3163 3174 3217 3231 et
3258 3169 3572 3233 custodias
3612 3172 3684 3232 ut
3720 3167 3955 3249 facias,
4006 3169 4076 3229 ut
4117 3165 4263 3230 bene
4306 3163 4427 3229 tibi
4466 3162 4565 3240 sit,

2619 3256 2804 3331 utque
2821 3251 3323 3334 multiplicemini
3356 3254 3552 3330 valde,
3590 3252 4110 3335 quemadmodum
4144 3252 4318 3316 dixit
4340 3249 4571 3316 Iehova

2618 3335 2800 3488 Delties
2830 3343 3092 3420 patrum
3134 3343 3387 3404 tuorum
3427 3340 3541 3404 tibi
3582 3341 3654 3405 ia
3695 3344 3886 3417 terra,
3930 3357 4090 3421 quae
4123 3336 4272 3417 fluit
4316 3336 4479 3402 laete
4516 3336 4568 3398 et

2618 3442 2716 3487 me
2800 3472 2814 3487 .

3295 3766 3428 3832 EX
3471 3765 3738 3833 DEU'I'.
3787 3767 3905 3833 VI.

2798 3936 2898 4001 17.
2947 3935 3357 4004 Custodieudo
3389 3938 3743 4006 custodietis
3764 3942 4097 4021 praecepta
4121 3936 4415 4017 lehovae,
4454 3932 4578 3999 Dei

2623 4024 2829 4101 vestri,
2873 4027 2928 4087 et
2963 4023 3309 4089 testimonia
3342 4024 3496 4104 eius,
3532 4031 3590 4090 et
3620 4030 3853 4091 statuta
3886 4025 4022 4090 eius
4055 4044 4216 4107 quae
4247 4022 4582 4105 praecepit

2625 4106 2759 4173 tibi.
2866 4109 2967 4174 18.
3026 4108 3372 4191 Faciesque
3433 4112 3599 4193 quod
3659 4116 3889 4178 rectum
3951 4115 4009 4175 et
4070 4108 4297 4174 bonum
4361 4113 4455 4173 est
4510 4106 4579 4169 in

2626 4194 2821 4261 oculis
2865 4194 3128 4260 Iehovae
3141 4245 3158 4275 ,
3200 4201 3273 4262 ut
3314 4195 3458 4263 bene
3498 4197 3583 4262 sit
3624 4196 3739 4262 tibi
3753 4248 3769 4275 ,
3828 4202 3884 4261 et
3937 4195 4326 4279 iuqrediaris
4360 4192 4579 4275 possi-

2625 4281 2895 4362 deasque
2935 4284 3169 4345 terram
3210 4281 3448 4361 bonam,
3490 4302 3681 4363 quam
3722 4284 3962 4348 iuravit
4005 4281 4231 4346 Iehova
4274 4278 4580 4363 patribus

2626 4366 2773 4431 tuis.
2865 4365 2965 4430 19.
3041 4366 3121 4432 Ut
3171 4366 3436 4449 capellas
3476 4388 3683 4435 omnes
3720 4368 3923 4435 hostes
3963 4374 4103 4433 tuos
4143 4387 4186 4431 a
4227 4367 4407 4449 facie
4449 4370 4578 4439 tua,

2625 4452 2788 4517 sieut
2827 4451 3118 4533 loquutus
3159 4458 3252 4519 est
3292 4452 3541 4520 Iehova.

2796 4622 2994 4688 Deut.
3055 4623 3116 4702 8,
3172 4624 3231 4690 7.
3306 4624 3472 4706 Quia
3514 4625 3765 4692 Iehova.
3852 4624 4093 4691 Brevis
4148 4643 4423 4689 summa
4478 4627 4579 4685 est

2624 4707 2977 4776 verborum
3014 4724 3081 4776 et
3114 4712 3229 4776 rei.
3292 4710 3788 4777 Habitationem
3830 4712 4059 4795 opibus
4102 4717 4171 4775 et
4210 4706 4580 4775 commodis

2626 4794 2927 4862 omnibus
2973 4796 3277 4862 refertam
3322 4797 3457 4862 fere
3500 4807 3655 4862 ante
3695 4798 3918 4864 oculos
3959 4796 4091 4862 illis
4126 4795 4464 4880 proponit,
4503 4802 4579 4858 ut

2623 4881 2761 4947 illic
2804 4879 3084 4948 alacrius
3126 4882 3344 4948 Deum
3386 4882 3639 4962 colant,
3689 4892 3757 4948 et
3799 4882 4201 4969 gratitudine
4243 4902 4371 4946 sua
4418 4901 4577 4964 pen·

2624 4989 2771 5035 sare
2828 4965 3138 5032 studeant
3200 4976 3337 5033 tam
3404 4968 3736 5054 singulare
3801 4969 4207 5035 beneficium.
4312 4965 4578 5033 Octavo

2624 5052 2838 5138 capite
2899 5052 3258 5119 bonitatem
3318 5062 3535 5121 terrae
3588 5056 4033 5135 commendat,
4087 5053 4255 5139 quod
4315 5054 4579 5138 irrigua

2625 5140 2744 5220 sit,
2801 5156 2878 5204 ac
2919 5159 3038 5221 per
3078 5160 3224 5205 eam
3267 5140 3480 5206 fluant
3522 5162 3726 5224 aquae
3768 5162 3888 5225 per
3931 5141 4134 5208 valles
4178 5149 4242 5204 et
4284 5155 4575 5213 montes,

2626 5224 2861 5291 deinde
2903 5224 3075 5307 quod
3117 5246 3311 5291 omne
3352 5248 3562 5311 genus
3605 5228 3936 5294 fructuum
3977 5225 4297 5311 producat
4332 5226 4453 5309 qui
4491 5221 4575 5289 ad

2626 5312 2940 5376 alimenta
3001 5312 3361 5379 sufficiant:
3428 5333 3640 5398 neque
3704 5313 3773 5379 id
3832 5313 4056 5394 modo,
4121 5312 4235 5378 scd
4302 5311 4574 5378 fodinas
