4867 6150
542 436 673 504 515

545 625 724 690 buret
757 646 898 691 eum
930 646 1123 707 super
1154 625 1326 709 liqna
1361 624 1527 708 iqni:
1570 625 1640 688 in
1683 624 1807 691 loco
1848 624 2107 706 inquam
2149 624 2260 690 ubi
2302 624 2498 707 effun-

547 712 728 778 ditur
785 713 948 776 cinis
964 763 979 793 ,
1036 712 1434 777 comburetur.
1529 710 1626 775 13.
1682 710 1859 791 Quod
1913 712 1974 775 si
2015 715 2141 776 tota
2183 731 2500 794 synaqoqa

552 797 766 862 Israel
821 799 1157 877 erraverit,
1214 802 1268 862 et
1311 797 1560 862 latuerit
1602 817 1703 861 res
1741 798 1814 861 in
1857 796 2050 863 oculis
2090 799 2500 881 conqreqatio-

547 884 654 948 nis
670 932 685 961 ,
737 888 795 948 et
844 883 1056 965 fecerit
1112 903 1309 948 unum
1365 882 1444 946 ab
1502 882 1787 947 omnibus
1833 884 2193 966 praeceptis
2236 882 2500 948 Iehovae

549 989 715 1051 quae
770 989 894 1034 non
951 974 1099 1034 sunt
1148 968 1475 1050 facienda,
1532 974 1587 1032 et
1644 968 2002 1049 deliquerit:
2098 968 2198 1034 14.
2263 969 2498 1033 Notum

549 1059 759 1121 autem
811 1056 1008 1139 fuerit
1048 1060 1370 1134 peccatum
1422 1056 1584 1135 quod
1614 1060 2053 1136 peccaverunt:
2106 1061 2250 1119 tunc
2291 1056 2501 1136 offeret

548 1142 933 1223 conqreqatio
985 1142 1309 1205 iuvencum
1357 1141 1569 1222 filium
1620 1139 1789 1205 bovis
1845 1141 1913 1204 in
1956 1141 2341 1221 sacrificium
2371 1159 2497 1222 pro

801 1276 816 1303 ,
876 1226 1252 1308 adducetque
1303 1227 1486 1291 illum
1542 1231 1683 1290 ante
1739 1224 2206 1292 tabernaculum
2248 1245 2497 1292 conven-

551 1312 761 1377 tionis.
847 1311 945 1378 15.
978 1312 1333 1394 Poncntque
1373 1312 1643 1377 seniores
1683 1331 2031 1395 synaqoqae
2072 1332 2300 1377 manus
2341 1331 2498 1377 suas

548 1417 746 1479 super
801 1403 989 1479 caput
1031 1399 1275 1462 iuvenci
1316 1417 1524 1462 coram
1568 1396 1828 1462 Iehova:
1882 1403 2026 1462 tunc
2065 1398 2357 1464 mactabit
2395 1399 2496 1461 iu-

547 1502 804 1549 vencum
845 1504 1052 1548 coram
1096 1484 1342 1548 Iehova.
1413 1483 1511 1548 16.
1561 1481 1909 1566 Inferetque
1949 1486 2236 1550 sacerdos
2271 1488 2496 1549 unctus

549 1570 628 1633 de
704 1570 1012 1653 sanquine
1090 1571 1339 1635 iuvenci
1399 1570 1469 1634 im
1534 1569 1998 1635 tabernaculum
2060 1570 2491 1636 conventionis.

553 1656 655 1720 17.
714 1655 802 1720 Et
843 1656 1101 1739 intinqet
1139 1655 1428 1721 sacerdos
1468 1655 1736 1738 diqitum
1791 1674 1980 1721 suum
2033 1657 2105 1721 in
2159 1656 2298 1738 ipso
2349 1675 2495 1721 san-

545 1743 770 1893 {35:³2
829 1760 948 1892 “1⁸3
950 1740 2324 1911 Ἥρέἕηξῑξῗῇωψᾞῇαῐᾞέῇῗὲ
2353 1747 2496 1893 ῗ-Ζῗ

551 1934 684 1978 nua
726 1913 980 1991 altaris,
1037 1913 1199 1993 quod
1233 1917 1322 1977 est
1361 1933 1570 1978 coram
1615 1911 1858 1990 Iehova,
1904 1913 2067 1995 quod
2101 1918 2191 1979 est
2232 1916 2493 1996 inquam

550 2000 624 2064 in
665 1999 1057 2064 tabernaculo
1098 1999 1521 2076 conventionis,
1561 1997 1852 2080 posthaec
1893 2004 2082 2065 totum
2122 2000 2493 2082 sanquinem

550 2085 864 2167 reliquum
898 2085 1163 2166 effundet
1205 2084 1290 2149 ad
1330 2085 1511 2149 basin
1553 2084 1781 2149 altaris
1821 2085 2159 2150 holocausti
2200 2086 2363 2168 quod
2404 2089 2495 2150 est

552 2171 642 2237 ad
683 2172 911 2236 ostium
953 2170 1335 2235 tabernaculi
1376 2171 1805 2236 conventionis.
1876 2170 1974 2235 19.
2027 2170 2249 2236 Totum
2285 2175 2494 2236 autem

551 2257 801 2337 adipem
865 2257 1002 2321 eius
1067 2256 1228 2322 tollet
1292 2255 1368 2322 ab
1431 2276 1497 2321 eo
1515 2303 1530 2330 ,
1596 2260 1652 2321 et
1706 2256 1969 2322 adolebit
2022 2277 2214 2337 super
2268 2257 2491 2323 altare.

551 2343 656 2408 20.
721 2341 988 2408 Iuvenco
1045 2362 1184 2407 vero
1235 2341 1425 2423 faciet
1482 2342 1999 2423 quemadmodum
2052 2344 2199 2424 fecit
2239 2345 2494 2408 iuvenco

544 2429 740 2495 oblato
762 2447 890 2510 pro
913 2432 1184 2507 peccato,
1231 2428 1324 2493 sic
1350 2429 1541 2509 faciet
1582 2429 1674 2492 ei:
1716 2434 1900 2509 atque
1941 2429 2033 2493 ita
2076 2428 2352 2510 expiabit
2393 2448 2494 2494 eos

544 2514 856 2593 sacerdos,
902 2516 958 2575 et
997 2513 1337 2578 remittetur
1378 2514 1486 2578 eis.
1552 2514 1657 2579 21.
1700 2513 1944 2578 Deinde
1985 2515 2308 2579 iuvencum
2350 2515 2496 2579 edu-

544 2606 633 2666 cet
666 2605 843 2665 extra
877 2605 1103 2675 castra,
1149 2604 1205 2663 et
1245 2599 1549 2664 comburet
1590 2619 1730 2665 eum
1771 2600 2288 2682 quemadmodum
2329 2620 2491 2666 com·

550 2686 752 2751 bussit
804 2686 1126 2750 iuvencum
1169 2685 1487 2766 priorem:
1537 2684 1762 2751 oblatio
1794 2706 1919 2766 pro
1957 2692 2202 2770 peccato
2244 2706 2490 2769 conqre-

538 2771 815 2855 qationis
872 2776 976 2835 est.
1088 2770 1191 2835 22.
1259 2769 1333 2834 Si
1384 2771 1683 2852 princeps
1733 2772 2102 2852 peccaverit,
2165 2772 2493 2854 feceritque

545 2877 741 2922 unum
797 2855 875 2922 ab
931 2857 1215 2921 omnibus
1257 2857 1612 2937 praeceptis
1671 2857 1932 2923 Iehovae
1985 2856 2115 2923 Dei
2169 2859 2276 2922 sui
2331 2878 2492 2940 quae

538 2964 662 3008 non
719 2946 866 3007 sunt
918 2943 1246 3025 facienda,
1303 2945 1359 3006 et
1399 2942 1471 3007 id
1510 2942 1729 3023 fecerit
1755 2965 1880 3024 per
1921 2963 2208 3021 errorem,
2247 2948 2303 3008 et
2342 2942 2494 3009 deli-

543 3028 773 3113 querit:
825 3028 929 3094 23.
980 3027 1055 3093 Si
1093 3029 1432 3094 innotuerit
1471 3030 1530 3094 ei
1563 3034 1888 3111 peccatum
1928 3049 2117 3095 suum
2156 3030 2319 3112 quod
2349 3049 2493 3111 pec-

544 3118 735 3181 cavit:
791 3120 934 3179 tunc
985 3115 1190 3196 offeret
1239 3115 1599 3179 oblationem
1639 3135 1824 3181 suam
1866 3115 2105 3181 hircum
2147 3136 2493 3199 caprarum

548 3201 899 3272 masculum
942 3201 1429 3265 immaculatum.
1498 3200 1599 3265 24.
1652 3200 1965 3283 Ponetque
2005 3221 2266 3267 manum
2307 3222 2495 3267 suam

547 3308 739 3371 super
795 3291 980 3368 caput
1034 3286 1225 3360 hirci,
1294 3291 1347 3349 et
1403 3287 1696 3352 mactabit
1750 3307 1890 3353 eum
1943 3288 2011 3352 in
2067 3288 2194 3353 loco
2248 3288 2320 3353 in
2373 3308 2494 3369 quo

549 3374 816 3440 mactari
865 3371 1014 3437 solet
1063 3371 1481 3437 holocaustum
1538 3393 1743 3438 coram
1788 3372 2049 3438 Iehova:
2105 3373 2326 3439 oblatio
2370 3393 2497 3456 pro

541 3463 788 3543 peceato
838 3463 945 3523 est.
1034 3457 1136 3521 25.
1184 3457 1498 3539 Tolletque
1538 3459 1826 3525 sacerdos
1868 3460 1941 3524 de
1981 3462 2288 3543 sanquine
2330 3459 2496 3524 obla-

550 3545 742 3612 tionis
782 3565 908 3625 pro
958 3547 1205 3626 peccato
1256 3543 1453 3627 diqito
1508 3565 1650 3624 suo,
1710 3549 1766 3610 et
1805 3549 1991 3626 ponet
2031 3565 2222 3627 super
2263 3565 2499 3610 cornua

555 3629 783 3698 altaris
848 3628 1219 3696 holocausti:
1284 3630 1598 3711 reliquum
1659 3635 1863 3696 autem
1930 3633 2300 3716 sanquinem
2361 3632 2500 3696 eius

554 3717 821 3801 effundet
878 3716 963 3780 ad
1006 3715 1190 3779 basin
1232 3715 1459 3781 altaris
1500 3715 1852 3782 holocausti.
1940 3717 2043 3782 26.
2095 3718 2316 3782 Totum
2355 3736 2500 3781 vero

554 3803 806 3885 adipem
840 3803 978 3866 eius
1011 3800 1275 3866 adolebit
1315 3822 1506 3882 super
1548 3803 1765 3876 altare,
1810 3803 1970 3867 sicut
2010 3804 2259 3886 adipem
2301 3803 2501 3869 sacri-

549 3891 684 3973 ficii
730 3889 1253 3971 prosperitatum:
1307 3894 1365 3953 et
1418 3889 1513 3952 ita
1566 3889 1847 3969 expiabit
1900 3888 2086 3955 illum
2127 3889 2413 3954 sacerdos
2456 3909 2500 3953 a

543 3980 792 4058 peccato
834 3975 988 4053 eius,
1033 3978 1088 4037 et
1130 3974 1473 4038 remittetur
1514 3975 1589 4040 ei.
1655 3974 1757 4040 27.
1803 3975 1977 4055 Quod
2017 3974 2078 4040 si
2120 3976 2339 4040 anima
2382 3975 2500 4039 ali-

555 4084 683 4144 qua
714 4059 1060 4142 peccaverit
1088 4079 1208 4140 per
1250 4079 1518 4125 errorem
1559 4060 1635 4125 de
1666 4060 1899 4142 populo
1941 4067 2167 4141 terrae,
2217 4062 2500 4141 faciendo

555 4168 754 4214 unum
810 4168 850 4211 a
896 4146 1254 4226 praeceptis
1297 4145 1558 4210 Iehovae
1613 4167 1771 4227 quae
1825 4167 1947 4212 non
2003 4151 2150 4212 sunt
2185 4147 2498 4229 facienda,

557 4240 614 4301 et
647 4234 1007 4314 deliquerit:
1050 4231 1153 4296 28.
1181 4230 1257 4294 Si
1292 4232 1632 4297 innotuerit
1665 4233 1724 4296 ei
1745 4238 2068 4313 peccatum
2107 4254 2296 4298 suum
2338 4232 2502 4314 quod

546 4319 860 4402 peccavit:
913 4318 1119 4399 offeret
1177 4317 1537 4383 oblationem
1592 4337 1776 4382 suam
1815 4318 2116 4399 capellam
2157 4338 2501 4401 caprarum

561 4405 1031 4470 immaculatam
1062 4403 1368 4485 feminam
1392 4424 1516 4483 pro
1537 4410 1789 4484 peccato
1836 4425 1953 4470 suo
2001 4405 2170 4486 quod
2201 4406 2498 4486 peccavit.

560 4493 663 4557 29.
690 4490 1165 4570 Admovebitque
1195 4510 1456 4554 manum
1489 4510 1675 4555 suam
1716 4511 1906 4572 super
1947 4495 2133 4571 caput
2174 4492 2503 4557 oblationis

544 4598 674 4659 pro
720 4580 992 4658 peccam,
1045 4581 1101 4640 et
1155 4576 1447 4642 mactabit
1486 4576 1846 4642 oblationem
1886 4577 2069 4642 illam
2101 4597 2223 4659 pro
2254 4582 2502 4657 peccato

558 4666 631 4728 in
689 4661 815 4726 loco
872 4659 1223 4726 holocausti.
1314 4662 1417 4727 30.
1462 4662 1639 4728 Dein
1695 4663 1857 4728 tollet
1914 4665 2200 4729 sacerdos
2241 4664 2315 4728 de
2357 4683 2502 4728 san-

553 4750 746 4833 quine
803 4747 941 4810 eius
994 4746 1184 4828 diqito
1243 4768 1387 4826 suo,
1438 4753 1731 4828 ponetque
1772 4769 1963 4828 super
2003 4769 2238 4815 cornua
2276 4748 2504 4814 altaris

556 4834 927 4901 holocausti:
967 4836 1157 4896 totum
1189 4853 1332 4898 vero
1373 4834 1683 4915 reliquum
1723 4836 2092 4919 sanquinem
2133 4836 2270 4900 eius
2312 4836 2505 4917 effun-

560 4922 659 4987 det
717 4920 801 4984 ad
854 4919 1034 4982 basin
1093 4918 1336 4983 altaris.
1441 4920 1543 4984 31.
1595 4921 1820 4986 Totum
1867 4925 2195 5002 praeterea
2252 4922 2503 5004 adipem

557 5008 695 5073 eius
747 5006 1017 5086 auferet,
1075 5005 1588 5086 quemadmodum
1631 5006 1875 5073 ablatus
1914 5006 2044 5089 fuit
2082 5008 2278 5086 adeps
2319 5029 2361 5071 a
2402 5027 2504 5072 sa-

555 5093 788 5174 crificio
833 5090 1356 5171 prosperitatum:
1407 5091 1788 5173 adolebitque
1843 5092 2128 5158 sacerdos
2183 5112 2371 5173 super
2412 5093 2503 5157 al-

556 5185 691 5244 tare
725 5180 794 5243 in
825 5178 1072 5242 odorem
1107 5177 1333 5256 quietis
1356 5175 1649 5243 Iehovae:
1692 5184 1873 5260 atque
1914 5179 2007 5243 ita
2049 5179 2324 5259 expiabit
2363 5198 2502 5243 eum

553 5266 872 5340 sacerdos,
932 5266 990 5327 et
1045 5262 1391 5327 remittetur
1431 5263 1506 5327 ei.
1597 5263 1698 5328 32.
1752 5264 1927 5346 Quod
1969 5265 2028 5328 si
2068 5264 2361 5345 pecudem
2405 5264 2503 5328 ob-

557 5351 773 5416 tulerit
825 5348 1189 5413 oblationem
1232 5368 1417 5414 suam
1445 5368 1569 5431 pro
1598 5354 1846 5432 peccato
1870 5398 1887 5428 ‚
1937 5352 2238 5432 feminam
2281 5351 2504 5414 imma·

1940 435 2453 504 SECUNDUM
2496 433 3144 502 PRAEOEPTUM.

4399 438 4508 506 516

2599 624 2871 691 culatam
2902 625 3126 706 offeret.
3192 624 3295 689 33.
3345 622 3657 707 Ponetque
3686 644 3946 691 manum
3984 645 4172 691 suam
4210 645 4392 708 super
4427 648 4513 695 ca-

2587 716 2712 792 put
2746 711 2931 776 illius
2972 709 3301 777 oblationis
3332 731 3458 792 pro
3485 716 3754 791 peccato,
3796 716 3853 776 et
3882 712 4175 777 mactabit
4205 712 4377 776 illam
4405 734 4515 796 pro

2598 795 2908 878 sacrificio
2954 799 3196 879 peccati
3211 847 3226 872 ‚
3285 797 3356 860 in
3406 796 3534 862 loco
3591 798 3661 861 in
3713 817 3834 880 quo
3873 798 4142 864 mactari
4190 798 4336 863 solet
4371 798 4515 866 holo-

2598 889 2899 948 caustum.
2989 881 3092 949 34.
3153 882 3401 949 Deinde
3448 883 3707 964 accipiet
3760 884 4046 949 sacerdos
4101 885 4176 949 de
4237 885 4518 968 sanquine

2600 968 2929 1034 oblationis
2950 988 3077 1048 pro
3103 973 3350 1049 peccato
3385 968 3579 1050 diqito
3610 988 3743 1045 suo,
3772 974 4075 1052 ponetque
4096 990 4287 1050 super
4306 974 4520 1036 cornua

2588 1054 2825 1139 ,altaris
2859 1053 3197 1120 holocausti
3210 1079 3230 1118 .·
3263 1059 3452 1119 totum
3484 1074 3627 1119 vero
3659 1054 3970 1136 reliquum
4007 1056 4369 1140 sanquinem
4396 1058 4523 1123 eius

2597 1141 2866 1223 effundet
2898 1140 2983 1205 ad
3003 1140 3187 1206 basin
3222 1140 3468 1205 altaris.
3535 1139 3639 1206 35.
3690 1140 3913 1206 Totum
3937 1147 4270 1224 praeterea
4290 1144 4522 1224 adipem

2597 1229 2733 1291 eius
2777 1226 3043 1308 auferet,
3101 1226 3614 1308 quemadmodum
3672 1227 3917 1308 auferri
3968 1227 4116 1292 solet
4157 1228 4349 1309 adeps
4389 1228 4524 1311 aqni

2596 1332 2639 1377 a
2692 1312 3001 1393 sacrificio
3049 1312 3579 1394 prosperitatum:
3643 1312 4019 1394 adolebitque
4086 1312 4204 1377 illa
4258 1315 4525 1380 sacerdos

2593 1419 2783 1479 super
2825 1399 3026 1464 altare
3067 1399 3138 1463 in
3180 1398 3541 1463 oblationem
3583 1398 3847 1482 iquitam
3893 1398 4183 1464 Iehovae:
4224 1403 4405 1481 atque
4444 1401 4527 1464 ita

2594 1483 2872 1566 expiabit
2913 1504 3054 1548 eum
3095 1484 3382 1549 sacerdos
3427 1506 3467 1549 a
3500 1488 3748 1565 peccato
3792 1504 3907 1550 suo
3950 1485 4113 1567 quod
4141 1487 4437 1567 peccavit,
4478 1491 4531 1551 et

2592 1571 2932 1636 remittetur
2974 1569 3049 1635 ei.

3202 1860 3334 1926 EX
3377 1860 3729 1928 NUMER.
3774 1860 3929 1927 XV.

2765 1998 2869 2063 22.
2943 1997 3148 2079 Quum
3213 1996 3606 2075 erraveritis,
3691 2002 3749 2061 et
3807 2017 3932 2062 non
3988 1997 4271 2081 feceritis
4334 2001 4530 2066 omnia

2582 2089 2917 2167 praecepta
3002 2083 3149 2149 haec
3233 2104 3394 2165 quae
3466 2082 3732 2181 protulit
3819 2082 4055 2149 Iehova
4133 2085 4221 2149 ad
4302 2084 4530 2164 Mosen,

2594 2171 2696 2236 23.
2766 2170 2997 2237 Omnia
3052 2188 3211 2251 quae
3261 2174 3577 2251 praecepit
3621 2168 3854 2234 Iehova
3896 2170 4072 2235 vobis
4113 2190 4242 2250 per
4283 2191 4534 2237 manum

2596 2256 2804 2322 Mosis
2846 2277 2888 2322 a
2931 2255 3033 2320 die
3075 2275 3204 2336 qua
3241 2256 3554 2337 praecepit
3590 2253 3817 2320 Iehova
3860 2260 3915 2320 et
3945 2260 4168 2336 postea
4208 2276 4327 2337 per
4365 2277 4532 2342 qene-

2592 2343 2868 2409 rationes
2943 2345 3201 2405 vestras.
3311 2340 3414 2406 24.
3500 2339 3577 2405 Si
3651 2342 3910 2422 inquam
3975 2361 4018 2406 a
4078 2345 4535 2426 conqreqatione

2584 2431 2838 2511 praeter
2889 2427 3216 2492 scientiam
3269 2427 3516 2508 aliquid
3568 2427 3805 2509 factum
3850 2427 4047 2509 fuerit
4093 2448 4213 2509 per
4255 2449 4532 2509 errorem,

2593 2513 2937 2613 immolabit
2975 2513 3279 2577 universa
3320 2515 3708 2612 conqreqatio
3744 2513 4067 2611 iuvencum
4100 2534 4302 2578 unum
4339 2514 4538 2597 filiuni

2595 2598 3471 2769 maturatam
3488 2598 4538 2770 ariminum&

2595 2772 2840 2837 hircum
2883 2789 3222 2850 caprarum
3272 2790 3468 2834 unum
3481 2821 3496 2849 ,
3553 2772 3623 2835 in
3679 2771 4063 2851 sacrificium
4104 2792 4231 2852 pro
4276 2778 4534 2855 peccato.

2597 2857 2700 2923 25.
2768 2855 3195 2938 Expiabitque
3259 2857 3549 2922 sacerdos
3606 2858 3967 2922 universam
4019 2860 4537 2942 conqreqationem

2591 2944 2871 3025 filiorum
2915 2942 3155 3020 Israel,
3206 2946 3263 3006 et
3317 2944 3664 3027 iquoscetur
3705 2944 3827 3022 eis,
3893 2943 4049 3024 quia
4101 2963 4286 3009 error
4327 2951 4447 3023 est,
4488 2948 4539 3010 et

2596 3029 2729 3096 illic
2801 3028 3047 3111 offerent
3110 3026 3470 3095 oblationem
3547 3048 3733 3094 suam
3746 3080 3762 3109 ,
3841 3027 4202 3094 oblationem
4280 3030 4538 3115 iqnitam

2599 3115 2878 3193 Iehovae,
2922 3119 2978 3180 et
3020 3114 3382 3181 oblationem
3418 3135 3539 3197 pro
3569 3120 3818 3194 peccato
3858 3134 3991 3194 suo,
4035 3135 4251 3181 coram
4295 3116 4534 3193 Iehooa,

2585 3206 2848 3284 propter
2868 3220 3138 3266 errorem
3168 3201 3468 3281 ipsorum.
3515 3200 3616 3265 26.
3640 3197 3729 3265 Et
3749 3202 4192 3268 condonabitur
4209 3205 4539 3269 universae

2598 3287 3053 3370 conqreqationi
3090 3286 3365 3368 filiorum
3387 3287 3615 3364 Israel,
3659 3291 3714 3351 et
3745 3288 4075 3370 pereqrino
4120 3289 4235 3369 qui
4267 3289 4539 3372 pereqri-

2599 3374 2853 3438 nabitur
2894 3374 2965 3437 in
3006 3372 3204 3437 medio
3243 3372 3534 3438 illorum:
3577 3374 3733 3453 quia
3773 3372 4057 3438 universi
4086 3375 4331 3456 populi
4371 3393 4539 3440 error

2600 3465 2704 3526 est.
2795 3458 2898 3523 27.
2949 3458 3125 3540 Quod
3165 3460 3226 3523 si
3269 3459 3485 3523 anima
3526 3478 3663 3522 una
3693 3460 4039 3538 peccaverit
4069 3480 4192 3542 per
4248 3479 4535 3538 errorem,

2600 3547 2810 3627 offeret
2888 3564 3144 3627 capram
3219 3543 3580 3608 anniculam
3643 3544 4027 3625 sacrificium
4090 3564 4218 3625 pro
4279 3550 4534 3628 peccato.

2601 3632 2703 3697 28.
2751 3630 3176 3711 Expiabitque
3215 3630 3504 3695 sacerdos
3534 3632 3815 3695 animam
3849 3651 4009 3713 quae
4042 3634 4401 3711 peccaverit
4430 3651 4541 3715 per

2601 3737 2870 3783 errorem
2883 3765 2898 3792 ,
2942 3734 3135 3798 quum
3157 3717 3506 3797 peccaverit
3551 3737 3675 3798 per
3716 3737 3986 3781 errorem
4028 3736 4239 3781 coram
4285 3716 4542 3782 Iehova:

2600 3802 2877 3884 expiabit
2931 3823 3069 3866 eam
3087 3851 3102 3881 ,
3155 3807 3213 3867 et
3267 3802 3612 3868 remittetur
3655 3803 3734 3867 ei.
3822 3802 3923 3868 29.
3984 3801 4337 3887 Indiqenae
4391 3805 4541 3869 inter

2598 3889 2765 3970 lilios
2810 3887 3016 3955 Israel
3029 3939 3043 3964 ,
3087 3892 3145 3952 et
3178 3888 3508 3971 pereqrino
3545 3889 3660 3970 qui
3689 3889 4139 3972 pereqrinatur
4179 3890 4350 3955 inter
4390 3889 4537 3964 illos,

2598 3975 2698 4040 lex
2740 3995 2871 4039 una
2912 3974 3032 4039 erit
3071 3972 3240 4040 vobis
3281 3974 3490 4054 quoad
3530 3995 3670 4040 eum
3705 3976 3818 4058 qui
3855 3975 4073 4058 fecerit
4094 3995 4218 4058 per
4253 3995 4540 4042 errorem.

2772 4147 3130 4228 Postquam
3210 4145 3290 4210 de
3356 4144 3790 4211 oblationibus
3862 4153 3931 4212 et
3995 4145 4142 4212 aliis
4208 4146 4543 4214 sacrificiis

2603 4232 2917 4297 disseruit
2960 4233 3180 4298 Moses
3238 4251 3402 4314 quae
3460 4232 3882 4315 gratitudinis
3936 4231 4319 4297 testimonia
4361 4240 4543 4299 erant

2602 4331 2669 4384 et
2709 4319 2972 4402 pietatis
3017 4318 3346 4396 exercitia,
3391 4338 3571 4383 nunc
3608 4317 3689 4382 ad
3726 4319 4173 4402 expiationem
4210 4318 4545 4385 descendit

2602 4424 2768 4487 quae
2811 4404 2986 4469 inter
3028 4404 3345 4470 sacrificia
3386 4403 3744 4485 primatum
3787 4413 4004 4469 tenet:
4060 4405 4213 4487 quia
4258 4406 4404 4471 sine
4445 4425 4539 4469 re-

2601 4489 3051 4556 conciliatione
3106 4489 3273 4554 nihil
3334 4509 3621 4572 unquam
3690 4490 4064 4555 hominibus
4128 4491 4345 4572 potuit
4409 4509 4543 4555 esse

2603 4597 2752 4643 cum
2797 4575 2962 4641 Deo,
3051 4577 3221 4640 Nam
3266 4596 3468 4658 quum
3520 4577 3755 4640 merito
3811 4576 3893 4642 ob
3947 4584 4225 4642 naturae
4282 4597 4539 4658 corrup·

2604 4663 2847 4727 tionem
2895 4662 3306 4727 abominetur
3351 4670 3558 4727 totum
3603 4660 3966 4727 humanum
4012 4683 4246 4746 genus,
4294 4682 4372 4727 ac
4413 4663 4538 4727 sin-

2604 4748 2740 4832 guli
2785 4747 3046 4814 assidue
3089 4749 3228 4813 eius
3270 4747 3442 4812 iram
3485 4757 3871 4829 provocent:
3930 4749 4004 4813 in
4058 4747 4201 4813 eius
4244 4746 4539 4832 placandi

2603 4834 2910 4900 remediis
2953 4841 3159 4899 totam
3203 4833 3431 4899 salutis
3475 4853 3660 4918 spem
3703 4833 4049 4899 fundatam
4092 4855 4237 4900 esse
4271 4839 4538 4919 oportet.

2604 4920 2750 4986 Hoc
2785 4921 3102 5003 principio
3144 4920 3496 4985 constituto
3530 4918 3890 4985 tenendum
3925 4928 4044 4999 est,
4088 4920 4327 4985 Mosen
4366 4919 4538 4984 dein·

2602 5027 2755 5089 ceps
2801 5007 2999 5071 verba
3040 5006 3364 5069 facturum
3410 5004 3490 5069 de
3547 5006 3928 5090 expiatoriis
3986 5007 4325 5072 sacrificiis
4381 5025 4540 5089 quae

2603 5091 2819 5157 Deum
2888 5090 3265 5157 hominibus
3329 5091 3718 5174 propitiant,
3786 5091 4027 5158 abolito
4094 5100 4305 5157 reatu.
4417 5089 4541 5155 Hic

2603 5176 2923 5261 quomodo
2957 5176 3312 5260 placandus
3347 5176 3433 5241 sit
3453 5177 3638 5243 Deus
3672 5176 3997 5256 admonet,
4044 5178 4156 5243 ubi
4198 5199 4320 5261 per
4362 5176 4534 5260 igno·

2603 5264 2886 5328 rantiam
2933 5263 3035 5327 vel
3080 5259 3558 5329 inconsiderate
3603 5266 3748 5347 quis
3791 5265 4123 5347 peccavit:
4180 5264 4294 5330 ubi
4348 5264 4533 5327 etiam

2605 5349 2915 5414 statuitur
2957 5350 3133 5413 inter
3180 5369 3489 5432 personas
3544 5348 3903 5432 distincti0‚
3967 5350 4280 5435 quoniam
4337 5349 4461 5413 alia
4498 5365 4535 5409 a
