4867 6150
352 422 473 489 377

353 614 479 692 nis,
523 612 636 678 alii
680 612 750 677 in
797 612 1008 676 forma
1051 611 1352 695 piscium,
1399 608 1508 677 alii
1546 610 1611 674 in
1647 609 1859 673 forma
1910 609 2151 687 avium,
2197 606 2311 672 alii

352 699 653 767 informa
679 699 1016 764 brutorum
1044 697 1427 762 animalium
1464 695 1782 780 putabant
1810 694 2023 759 Deum
2049 714 2306 778 reprae-

355 785 636 854 sentari:
712 785 1098 867 praesertim
1156 783 1469 848 historiae
1534 789 2053 848 commemorant
2110 800 2309 863 quam

354 870 681 958 pudendis
724 869 977 936 deliriis
1022 870 1340 935 fascinata
1397 867 1596 934 fuerit
1642 870 2001 950 Aegyptus.
2092 869 2311 947 Atque

353 959 510 1025 hinc
555 957 750 1023 etiam
797 955 1127 1038 detegitur
1164 955 1505 1019 hominum
1544 953 1820 1031 vanitas,
1864 953 1974 1035 qui
2030 971 2312 1035 quocun-

354 1067 483 1130 que
528 1050 792 1109 vertant
834 1042 1069 1118 oculos,
1138 1040 1404 1106 errandi
1449 1039 1793 1104 materiam
1840 1039 2127 1121 undique
2167 1057 2313 1120 cap-

355 1139 519 1198 tant.
609 1130 700 1194 Et
735 1142 958 1193 tamen
996 1127 1237 1211 ubique
1275 1125 1559 1210 refulget
1595 1125 1722 1190 Dei
1749 1125 1981 1274 gloria,
2017 1137 2085 1189 et
2129 1123 2315 1206 quid-

355 1216 513 1302 quid
535 1236 798 1281 sursum
823 1234 899 1279 ac
943 1213 1246 1278 deorsum
1270 1212 1673 1299 conspicitur
1708 1231 1747 1275 a
1828 1230 2054 1274 verum
2089 1210 2305 1275 Deum

355 1324 480 1369 nos
514 1302 774 1367 invitat.
865 1299 1194 1380 Quoniam
1232 1319 1388 1381 ergo
1422 1298 1518 1363 sic
1567 1296 2055 1362 hallucinantur
2099 1294 2308 1360 homi-

357 1411 496 1470 nes,
539 1397 614 1453 ut
650 1409 734 1452 ex
780 1407 1001 1451 rerum
1046 1386 1343 1449 omnium
1387 1383 1634 1449 intuitu
1679 1382 1803 1447 sibi
1849 1381 2171 1447 fabricent
2206 1403 2307 1445 er-

356 1475 528 1541 roris
572 1474 937 1547 materiam,
984 1490 1160 1536 nunc
1202 1491 1312 1536 eos
1337 1470 1557 1536 Moses
1592 1488 1795 1551 supra
1831 1479 2043 1533 totum
2080 1467 2308 1532 mundi

356 1560 688 1646 opificium
747 1572 812 1624 et
870 1557 1192 1623 elementa
1251 1557 1511 1622 attollit.
1599 1555 1768 1620 Nam
1838 1576 1957 1638 per
2014 1575 2090 1619 ea
2145 1573 2311 1637 quae

355 1648 432 1713 in
474 1645 671 1714 coelis
715 1656 887 1720 sunt,
957 1664 1091 1709 non
1136 1664 1293 1707 aves
1336 1642 1578 1718 solum,
1626 1639 1741 1707 sed
1786 1641 1986 1706 solem
2033 1661 2307 1723 quoque,

357 1740 429 1799 et
463 1733 707 1809 lunam,
755 1751 1107 1813 omnesque
1152 1728 1376 1794 stellas
1420 1728 1754 1810 designat:
1802 1736 1881 1791 ut
1923 1725 2116 1809 paulo
2162 1741 2310 1808 post

358 1818 714 1885 videbitur.
761 1816 970 1901 Negat
1011 1816 1218 1899 igitur
1252 1815 1321 1878 in
1360 1824 1494 1878 toto
1529 1811 1775 1877 mundo
1812 1812 2085 1895 reperiri
2122 1832 2309 1894 posse

355 1927 589 1972 veram
625 1903 981 1987 imaginem
1019 1902 1180 1967 Dei:
1225 1901 1500 1983 ideoque
1533 1898 1781 1965 foedari
1826 1899 1966 1963 eius
2010 1898 2306 1981 gloriam,

357 2002 428 2057 et
469 1989 816 2058 veritatem
863 1989 1195 2071 corrumpi
1240 1986 1613 2065 mendaci0â€š
1676 1985 1931 2069 quoties
1974 1984 2095 2051 sub
2152 1983 2307 2049 visi-

353 2077 476 2143 bili
520 2078 728 2142 forma
772 2073 856 2140 ob
914 2074 1132 2139 oculos
1188 2074 1520 2138 statuitur.
1607 2070 1752 2136 Iam
1795 2071 2148 2136 tenendum
2209 2081 2306 2134 est

355 2163 526 2230 duas
561 2182 705 2227 esse
740 2158 1033 2225 mandati
1073 2169 1325 2241 partes:
1392 2160 1610 2241 priore
1654 2166 1839 2222 vetat
1881 2157 2045 2240 erigi
2090 2155 2305 2238 sculp-

352 2249 494 2328 tile,
540 2256 657 2314 aut
700 2247 906 2311 ullam
949 2243 1477 2311 similitudinem:
1540 2243 1746 2307 altera
1789 2256 2007 2308 autem
2054 2241 2303 2307 cultum

351 2358 554 2420 quem
600 2332 726 2398 sibi
768 2332 887 2397 uni
929 2330 1163 2397 asserit
1207 2328 1426 2410 Deus,
1486 2329 1831 2394 transferri
1874 2326 2180 2412 prohibet
2223 2327 2304 2391 ad

349 2432 616 2506 spectra
649 2418 784 2498 illa,
830 2417 939 2483 vel
973 2417 1238 2482 fallaces
1273 2435 1563 2500 pompas.
1607 2414 1787 2498 Ergo
1822 2416 2137 2498 affingere
2163 2414 2305 2478 Deo

350 2508 646 2591 aliquam
705 2505 1094 2587 imaginem,
1155 2523 1271 2585 per
1330 2523 1402 2568 se
1455 2501 1727 2583 impium
1789 2510 1921 2566 est:
1968 2501 2123 2583 quia
2182 2500 2306 2564 hac

349 2591 729 2675 corruptela
764 2588 1173 2655 adulteratur
1208 2588 1348 2653 eius
1397 2588 1723 2664 maiestas,
1762 2595 1829 2650 et
1861 2586 1951 2650 fin
2002 2586 2136 2650 itur
2179 2587 2301 2650 sibi

348 2678 711 2747 dissimilis.
800 2673 994 2757 Quod
1039 2674 1241 2740 stulte
1292 2672 1556 2757 quidam
1600 2682 1924 2755 putarunt
2012 2672 2073 2737 ic
2117 2670 2297 2736 dam-

346 2765 502 2832 nari
567 2762 938 2845 sculpturas
1001 2768 1069 2825 et
1132 2761 1423 2845 picturas
1488 2757 1839 2842 quaslibet,
1907 2758 2302 2823 refutatione

346 2872 491 2917 non
534 2848 821 2933 indiget:
876 2845 1136 2930 quando
1184 2846 1350 2910 nihil
1400 2845 1578 2910 aliud
1625 2845 1795 2910 Mosi
1839 2844 1966 2909 fuit
2009 2845 2299 2927 proposi-

346 2948 504 3003 tum
559 2954 757 3018 quam
822 2934 1110 2999 eximere
1176 2931 1306 2996 Dei
1367 2931 1640 3016 gloriam
1704 2931 1785 2995 ab
1830 2930 2134 2996 omnibus
2178 2932 2299 3012 fig-

345 3022 598 3091 mentis
643 3040 813 3104 quae
854 3018 939 3085 ad
996 3040 1140 3085 eam
1200 3015 1744 3102 corrumpendam
1804 3016 2105 3083 tendunt.
2208 3016 2301 3083 Et

347 3120 535 3180 certe
581 3110 743 3174 haec
786 3105 983 3171 nimis
1025 3105 1299 3190 indigna
1343 3114 1446 3170 est
1487 3103 1882 3181 deformitas,
1950 3104 2165 3168 Deum
2211 3104 2299 3167 si-

349 3197 579 3263 milem
625 3194 840 3260 facere
882 3193 1061 3276 ligno
1108 3192 1214 3257 vel
1257 3190 1481 3274 lapidi.
1590 3190 1760 3255 Nam
1808 3187 1980 3273 quod
2023 3191 2116 3254 ita
2158 3190 2298 3273 qui-

347 3282 507 3348 dam
552 3279 897 3347 resolvunt
941 3278 1168 3345 verba:
1217 3277 1363 3342 Non
1410 3276 1604 3343 facies
1641 3276 1761 3342 tibi
1795 3274 2095 3358 sculptile
2131 3277 2297 3359 quod

346 3368 617 3445 adores,
678 3385 757 3430 ac
813 3366 872 3430 si
912 3363 1139 3429 liceret
1175 3364 1394 3429 Deum
1443 3363 1660 3428 facere
1697 3361 2051 3442 visibilem,
2109 3359 2299 3427 modo

342 3475 432 3520 ne
478 3453 734 3520 colatur
775 3451 919 3534 ipsa
962 3452 1213 3534 imago:
1261 3470 1486 3514 eorum
1522 3469 1832 3526 errorem,
1877 3468 2043 3531 quae
2077 3461 2302 3531 postea

342 3548 717 3624 sequentur
780 3537 1255 3620 expositiones,
1338 3534 1524 3600 facile
1604 3533 1922 3600 refellent.
2034 3534 2302 3599 Interea

338 3648 480 3692 non
525 3624 806 3706 infitior,
871 3622 1266 3688 coniunctim
1338 3621 1499 3687 haec
1556 3619 1830 3705 legenda
1874 3641 2047 3697 esse,
2107 3621 2298 3685 sicuti

338 3711 606 3778 colendi
650 3710 1028 3794 superstitio
1073 3709 1190 3774 vix
1238 3728 1525 3790 unquam
1572 3729 1611 3772 a
1647 3711 1864 3790 priore
1902 3706 2065 3772 vitio
2111 3727 2296 3788 sepa-

337 3810 563 3863 ratur:
610 3797 762 3879 quia
806 3795 1004 3859 simul
1048 3815 1123 3859 ac
1166 3795 1486 3877 quispiam
1534 3792 1657 3858 sibi
1725 3793 2023 3876 permisit
2066 3793 2292 3876 imagi-

336 3905 500 3949 nem
545 3882 689 3947 Deo
734 3882 1111 3959 attribuere,
1155 3881 1377 3945 statim
1424 3879 1504 3944 ad
1549 3879 1784 3944 falsum
1831 3878 2083 3944 cultum
2122 3877 2297 3943 dela-

335 3969 542 4035 bitur.
589 3969 678 4033 Et
719 3976 897 4033 certe
932 3965 1227 4050 quisquis
1265 3975 1644 4030 reverenter
1688 3976 1754 4029 et
1789 3965 2004 4030 sobrie
2039 3965 2120 4028 de
2156 3966 2296 4047 ipso

334 4054 490 4121 Deo
548 4055 747 4120 sentit
804 4065 868 4117 et
924 4052 1200 4136 cogitat,
1268 4051 1352 4117 ab
1396 4050 1519 4117 hac
1563 4049 1965 4116 absurditate
2008 4065 2297 4116 remotus

333 4151 472 4208 est:
522 4162 641 4206 nec
685 4159 978 4222 unquam
1025 4139 1281 4221 obrepit
1322 4136 1576 4220 cupido,
1619 4138 1727 4202 vel
1773 4136 2045 4202 audacia
2082 4149 2290 4202 trans-

331 4226 674 4311 figurandi
733 4226 892 4302 Dei,
961 4226 1088 4289 nisi
1135 4224 1291 4287 dum
1336 4233 1594 4289 mentes
1638 4234 1909 4305 occupat
1952 4244 2172 4288 crassa
2231 4235 2294 4288 et

331 4311 624 4379 carnalis
666 4310 1072 4394 imaginatio.
1146 4309 1325 4374 Hinc
1369 4309 1447 4373 fit
1491 4320 1559 4373 ut
1605 4310 1977 4393 quicunque
2021 4309 2173 4374 deos
2209 4330 2295 4373 ex

331 4397 752 4480 corruptibili
795 4397 1071 4462 materia
1114 4397 1236 4461 sibi
1284 4398 1581 4478 fingunt,
1646 4396 2096 4478 superstitiose
2141 4394 2293 4460 ado-

334 4493 497 4549 rent
542 4504 857 4548 manuum
905 4503 1173 4548 suarum
1218 4482 1593 4547 artificium.
1682 4481 1908 4546 Facile
1950 4480 2150 4564 igitur
2178 4503 2290 4564 pa-

335 4570 474 4635 tiar
520 4569 647 4634 duo
694 4568 873 4648 haec,
920 4589 1083 4651 quae
1129 4567 1591 4651 inseparabilia
1635 4577 1821 4645 sunt,
1882 4566 2081 4630 simul
2139 4588 2292 4632 conÎ‡

334 4655 562 4740 iungi,
629 4655 821 4720 modo
891 4665 1229 4719 teneamus
1299 4655 1440 4718 Deo
1506 4652 1967 4719 contumeliam
2049 4653 2293 4731 inferri,

333 4763 478 4806 non
520 4739 730 4806 solum
768 4741 881 4807 ubi
917 4741 1316 4805 transfertur
1361 4742 1504 4804 eius
1548 4739 1762 4805 cultus
1807 4736 1888 4803 ad
1934 4738 2123 4816 idola,
2180 4739 2291 4803 sed

333 4827 454 4892 ubi
536 4837 811 4892 externa
892 4827 1111 4910 aliqua
1191 4825 1618 4890 similitudine
1694 4845 1844 4891 eum
1926 4828 2294 4907 exprimere

333 4921 700 4979 tentamus.

514 4996 713 5064 Dent.
762 4998 822 5080 5,
866 4998 924 5063 9.
976 4997 1127 5063 Non
1168 4998 1468 5063 adorabis
1509 5018 1611 5072 ea,
1656 5016 1865 5077 neque.
1958 4997 2150 5061 Hanc
2193 5017 2292 5061 se-

330 5083 624 5151 cundam
650 5097 900 5166 partem
927 5084 1108 5148 inani
1132 5083 1365 5149 cavillo
1390 5084 1638 5149 frustra
1674 5083 1939 5148 eludere
1974 5095 2297 5147 conantur

329 5169 750 5236 idololatrae:
799 5169 1346 5254 quemadmodum
1386 5171 1451 5234 in
1500 5179 1741 5254 papatu
1787 5172 2138 5252 nugatoria
2182 5169 2294 5233 illa

330 5256 677 5322 distinctio
734 5257 1042 5334 iactatur,
1104 5259 1382 5339 Î»Î±Ï„ÏÎµá½·Î±Î½
1438 5254 1792 5331 duntaxat,
1853 5277 1977 5320 non
2028 5252 2297 5318 Î´Î¿Ï…Î»Îµá½·Î±Î½

326 5340 690 5427 prohiberi.
777 5342 945 5407 Nam
996 5343 1211 5425 primo
1265 5341 1660 5425 generaliter
1715 5342 1936 5408 Moses
2004 5363 2294 5425 eompre-

1754 415 2267 486 SECUNDUM
2312 419 2963 486 PRAEOEPTUM.

4241 418 4322 482 37
4328 418 4367 483 8

2417 607 2648 672 hendit
2703 630 2930 674 omnes
2986 608 3398 674 reverentiae
3455 608 3699 672 formas
3745 618 3812 673 et
3870 609 4064 673 ritus:
4126 608 4365 679 deinde

2414 694 2687 759 verbum
2734 707 2864 770 'Â¹215
2939 692 3108 777 quod
3176 696 3483 759 continuo
3547 703 3697 778 post
3761 692 4055 773 subiicit,
4116 700 4365 766 servire

2411 780 2672 863 proprie
2717 781 3064 864 significat.
3154 780 3347 846 Unde
3391 779 3747 859 colligitur,
3806 781 4151 863 pueriliter
4195 785 4365 852 velle

2410 887 2521 931 eos
2564 865 2749 941 elabi,
2796 865 2949 931 dum
2997 866 3266 949 picturis
3311 878 3376 930 et
3431 868 3664 931 statuis
3711 867 3974 932 nonnisi
4030 868 4366 938 servitutis

2413 952 2728 1016 honorem
2777 952 3098 1018 deferunt.
3179 952 3577 1035 Quanquam
3626 953 3681 1017 si
3744 953 3947 1017 deturÎ‡
4000 953 4131 1018 illis
4188 956 4363 1037 quod

2411 1039 2767 1121 postulant,
2818 1060 2902 1102 ne
2948 1042 3041 1105 sie
3076 1038 3336 1120 quidem
3377 1039 3719 1121 effugient:
3773 1040 3925 1122 quia
3970 1041 4365 1108 tantundem

2412 1126 2592 1189 valet
2635 1124 2986 1207 prohibitio
3032 1146 3107 1189 ac
3152 1125 3204 1189 si
3253 1135 3521 1208 negaret
3571 1125 3752 1189 Deus
3796 1146 3867 1189 se
3911 1126 4082 1190 velle
4125 1128 4249 1192 coli
4292 1130 4363 1195 in

2411 1209 2596 1293 ligno
2641 1221 2709 1273 et
2754 1210 2986 1294 lapide,
3034 1211 3135 1275 vel
3175 1210 3303 1274 alia
3339 1211 3572 1293 quavis
3606 1212 3840 1294 figura.
3917 1212 4142 1295 Neque
4188 1215 4363 1280 enim

2414 1316 2704 1377 unquam
2757 1317 2834 1360 eo
2893 1297 3220 1361 amentiae
3285 1297 3543 1378 abrepti
3596 1298 3864 1361 fuerunt
3923 1298 4246 1365 inereduli
4288 1310 4365 1367 ut

2413 1394 2665 1447 statuas
2702 1382 2806 1448 vel
2831 1383 3123 1466 picturas
3144 1382 3528 1464 simpliciter
3549 1382 3917 1448 adorarent.
3963 1383 4147 1449 Idem
4173 1398 4393 1469 prae-'

2411 1478 2634 1533 textus
2677 1467 3148 1534 obtendebatur
3207 1469 3317 1552 qui
3372 1467 3566 1532 hodie
3621 1488 3739 1553 per
3795 1491 3911 1534 ora
3955 1472 4359 1554 papistarum

2415 1555 2661 1631 volitat,
2712 1575 2842 1618 non
2890 1555 3245 1637 imaginem
3292 1555 3499 1638 ipsam
3547 1555 3844 1639 proprie,
3914 1557 4026 1621 sed
4074 1557 4244 1641 quod
4287 1560 4356 1625 in

2411 1660 2489 1703 ea
2533 1652 3082 1723 repraesentatur,
3143 1641 3285 1706 coli.
3374 1641 3632 1723 Ubique
3679 1653 3901 1706 tamen
3946 1643 4074 1707 illis
4120 1665 4356 1728 expro-

2413 1725 2559 1790 brat
2622 1727 2896 1810 spiritus
2961 1726 3129 1809 quod
3198 1727 3349 1791 deos
3417 1728 3668 1811 ligneos
3727 1739 3791 1793 et
3851 1727 4138 1811 lapideos
4206 1730 4358 1796 ado-

2412 1826 2597 1876 rent:
2652 1813 2807 1895 quia
2865 1812 3197 1877 carnalem
3255 1813 3441 1878 illum
3499 1813 3746 1877 cultum
3816 1814 4116 1898 repudiat
4172 1813 4357 1882 Deus

2410 1920 2602 1983 quem
2650 1899 2936 1963 offerunt
2980 1898 3298 1963 increduli
3345 1920 3560 1964 coram
3610 1900 3788 1983 ligno
3832 1910 3899 1965 et
3942 1900 4177 1984 lapide.
4280 1901 4358 1969 Si

2409 1986 2554 2068 quis
2597 2006 2707 2050 eos
2751 1986 3105 2067 interroget
3157 2004 3350 2067 quem
3409 1986 3622 2051 colere
3669 1985 3955 2051 habeant
3997 1987 4069 2051 in
4115 1991 4354 2068 anime,

2410 2071 2708 2154 protinus
2753 2070 3257 2153 respondebunt,
3304 2071 3449 2136 Deo
3493 2091 3565 2136 se
3608 2081 3942 2156 praestare
3984 2094 4176 2156 quem
4222 2075 4355 2158 pie-

2411 2158 2581 2221 turis
2640 2167 2706 2222 et
2765 2160 2998 2222 statuis
3053 2155 3367 2221 honorem
3434 2156 3756 2224 deferunt.
3846 2158 3976 2224 Sed
4025 2161 4358 2226 evanescit

2407 2242 2648 2308 frivola
2712 2243 2826 2307 illa
2891 2242 3257 2308 excusatio:
3326 2244 3480 2326 quia
3537 2244 3784 2308 idolum
3840 2245 4091 2328 erigere
4133 2266 4354 2311 coram

2406 2351 2534 2412 quo
2557 2351 2625 2394 se
2644 2339 3080 2412 prosternant,
3105 2328 3171 2392 id
3197 2351 3352 2394 vero
3376 2341 3475 2394 est
3511 2328 3834 2414 abnegare
3862 2352 4087 2395 verum
4116 2332 4351 2399 Deum.

2407 2413 2692 2498 Ideoque
2736 2415 2901 2479 nihil
2949 2415 3187 2479 mirum
3236 2416 3295 2480 si
3334 2417 3738 2498 pronunciet,
3786 2416 4038 2500 lignum
4079 2427 4146 2482 et
4188 2418 4349 2501 lapi-

2408 2500 2556 2565 dem
2603 2501 2880 2579 adorari,
2927 2499 3084 2565 dum
3128 2513 3385 2582 spectra
3428 2522 3468 2566 a
3511 2523 3582 2566 se
3619 2505 3894 2568 conficta
3939 2503 4215 2569 adorant
4258 2505 4353 2569 in-

2406 2586 2655 2654 ereduli
2702 2589 2770 2651 in
2817 2585 2998 2669 ligno
3042 2597 3111 2650 et
3154 2586 3385 2669 lapide.
3481 2589 3571 2653 Et
3615 2589 3744 2654 iam
3807 2586 4123 2667 diximus,
4185 2589 4354 2657 ritus

2406 2694 2632 2740 omnes
2667 2673 2777 2755 qui
2814 2693 2853 2736 a
2890 2673 3217 2755 spirituali
3259 2672 3383 2739 Dei
3419 2674 3597 2740 cultu
3622 2673 4014 2759 discrepant,
4059 2674 4166 2741 hic
4201 2697 4352 2761 pro-

2405 2757 2857 2910 hiberiaquOd
2882 2760 2962 2823 ad
2987 2758 3425 2825 discutiendas
3451 2761 3615 2827 tales
3638 2760 3914 2826 nebulas
3936 2762 4095 2827 satis
4125 2783 4353 2846 super-

2403 2866 2533 2930 que
2572 2868 2615 2911 Î½
2684 2856 2768 2912 et.

2581 2931 2721 3015 Eyo
2767 2934 2932 2998 enim
2978 2928 3206 2997 Iehova
3248 2933 3430 2999 Deus
3472 2939 3634 2999 tuus,
3725 2932 3980 2999 Partim
4036 2932 4350 2998 minando

2405 3027 2630 3096 terret,
2676 3021 2915 3102 partim
2961 3015 3198 3085 blande
3245 3020 3583 3104 promittit,
3632 3030 3706 3085 ut
3748 3039 3858 3085 eos
3901 3018 4234 3085 contineat
4277 3019 4348 3085 in

2404 3104 2634 3170 officie.
2699 3106 2795 3170 Ac
2833 3105 3061 3189 primis
3104 3107 3361 3187 quidem
3406 3108 3620 3172 verbis
3655 3105 3947 3188 coarguit
3985 3127 4209 3170 eorum
4245 3106 4349 3170 in-

2405 3189 2894 3273 gratitudinem,
2984 3191 3039 3255 si
3116 3193 3199 3257 ad
3276 3192 3711 3257 idololatriam
3794 3214 3864 3257 se
3929 3189 4348 3275 prostituant,

2404 3276 2664 3359 quando
2727 3277 2919 3342 electi
2978 3277 3239 3342 fuerant
3302 3280 3371 3343 in
3451 3278 3847 3361 peculiarem
3916 3289 3983 3343 et
4046 3290 4348 3344 sanetum

2406 3364 2735 3447 populum.
2783 3365 3022 3444 Postea
3069 3373 3384 3429 terrorem
3432 3364 3698 3445 incutit,
3759 3385 4035 3447 poenam
4095 3363 4348 3429 denun-
4420 3395 4425 3400 Î‡

2402 3449 2669 3514 eiando:
2730 3451 2990 3514 tandem
3049 3471 3163 3532 spe
3221 3452 3774 3516 remunerationis
3832 3472 3942 3517 eos
4000 3450 4233 3517 allicit:
4291 3450 4349 3515 si

2400 3534 2779 3600 obedienter
2813 3548 3122 3600 maneant
3164 3537 3230 3600 in
3280 3557 3446 3619 puro
3492 3536 3618 3602 Dei
3659 3536 3861 3603 cultu.
3903 3536 4042 3602 Nec
4086 3545 4347 3601 tantum

2401 3643 2558 3705 erga
2603 3622 2898 3704 singulos
2942 3642 3247 3687 severum
3294 3637 3409 3687 aut
3451 3622 3812 3688 beneficum
3862 3645 3932 3687 sc
3988 3623 4124 3688 fore
4168 3622 4345 3686 affir-

2400 3720 2576 3771 mat:
2633 3709 2744 3771 sed
2806 3720 3155 3790 utrumqne
3201 3706 3281 3773 ad
3329 3721 3622 3790 posteros
3667 3707 3979 3789 extendit,
4045 3706 4346 3792 quamvis

2400 3815 2530 3857 non
2577 3794 2832 3876 aequali
2881 3792 3088 3870 modo,
3135 3803 3212 3857 ut
3255 3807 3479 3877 postea
3518 3796 3902 3861 videbimuS.
3993 3795 4344 3859 Destinavi

2399 3878 2659 3961 quidem
2708 3879 2907 3943 alium
2957 3879 3164 3944 locum
3215 3881 3753 3963 promissionibus
3798 3893 3864 3944 et
3905 3881 4131 3958 minis,
4199 3881 4342 3962 qui-

2399 3966 2523 4029 bus
2568 3967 2863 4031 sancitur
2931 3966 3133 4030 totius
3197 3965 3363 4051 legis
3427 3968 3777 4032 autoritas:
3833 3966 3945 4030 sed
4006 3967 4161 4049 quia
4222 3966 4343 4032 hoc

2399 4051 2769 4115 membrum
2837 4072 3172 4116 annexum
3241 4067 3343 4118 est
3409 4053 3673 4136 speciali
3757 4064 4130 4135 praecepte,
4212 4073 4344 4116 non

2401 4139 2607 4220 potuit.
2645 4137 2980 4203 commode
3025 4137 3239 4204 avelli.
3333 4140 3583 4203 Nomen
3632 4125 3716 4208 â¸7&
3766 4137 4024 4221 quidam
4062 4138 4346 4221 appella-

2401 4228 2534 4288 tive
2597 4236 2879 4299 vertunt,
2926 4225 3143 4298 fortiS,
3214 4225 3324 4291 sed
3373 4228 3678 4308 quoniam
3729 4248 3768 4291 a
3814 4222 4193 4288 fortitudine
4252 4224 4345 4290 sic

2398 4319 2671 4376 vocatur
2717 4311 2926 4388 Deus,
2987 4309 3163 4375 hunc
3221 4330 3519 4391 sensum,
3579 4313 3729 4395 quia
3788 4311 4023 4376 melius
4065 4309 4345 4392 quadra-

2401 4398 2528 4474 bat,
2567 4397 2745 4479 sequi
2784 4396 3006 4460 malui.
3055 4395 3446 4478 Quanquam
3489 4419 3614 4461 non
3656 4398 3772 4462 abs
3809 4418 3879 4462 re
3916 4394 4192 4462 diversis
4231 4418 4345 4460 no-

2399 4481 2690 4546 minibus
2718 4483 2941 4546 Mosen
2971 4483 3167 4546 fuisse
3189 4504 3377 4546 usum
3415 4482 3730 4549 arbitror:
3768 4483 3880 4548 ubi
3918 4484 4093 4547 enim
4129 4482 4348 4565 priore

2401 4571 2538 4633 loco
2586 4572 2801 4649 posuit
2845 4590 3085 4632 nomen
3133 4556 3363 4642 D'nâ€˜7&â€š
3423 4569 3617 4651 paulo
3675 4581 3819 4652 post
3876 4567 4082 4633 altero
4139 4567 4349 4652 elogio

2400 4656 2615 4719 Deum
2686 4655 3083 4736 insigniens,
3168 4654 3523 4737 potentiam
3591 4655 3730 4720 eius
3796 4654 4211 4720 commendat
4278 4664 4352 4719 ut

2401 4742 2734 4805 timeat-ur.
2825 4740 2975 4821 Qua
3038 4741 3287 4804 ratione
3354 4740 3547 4804 simul
3609 4742 4078 4805 aemulatorem
4136 4741 4346 4806 nomi-

2401 4840 2533 4904 nat,
2582 4826 2682 4890 vel
2724 4824 2823 4912 (ut
2858 4826 3119 4908 quidam
3175 4847 3303 4890 nou
3356 4828 3575 4910 inepte
3615 4826 3906 4913 vertunt)
3950 4828 4345 4911 zelotypum.

2400 4914 2568 4977 Nam
2616 4913 3073 4977 obtrectatoris
3122 4932 3359 4975 nomen
3404 4914 3543 4976 Deo
3587 4912 3877 4978 tribuere
3917 4910 4113 4998 (quod
4150 4932 4349 4976 ausus

2398 5008 2503 5062 est
2547 5000 2765 5063 neseio
2810 4997 3016 5084 quis),
3080 5018 3205 5061 non
3266 4998 3622 5080 insipidum
3683 5000 3910 5083 mode,
3970 4998 4083 5064 sed
4131 4995 4347 5081 prodiâ€”

2399 5087 2654 5169 giosum
2702 5097 2822 5149 est.
2912 5085 3115 5165 Atqui
3164 5086 3517 5162 Î¶Î·Î»Î¿Ï„Ï…Ï€á½·Î±Î½
3574 5084 3696 5151 hac
3756 5106 3911 5150 voce
3956 5086 4349 5167 interpreta-

2403 5186 2510 5235 tur
2581 5170 2838 5235 Cicero:
2940 5172 3194 5251 Nempe
3274 5171 3506 5234 vitium
3586 5192 3828 5255 pravae
3895 5169 4350 5234 aemulationis

2402 5270 2679 5334 notans,
2771 5257 2883 5321 ubi
2963 5257 3131 5321 alter
3211 5257 3480 5321 alterius
3560 5256 3998 5341 praestantiae
4078 5253 4346 5319 invidet.

2401 5343 2534 5408 Hic
2603 5363 2755 5407 vero
2837 5342 3027 5410 nobis
3104 5341 3224 5408 sub
3303 5343 3525 5407 mariti
3604 5362 3883 5426 persona
3960 5341 4352 5425 proponitur
