4867 6150
566 427 690 492 147

552 622 826 683 ‘tantum
891 635 968 678 ex
1031 613 1360 696 sepulcre,
1419 612 1533 678 sed
1593 632 1628 676 e
1673 610 2201 696 profundissimis
2255 609 2508 695 abyssis

566 723 774 768 manu
817 699 944 765 Dei
990 721 1059 765 se
1102 701 1299 766 fuisse
1342 706 1577 764 erutos.
1666 696 1957 782 Apparet
2001 710 2253 773 autem,
2310 717 2509 779 quum

572 808 613 854 a
658 788 841 852 Mose
886 786 1043 851 iussi
1089 794 1245 850 sunt
1289 806 1357 850 se
1401 784 1719 851 coniicere
1763 791 1829 848 et
1872 783 2053 866 quasi
2107 783 2512 867 ingurgitare

571 873 646 938 in
714 872 1049 957 angustias
1117 891 1393 953 quarum
1452 872 1527 934 fit
1582 870 1859 948 mentio,
1925 869 2123 933 fuisse
2179 868 2512 933 miraculis

573 958 920 1036 attonitos,
987 966 1055 1022 et
1111 955 1586 1021 somniantibus
1642 955 1921 1033 similes,
1989 952 2510 1036 quandoquidem

571 1045 817 1128 absque
854 1041 1236 1109 difficultate
1271 1048 1658 1124 paruerunt:
1701 1061 1903 1123 quum
1929 1048 2149 1105 tamen
2173 1039 2510 1104 horrorem

570 1130 896 1196 incuteret
939 1130 1081 1212 ipsa
1124 1128 1245 1192 loci
1289 1128 1505 1193 facies.
1571 1127 1803 1210 Neque
1840 1126 2013 1191 enim
2061 1127 2113 1191 si
2159 1124 2510 1195 discrimen

572 1214 1176 1300 apprehendissent,
1228 1223 1359 1277 tam
1408 1221 1708 1295 prompta
1750 1214 1978 1277 fuisset
2023 1212 2102 1276 ad
2148 1212 2508 1294 parendum

571 1301 890 1379 alacritas,
938 1309 1011 1364 ut
1056 1320 1210 1364 mox
1257 1297 1641 1364 videbimus.
1713 1296 1934 1378 Quare
1981 1319 2109 1362 non
2157 1306 2288 1360 tam
2336 1298 2511 1380 ipsos

573 1387 872 1463 laudare,
920 1406 1111 1468 quam
1158 1382 1287 1450 Dei
1333 1382 1846 1468 providentiam,
1889 1384 2058 1448 Mosi
2106 1383 2508 1466 propositum

571 1473 717 1538 fuit.
785 1470 1079 1554 Apparet
1116 1480 1355 1544 tamen,
1395 1469 1521 1535 nisi
1567 1468 1649 1534 ob
1692 1469 1836 1535 visa
1880 1477 1975 1533 tot
2017 1468 2333 1535 miracula
2376 1469 2511 1532 fero

573 1558 858 1623 ecstatici
909 1558 1214 1633 fuissent,
1274 1556 1391 1620 vix
1446 1556 1730 1638 potuisse
1790 1553 2026 1621 adduci
2080 1565 2154 1618 ut
2210 1575 2278 1619 se
2340 1553 2510 1617 ultro

570 1643 1021 1727 impingerent
1082 1643 1146 1709 in
1204 1642 1546 1725 speluncas
1598 1640 1777 1706 unde
1821 1641 2041 1705 nullus
2087 1649 2228 1704 erat
2272 1639 2508 1704 exitus.

570 1729 682 1795 Ex
729 1749 887 1794 voce
933 1712 1090 1807 §UD
1135 1727 1452 1792 coniicere
1498 1726 1652 1793 licet
1695 1747 1907 1792 arcem
1955 1726 2099 1808 rupi
2145 1726 2344 1791 fuisse
2385 1725 2504 1789 im-

570 1815 848 1899 positam
896 1814 976 1878 ad
1039 1812 1476 1898 prohibendos
1531 1833 1846 1878 accessus,
1939 1811 2111 1893 Quid
2173 1811 2293 1877 sibi
2346 1810 2510 1875 velit

571 1911 781 1969 Wl'nrl
828 1899 990 1963 mihi
1036 1920 1164 1963 non
1210 1899 1369 1963 satis
1413 1907 1695 1963 const-at:
1741 1920 1862 1963 nec
1907 1897 2095 1962 video
2131 1919 2245 1963 cur
2268 1896 2508 1963 Graeci

571 1984 1032 2050 transtulerint
1096 1982 1191 2050 Os
1258 1983 1468 2049 vallis.
1580 1984 1669 2048 Et
1739 1985 1870 2049 oris
1949 1994 2169 2048 tamen
2249 1983 2511 2047 nomine

570 2070 925 2154 probabilis
968 2070 1341 2151 coniectura
1385 2070 1643 2135 elicitur
1701 2070 1826 2134 iter
1884 2070 2083 2135 fuisse
2140 2068 2311 2151 pylis
2356 2090 2505 2134 con-

568 2157 888 2222 strictum.
949 2154 1124 2237 Quia
1159 2167 1270 2223 ἾῚΠ
1307 2156 1683 2237 speluncam
1722 2155 2047 2239 significat
2070 2154 2169 2221 vel
2194 2154 2509 2230 foramen,

572 2243 792 2307 nescio
839 2262 924 2305 an
970 2242 1148 2306 locus
1192 2241 1302 2305 ille
1348 2261 1588 2306 nomen
1633 2238 1787 2305 inde
1833 2241 2102 2305 sortitus
2146 2240 2265 2321 sit,
2322 2240 2509 2323 quasi

569 2349 642 2394 os
688 2327 1080 2392 foraminum
1122 2327 1222 2392 vel
1261 2326 1736 2409 speluncarum.
1804 2327 1971 2391 Nam
2019 2325 2275 2390 literam
2323 2340 2342 2393 Ἰ
2380 2325 2452 2389 in
2488 2340 2508 2376 ⁹

571 2415 865 2479 converti
902 2413 1209 2477 usitatum
1258 2422 1374 2491 est,
1422 2421 1487 2476 et
1531 2413 1788 2496 generis
1834 2411 2128 2495 enallage
2162 2413 2231 2475 in
2273 2411 2508 2494 plurali

569 2520 849 2563 numero
905 2497 1225 2563 Hebraeis
1282 2499 1438 2562 trita
1496 2506 1611 2562 est.
1710 2497 1856 2562 Nisi
1916 2499 2019 2563 cui
2079 2498 2242 2562 forte
2296 2497 2507 2581 magis

566 2582 912 2668 probetur,
972 2605 1169 2665 quum
1225 2584 1538 2666 scriptum
1585 2592 1755 2647 esset
1789 2596 2021 2652 ΝᾛΠΠ
2058 2583 2315 2648 literam
2361 2594 2405 2648 Π
2439 2583 2504 2646 iu

567 2670 785 2734 locum
819 2683 864 2737 Π
888 2670 1252 2752 obrepsisse
1274 2676 1539 2752 propter
1562 2668 1970 2733 affinitatem.
2041 2667 2233 2749 Quod
2262 2669 2316 2733 si
2342 2669 2501 2734 reci-

567 2756 767 2838 pitur,
808 2756 1085 2837 positum
1127 2756 1252 2819 erit
1294 2754 1682 2819 femininum
1718 2775 1927 2837 genus
1964 2775 2082 2836 pro
2124 2753 2503 2819 masculino.

567 2840 675 2905 Ita
712 2848 879 2905 esset
903 2839 998 2905 Os
1034 2842 1368 2905 montium.
1415 2839 1665 2905 Verum
1703 2850 1775 2905 ut
1798 2839 2189 2925 etymologia
2234 2839 2507 2905 secundi

566 2927 856 2990 nominis
903 2948 1018 2991 nos
1062 2926 1280 3005 lateat,
1336 2947 1419 2991 ex
1465 2926 1728 2990 nomine
1773 2927 1902 2990 oris
1946 2936 2120 2991 certo
2165 2925 2507 2992 conficitur

569 3012 944 3095 speluncam
1007 3012 1204 3078 fuisse
1264 3010 1535 3095 rupibus
1592 3011 1910 3077 inclusam
1971 3020 2039 3077 et
2095 3013 2353 3097 angusti
2402 3012 2502 3077 in-

614 3119 849 3163 ressus.
911 3097 1323 3181 Quanquam,
1361 3099 1418 3162 si
1455 3098 1524 3162 in
1559 3120 1632 3162 re
1666 3097 1859 3162 dubia
1887 3098 2192 3162 iudicium
2219 3100 2505 3182 proferre

565 3121 752 3264 ficet,
812 3184 1028 3268 potius
1082 3184 1384 3250 existimo
1428 3206 1467 3248 a
1510 3185 1704 3250 verbo
1748 3196 1888 3252 ΓΠΠ
1937 3182 2283 3248 deductum
2331 3204 2500 3249 esse:

569 3269 738 3352 quod
786 3269 1085 3352 sculpere
1130 3270 1479 3355 significat,
1550 3269 1653 3334 vel
1697 3288 1998 3335 exarare:
2062 3271 2215 3352 quia
2258 3270 2507 3335 scilicet

568 3355 897 3439 praecisae
956 3376 1151 3438 rupes
1207 3363 1428 3435 erant,
1494 3355 1676 3438 quasi
1740 3354 1976 3420 malleo
2030 3355 2338 3438 sculptae.
2444 3357 2506 3419 A

568 3448 753 3521 tergo
819 3447 1039 3504 autem
1105 3440 1350 3506 cinctus
1417 3451 1556 3506 erat
1621 3440 1803 3505 locus
1870 3442 2066 3521 mari,
2134 3463 2208 3506 ac
2264 3442 2317 3506 si
2376 3442 2503 3505 iam

567 3524 908 3591 Israelitae
951 3526 1022 3590 in
1069 3527 1439 3609 sepulcrum
1486 3526 1762 3592 coniecti
1805 3526 2038 3591 forent.

739 3611 798 3676 3.
869 3611 1050 3677 Dicet
1105 3613 1271 3677 enim
1335 3611 1611 3677 Pharao.
1719 3609 1848 3676 Hie
1907 3611 2246 3677 consilium
2315 3632 2504 3676 suum

564 3695 737 3761 Mosi
779 3699 1043 3779 exponit
1087 3698 1299 3763 Deus:
1359 3699 1655 3780 quamvis
1721 3697 1912 3762 toties
1966 3719 2112 3762 cum
2162 3697 2506 3763 Pharaone

566 3802 955 3866 congressus
992 3783 1286 3848 retulerit
1320 3783 1615 3868 insignes
1651 3784 1972 3861 victorias,
2012 3793 2260 3848 restare
2284 3792 2504 3849 tamen

566 3866 870 3931 ultimum
918 3878 1168 3948 actum,
1235 3878 1311 3933 ut
1366 3870 1435 3933 in
1496 3868 1663 3933 mari
1716 3869 1931 3950 ipsum
1977 3867 2315 3955 demergat
2357 3891 2505 3934 cum

566 3954 881 4020 exercitu.
945 3953 1125 4018 Dicit
1169 3954 1368 4035 igitur
1412 3955 1537 4020 hac
1579 3954 1885 4020 illecebra
1929 3963 2188 4037 captum
2228 3956 2308 4018 iri
2329 3954 2505 4020 Pha-

572 4059 863 4118 raonem,
898 4048 974 4103 ut
1007 4039 1077 4102 in
1100 4060 1290 4104 suum
1329 4040 1665 4105 interitum
1703 4047 1871 4103 ruat.
1928 4040 2101 4105 Nam
2137 4042 2193 4106 si
2230 4041 2507 4124 populus

572 4125 769 4191 celeri
839 4125 1111 4190 traiectu
1177 4125 1464 4190 venisset
1527 4125 1594 4189 in
1661 4133 1901 4189 terram
1961 4124 2311 4205 Chanaan,
2374 4148 2505 4192 non

570 4217 757 4274 tanta
800 4211 1027 4275 fuisset
1069 4209 1207 4276 eius
1252 4210 1681 4294 persequendi
1740 4210 2032 4277 facultas.
2122 4210 2307 4277 Deus
2351 4233 2507 4299 ergo

572 4294 1004 4361 illustrandae
1040 4296 1287 4380 gloriae
1321 4318 1477 4362 suae
1513 4317 1728 4375 causa,
1767 4311 2121 4381 tyrannum
2167 4298 2505 4377 inescavit,

573 4391 650 4444 ut
694 4401 840 4446 eum
902 4392 1194 4464 caperet,
1250 4404 1382 4447 non
1440 4403 1625 4448 secus
1669 4403 1744 4447 ac
1788 4382 1997 4448 solent
2040 4382 2235 4449 hamo
2279 4385 2506 4467 pisces.

573 4464 822 4531 Vocem
845 4478 1030 4534 0³:2³
1065 4488 1229 4549 quae
1266 4467 1372 4534 hic
1393 4469 1678 4552 ponitur,
1706 4468 1816 4533 alii
1840 4469 2182 4552 perplexos
2205 4470 2507 4551 reddunt,

573 4551 685 4616 alii
715 4571 865 4617 vero
894 4553 1211 4622 irretitos:
1248 4554 1360 4619 sed
1399 4552 1730 4619 commode
1768 4556 1963 4620 etiam
2001 4556 2239 4638 exponi
2276 4565 2508 4641 potest,

571 4637 876 4703 confusos
896 4659 1037 4703 esse
1060 4639 1128 4702 in
1162 4646 1356 4718 terra,
1393 4640 1548 4723 quia
1584 4639 1837 4705 nullum
1873 4641 2120 4706 exitum
2159 4642 2507 4726 reperient,

566 4743 807 4806 nempe
851 4725 1176 4808 angustiis
1219 4725 1502 4808 undique
1547 4724 1698 4791 obse
1746 4735 1879 4805 tos,
1936 4736 2000 4791 et
2044 4728 2211 4792 mari
2257 4729 2336 4795 ab
2383 4729 2510 4794 alia

571 4818 761 4892 parte
817 4811 1131 4892 opposito.
1219 4810 1467 4894 Atque,
1529 4811 1638 4876 ubi
1734 4834 1771 4878 e
1821 4813 2089 4879 consilio
2140 4813 2508 4880 Pharaonis

571 4895 894 4978 loquitur,
947 4916 1079 4960 non
1128 4898 1423 4980 sequitur
1465 4895 1828 4984 (hominum
1875 4897 2084 4986 more)
2124 4899 2295 4983 quod
2339 4901 2507 4966 veri-

572 4979 785 5046 simile
830 4991 958 5060 est,
1013 4982 1124 5046 sed
1184 4993 1255 5047 ut
1314 4983 1647 5066 proprium
1706 4984 1847 5050 eius
1892 5007 2131 5052 munus
2175 4996 2274 5052 est
2316 4985 2510 5054 corda

572 5066 880 5147 scrutari,
949 5066 1028 5132 de
1072 5068 1448 5135 abscondito
1493 5071 1761 5154 tyranni
1806 5071 2045 5138 affectu
2100 5075 2509 5154 pronunciat,

572 5159 651 5218 ut
696 5152 774 5217 de
818 5174 889 5218 re
933 5152 1050 5220 sibi
1102 5153 1263 5220 bene
1316 5164 1671 5238 perspecta.
1761 5155 1998 5223 Postea
2059 5158 2315 5241 longius
2357 5180 2508 5243 pro-

570 5237 886 5322 greditur.
976 5239 1204 5323 Neque
1247 5243 1420 5306 enim
1466 5250 1722 5306 tantum
1768 5263 1837 5307 se
1879 5242 2262 5326 praevidere
2307 5246 2511 5329 signi-

558 5326 725 5391 ficat
758 5323 917 5408 quid
951 5324 1247 5391 futurum
1289 5327 1407 5392 sit:
1455 5327 1568 5393 sed
1603 5329 1838 5394 iterum
1876 5330 2117 5412 repetit
2152 5330 2320 5413 quod
2358 5342 2510 5396 ante

1708 419 2449 490 COMMENTARIUS
2494 420 2592 486 IN
2637 420 2938 514 EXODI
2979 419 3177 487 OAP.
3220 419 3410 487 XIV.

4418 423 4530 489 148

2616 610 2958 694 aliquoties
3001 610 3316 689 vidimus,
3377 631 3487 677 cor
3529 609 3895 676 Pharaonis
3944 632 4013 675 se
4057 609 4532 691 obduraturum,

2613 706 2689 762 ut
2753 697 3062 780 populum
3128 709 3575 780 persequatur.
3688 694 3880 763 Unde
3942 697 4263 779 sequitur,
4339 697 4534 778 ipsius

2614 783 2883 848 arbitrio
2963 791 3026 847 et
3095 781 3292 847 ductu
3370 782 3490 848 hoc
3560 792 3767 847 totum
3821 781 4026 847 fuisse
4088 783 4532 867 gubernatum.

2614 868 2964 933 Caeterum
3011 889 3140 933 non
3187 869 3305 932 soli
3352 868 3525 932 Mosi
3567 870 3873 951 privatim
3921 867 4044 933 hoc
4089 877 4367 933 testatus
4424 878 4532 947 est,

2613 954 2725 1019 sed
2773 975 2998 1018 omnes
3043 963 3298 1019 mature
3343 952 3778 1038 praemonitos
3822 974 3961 1019 esse
4008 953 4241 1031 voluit,
4310 975 4391 1018 ne
4433 976 4535 1019 su·

2612 1041 2749 1106 bito
2780 1040 3064 1104 hostium
3104 1039 3390 1106 adventu
3429 1040 3706 1129 perculsi
3744 1039 4162 1122 desperarent
4199 1039 4276 1105 de
4312 1040 4533 1105 salute.

2615 1124 2802 1206 Quae
2846 1133 3065 1190 tamen
3118 1126 3472 1190 admonitio
3507 1127 3726 1190 minus
3762 1125 3968 1189 valuit
4003 1146 4195 1208 quam
4243 1125 4532 1192 decebat:

2615 1212 2767 1294 quia
2810 1210 3006 1295 paulo
3052 1220 3197 1294 post
3251 1211 3670 1294 deprehensi,
3728 1231 3858 1275 non
3915 1211 4132 1276 minus
4192 1212 4535 1277 turbantur

2613 1318 2806 1380 quam
2854 1297 2909 1361 si
2955 1297 3081 1363 Dei
3127 1317 3349 1362 errore
3402 1308 3467 1362 et
3511 1296 3714 1362 Mosis
3772 1296 4027 1363 inscitia
4078 1297 4415 1362 venissent
4468 1298 4533 1361 in

2612 1382 2978 1448 discrimen.

2782 1468 2842 1534 5.
2896 1469 3280 1534 Numicium
3321 1473 3410 1533 est
3461 1472 3666 1534 autem
3715 1468 3864 1551 reyi.
3954 1466 4101 1532 Non
4161 1469 4535 1552 simpliciter

2611 1555 2926 1639 intelligit
2983 1555 3233 1629 Moses,
3301 1575 3518 1638 regem
3581 1562 3735 1619 tunc
3800 1554 4080 1636 primum
4141 1554 4401 1620 audisse
4458 1555 4534 1621 de

2614 1642 2764 1723 fuga
2811 1641 3068 1724 populi,
3120 1660 3282 1723 quae
3326 1639 3597 1704 minime
3640 1638 3892 1705 occulta
3936 1640 4182 1704 fuerat:
4230 1640 4343 1706 sed
4389 1662 4531 1706 nar-

2613 1738 2786 1792 ratas
2832 1726 3032 1791 fuisse
3076 1726 3612 1803 circumstantias,
3659 1746 3823 1807 quae
3868 1725 3946 1789 ad
3995 1725 4238 1807 aliquid
4286 1737 4533 1792 tentan-

2611 1812 2763 1876 dum
2811 1811 3107 1878 stimulos
3164 1809 3494 1876 adderent.
3583 1810 3761 1894 Ergo
3820 1811 3929 1876 ubi
3989 1811 4166 1875 audit
4227 1812 4533 1896 populum

2611 1897 2864 1981 trepide
2907 1897 3173 1980 fugisse,
3220 1898 3552 1962 existimat
3583 1898 3869 1979 potuisse
3903 1897 4173 1961 minimo
4208 1897 4533 1964 obstaculo

2611 1983 2899 2048 retineri.
2968 1983 3104 2048 Nec
3149 1984 3322 2047 solus
3365 1983 3506 2065 ipse
3551 1990 3735 2047 tanta
3779 1984 4063 2047 amentia
4106 1981 4379 2062 laborat,
4425 1983 4530 2049 sed

2610 2090 2835 2134 omnes
2879 2068 3071 2133 aulici
3111 2089 3404 2151 proceres
3449 2066 3732 2134 desidiae
3775 2088 3930 2132 suae
3982 2068 4315 2152 imputant
4369 2068 4536 2153 quod

2610 2155 2844 2219 exierit
2887 2155 3179 2237 populus.
3269 2152 3617 2235 Quaerunt
3669 2152 3838 2236 apud
3897 2175 3966 2218 se
4025 2176 4142 2220 cur
4183 2156 4364 2237 passi
4408 2156 4535 2221 sint

2610 2241 2776 2306 filios
2798 2240 3002 2306 Israel
3042 2240 3240 2306 abire.
3307 2237 3514 2320 Quasi
3553 2260 3876 2329 vero‚non
3913 2240 4125 2305 conati
4161 2241 4297 2306 sint
4332 2241 4534 2307 modis

2610 2326 2911 2391 omnibus
2968 2324 3244 2390 liberum
3314 2325 3669 2391 discessum
3725 2325 4096 2408 prohibere:
4162 2329 4352 2408 quasi
4409 2348 4534 2393 non

2610 2411 2864 2479 devicta
2901 2434 2935 2475 e
2970 2412 3146 2478 coelo
3184 2411 3396 2476 decies
3432 2411 3627 2476 fuerit
3664 2433 3884 2475 eorum
3924 2411 4313 2494 pertinacia:
4359 2413 4534 2496 quasi

2610 2518 2737 2562 non
2821 2497 3084 2562 tandem
3165 2498 3513 2561 extorserit
3579 2498 3760 2562 Deus
3825 2497 4134 2580 populum
4201 2519 4394 2563 suum
4460 2498 4534 2565 ab

2611 2583 2855 2647 invitis.
2945 2582 3077 2649 Sed
3136 2582 3241 2648 hic
3310 2591 3407 2647 est
3456 2584 3802 2666 impiorum
3855 2596 4082 2665 stupor
4140 2598 4215 2647 ut
4280 2596 4534 2649 tantum

2609 2668 3008 2734 exhorreant
3043 2677 3447 2751 praesentem
3485 2669 3611 2733 Dei
3650 2689 3934 2747 manum,
3980 2669 4198 2733 statim
4247 2671 4532 2736 omnium

2609 2777 2774 2837 quae
2832 2754 3136 2821 viderunt
3187 2754 3672 2819 obliviscantur.
3764 2755 3994 2819 Attriti
4052 2756 4314 2820 fuerant
4370 2769 4533 2821 atro·

2609 2841 2792 2906 cibus
2851 2849 2917 2904 et
2984 2839 3323 2905 horrendis
3388 2840 3641 2923 poenis:
3704 2860 3878 2905 nunc
3933 2850 4242 2923 tanquam
4302 2841 4535 2925 integri

2610 2928 2946 3010 disputant
3005 2948 3120 2991 cur
3175 2946 3304 2989 non
3360 2923 3439 2989 ad
3499 2937 3859 2991 extremum
3918 2946 4123 3008 usque
4180 2928 4536 2993 restiterint

2610 3013 2785 3091 Dec,
2830 3012 2941 3095 qui
2987 3032 3095 3078 eos
3139 3013 3427 3077 maxime
3465 3012 3857 3079 reluctantes
3899 3012 4228 3095 quiescere
4278 3012 4534 3080 tandem

2610 3100 2838 3183 coegit,
2881 3107 3228 3183 postquam
3274 3099 3486 3164 decies
3540 3100 3793 3181 experti
3853 3098 4115 3163 fuerant
4168 3120 4237 3164 se
4297 3102 4536 3165 frustra

2610 3185 2827 3249 reniti.
2894 3183 3025 3250 Sed
3065 3183 3181 3249 tali
3217 3185 3521 3267 superbia
3563 3186 3892 3251 excaecari
3930 3185 4234 3268 reprobos
4270 3194 4534 3270 oportet,

2608 3279 2686 3335 ut
2727 3271 3023 3335 ferantur
3064 3269 3135 3334 in
3180 3291 3363 3336 suam
3410 3270 3790 3353 perniciem,
3840 3270 3991 3335 dum
4037 3275 4333 3353 persuasi
4378 3269 4537 3337 nihil

2608 3356 2733 3422 sibi
2777 3377 2919 3422 esse
2964 3354 3259 3435 arduum,
3306 3354 3616 3422 adversus
3660 3356 3877 3421 Deum
3923 3356 4304 3440 confligunt.

2779 3443 2837 3507 6.
2886 3441 2973 3507 Et
3015 3447 3226 3524 aptato
3267 3462 3461 3507 curru
3500 3462 3632 3508 suo,
3723 3442 3960 3507 Paucis
4004 3441 4307 3508 bellicum
4350 3464 4535 3526 appa·

2606 3536 2821 3592 ratum
2861 3526 3167 3593 describit
3194 3528 3431 3605 Moses,
3471 3548 3605 3593 non
3635 3536 3893 3592 tantum
3917 3535 3994 3593 ut
4017 3529 4533 3612 magnitudinem

2607 3614 2876 3680 virtutis
2922 3612 3047 3678 Dei
3109 3613 3520 3678 commendet
3574 3614 3642 3677 in
3702 3611 4038 3679 liberando
4095 3615 4366 3699 populo,
4425 3612 4532 3680 sed

2608 3702 2804 3765 etiam
2864 3711 2941 3763 ut
2998 3697 3223 3763 doceat
3281 3711 3522 3782 quanto
3574 3700 3819 3782 impetu
3867 3712 3930 3765 et
3975 3721 4168 3783 quam
4213 3700 4531 3767 obstinata

2608 3784 2875 3861 audacia
2920 3806 2989 3849 se
3035 3784 3374 3866 proiiciant
3415 3785 3620 3867 impii,
3671 3784 3824 3850 dum
3869 3786 4091 3870 pravis
4135 3793 4202 3850 et
4245 3786 4529 3853 scelestis

2607 3873 2743 3937 suis
2787 3870 3248 3953 cupiditatibus
3293 3892 3539 3935 morem
3584 3881 3839 3955 gerunt.
3927 3872 4154 3955 Nuper
4202 3872 4340 3937 fere
4384 3893 4528 3938 exa-

2607 3957 2818 4021 nimes
2855 3955 3201 4039 stupebant
3224 3956 3556 4041 Aegyptii,
3594 3966 3661 4021 et
3695 3957 4061 4022 clamabant
4096 3955 4176 4021 de
4211 3981 4280 4025 se
4318 3968 4529 4026 actum

2607 4060 2777 4108 esse:
2816 4042 2933 4108 vix
2970 4041 3108 4106 dies
3144 4064 3311 4108 unus
3347 4044 3684 4125 praeteriit
3717 4063 3920 4125 quum
3956 4042 4248 4109 validum
4289 4042 4527 4110 exerci-

2607 4135 2743 4193 tum
2806 4127 3118 4209 colligunt
3174 4138 3482 4210 tanquam
3530 4149 3612 4194 ex
3662 4128 3935 4194 florente
3978 4130 4181 4212 copia.
4274 4130 4350 4197 Si
4392 4128 4528 4213 quis

2607 4214 2891 4299 excipiat
2933 4222 3273 4280 sexcentos
3318 4235 3546 4280 currus
3591 4222 3786 4298 atque
3830 4215 4023 4278 etiam
4067 4216 4256 4296 longe
4294 4216 4526 4301 plures,

2607 4299 3034 4384 quantumvis
3077 4301 3457 4380 instructos,
3522 4299 3720 4366 fuisse
3781 4307 4003 4364 tamen
4062 4302 4348 4385 impares
4390 4320 4531 4366 sex-

2609 4387 2815 4453 centis
2900 4384 3237 4451 hominum
3325 4384 3612 4452 millibus
3699 4385 4065 4452 domandis:
4157 4387 4529 4472 respondeo,

2608 4493 2805 4555 quum
2851 4471 3097 4537 scirent
3140 4483 3468 4537 certamen
3513 4493 3655 4537 esse
3698 4493 3845 4538 cum
3889 4472 4135 4538 imbelli
4181 4475 4390 4552 turba,
4434 4470 4529 4539 cui

2609 4558 2805 4624 etiam
2851 4558 3213 4641 permixtae
3256 4565 3474 4623 essent
3516 4558 3821 4624 mulieres
3865 4566 3932 4623 et
3974 4559 4188 4642 pueri,
4235 4560 4357 4627 hac
4400 4557 4530 4642 opi-

2609 4645 2804 4709 nione
2859 4643 3088 4723 fretos,
3134 4664 3430 4728 sperasse
3487 4644 3668 4709 nullo
3726 4644 3985 4725 negotio
4048 4644 4529 4728 pessumdatum

2608 4731 2690 4795 iri
2734 4730 3071 4814 ingentem
3113 4730 3299 4794 illum
3345 4750 3723 4796 numerum:
3790 4731 3942 4814 quia
3977 4736 4042 4794 et
4078 4730 4424 4815 prudentia
4469 4733 4532 4794 et

2607 4816 2834 4882 ordine
2901 4824 3169 4881 careret.
3272 4814 3410 4882 Nec
3463 4837 3619 4884 vero
3679 4837 3828 4900 spes
3885 4836 3996 4881 eos
4058 4816 4354 4896 fallebat,
4408 4812 4531 4880 nisi

2609 4901 2866 4967 obviam
2926 4902 3157 4967 ivisset
3212 4902 3413 4967 Deus.
3518 4901 3650 4968 Sed
3711 4911 3950 4968 eventu
4011 4902 4352 4985 probatum
4408 4900 4530 4966 fuit

2608 5008 2803 5072 quam
2862 5007 3015 5053 vere
3070 4988 3455 5070 pronunciet
3499 4987 3762 5054 Salomo
3807 4986 4028 5075 (Prov,
4075 4988 4178 5069 21,
4220 4988 4349 5076 30),
4408 5007 4529 5052 non

2610 5096 2750 5140 esse
2787 5074 3188 5156 sapientiam,
3236 5093 3443 5157 neque
3478 5074 3917 5156 prudentiam,
3953 5095 4166 5157 neque
4196 5073 4526 5141 consilium

2611 5158 2926 5226 adversus
2979 5159 3227 5225 Deum:
3296 5169 3361 5224 et
3418 5181 3613 5243 quam
3672 5182 3823 5226 vere
3881 5159 4190 5226 ecclesiae
4248 5159 4529 5226 hostibus

2610 5246 2884 5311 insultet
2905 5243 3112 5311 Isaias
3147 5245 3207 5326 8,
3248 5245 3320 5311 9:
3365 5245 3701 5331 Accingite
3739 5267 3873 5327 vos,
3910 5253 3978 5311 et
4012 5241 4523 5331 confringemini:

2611 5332 2928 5416 accingite
2971 5352 3115 5411 vos,
3162 5342 3229 5397 et
3273 5332 3806 5418 confringemini:
3853 5333 4015 5398 inite
4059 5333 4423 5411 consilium,
4466 5333 4529 5394 et
