4867 6150
350 473 486 539 413

352 662 647 727 micaret.
733 660 897 727 Ideo
939 662 1117 727 enim
1162 660 1375 727 voluit
1415 661 1602 728 Deus
1659 660 2000 727 lucernam
2044 659 2315 726 accendi

353 759 587 812 contra
649 746 882 814 faeiem
899 798 918 828 ‚
982 747 1095 815 vel
1148 767 1187 813 e
1237 748 1511 832 regione
1566 745 1977 825 candelabri,
2036 753 2114 812 ut
2170 747 2315 829 ipsa

351 832 628 899 luminis
660 833 905 899 fultura
943 853 1138 899 suum
1186 834 1385 899 decue
1438 834 1774 900 retineret.
1842 832 2071 912 Forte,
2115 840 2190 897 ut
2231 829 2315 896 de

351 940 428 985 re
471 919 748 985 minime
788 918 1178 1003 spernenda,
1224 919 1621 1003 exprimitur
1638 971 1654 1001 ,
1697 919 1971 984 Aharon
2015 918 2315 1002 paruisse

350 1005 482 1071 Dei
524 1004 835 1087 imperio,
891 1006 1081 1071 sicuti
1128 1024 1168 1069 a
1208 1005 1399 1072 Mose
1458 1012 1816 1089 acceperat.
1905 1002 2057 1085 Quo
2115 1004 2311 1068 etiam

350 1089 641 1175 pertinet
685 1090 858 1174 quod
904 1093 1201 1175 proxime
1245 1092 1577 1174 sequitur,
1635 1090 2068 1175 compositum
2110 1090 2314 1156 fuisse

351 1175 435 1243 ad
489 1176 826 1261 exemplar
870 1178 1042 1260 quod
1109 1176 1370 1243 viderat
1410 1177 1633 1244 Moses
1675 1179 1744 1243 iu
1800 1183 2044 1243 monte.
2134 1175 2313 1241 Illud

350 1272 575 1329 autem
637 1262 770 1328 fuit
827 1262 935 1350 (ut
990 1271 1144 1328 aute
1198 1264 1518 1350 exposui),
1577 1262 1797 1329 Deum
1856 1283 1999 1328 esee
2057 1271 2312 1346 patrem

348 1347 677 1414 luminum
695 1400 712 1428 ,
778 1351 891 1433 qui
955 1349 1195 1432 spiritu
1265 1369 1384 1415 euo
1449 1349 1790 1416 ecelesiam
1846 1349 2170 1428 illustrat,
2227 1369 2312 1413 ne

346 1433 612 1501 oberret
653 1435 726 1500 in
772 1434 1092 1515 tenebris,
1151 1444 1352 1518 atque
1401 1435 1497 1500 ita
1535 1456 1736 1519 quum
1780 1443 2059 1518 occupat
2101 1433 2311 1518 caligo

347 1527 566 1586 totum
608 1522 952 1602 mundum,
995 1520 1299 1586 fidelibus
1343 1521 1482 1587 suis
1525 1542 1668 1587 esee
1714 1541 1833 1605 pro
1876 1520 2012 1586 eole
2047 1529 2115 1587 et
2147 1520 2312 1587 luna

347 1607 420 1672 in
464 1605 681 1673 lucem
725 1615 1116 1691 perpetuam
1160 1615 1236 1672 ut
1278 1607 1439 1674 dicit
1479 1606 1692 1675 Isaiae
1735 1604 1865 1694 (60,
1910 1605 2038 1694 19).

932 1947 1066 2013 Ex
1110 1947 1415 2015 EXODI
1457 1948 1724 2016 XXVI.

520 2120 577 2185 1.
629 2119 1131 2187 Tabernaculum
1183 2140 1333 2186 vero
1382 2120 1585 2203 facies
1626 2142 1659 2187 e
1712 2123 1914 2189 decem
1969 2124 2231 2190 cortinis
2272 2146 2306 2191 e

344 2206 527 2289 bysso
567 2209 836 2289 retorta,
892 2212 950 2273 et
989 2205 1320 2289 hyacintho
1374 2211 1434 2272 et
1477 2227 1806 2291 purpura,
1862 2213 1919 2273 et
1969 2211 2305 2276 vermiculo

341 2292 535 2358 cocci.-
574 2289 908 2358 Gherubim
937 2312 1121 2373 opere
1142 2292 1556 2376 phryqionico
1586 2295 1803 2378 facies.
1863 2294 1924 2359 2.
1951 2295 2305 2380 Lonqitudo

342 2378 621 2445 cortinae
651 2377 848 2443 unius
882 2381 1003 2443 erit
1034 2383 1161 2445 octo
1194 2383 1252 2444 et
1282 2379 1508 2462 viqinti
1536 2380 1914 2446 cubitorum.-
1947 2388 2006 2447 et
2038 2381 2303 2449 &titudo

342 2463 620 2529 cortinae
659 2465 856 2529 unius
871 2515 887 2544 ,
928 2469 1199 2547 quatuor
1239 2463 1617 2532 cubitorum.-
1666 2486 1969 2533 mensura
2009 2488 2145 2534 una
2185 2469 2306 2534 erit

342 2548 630 2617 omnibus
662 2551 941 2615 cortinis.
997 2550 1061 2616 3.
1105 2550 1392 2632 Quinque
1423 2554 1700 2618 cortinae
1731 2558 1915 2618 erunt
1944 2555 2302 2621 coniunctae

341 2634 542 2700 altera
585 2653 727 2700 cum
769 2635 985 2715 altera,
1030 2641 1087 2702 et
1118 2638 1391 2718 quinque
1424 2637 1596 2703 aliae
1628 2640 1903 2705 cortinae
1934 2641 2300 2707 coniunctae

341 2720 548 2787 altera
588 2741 730 2785 cum
773 2721 988 2788 altera.
1077 2723 1139 2788 4.
1198 2721 1429 2789 Facies
1485 2744 1725 2807 quoque
1776 2725 2089 2808 laqueolos
2138 2726 2295 2810 hya-

339 2806 658 2874 cinthinos
697 2808 771 2872 in
825 2827 945 2873 ora
996 2810 1271 2875 cortinae
1323 2809 1522 2875 unius
1577 2812 1644 2875 in
1703 2816 1970 2877 extremo
2023 2814 2099 2878 in
2152 2832 2292 2878 con-

338 2894 683 2959 iunctione.-
747 2898 805 2959 et
865 2894 960 2959 sic
1012 2895 1216 2977 facies
1267 2896 1339 2960 in
1393 2915 1508 2961 ora
1564 2897 1838 2963 cortinae
1894 2903 2169 2965 exuema
2224 2900 2296 2964 in

340 2979 760 3046 coniunctione
848 2982 1142 3047 sectanda.
1265 2981 1327 3047 5.
1428 2982 1900 3067 Quinquaqinta
1984 2983 2296 3066 laqueolos

338 3065 540 3149 facies
575 3065 650 3131 in
696 3067 939 3132 cortina
973 3088 1122 3148 una,
1172 3071 1228 3133 et
1259 3067 1721 3153 quinquaqinta
1757 3070 2065 3152 laqueolos
2092 3070 2295 3153 facies

338 3153 415 3218 in
455 3156 724 3218 eata-emo
763 3155 1039 3219 cortinae
1292 3159 1384 3221 est
1423 3157 1497 3220 in
1538 3157 1963 3223 coniunctione
1996 3160 2292 3237 secunda,

339 3239 612 3320 oppositi
665 3244 849 3306 erunt
901 3238 1175 3322 laqueoli
1230 3239 1390 3307 alter
1445 3243 1647 3307 alteri.
1737 3243 1797 3308 6.
1859 3242 2089 3310 Facies
2143 3245 2295 3310 item

338 3495 639 3563 naculum
690 3517 908 3563 unum.
1001 3498 1058 3564 7.
1117 3497 1348 3565 Facies
1400 3501 1665 3582 insuper
1718 3502 1996 3568 cortinas
2051 3522 2085 3567 e
2125 3503 2295 3585 pilis

336 3603 684 3665 caprarum
725 3586 799 3649 in
837 3586 1167 3650 tentorium
1207 3604 1401 3668 super
1455 3585 1959 3654 tabernaculum:
2009 3589 2294 3655 undecim

334 3671 614 3736 cortinas
650 3670 851 3752 facies
892 3691 1020 3736 eas.
1109 3672 1170 3738 8.
1216 3672 1570 3756 Lonqitudo
1610 3674 1881 3740 cortinae
1922 3675 2137 3753 unius,
2178 3677 2294 3741 tri-

332 3756 515 3840 qinta
551 3755 928 3822 cubitorum:
982 3761 1042 3822 et
1095 3758 1360 3825 latitudo
1410 3760 1682 3825 cortinae
1736 3761 1965 3837 unius,
2024 3766 2294 3842 quatuor

335 3842 681 3909 mbitorum
694 3867 714 3908 .·
754 3863 1055 3908 mensura
1097 3866 1232 3910 una
1263 3846 1385 3911 erit
1415 3846 1704 3912 undecim
1736 3848 1999 3912 cortinis
2012 3872 2031 3911 .-
2094 3846 2155 3913 9.
2202 3846 2293 3913 Et

336 3929 667 4012 coniunqes
721 3930 997 4011 quinque
1038 3931 1314 3997 cortinas
1366 3951 1649 3998 seorsum
1667 3982 1683 4013 ,
1739 3938 1801 3997 et
1849 3953 1963 3999 sex
2017 3935 2290 4000 cortinas

336 4034 619 4081 seorsum
635 4041 655 4079 .·
709 4021 767 4080 et
821 4016 1285 4099 conduplicabis
1339 4019 1645 4084 cortinam
1686 4023 1930 4084 sextam
1972 4039 2005 4084 e
2044 4021 2291 4103 reqione

333 4101 527 4183 faciei
559 4101 824 4168 tentorii.
896 4102 996 4167 10.
1045 4101 1273 4169 Facies
1307 4108 1513 4169 autem
1546 4105 2006 4189 quinquaqinta
2039 4104 2290 4188 laqneo-

336 4186 431 4253 los
472 4188 543 4252 in
585 4206 700 4253 ora
741 4189 1019 4254 cortinae
1058 4189 1255 4255 unius
1295 4191 1369 4255 in
1407 4195 1678 4255 extremo
1720 4192 1794 4255 in
1847 4192 2286 4270 coniunctione,

335 4278 396 4339 et
435 4274 897 4359 quinquaqinta
937 4274 1254 4357 laqueolos
1287 4277 1360 4342 in
1392 4295 1507 4341 ora
1540 4278 1813 4343 cortinae
1843 4278 2292 4344 coniunctionis

335 4360 663 4426 secundae.
755 4360 855 4426 11.
917 4360 1148 4427 Facies
1191 4362 1337 4427 item
1391 4364 1658 4429 uncinos
1706 4383 1921 4429 aereos
1974 4364 2288 4446 quinqua-

330 4446 529 4530 qinta,
570 4465 727 4527 quos
745 4447 1002 4513 induces
1035 4449 1106 4512 in
1141 4447 1469 4530 laqueolos,
1507 4453 1564 4512 et
1595 4451 1929 4534 coniunqes
1962 4451 2291 4516 tentorium

333 4536 392 4598 d
431 4533 554 4598 erit
591 4552 809 4597 unum.
901 4533 1002 4599 12.
1063 4532 1487 4616 Superfluitas
1527 4539 1738 4600 autem
1778 4555 1942 4618 quae
1981 4536 2292 4603 redundat

331 4620 406 4683 in
448 4619 708 4685 cortinis
743 4620 1020 4699 tentorii,
1076 4640 1292 4703 nempe
1342 4622 1686 4688 dimidium
1736 4622 2010 4687 cortinae
2065 4623 2292 4688 redun-

333 4705 570 4785 dantis,
611 4706 952 4786 superfluet
991 4727 1033 4771 a
1075 4711 1244 4791 terqo
1286 4707 1692 4773 tabernaculi.
1763 4706 1863 4772 13.
1914 4707 2291 4789 Cubitiaeque

333 4790 481 4858 hinc
495 4841 511 4869 ‚
571 4796 627 4857 et
682 4791 928 4857 cubitus
982 4792 1163 4857 illinc
1177 4843 1192 4870 ,
1251 4795 1366 4875 qui
1419 4794 1730 4860 redundat
1780 4794 1851 4858 in
1909 4793 2291 4876 lonqitudine

331 4879 722 4946 cortinarum
755 4875 1024 4957 tentorii,
1060 4879 1431 4945 redundabit
1465 4899 1661 4960 super
1682 4881 1882 4946 latera
1902 4880 2291 4946 tabernaculi

330 4964 481 5030 hinc
524 4968 582 5028 ct
620 4964 794 5043 inde,
855 4968 927 5029 ut
975 4968 1138 5048 teqat
1188 4964 1368 5031 illud.
1462 4965 1562 5030 14.
1631 4965 1861 5032 Facies
1900 4967 2049 5032 item
2092 4968 2291 5048 operi-

329 5054 612 5117 mentum
652 5050 914 5116 tentorio
954 5070 987 5116 e
1019 5051 1292 5133 pellibus
1345 5053 1619 5117 arietum
1659 5051 2035 5134 rubefactis:
2090 5054 2290 5134 operi-

331 5141 613 5203 mentum
653 5138 799 5201 item
839 5157 873 5202 e
902 5136 1182 5217 pellibus
1223 5141 1511 5203 taxarum
1553 5159 1838 5220 superne.
1910 5138 2011 5204 15.
2058 5138 2290 5205 Facies

333 5228 396 5289 et
417 5222 667 5289 tabulas
684 5222 1083 5289 tabernaculo
1106 5243 1139 5287 e
1171 5222 1366 5306 li9nis
1397 5226 1595 5290 sittim
1621 5230 1874 5291 stanteS.
1924 5226 2024 5290 16.
2060 5224 2291 5291 Decem

331 5309 688 5376 cubitorum
750 5308 1065 5393 lonqitudo
1129 5308 1413 5375 tabulae.-
1469 5310 1662 5388 cubiti
1713 5331 1859 5378 vero
1913 5317 1970 5377 et
2030 5311 2292 5378 dimidii

331 5396 605 5464 latitudo
637 5395 881 5461 tabulae
911 5397 1122 5462 unius.
1194 5395 1294 5461 17.
1332 5395 1483 5461 Duo
1515 5397 1803 5464 cardines
1833 5404 2013 5463 erunt
2045 5397 2293 5464 tabulae

1768 469 2283 540 SECUNDUM
2323 468 2981 538 PRAEGEPTUM.

4250 477 4387 543 414

2416 660 2555 741 uni,
2594 659 2806 725 instar
2841 661 3163 745 qraduum
3215 659 3425 727 scalae
3479 660 3807 743 dispositi,
3860 661 4020 728 alter
4059 684 4093 729 e
4131 665 4378 748 reqione

2418 744 2685 811 alterius
2705 796 2723 824 ,
2820 748 2915 813 sic
2994 747 3197 829 facies
3279 745 3566 813 omnibus
3649 746 3883 814 tabulis
3964 748 4372 820 tabernaculi.

2421 830 2524 897 18.
2573 830 2800 898 Facies
2839 838 3050 898 autem
3090 831 3339 899 tabulas
3379 833 3804 912 tabernaculo,
3858 835 4085 919 viqinti
4129 837 4379 904 tabulas

2418 918 2508 984 ad
2551 916 2722 983 &itus
2774 918 3197 984 meridianum
3251 918 3337 984 ad
3391 924 3701 985 austrum.
3794 920 3896 987 19.
3953 920 4043 987 Et
4095 923 4374 1005 quadra-

2413 1003 2599 1086 qinta
2641 1002 2821 1069 bases
2862 1010 3185 1089 arqenteas
3222 1004 3424 1087 facies
3463 1005 3581 1071 sub
3619 1007 3851 1091 viqinti
3891 1006 4157 1088 tabulis,
4210 1008 4376 1075 duas

2415 1089 2601 1155 bases
2640 1090 2758 1155 sub
2799 1110 2930 1155 una
2970 1090 3201 1169 tabula,
3234 1111 3359 1173 pro
3399 1090 3642 1157 duobus
3681 1092 4050 1159 cardinibus
4106 1094 4273 1160 eius:
4314 1100 4375 1161 et

2416 1174 2587 1241 duas
2626 1175 2807 1242 bases
2846 1175 2962 1242 sub
3001 1175 3219 1242 tabula
3262 1176 3464 1243 altera
3479 1227 3496 1258 ,
3536 1198 3664 1260 pro
3718 1178 3957 1244 duobus
4004 1181 4373 1247 cardinibus

2415 1262 2571 1326 eius.
2660 1260 2767 1326 20.
2811 1261 2899 1327 In
2941 1263 3132 1329 latere
3172 1283 3316 1329 vero
3359 1263 3739 1329 tabernaculi
3781 1264 4051 1331 secundo
4096 1265 4184 1331 ad
4214 1267 4364 1348 pla-

2455 1367 2564 1412 am
2606 1346 2957 1428 aquilonis,
3010 1349 3237 1432 viqinti
3275 1347 3538 1414 tabulas.
3628 1350 3731 1415 21.
3794 1350 3884 1417 Et
3937 1351 4146 1433 quadr
4242 1353 4369 1418 'nta

2528 1453 2594 1499 es
2637 1453 2858 1499 earum
2890 1439 3232 1518 arqenteas,
3277 1434 3444 1500 duas
3485 1435 3664 1500 bases
3702 1436 3819 1503 sub
3860 1457 3995 1503 una
4207 1460 4267 1516 a,
4313 1443 4371 1505 et

2412 1520 2580 1586 duas
2635 1519 2814 1586 bases
2866 1521 2983 1586 sub
3038 1519 3251 1586 tabula
3305 1522 3526 1588 altera.
3631 1521 3735 1588 22.
3802 1522 4005 1588 Porro
4053 1523 4125 1588 in
4178 1524 4368 1590 latere

2412 1605 2797 1672 tabernaculi
2839 1607 2926 1672 ad
2967 1608 3331 1673 occidentem
3368 1607 3571 1689 facies
3607 1627 3720 1673 sex
3759 1608 4023 1675 tabulas.
4112 1609 4217 1674 23.
4277 1609 4369 1674 Et

2411 1689 2579 1757 duas
2622 1691 2874 1758 tabulas
2911 1693 3111 1776 facies
3152 1692 3408 1776 anqulis
3448 1692 3837 1761 tabernaculi
3877 1695 3947 1760 in
3990 1695 4182 1762 latere
4216 1697 4368 1762 occi·

2409 1776 2679 1843 dentali:
2764 1778 2869 1843 24.
2932 1779 3109 1861 Quae
3162 1784 3348 1845 erunt
3395 1780 3587 1862 quasi
3633 1779 3927 1863 qemellae
3983 1781 4252 1864 inferne,
4309 1786 4369 1847 et

2409 1863 2606 1929 simul
2633 1870 2814 1930 erunt
2845 1865 3035 1947 quasi
3063 1866 3359 1949 qemellae
3391 1867 3463 1930 in
3490 1865 3755 1950 fastiqio
3788 1866 3927 1933 eius
3959 1867 4031 1932 in
4063 1868 4365 1933 circulum

2408 1969 2634 2014 unum:
2667 1953 2760 2016 sic
2792 1952 2911 2017 erit
2942 1951 3019 2016 de
3053 1951 3297 2017 duabus
3329 1951 3497 2017 illis.-
3530 1951 4136 2038 induobusanqulis
4170 1957 4363 2019 erunt.

2408 2035 2513 2101 25.
2548 2033 2764 2103 Erunt
2795 2036 2996 2121 iqitur
3029 2042 3155 2103 octo
3186 2038 3453 2115 tabulae,
3489 2042 3547 2103 et
3579 2035 3757 2103 bases
3777 2058 4000 2104 earum
4020 2045 4369 2124 arqenteae,

2405 2122 2715 2188 sexdecim
2768 2122 2975 2189 bases.-
3024 2123 3189 2189 duae
3243 2123 3423 2190 bases
3476 2129 3658 2189 erunt
3696 2124 3814 2190 sub
3856 2124 4073 2190 tabula
4114 2145 4265 2207 una,
4309 2131 4366 2192 et

2404 2209 2571 2275 duae
2613 2207 2791 2275 bases
2833 2208 2950 2275 sub
2992 2208 3209 2275 tabula
3251 2209 3468 2275 altera.
3546 2209 3634 2275 26
3669 2209 3898 2276 Facies
3939 2212 4129 2276 etiam
4169 2216 4364 2279 vectes

2406 2313 2441 2358 e
2483 2293 2679 2378 liqnis
2719 2296 2916 2361 sittim
2932 2346 2950 2375 ,
2996 2298 3268 2378 quinque
3309 2295 3538 2361 tabulis
3581 2317 3706 2379 pro
3747 2296 3937 2362 latere
3977 2297 4362 2363 tabernaculi

2402 2399 2546 2445 ωηο.
2635 2380 2739 2446 27.
2787 2380 2876 2446 Et
2915 2384 3186 2464 quinque
3237 2386 3428 2448 vectes
3477 2381 3713 2447 tabulis
3751 2403 3878 2465 pro
3931 2383 4121 2448 latere
4161 2383 4367 2448 taber-

2402 2465 2620 2531 naculi
2653 2467 2876 2533 altero.-
2908 2473 2965 2534 et
2999 2470 3273 2550 quinque
3305 2472 3498 2534 vectes
3530 2467 3761 2535 tabulis
3781 2489 3910 2551 pro
3944 2468 4132 2534 latere
4163 2470 4360 2535 taber-

2401 2552 2649 2632 naculi,
2697 2574 2823 2635 pro
2869 2553 3062 2620 latere
3126 2555 3398 2637 iuquam
3452 2564 3768 2639 vergente
3826 2555 3913 2620 ad
3976 2556 4356 2621 occidentem.

2401 2637 2507 2703 28.
2566 2639 2766 2705 Vectis
2786 2645 2990 2707 autem
3007 2640 3257 2706 medius
3264 2660 3391 2723 per
3420 2641 3698 2705 medium
3731 2639 4097 2707 tabularum
4128 2642 4367 2707 transi-

2401 2724 2488 2789 bit
2530 2725 2611 2790 ab
2653 2731 2916 2791 extremo
2950 2726 3038 2791 ad
3085 2732 3442 2792 extremum.
3522 2725 3625 2791 29.
3682 2726 3966 2792 Tabulas
4010 2747 4153 2793 vero
4198 2732 4359 2812 teqes

2402 2831 2579 2888 aure,
2625 2816 2807 2893 atque
2849 2813 3119 2878 annulos
3159 2832 3381 2878 earum
3430 2812 3630 2895 facies
3673 2833 3750 2877 ex
3791 2833 3953 2877 auro
3968 2862 3985 2893 ,
4033 2833 4156 2896 per
4205 2832 4360 2896 quos

2398 2898 2802 2962 traiicientur
2859 2904 3079 2977 vectes,
3156 2899 3581 2981 cooperiesque
3646 2902 3839 2964 vectes
3920 2900 4098 2980 ipsos
4173 2918 4357 2964 aure.

2402 2981 2504 3049 30.
2543 2983 2633 3049 Et
2664 2984 2757 3049 ita
2791 2984 2991 3068 eriqes
3023 2983 3493 3050 tabernaculum
3519 2985 3863 3050 secundum
3881 2984 4356 3066 dispositionem

2400 3071 2570 3149 eius,
2623 3091 2784 3152 quae
2837 3069 2953 3137 tibi
3005 3077 3248 3138 ostensa
3289 3076 3379 3137 est
3418 3073 3491 3137 in
3546 3075 3766 3136 monte.
3854 3069 3959 3136 31.
4032 3067 4258 3136 Facies
4299 3075 4359 3136 et

2398 3155 2609 3222 velum
2652 3177 2729 3221 ex
2770 3157 3120 3240 hyacintho,
3165 3163 3221 3222 et
3249 3177 3573 3239 purpura,
3614 3162 3669 3222 et
3709 3157 4045 3223 vermiculo
4086 3157 4260 3236 cocci,
4294 3161 4355 3223 et

2476 3263 2580 3308 sso
2600 3247 2851 3322 retorta,
2874 3264 3057 3325 opere
3083 3243 3493 3328 phryqionico
3524 3244 3725 3326 facies
3764 3241 3926 3308 illud
3956 3263 4097 3309 cum
4123 3242 4355 3327 fi9uris

2454 3329 2750 3395 herubim.
2818 3329 2922 3395 32.
2960 3329 3052 3396 Et
3072 3350 3271 3412 pones
3304 3330 3468 3396 illud
3507 3349 3699 3412 super
3729 3334 3998 3411 quatuor
4029 3329 4361 3395 columnas

2397 3417 2599 3481 sittim
2639 3415 2929 3483 obductas
2971 3437 3134 3483 auro
3175 3414 3422 3501 (uncini
3462 3436 3682 3481 earum
3725 3414 3935 3502 aurei)
3977 3435 4167 3498 super
4201 3436 4359 3498 qua-

2394 3506 2537 3568 tuor
2569 3503 2750 3569 bases
2781 3507 3122 3587 arqenteas.
3192 3502 3295 3567 33.
3345 3500 3664 3585 Ponesque
3696 3501 3898 3568 velum
3930 3503 4047 3566 sub
4078 3502 4349 3578 uncinis,

2396 3594 2453 3654 et
2492 3590 2844 3656 introduces
2883 3588 3036 3655 illuc
3066 3590 3240 3654 intra
3289 3589 3491 3654 velum
3523 3609 3741 3654 arcam
3774 3587 4140 3667 testimonii,
4182 3586 4355 3653 divi—

2396 3675 2614 3755 detque
2666 3676 2875 3742 velum
2931 3675 3095 3741 illud
3151 3674 3324 3740 vobis
3376 3676 3541 3740 inter
3612 3678 3895 3740 sanctum
3966 3678 4021 3738 et
4072 3678 4358 3739 sanctum

2396 3765 2774 3827 sanctorum.
2864 3762 2969 3827 34.
3036 3761 3243 3827 Pones
3295 3763 3561 3842 insuper
3603 3759 4123 3842 propitiatorium
4164 3779 4361 3841 super

2396 3867 2613 3913 arcam
2685 3849 3024 3914 testimonii
3077 3850 3150 3913 in
3205 3851 3416 3914 sancto
3484 3851 3861 3912 sanctorum.
3975 3845 4080 3910 35.
4152 3843 4364 3911 Penes

2395 3952 2640 4015 quoque
2678 3953 2957 3999 mensam
2997 3932 3179 3999 illam
3221 3939 3397 3999 extra
3439 3932 3641 3998 velum
3657 3983 3673 4013 ,
3738 3936 3795 3997 et
3837 3932 4280 3998 candelabrum
4322 3951 4361 3996 e

2393 4020 2644 4104 reqione
2683 4040 2936 4086 mensae
2976 4020 3047 4085 in
3089 4019 3284 4088 latere
3337 4017 3724 4084 tabernaculi
3765 4018 3851 4084 ad
3891 4017 4250 4096 meridiem,
4295 4021 4356 4082 et

2394 4125 2677 4172 mensam
2744 4126 2948 4189 pones
3012 4108 3083 4172 in
3146 4105 3337 4172 latere
3402 4104 3741 4203 aquilonis2
3844 4104 3947 4169 36.
4018 4102 4107 4168 Et
4155 4103 4354 4186 facies

2394 4193 2600 4259 velum
2634 4192 2719 4258 ad
2760 4194 2989 4259 ostium
3022 4192 3406 4258 tabernaculi
3449 4211 3525 4255 ex
3551 4189 3898 4274 hyacintho,
3943 4194 3999 4254 et
4032 4208 4350 4272 purpura,

2396 4283 2454 4344 et
2508 4279 2842 4344 vermiculo
2890 4281 3084 4357 cocci,
3148 4285 3203 4345 et
3243 4279 3424 4362 bysso
3465 4281 3695 4342 retorta
3733 4296 3912 4358 opere
3954 4275 4349 4358 acupictoris.

2396 4364 2502 4430 37.
2575 4364 2720 4431 Velo
2775 4370 2981 4431 autem
3030 4365 3230 4448 facies
3284 4365 3557 4447 quinque
3612 4361 3937 4427 columnas
3992 4381 4071 4425 ex
4132 4360 4349 4438 sittim,

2395 4471 2560 4534 quas
2601 4456 2763 4534 teqes
2804 4472 2984 4529 auro,
3027 4456 3084 4517 et
3121 4451 3341 4517 uncini
3374 4468 3594 4516 earum
3628 4449 3831 4527 aurei,
3869 4447 4237 4530 fundesque,
4259 4447 4353 4511 eis

2392 4538 2666 4620 quinque
2707 4536 2884 4603 bases
2925 4558 3162 4604 aereas.

2574 4710 2631 4774 1.
2684 4708 3182 4776 Tabernaculum
3222 4729 3366 4775 vero
3402 4708 3621 4791 facies.
3710 4705 3796 4770 Iu
3833 4711 3969 4770 tota
4011 4710 4347 4771 structura

2393 4795 2804 4862 tabernaculi
2848 4795 3210 4862 tenendum
3254 4802 3354 4860 eet
3397 4792 3573 4877 quod
3618 4800 3772 4856 ante
3807 4788 4115 4870 vidimue‚
4157 4789 4347 4854 edoc-

2397 4892 2499 4947 tos
2543 4882 2747 4948 fuisse
2788 4883 3128 4948 Israelitae
3170 4881 3292 4947 sub
3336 4880 3630 4946 externis
3669 4876 3922 4962 figuris,
3967 4897 4162 4961 quam
4247 4896 4349 4938 re-

2394 4969 2567 5033 tioea
2600 4990 2706 5036 ree
2742 4976 2917 5034 esset
2951 4967 3170 5035 cultus
3206 4966 3371 5032 Dei:
3406 4965 3682 5049 ideoque
3717 4962 3946 5029 sedulo
3981 4983 4181 5027 caven
4202 4980 4346 5059 ‚um

2392 5075 2558 5133 esse,
2595 5077 2679 5121 ne
2714 5054 2870 5121 ullis
2904 5055 3211 5120 sordibus
3243 5052 3724 5136 inquinaretur.
3784 5051 3960 5116 Nam
3997 5046 4347 5131 magmfica

2392 5141 2511 5206 illa
2553 5153 2825 5207 ornatus
2871 5140 3159 5225 dignitas
3202 5138 3504 5205 sordibus
3548 5136 3846 5220 opposita
3885 5136 4030 5201 fuit.
4097 5130 4345 5234 A‘dmo-

2393 5228 2518 5291 niti
2565 5229 2765 5293 etiam
2810 5227 3101 5305 fuerunt,
3146 5226 3203 5292 ei
3247 5226 3503 5292 censeri
3546 5224 3795 5290 vellent
3838 5220 3986 5305 puri
4032 5220 4160 5284 Dei
4204 5218 4342 5283 cul-

2395 5320 2605 5394 toree‚
2664 5312 3030 5380 cavendum
3090 5332 3233 5378 eese
3292 5311 3373 5378 ab
3437 5310 3617 5376 omni
3674 5304 4131 5383 immunditie;
4189 5324 4345 5369 nam

2395 5400 2708 5466 ecclesiae
2749 5400 2971 5484 imago
3014 5398 3513 5466 tabernaculum
3548 5396 3693 5461 fuit.
3762 5391 3873 5457 Ita
3909 5413 4026 5474 per
4071 5399 4348 5458 externa
