4867 6150
343 463 457 530 129

338 651 478 718 Non
523 650 933 733 relinquetur
976 650 1242 737 ungula,
1293 672 1511 717 acrem
1555 651 2081 738 obiurgationem
2127 673 2276 718 cum

339 737 681 806 acerbitate
738 747 804 801 et
861 734 1174 820 despectu
1230 738 1550 803 continet:
1611 759 1687 804 ac
1742 740 1797 803 si
1854 739 2009 804 data
2077 759 2277 823 opera

335 834 654 910 pungeret
719 822 1128 889 virulentum
1199 824 1471 908 tyranni
1534 824 1849 890 animum.
1965 823 2278 891 Diximus

339 918 548 975 autem
594 918 805 985 antea,
849 907 1095 974 nullam
1133 907 1337 975 fuisse
1371 909 1856 976 simulationem
1879 911 1948 975 in
1986 911 2093 977 his
2127 932 2277 977 ver·

338 996 446 1061 bis.
518 993 665 1058 Etsi
709 994 885 1060 enim
931 993 1173 1059 sciebat
1217 1005 1484 1060 sanctus
1532 996 1635 1059 vir
1677 996 1938 1081 longius
1982 1007 2277 1080 spectare

336 1080 452 1148 Dei
498 1079 872 1158 consilium,
917 1080 1079 1146 satis
1124 1090 1348 1146 tamen
1404 1079 1635 1147 habuit
1690 1083 2095 1166 praescripta
2153 1083 2277 1149 sibi

335 1165 639 1232 mandata
683 1163 963 1231 deferre:
1009 1186 1131 1234 nec
1177 1187 1330 1233 vero
1375 1167 1472 1232 fas
1516 1175 1686 1232 esset
1728 1165 1948 1234 Deum
1993 1168 2275 1235 obstrin-

335 1271 485 1337 gere
548 1251 671 1317 hac
730 1251 873 1334 lege
927 1263 1002 1315 ut
1061 1253 1295 1336 impios
1351 1253 1645 1318 omnium
1690 1274 1957 1319 suorum
2005 1275 2276 1337 operum

336 1357 587 1420 semper
631 1338 921 1404 conscios
966 1337 1177 1403 faciat.
1748 1352 1753 1358 ’

498 1423 602 1488 27.
650 1422 740 1487 Et
770 1424 1075 1488 roboravit
1118 1422 1347 1489 Iehova
1384 1443 1490 1490 eor
1530 1422 1910 1489 Pharaonis.
1958 1424 2272 1491 Probabi-

331 1507 410 1575 lis
451 1508 611 1574 hinc
659 1509 1031 1574 coniectura
1074 1507 1365 1590 elicitur,
1431 1506 1718 1575 adventu
1764 1508 1971 1576 Mosis
2029 1511 2272 1594 aliquid

333 1594 488 1661 lucis
528 1593 902 1671 emicuisse,
960 1603 1034 1660 ut
1091 1594 1311 1659 minus
1355 1594 1560 1660 densa
1602 1605 1776 1660 esset
1819 1595 2059 1683 caligo:
2121 1596 2276 1681 quia

332 1701 664 1764 nunquam
711 1700 906 1745 ausus
950 1680 1184 1747 fuisset
1220 1680 1482 1746 Pharao
1527 1681 1669 1746 sine
1715 1680 1953 1748 fiducia
1992 1682 2276 1767 impuni-

329 1765 475 1831 tatis
518 1774 654 1830 tam
692 1763 969 1849 superbe
1005 1787 1074 1832 se
1112 1767 1382 1833 iactare:
1431 1765 1543 1830 sed
1581 1766 1751 1850 quod
1790 1767 1976 1833 initio
2007 1769 2273 1835 simula·

329 1852 419 1918 vit
452 1873 493 1918 a
537 1851 719 1918 Mose
756 1851 863 1918 hic
886 1854 1418 1936 praetermissum
1444 1860 1569 1917 est:
1595 1851 1772 1918 unde
1797 1854 2036 1934 pendet
2060 1856 2272 1920 horri-

327 1938 402 2003 lis
448 1958 696 2021 poenae
740 1937 1094 2021 mitigatio,
1154 1959 1320 2022 quae
1375 1938 1560 2002 illum
1624 1939 1706 2003 ad
1752 1937 2271 2023 deprecationem

329 2023 749 2108 compulerat.
841 2023 1161 2106 Quamvis
1221 2034 1438 2089 autem
1500 2022 1714 2091 adhuc
1770 2025 2085 2108 trepidet,
2161 2025 2272 2091 ob·

330 2109 615 2175 durescit
660 2122 910 2186 tamen,
970 2122 1035 2174 et
1089 2131 1161 2175 se
1221 2111 1435 2196 potius
1490 2109 1571 2174 ad
1632 2120 1926 2176 extrema
1984 2132 2274 2195 quaeque

329 2206 691 2279 comparat,
747 2215 942 2279 quam
1006 2196 1145 2261 Deo
1200 2196 1585 2280 simpliciter
1636 2197 2053 2279 obtemperet.
2140 2197 2274 2263 Hic

327 2302 584 2432 puoque
619 2301 740 2347 suo
786 2303 965 2347 more
1002 2283 1216 2349 Deum
1262 2282 1701 2348 indurationis
1735 2292 2029 2348 autorem
2054 2283 2273 2349 Moses

353 2368 518 2435 uisse
612 2369 874 2433 asserit:
960 2389 1091 2433 non
1180 2368 1353 2451 quod
1441 2368 1869 2452 pervicaciam
1962 2368 2274 2435 indiderit

327 2454 498 2521 cordi
572 2454 814 2537 alioqui
893 2454 973 2520 ad
1039 2453 1430 2520 docilitatem
1499 2465 1565 2518 et
1627 2453 2060 2520 obedientiam
2125 2475 2270 2540 pro·

326 2560 559 2624 penso:
618 2539 732 2606 sed
801 2541 952 2623 quia
1011 2541 1353 2623 reprobum
1394 2539 1728 2605 hominem
1775 2549 1841 2605 et
1883 2541 2088 2607 exitio
2153 2563 2271 2608 suo

326 2636 554 2710 sponte
621 2626 927 2692 devotum
992 2625 1278 2692 Satanae
1336 2626 1834 2708 mancipaverit,
1894 2636 1970 2692 ut
2029 2628 2272 2693 maiore

326 2712 603 2780 subinde
691 2712 1051 2795 pertinacia
1134 2713 1204 2777 in
1286 2733 1476 2778 suam
1553 2711 1951 2795 impietatem
2033 2726 2271 2779 rueret.

325 2798 676 2865 Caeterum
722 2819 924 2882 quum
970 2798 1162 2864 toties
1197 2799 1320 2865 hoc
1366 2800 1565 2865 verbo
1607 2818 1767 2864 usus
1810 2799 2006 2863 fuerit
2029 2800 2268 2880 Moses,

324 2885 522 2950 miror
591 2905 721 2968 qua
784 2883 1000 2950 fronte
1066 2883 1394 2968 sophistae
1502 2883 1753 2961 uidam,
1823 2885 2271 2969 permissionis

324 2991 558 3036 nomen
608 2969 1079 3049 substituendo,
1125 2972 1367 3036 claram
1406 2992 1443 3036 a
1493 2992 1568 3036 eo
1603 2972 1997 3036 sententiam
2034 2970 2270 3038 frivolo

322 3057 554 3124 cavillo
602 3056 865 3123 eludere
910 3055 1034 3122 sibi
1078 3057 1478 3141 permittant.

491 3145 600 3210 28.
645 3142 734 3209 Et
777 3143 943 3208 dixit
982 3142 1086 3208 illi
1124 3142 1400 3210 Pharao.
1461 3143 1648 3211 Haec
1690 3144 2303 3213 excandescentiae'

321 3228 710 3314 impotentia
768 3230 838 3293 in
897 3230 1091 3295 rebus
1150 3238 1283 3295 tam
1349 3230 1636 3316 afflictis,
1704 3227 2096 3296 documento
2169 3242 2270 3296 est

320 3335 514 3400 quam
572 3315 865 3381 violento
911 3317 1158 3399 impetu
1351 3326 1533 3381 setur
1577 3316 1787 3384 Satan
1833 3316 1902 3381 in
1948 3317 2268 3402 praecipi-

321 3401 541 3469 tandis
600 3401 848 3486 impiis,
910 3400 1021 3466 ubi
1076 3401 1351 3468 coniecti
1406 3412 1564 3467 sunt
1619 3403 1690 3467 in
1731 3423 2000 3468 sensum
2047 3424 2263 3486 repro-

318 3486 493 3554 bum.
580 3488 752 3553 Nota
796 3486 1058 3570 quidem
1103 3497 1259 3554 sunt
1302 3509 1534 3573 regum
1578 3489 1869 3572 imperia,
1916 3495 1983 3553 et
2017 3510 2056 3554 a
2089 3500 2268 3555 vete-

318 3573 500 3641 ribus
574 3574 786 3658 poetis
845 3581 1098 3637 notata:
1166 3573 1675 3653 Animadverte,
1737 3582 1803 3638 et
1860 3573 2032 3641 dicto
2089 3595 2265 3659 pare.

317 3659 520 3741 Item,
583 3659 859 3724 moriere
902 3660 956 3724 si
1013 3667 1079 3724 te
1136 3659 1424 3726 secundo
1477 3660 1724 3725 lumine
1768 3659 1873 3725 hic
1917 3661 2266 3728 offendero.

317 3744 455 3813 Nec
518 3745 788 3811 dubium
851 3754 952 3810 est
1025 3746 1181 3828 quin
1251 3747 1491 3811 usitata
1556 3747 1942 3829 intemperie
2008 3747 2268 3820 Pharao

316 3853 494 3898 nunc
543 3853 799 3916 quoquc
857 3831 938 3896 ad
997 3852 1227 3898 saevas
1281 3844 1345 3897 et
1397 3843 1650 3900 atroces
1695 3831 1905 3897 minas
1947 3833 2264 3916 prosiliat.

316 3915 609 3994 Verum,
668 3917 794 3982 nisi
844 3917 1191 4003 vertiginis
1254 3919 1490 4001 spiritu
1547 3919 1911 4004 agitaretur
1955 3940 2083 3985 non
2131 3931 2263 3985 tam

314 4003 632 4071 audacter
674 4005 1048 4087 insurgeret
1092 4014 1321 4070 contra
1363 4005 1489 4070 Dei
1534 4026 1832 4083 servum,
1899 4026 2090 4087 quem
2149 4027 2265 4073 ex-

313 4098 544 4171 pertus
591 4090 804 4155 fuerat
847 4089 1274 4174 insuperabili
1321 4090 1566 4156 virtute
1609 4089 2015 4175 praeditum:
2074 4091 2264 4157 adeo·

312 4196 437 4258 que
481 4177 607 4242 sub
630 4176 837 4260 ipsius
861 4176 989 4241 Dei
1013 4176 1335 4259 auspiciis,
1381 4198 1636 4242 summo
1672 4178 1944 4261 imperio
1967 4177 2038 4241 in
2061 4178 2265 4243 omni·

311 4260 436 4328 bus
480 4261 830 4328 elementis
874 4260 1214 4326 dominari.
1262 4262 1441 4329 Hinc
1476 4263 1672 4327 etiam
1710 4262 2094 4347 colligimus,
2132 4285 2263 4328 non

311 4346 749 4426 humanitate,
811 4347 916 4413 vel
972 4347 1321 4428 modestia,
1382 4350 1482 4413 vel
1540 4349 1887 4414 tolerantia
1931 4357 2260 4414 retentum

312 4443 470 4499 ante
553 4434 754 4500 fuisse
842 4435 1189 4517 quominus
1255 4435 1541 4500 saeviret
1608 4436 1675 4500 in
1767 4434 2034 4500 Mosen:
2112 4434 2267 4518 quia

308 4519 592 4585 florente
651 4520 867 4586 adhuc
933 4521 1119 4604 regni
1186 4532 1363 4585 statu
1406 4520 1769 4586 ferventior
1832 4520 2063 4586 fuisset
2119 4521 2264 4588 eius

311 4605 688 4672 iracundia:
734 4605 847 4672 sed
893 4627 1131 4674 arcano
1180 4607 1406 4672 fraeno
1450 4606 1808 4672 cohibitum
1858 4607 2070 4671 fuisse.
2133 4607 2263 4672 Re·

310 4711 560 4775 sponso
603 4702 821 4758 autem
878 4713 995 4758 suo
1044 4693 1261 4758 Moses
1325 4691 1613 4758 ostendit
1654 4712 1849 4776 quam
1893 4713 2011 4775 pro
2054 4692 2265 4757 nihilo

312 4776 584 4844 duceret
641 4799 904 4862 spumas
969 4778 1133 4845 illas.
1221 4778 1415 4844 Ultro
1472 4779 1647 4843 enim
1704 4777 1995 4858 insultat,
2063 4798 2137 4843 ac
2196 4800 2267 4844 se

312 4864 607 4950 amplius
691 4866 763 4930 in
850 4866 991 4929 eius
1069 4874 1486 4948 conspectum
1560 4873 1913 4928 venturum
1996 4884 2263 4948 negans,

313 4950 665 5036 indignum
732 4971 874 5017 esse
939 4951 1266 5035 significat
1346 4950 1533 5015 cuius
1592 4951 1810 5035 gratia
1864 4948 2112 5014 diutius
2168 4951 2263 5015 la-

313 5032 521 5103 boret.
635 5036 983 5103 Caeterum
1051 5034 1352 5102 videmus
1429 5035 1704 5119 impium
1781 5055 2038 5119 regem,
2108 5036 2261 5102 dum

312 5143 436 5188 suo
477 5122 705 5188 furore
750 5124 1020 5208 rapitur,
1088 5123 1509 5188 vaticinatum
1554 5144 1696 5188 esse
1758 5133 2020 5206 praeter
2063 5122 2263 5187 animi

314 5210 744 5274 sententiam:
812 5211 963 5293 quia
1022 5210 1082 5274 in
1143 5211 1283 5274 eius
1327 5220 1522 5292 caput
1568 5209 1828 5274 retorsit
1864 5209 2050 5273 Deus
2091 5209 2260 5291 quod

315 5293 456 5377 ipse
519 5294 710 5360 alteri
777 5296 1221 5361 minitabatur.
1309 5294 1707 5377 Quanquam
1771 5294 1965 5359 simul
2033 5307 2261 5359 tenen-

314 5378 476 5445 dum
522 5390 643 5459 est,
688 5403 768 5446 ex
818 5382 940 5447 Dei
986 5380 1327 5463 mandato,
1386 5403 1520 5445 non
1565 5391 1778 5446 autem
1825 5396 2069 5445 temere
2112 5381 2259 5447 Mo-

526 5482 751 5539 enum
777 5498 965 5554 opem.
1041 5483 1160 5539 νοτ.
1195 5482 1426 5538 mv.

1512 460 2257 531 COMMENTARIUS
2304 464 2403 531 IN
2444 462 2749 531 EXODI
2785 464 2986 535 CAP.
3024 466 3150 533 XI.

4216 471 4350 538 130

2381 674 2496 719 sen
2572 656 2665 720 sic
2722 656 3091 739 loquutum:
3161 657 3311 739 quia
3368 656 3497 722 nisi
3549 664 3726 723 certo
3784 657 4021 724 fuisset
4069 658 4352 729 edoctus

2379 739 2608 806 adesse
2653 740 2955 806 ultimum
3004 750 3244 821 actum,
3288 763 3545 825 semper
3588 744 3655 808 in
3754 747 4052 811 rocinctu
4115 748 4352 813 stetis—

2379 833 2483 891 set
2525 825 2608 890 ad
2669 826 3122 910 exsequendas
3163 848 3316 893 suas
3360 838 3599 912 partes.
3766 829 3846 896 ed
3890 851 3973 896 ex
4019 842 4342 898 contextu

2379 932 2534 977 mox
2578 911 2857 996 patebit,
2913 912 2986 977 in
3045 912 3169 978 hac
3213 914 3412 979 etiam
3461 934 3613 981 voce
3656 924 3912 981 certum
3954 916 4160 983 fuisse
4204 918 4340 985 Dei

2377 1018 2784 1083 praeconem.

3122 1337 3425 1407 CAPUT
3469 1340 3596 1407 XI.

2554 1515 2607 1576 1.
2653 1508 2932 1576 Dixerat
2964 1515 3174 1575 autem
3218 1509 3448 1577 Iehova
3481 1513 3568 1578 ad
3614 1511 3875 1580 Mosen:
3920 1515 4149 1584 Adhuc
4179 1518 4334 1601 pla-

2368 1618 2523 1682 yam
2564 1616 2762 1661 unam
2803 1596 3120 1662 adducam
3161 1616 3351 1679 super
3397 1596 3809 1678 Pharaonem,
3870 1605 3927 1665 et
3967 1623 4157 1684 super
4202 1606 4332 1670 Ae-

2369 1686 2658 1767 qyptum:
2689 1687 2909 1765 postea
2950 1682 3214 1747 dimittet
3255 1702 3363 1748 vos
3402 1683 3563 1759 hine,
3630 1685 3992 1753 dimittendo
4032 1708 4141 1753 vos
4169 1710 4328 1771 per-

2371 1768 2557 1851 fecte.-
2599 1767 2956 1851 expollendo
2989 1767 3245 1850 expellet
3283 1789 3391 1834 vos
3446 1768 3604 1834 hine.
3714 1770 3774 1836 2.
3830 1771 4108 1854 Loquere
4163 1796 4330 1842 nune

2373 1856 2442 1919 in
2487 1854 2751 1919 aur-ibus
2781 1853 3042 1935 populi,
3101 1858 3170 1919 ut
3221 1859 3441 1937 petant
3480 1856 3743 1939 quisque
3784 1877 3827 1922 a
3861 1860 4150 1940 proximo
4192 1881 4326 1943 suo,

2375 1946 2434 2006 et
2467 1940 2697 2006 mulier
2732 1959 2775 2004 a
2805 1940 3108 2021 proxima
3141 1960 3261 2005 sua
3296 1960 3454 2007 vasa
3497 1947 3788 2025 arqentea
3824 1948 3880 2008 et
3913 1965 4073 2009 vasa
4109 1966 4322 2013 aurea.

2375 2026 2434 2091 3.
2485 2026 2576 2091 Et
2628 2025 2799 2092 dabit
2844 2023 3072 2091 Iehova
3191 2027 3388 2091 atiam
3435 2026 3674 2109 populo
3717 2029 3788 2094 in
3830 2030 4028 2096 oeulis
4072 2030 4322 2116 Aegyp-

2373 2113 2622 2177 tiorum.
2684 2110 2904 2176 Etiam
2939 2111 3040 2175 vir
3193 2131 3292 2177 ses
3332 2131 3601 2196 maynus
3642 2118 3776 2178 erat
3816 2114 3998 2180 valde
4040 2117 4111 2182 in
4152 2122 4322 2185 terra

2375 2198 2662 2297 Aeyypti,
2730 2198 2800 2262 in
2841 2196 3037 2262 oeulis
3078 2217 3400 2263 servorum
3448 2197 3841 2279 Pharaonis,
3898 2206 3955 2266 et
4010 2203 4079 2267 in
4124 2205 4322 2270 oeulis

2363 2284 2608 2367 populi.
2689 2281 2749 2347 4.
2797 2281 2885 2346 Et
2924 2282 3089 2348 dixit
3128 2281 3370 2348 Moses:
3432 2282 3540 2348 Sic
3580 2285 3732 2350 dicit
3768 2283 4019 2368 Iehova,
4076 2290 4323 2355 circiter

2371 2370 2716 2438 dimidium
2772 2368 2968 2435 noetis
3028 2388 3133 2453 eqo
3193 2369 3483 2452 eyrediar
3559 2372 3631 2434 in
3694 2372 3966 2437 medium
4032 2375 4320 2459 Aeqypti.

2373 2454 2432 2520 5.
2481 2454 2910 2536 Morieturque
2945 2474 3126 2529 ,omne
3159 2456 3646 2541 primogenitum
3687 2457 3759 2522 in
3814 2461 3983 2522 terra
4031 2461 4320 2544 Aeqypti,

2374 2562 2417 2607 a
2449 2541 2866 2625 primoyenito
2913 2538 3281 2606 Pharaonis
3321 2541 3432 2623 qui
3471 2542 3636 2607 sedet
3674 2561 3866 2624 super
3898 2544 4125 2610 solium
4166 2547 4321 2626 eius,

2372 2647 2571 2709 usque
2611 2627 2698 2693 ad
2727 2626 3215 2710 primoyenitum
3255 2626 3521 2692 ancillae
3562 2647 3724 2709 quae
3766 2632 3857 2694 est
3886 2635 4032 2713 post
4073 2632 4321 2712 molam,

2373 2717 2430 2777 et
2493 2733 2670 2780 omne
2720 2712 3207 2796 primoyenitum
3263 2714 3544 2777 iumenti.
3659 2714 3718 2779 6.
3782 2713 3873 2777 Et
3924 2717 4043 2781 erit
4090 2719 4323 2784 elaonor

2373 2819 2643 2883 maynus
2700 2799 2770 2862 in
2811 2801 2937 2863 tota
2979 2804 3148 2864 terra
3193 2799 3467 2882 Aegypti
3481 2847 3496 2876 ,
3558 2800 3773 2880 qualis
3814 2821 4135 2883 nunquam
4172 2804 4321 2886 fuit,

2373 2905 2484 2951 neo
2522 2884 2787 2968 futurus
2829 2888 2935 2949 est.
3028 2884 3085 2949 7.
3132 2883 3330 2966 Apud
3370 2903 3577 2950 omnes
3633 2890 3839 2950 autem
3888 2886 4058 2968 filios
4112 2888 4324 2956 Israel

2374 2991 2501 3037 non
2540 2968 2796 3036 movebit
2837 2970 3015 3034 canis
3056 2969 3342 3053 linquam
3382 2989 3583 3048 suam
3629 2971 3707 3035 ab
3748 2970 3994 3039 homine
4014 2976 4322 3058 usquead

2374 3057 2637 3140 animal,
2682 3060 2750 3121 ut
2791 3055 3010 3122 sciatis
3050 3055 3213 3139 quod
3245 3055 3701 3123 distinctionem
3722 3058 3942 3139 posuit
3962 3058 4141 3126 Deus
4162 3061 4323 3128 inter

2374 3144 2713 3228 Aeqyptios
2755 3147 2813 3207 et
2852 3143 3015 3208 inter
3058 3141 3286 3207 lsrael.
3368 3141 3426 3206 8.
3470 3140 3966 3226 Deseendentque
4006 3167 4211 3213 omnes
4252 3147 4322 3212 hi

2371 3232 2540 3296 servi
2580 3229 2677 3294 tui
2719 3228 2804 3293 ad
2844 3248 2958 3305 me,
3004 3233 3060 3293 et
3102 3226 3450 3293 adorabunt
3488 3248 3602 3307 me,
3645 3229 3934 3295 dicendo.-
4010 3230 4322 3316 Eyredere

2373 3321 2442 3380 tu
2486 3321 2545 3380 et
2585 3320 2743 3380 totus
2774 3313 3054 3395 populus
3108 3313 3219 3394 qui
3275 3319 3365 3378 est
3417 3313 3532 3378 sub
3578 3315 3847 3395 pedibus
3887 3317 4046 3382 tuis:
4100 3324 4320 3400 postea

2372 3402 2683 3486 eqrediar.
2785 3399 2875 3464 Et
2929 3418 3214 3484 eyressus
3269 3404 3361 3464 est
3403 3420 3443 3465 a
3492 3398 3828 3467 Pharaone
3890 3402 3963 3467 in
4004 3404 4110 3468 ira
4149 3404 4321 3469 vehe-

2369 3489 2578 3552 menti.
2689 3486 2731 3552 9
2817 3486 3086 3551 Dixerat
3149 3489 3356 3551 autem
3420 3484 3650 3550 Iehova
3712 3488 3798 3552 ad
3856 3486 4111 3554 Mosen:
4173 3490 4319 3554 Non

2370 3573 2591 3639 audiet
2639 3591 2745 3637 vos
2806 3571 3064 3637 Pharao
3083 3621 3098 3651 ,
3155 3576 3228 3635 ut
3280 3570 3680 3651 multiplicem
3722 3578 4008 3654 portenta
4062 3595 4205 3642 mea
4247 3577 4317 3640 in

2367 3664 2539 3724 terra
2585 3658 2871 3741 Aeyypti.
2965 3657 3064 3721 10.
3114 3658 3339 3739 Itaque
3383 3655 3595 3723 Moses
3637 3663 3696 3722 et
3737 3658 4003 3724 Aharon
4041 3661 4321 3743 fecerunt

2369 3747 2585 3811 omnia
2649 3744 2797 3810 haee
2828 3747 3118 3824 portenta
3160 3762 3372 3809 eoram
3422 3742 3771 3816 Pharaone.
3879 3744 3967 3810 Et
4007 3747 4321 3813 roboravit

2370 3829 2601 3896 Iehova
2643 3850 2749 3896 eor
2797 3827 3188 3908 Pharaonis,
3248 3834 3318 3892 ut
3358 3849 3482 3894 non
3522 3829 3854 3895 dimitteret
3896 3829 4067 3911 filios
4111 3832 4320 3898 Israel

2368 3937 2401 3981 e
2443 3922 2612 3983 terra
2654 3936 2793 3982 sua.

2546 4095 2599 4154 1.
2659 4088 2933 4153 Dixerat
2995 4091 3198 4152 autem
3265 4085 3495 4150 Iehova
3560 4087 3647 4151 ad
3710 4085 3948 4152 Mosen.
4052 4087 4318 4154 Recitat

2368 4196 2500 4240 non
2559 4174 2820 4258 proprio
2877 4182 3062 4238 motu
3118 4194 3190 4237 se
3248 4171 3330 4236 ad
3386 4171 3566 4235 illam
3624 4192 3820 4254 quam
3881 4193 4091 4255 nuper
4149 4175 4318 4238 vidi·

2367 4282 2516 4326 mus
2560 4258 3020 4325 confidentiam
3069 4258 3312 4323 elatum
3359 4258 3590 4321 fuisse:
3644 4256 3756 4320 sed
3801 4260 3958 4340 quia
3997 4257 4316 4328 divinitus

2368 4346 2815 4430 praemonitus
2872 4346 3091 4409 fuerat
3132 4347 3262 4408 iam
3324 4343 3550 4407 adesse
3604 4344 3800 4407 finem
3855 4346 4312 4427 certaminum,

2368 4454 2488 4498 nec
2553 4430 2732 4497 aliud
2793 4442 3042 4495 restare
3107 4431 3231 4495 nisi
3299 4438 3373 4494 ut
3427 4428 3688 4494 Pharao
3745 4428 3973 4493 ultimo
4043 4431 4312 4499 vulnere

2366 4517 2749 4585 concideret.
2841 4517 3168 4582 Cohaeret
3212 4516 3415 4599 igitur
3454 4513 3563 4580 hic
3605 4535 3838 4580 versus
3894 4534 4040 4580 cum
4088 4520 4308 4599 proxi-

2366 4626 2491 4684 mo,
2537 4611 2604 4668 et
2646 4622 2880 4669 causae
2925 4601 3204 4667 redditio
3248 4612 3375 4665 est:
3444 4602 3594 4682 quia
3637 4620 3768 4664 non
3814 4600 4046 4667 fuisset
4088 4603 4156 4666 in
4203 4625 4312 4669 ar-

2368 4691 2563 4755 bitrio
2629 4689 2837 4755 Mosis
2903 4687 3261 4752 vocationis
3322 4707 3480 4751 suae
3553 4706 3817 4752 cursum
3899 4688 4308 4774 abrumpere,

2367 4777 2495 4841 nisi
2540 4775 2735 4861 plane
2778 4774 3078 4840 scivisset
3144 4793 3213 4837 se
3272 4771 3619 4856 pertigisse
3664 4793 3868 4855 usque
3913 4772 3995 4838 ad
4041 4784 4306 4844 metam.

2370 4863 2506 4927 Nec
2540 4883 2698 4927 vero
2734 4861 2925 4925 aliter
2948 4856 3299 4942 quadraret
3338 4859 3507 4941 quod
3550 4868 3776 4942 postea
3806 4869 4129 4941 sequetur,
4165 4861 4305 4925 Mo-

2364 4971 2481 5015 sen
2520 4947 2863 5031 loquutum
2886 4966 3028 5012 esse
3053 4944 3402 5021 Pharaoni,
3440 4966 3523 5009 ex
3546 4964 3674 5025 quo
3711 4944 4216 5011 denunciaverat
4234 4969 4306 5013 se

2366 5057 2494 5100 non
2562 5034 2845 5119 amplius
2911 5033 3051 5097 eius
3117 5030 3321 5095 oculis
3386 5031 3873 5112 appariturum:
3925 5030 4050 5096 nisi
4095 5034 4304 5096 conti-

2362 5141 2494 5187 nuo
2560 5133 2784 5185 tenore
2847 5116 3205 5202 productus
3269 5127 3442 5180 esset
3504 5135 3736 5180 sermo.
3852 5114 4309 5200 Interponitur

2360 5216 2583 5272 autem
2625 5206 2785 5270 haec
2828 5203 3155 5270 sententia
3199 5223 3315 5286 per
3359 5200 3810 5284 parenthesin:
3858 5199 4308 5282 Quantumvis

2358 5294 2723 5359 obstinatus
2780 5289 2867 5355 sit
2923 5288 3215 5368 Pharao,
3284 5309 3458 5353 nuuc
3502 5294 3719 5352 tamen
3765 5287 4026 5351 venisse
4069 5284 4312 5357 horam

2358 5400 2491 5464 qua
2535 5379 2677 5444 Deo
2719 5375 3114 5444 succumbat.
3204 5374 3557 5441 Caeterum
3602 5393 3733 5438 non
3777 5370 3969 5436 modo
4011 5393 4326 5456 pronun..
