4867 6150
581 438 707 505 179

583 625 935 707 vocavitque
992 644 1210 690 nomen
1270 623 1410 690 eius
1476 622 1707 690 Iehova
1769 624 2152 690 miraculum
2232 642 2437 687 meum
2465 622 2532 704 ¹).

588 711 689 776 16.
717 710 806 775 Et
838 710 1037 775 dixit.-
1075 709 1251 776 Certe
1282 730 1512 775 manus
1547 730 1739 791 super
1782 709 2011 775 solium
2034 708 2324 774 Iekovac:
2345 727 2533 790 proe-

585 795 1069 949 {vmmlehovae
1124 816 1263 861 cum
1321 796 1580 861 Amalec
1634 817 1676 862 a
1740 796 2130 881 yeneralionc
2170 796 2241 860 in
2279 813 2536 879 yencra-

762 1054 821 1120 8.
883 1052 1061 1119 Vcnit
1103 1058 1310 1119 autem
1332 1052 1608 1119 Amalec.
1657 1054 1800 1119 Hos
1825 1053 2006 1118 Deus
2041 1053 2288 1137 primos
2318 1051 2538 1116 hostes

591 1140 828 1206 obiecit
871 1139 1120 1217 Israeli,
1166 1150 1513 1223 postquam
1559 1138 1639 1204 ab
1687 1140 2028 1222 Aegyptiis
2072 1138 2384 1204 liberatos
2420 1137 2539 1201 ali-

591 1236 836 1375 gianto
925 1236 1217 1308 tempore
1308 1227 1380 1290 in
1457 1225 1677 1307 quiete
1756 1238 1822 1289 et
1901 1226 2029 1289 otio
2107 1226 2537 1290 continuerat.

664 1312 869 1377 uabus
934 1323 1152 1376 autem
1220 1311 1506 1376 maxime
1573 1312 1654 1376 de
1711 1311 1924 1377 causis
1982 1310 2150 1377 bello
2210 1321 2366 1375 tunc
2421 1311 2542 1373 im-

591 1397 729 1481 peti
750 1397 984 1463 voluit:
1033 1397 1135 1462 vel
1181 1417 1310 1480 quo
1355 1417 1632 1478 poenam
1670 1399 1968 1481 exigeret
2002 1396 2082 1461 de
2119 1397 2364 1462 recenti
2400 1395 2543 1459 illo-

591 1504 741 1548 rum
786 1484 1048 1560 scelere,
1096 1483 1201 1549 vel
1246 1502 1373 1565 quo
1419 1503 1641 1547 corum
1682 1480 1994 1548 desidiam
2042 1483 2412 1565 corrigeret,
2460 1502 2544 1546 ne

589 1570 903 1652 peccandi
947 1578 1120 1635 esset
1161 1567 1485 1634 illecebra.
1577 1567 2143 1650 Quemadmodum
2204 1569 2381 1632 enim
2441 1568 2543 1630 in-

590 1663 694 1720 ter
759 1654 1000 1720 milites
1059 1675 1253 1738 saepe
1311 1676 1395 1719 ex
1478 1653 1771 1720 laborum
1862 1655 2247 1720 remissione
2334 1653 2545 1718 oritur

591 1739 842 1817 sediti0,
888 1741 983 1805 ita
1026 1761 1153 1825 quo
1195 1741 1407 1824 magis
1453 1741 1605 1805 huic
1641 1741 1880 1824 populo
1917 1739 2223 1824 parcebat
2260 1740 2443 1805 Deus
2480 1748 2546 1803 et

590 1826 1010 1911 indulgebat,
1085 1847 1161 1891 eo
1230 1827 1440 1910 magis
1512 1827 1845 1893 crescebat
1898 1826 2281 1909 petulantia.
2396 1826 2543 1889 Non

592 1913 832 1978 mirum
892 1914 1096 1996 igitur
1153 1914 1206 1978 si
1267 1911 1437 1979 bello
1502 1913 1939 1995 expergefacti
1995 1914 2271 1991 fuerint,
2341 1932 2540 1994 quum

594 2019 678 2063 ex
743 1998 1097 2082 tranquillo
1163 2007 1337 2063 statu
1406 1999 1786 2064 lasciviendi
1850 2000 2252 2064 occasionem
2327 2018 2544 2061 sume-

592 2093 763 2150 rent.
853 2084 1042 2168 Ipsos
1089 2105 1242 2149 vero
1288 2085 1689 2149 Amalecitas
1733 2084 1996 2168 quidam
2059 2082 2362 2149 divinant
2421 2083 2546 2169 hoc

592 2171 863 2236 consilio
908 2170 990 2235 ad
1034 2192 1219 2236 arma
1266 2170 1468 2236 fuisse
1511 2170 1848 2254 impulsos,
1896 2173 2179 2253 primum
2216 2182 2290 2234 ut
2327 2179 2545 2252 pater-

595 2277 720 2322 nae
786 2257 1217 2322 abdicationis
1282 2257 1528 2322 ultores
1584 2267 1833 2322 essent:
1902 2257 2138 2322 deinde
2205 2255 2377 2340 quod
2434 2275 2543 2319 eos

592 2341 827 2407 urebat
868 2343 1148 2422 invidia,
1205 2363 1324 2407 nec
1381 2343 1692 2407 volebant
1745 2354 2038 2425 posteros
2096 2341 2290 2408 Iacob
2347 2342 2543 2425 potiri

590 2428 998 2494 haereditate
1043 2449 1082 2492 a
1125 2448 1256 2512 qua
1299 2428 1588 2495 deiectus
1623 2430 1836 2493 fuerat
1874 2430 2073 2506 Esau,
2119 2429 2304 2495 cuius
2340 2448 2544 2509 nepos

588 2513 807 2580 fuerat
871 2514 1143 2580 Amalec
1206 2516 1422 2597 gentis
1490 2522 1695 2580 autor.
1809 2515 1898 2579 Et
1960 2526 2135 2580 certe
2209 2513 2545 2597 probabile

590 2610 692 2665 est
737 2601 1116 2665 memoriam
1158 2600 1440 2665 iniuriae
1463 2622 1630 2683 quae
1665 2602 1834 2684 patri
1871 2601 2118 2666 inflicta
2155 2601 2383 2677 fuerat,
2429 2599 2544 2662 ad-

591 2685 723 2752 huc
767 2684 1068 2765 durasse,
1126 2696 1192 2751 et
1236 2707 1276 2750 a
1332 2686 1585 2751 diabolo
1632 2687 1833 2751 fuisse
1878 2687 2241 2770 instigatos,
2301 2695 2373 2750 ut
2418 2685 2545 2750 Dei

592 2772 960 2856 promissio,
1007 2793 1137 2855 qua
1178 2771 1282 2837 ius
1328 2772 1886 2856 primogeniturae
1922 2772 2003 2837 ab
2027 2774 2205 2836 Esau
2242 2771 2323 2834 ad
2346 2771 2545 2836 Iacob

590 2859 958 2937 transierat,
1002 2858 1196 2923 irrita
1238 2868 1429 2938 esset,
1476 2869 1857 2940 careretque
1894 2878 2011 2923 suo
2056 2859 2308 2923 effectu.
2356 2857 2543 2923 Haec

591 2945 856 3029 quidem
901 2943 1190 3009 bellandi
1247 2947 1416 3009 ratio
1475 2965 1619 3009 esse
1674 2944 1809 3010 illis
1869 2945 2111 3028 potuit:
2183 2945 2298 3009 sed
2365 2942 2543 3008 aliud

591 3030 916 3117 spectavit
959 3031 1170 3106 Deus,
1241 3039 1318 3096 ut
1362 3030 1612 3097 scilicet
1653 3030 1970 3116 populum
1995 3080 2012 3110 ,
2070 3029 2341 3097 subacta
2394 3050 2544 3113 pro-

593 3120 809 3183 tervia
866 3118 1079 3202 magis
1129 3117 1596 3200 obsequentem
1656 3117 1781 3183 sibi
1825 3116 2145 3182 redderet.
2232 3117 2326 3181 Et
2379 3118 2547 3181 forte

591 3203 739 3271 ideo
775 3202 1091 3270 subducto
1125 3203 1312 3268 Mose
1357 3203 1586 3268 ducem
1632 3202 1947 3287 praefecit
1989 3202 2255 3281 Iosuah,
2301 3212 2375 3267 ut
2413 3203 2547 3286 sig·

596 3311 757 3356 num
817 3289 1078 3373 aliquod
1139 3289 1612 3373 indignationis
1671 3290 1874 3355 daret.
1977 3289 2122 3353 Etsi
2175 3289 2354 3353 enim
2410 3309 2547 3352 non

596 3376 868 3443 obscure
933 3375 1063 3440 illis
1129 3375 1482 3458 opitulatus
1550 3383 1677 3454 est,
1740 3374 1856 3440 sed
1919 3375 2261 3441 victoriam
2327 3374 2546 3456 adepti

597 3470 759 3530 sunt
802 3462 944 3526 eius
979 3461 1209 3546 gratia,
1256 3469 1325 3525 et
1348 3462 1554 3527 Mosis
1588 3461 1919 3545 precibus:
1958 3461 2169 3526 voluit
2194 3471 2415 3525 tamen
2440 3481 2549 3525 eos

596 3570 718 3633 per
773 3547 979 3614 Mosis
1036 3546 1401 3613 absentiam
1460 3547 1948 3613 commonefieri
2003 3545 2083 3612 de
2140 3547 2392 3612 recenti
2452 3547 2548 3611 of-

597 3636 810 3700 fensa:
846 3641 925 3698 ut
946 3644 1125 3697 metu
1149 3632 1495 3710 humiliati,
1533 3633 1915 3717 suppliciter
1952 3632 2213 3698 veniam
2251 3631 2549 3715 petendo,

605 3719 686 3787 ad
732 3721 875 3785 eius
920 3719 1234 3784 auxilium
1282 3719 1634 3784 attentiore
1678 3741 1835 3786 cura
1879 3718 2326 3802 confugerent.
2412 3717 2549 3782 De-

603 3806 809 3871 lectos
854 3805 1029 3870 viros
1073 3804 1297 3887 egredi
1340 3803 1604 3884 iubens,
1671 3808 1910 3888 partim
1965 3814 2177 3870 totum
2236 3805 2550 3888 populum

606 3893 887 3967 animat,
941 3901 1008 3954 et
1064 3890 1256 3974 erigit
1296 3891 1369 3954 in
1414 3910 1596 3972 spem
1642 3891 1969 3970 victoriae,
2036 3892 2189 3972 quia
2232 3911 2363 3954 non
2410 3890 2553 3973 dig·

606 3991 801 4043 netur
868 3989 1180 4042 cunctum
1245 3977 1605 4041 exercitum
1687 3997 2015 4059 opponere
2085 3975 2382 4042 hostibus
2450 3996 2552 4040 re-

606 4062 957 4149 pellendis:
1031 4063 1270 4145 partim
1327 4063 1610 4127 consulit
1663 4061 1946 4127 imbellis
1991 4062 2218 4127 turbae
2275 4062 2555 4129 infirmi-

607 4152 749 4227 tati,
794 4170 878 4214 ne
920 4169 1161 4232 pavore
1207 4148 1538 4224 concidat,
1598 4148 1657 4213 si
1702 4147 1924 4213 hostes
1967 4148 2037 4212 in
2081 4148 2298 4214 media
2341 4159 2557 4215 castra

610 4238 889 4301 irruant.
977 4234 1208 4318 Neque
1266 4234 1440 4299 enim
1490 4234 1710 4300 Moses
1753 4234 2017 4318 proprio
2061 4234 2326 4299 consilio
2370 4235 2555 4317 quid-

611 4342 806 4404 quam
853 4320 1017 4405 agit:
1076 4320 1190 4384 sed
1236 4320 1586 4385 stationem
1630 4320 1942 4385 divinitus
1986 4320 2113 4384 sibi
2154 4320 2557 4404 assignatam

612 4422 886 4490 occupat
927 4407 999 4470 in
1045 4406 1287 4471 vertice
1331 4408 1592 4483 montis,
1641 4416 1713 4470 ut
1755 4405 1980 4491 procul
2017 4405 2271 4471 hostem
2308 4427 2557 4489 oppug-

614 4505 758 4559 net:
805 4492 965 4557 alios
1011 4512 1166 4557 vero
1208 4493 1561 4557 committit
1598 4494 1681 4556 ad
1716 4495 2083 4576 propiorem
2131 4513 2439 4576 pugnam,
2486 4502 2561 4557 ut

615 4597 852 4644 manus
896 4588 1274 4642 mucel-ant:
1330 4580 1636 4659 quoniam
1697 4579 1791 4643 ita
1847 4577 1987 4642 Deo
2047 4578 2293 4659 placuit
2356 4578 2559 4644 aciem

615 4663 939 4730 ordinare.
1025 4668 1123 4728 Ac
1167 4672 1417 4727 certum
1464 4674 1581 4740 est,
1641 4683 1773 4728 non
1817 4675 1893 4729 ut
1935 4662 2059 4728 sibi
2102 4673 2365 4730 caveret
2407 4686 2558 4730 con-

614 4751 866 4816 flictum
933 4749 1213 4832 fugisse:
1282 4747 1398 4812 sed
1464 4749 1615 4831 quia
1672 4750 1857 4815 Deus
1917 4750 2346 4815 mandaverat
2401 4750 2563 4816 alias

618 4849 859 4919 partes.
920 4834 1127 4916 quue
1169 4833 1326 4898 inde
1370 4845 1644 4918 apparet
1686 4836 1855 4918 quod
1899 4836 2199 4901 baculum
2246 4835 2375 4900 Dei
2417 4858 2565 4921 ges-

617 4923 859 4998 tand0,
952 4931 1261 5003 tanquam
1343 4920 1477 4985 dux
1571 4933 1639 4987 et
1730 4921 2005 5006 signifer
2082 4923 2331 4986 felicem
2413 4922 2568 4987 belli

619 5019 966 5085 eventum,
1011 5007 1091 5071 de
1136 5027 1264 5088 quo
1301 5007 1513 5072 factus
1558 5017 1701 5072 erat
1742 5010 1998 5082 certior,
2043 5008 2175 5072 illis
2221 5008 2565 5089 promittit.

618 5095 840 5160 Pluris
902 5093 1077 5156 enim
1141 5094 1266 5155 fuit
1325 5113 1498 5158 unus
1551 5093 1665 5157 ille
1729 5093 2000 5158 baculus
2043 5114 2240 5177 quam
2284 5095 2342 5159 si
2386 5114 2568 5177 prae-

617 5295 930 5422 baniDela
961 5296 1242 5365 margine:
1287 5295 1421 5363 Vel,
1468 5297 1728 5352 exaltatio
1765 5314 1901 5352 mea.
1976 5297 2048 5350 Ia
2091 5297 2320 5368 aalma:
2353 5315 2447 5366 ou,
2482 5316 2571 5352 ma

748 5383 811 5421 er
843 5405 858 5420 .

1697 433 2442 502 COMMENTARIUS
2490 434 2588 499 IN
2623 431 2924 500 EXODI
2967 431 3164 498 CAP.
3224 428 3453 497 XVII.

4449 427 4558 495 180

2598 620 2945 687 -euntibus
2993 621 3172 686 mille
3230 619 3487 685 vexillis
3543 618 3615 681 in
3665 616 3981 700 proelium
4035 615 4295 681 deducti
4338 630 4555 682 essent.

2639 708 2850 773 Porro
2885 709 3020 772 iam
3053 717 3203 772 ante
3238 705 3564 783 admonui,
3617 703 3918 769 baculum
3966 704 4182 768 vocari
4225 721 4398 767 nunc
4433 703 4560 782 Dei,

2638 816 2813 860 nunc
2868 793 3101 871 Mosis,
3162 813 3336 858 nunc
3394 791 3685 867 Aharon,
3735 788 3996 854 diverso
4040 799 4371 872 respectu,
4426 791 4566 872 quia

2639 883 3081 945 instrumento
3125 878 3238 943 illo
3282 898 3440 942 usus
3484 887 3583 941 est
3629 877 3812 941 Deus
3850 875 3930 940 ad
3978 874 4401 941 exercendam
4446 877 4563 939 vir-

2644 977 2847 1032 tutem
2894 985 3079 1030 suam
3116 986 3232 1049 per
3276 964 3628 1028 ministros.
3696 962 3803 1026 Ita
3847 961 4014 1025 nihil
4058 962 4235 1027 laudi
4273 982 4426 1025 suae
4468 960 4565 1026 de·

2642 1064 2832 1136 rogat
2891 1051 3105 1128 Deus,
3178 1051 3283 1116 ubi
3344 1050 3693 1115 efficaciter
3736 1057 4044 1129 operatur
4081 1070 4198 1130 per
4232 1049 4566 1112 ministros.

2645 1137 2838 1220 Quod
2900 1146 3118 1203 autem
3177 1136 3383 1219 copiis
3440 1135 3575 1199 dux
3633 1134 4009 1217 praeficitur
4072 1134 4347 1210 Iosuah,
4405 1154 4571 1214 prae-

2646 1224 2896 1289 ludium
2965 1224 3091 1289 fuit
3163 1222 3423 1287 futurae
3488 1222 3630 1285 eius
3704 1220 4091 1285 vocationis:
4160 1218 4240 1284 de
4305 1240 4434 1301 qua
4482 1219 4570 1283 vi-

2648 1310 2945 1375 debimus
2999 1328 3120 1374 suo
3163 1309 3325 1373 loco.
3407 1305 3716 1372 Nondum
3769 1307 3945 1370 enim
3989 1309 4058 1368 in
4114 1328 4264 1371 eum
4309 1304 4571 1388 gradum

2647 1395 3117 1462 conscenderat
3171 1404 3246 1458 ut
3290 1392 3614 1459 secundus
3658 1400 3832 1456 esset
3876 1413 3914 1454 a
3964 1391 4176 1457 Mose:
4234 1392 4362 1456 nisi
4416 1390 4571 1472 quod

2648 1481 3243 1547 extraordinarium
3299 1480 3360 1543 ei
3442 1478 3792 1561 imperium
3847 1475 4163 1544 divinitus
4218 1474 4572 1542 mandatur.

2825 1567 2922 1632 10.
2969 1566 3057 1630 Et
3095 1567 3239 1649 fecit
3275 1564 3516 1630 Iosuah
3558 1565 3735 1629 sicut.
3805 1564 4095 1631 Tametsi
4138 1564 4307 1628 nihil
4350 1562 4575 1628 detrec·

2648 1663 2747 1719 tat
2791 1653 3063 1729 Iosuah,
3116 1652 3230 1716 sed
3268 1651 3438 1734 quod
3469 1650 3590 1715 sibi
3626 1651 3963 1733 cognoscit
4005 1650 4303 1715 mandari
4345 1670 4423 1712 ex
4462 1648 4576 1713 Dei

2649 1760 2780 1818 ore,
2823 1739 3050 1804 sedulo
3089 1738 3488 1820 exsequitur,
3533 1743 3603 1801 et
3638 1736 3969 1818 probabile
4006 1748 4106 1800 est
4140 1736 4400 1814 milites,
4435 1755 4579 1817 quos

2648 1826 2772 1891 sibi
2808 1826 3077 1890 comites
3114 1824 3522 1899 adiunxerat,
3570 1822 3775 1905 probe
3823 1824 3958 1886 suis
4006 1824 4302 1906 partibus
4339 1822 4579 1886 functos

2650 1931 2823 1977 esse:
2876 1909 3119 1977 diserte
3170 1921 3389 1974 tamen
3440 1909 3851 1990 exprimitur,
3905 1929 4032 1972 non
4094 1909 4296 1973 fuisse
4336 1906 4581 1990 propria

2650 1999 2911 2075 virtute,
2951 1997 3056 2062 vel
3094 2008 3350 2071 conatu,
3389 1995 3495 2059 vel
3532 1993 3879 2068 industria,
3921 1995 4021 2058 vel
4047 1993 4277 2059 bellica
4315 1995 4449 2058 ulla
4472 1993 4583 2056 vir·
4628 2012 4644 2035 ⁰

2653 2092 2790 2148 tute
2827 2083 3097 2167 adeptos
3137 2082 3493 2159 victoriam,
3547 2079 3659 2146 sed
3697 2080 3903 2144 Mosis
3939 2082 4271 2163 precibus:
4321 2099 4584 2163 quarum

2649 2170 2900 2235 fultura
2955 2178 3091 2233 tam
3140 2166 3276 2233 dux
3321 2188 3515 2251 quam
3561 2168 3890 2231 exercitus
3934 2177 4280 2232 steterunt.
4373 2167 4586 2249 Neque

2653 2268 2869 2320 tamen
2940 2255 3048 2321 hic
3113 2256 3436 2320 iactanter
3501 2252 3915 2318 commendat
3978 2253 4199 2318 Moses
4265 2275 4460 2318 suum
4525 2252 4585 2315 in

2651 2341 2896 2407 orando
2954 2341 3274 2406 studium:
3343 2338 3503 2422 quin
3562 2339 3774 2420 potius
3830 2338 4233 2404 infirmitatis
4277 2360 4436 2404 suae
4479 2358 4588 2421 pu·

2652 2428 2857 2495 blicus
2901 2438 3003 2493 est
3046 2429 3232 2493 testis
3276 2446 3351 2491 ac
3390 2445 3636 2506 praeco,
3681 2435 3759 2488 ut
3791 2424 3998 2506 gloria
4035 2426 4101 2490 in
4142 2425 4427 2489 solidum
4464 2443 4588 2489 ma·

2650 2527 2807 2579 neat
2851 2535 3053 2597 penes
3098 2513 3464 2597 gratuitum
3516 2509 3647 2574 Dei
3688 2509 3998 2577 favorem.
4087 2511 4227 2576 Nec
4270 2533 4431 2576 vero
4486 2511 4589 2575 du·

2650 2601 2833 2665 bium
2890 2610 2991 2665 est
3043 2601 3199 2681 quin
3260 2598 3455 2662 huius
3513 2617 3705 2678 quam
3767 2611 3990 2677 postea
4033 2596 4279 2662 fatetur
4328 2596 4587 2662 infirmi·

2653 2687 2807 2752 tatis
2851 2685 2973 2749 sibi
3019 2685 3333 2759 conscius,
3380 2683 3590 2748 socios
3634 2683 3937 2747 asciverit
3986 2684 4259 2749 Aharon
4322 2696 4389 2748 et
4434 2683 4585 2760 Hur,

2651 2773 2764 2854 qui
2809 2771 3131 2837 laboranti
3178 2768 3515 2852 suppetias
3560 2769 3828 2834 ferrent.
3934 2768 4126 2849 Quod
4176 2771 4244 2833 in
4292 2769 4401 2834 his
4440 2769 4586 2833 duo-

2649 2860 2772 2925 bus
2828 2858 2985 2923 viris
3042 2857 3308 2939 quidam
3376 2856 3654 2938 figuram
3721 2855 3994 2937 proponi
4054 2855 4286 2920 volunt
4364 2855 4586 2919 veteris

2652 2954 2718 3010 ct
2774 2946 2927 3008 novi
2989 2942 3397 3019 testamenti,
3456 2940 3693 3024 quibus
3758 2941 3953 3005 inniti
4015 2952 4396 3006 sanctorum
4450 2962 4583 3024 pre·

2652 3052 2759 3097 ces
2803 3050 3067 3097 necesse
3109 3038 3228 3106 est,
3275 3027 3355 3093 ab
3400 3027 3483 3093 iis
3526 3047 3684 3094 vero
3725 3025 4010 3110 lapidem
4059 3027 4229 3093 Mosi
4288 3028 4361 3092 in
4407 3048 4585 3112 quem

2653 3118 3064 3183 recumberet
3127 3117 3326 3181 fuisse
3389 3113 3675 3179 oblatum
3743 3112 4005 3191 docent,
4079 3112 4258 3199 (quia
4334 3114 4584 3179 nonnisi

2652 3205 2722 3268 in
2767 3203 3034 3269 Christo
3078 3202 3238 3266 fides
3279 3211 3502 3265 nostra
3546 3197 3818 3264 fundata
3861 3198 3987 3286 est)
4033 3211 4341 3282 argutum
4390 3201 4585 3284 magis

2654 3299 2755 3355 est
2790 3310 2989 3372 quam
3033 3290 3318 3353 firmum.
3394 3286 3545 3351 Scio
3591 3306 3786 3367 quam
3836 3287 4208 3368 plausibiles
4244 3288 4386 3351 sint
4429 3289 4584 3352 eius·

2654 3375 2828 3440 modi
2875 3374 3253 3458 allegoriae:
3314 3371 3428 3436 sed
3465 3371 3635 3455 quod
3680 3393 3892 3454 nuper
3937 3372 4091 3452 dixi,
4130 3371 4291 3450 mihi
4342 3373 4588 3451 sufficit,

2653 3483 2857 3545 quum
2901 3482 3056 3526 suae
3100 3459 3533 3525 imbecillitati
3576 3456 3904 3522 diffideret
3926 3459 4160 3536 Moses,
4208 3459 4376 3524 duos
4418 3460 4585 3523 adiu·

2655 3559 2828 3613 tores
2871 3546 3245 3629 quaesiisse.
3335 3545 3428 3608 Et
3472 3552 3648 3610 certe
3693 3565 3892 3626 quum
3938 3546 4080 3609 eius
4124 3566 4365 3610 manus
4411 3545 4588 3611 attol-

2655 3634 2897 3708 lerent,
2960 3644 3214 3696 mentes
3270 3631 3397 3712 ipsi
3444 3651 3696 3712 quoque
3740 3628 4068 3695 habebant
4112 3653 4382 3696 sursum
4426 3652 4590 3696 erec·

2658 3736 2775 3794 tas,
2824 3731 2899 3785 ut
2942 3717 3398 3784 communibus
3442 3717 3612 3781 votis
3647 3717 3868 3780 Deum
3910 3716 4109 3782 simul
4154 3730 4588 3800 precarentur.

2658 3807 2790 3873 Sed
2858 3805 2939 3869 de
3003 3826 3073 3870 se
3138 3803 3487 3888 praecipue
3551 3801 3839 3884 loquitur
3903 3803 4154 3879 Moses,
4234 3814 4313 3868 ut
4379 3804 4591 3870 doceat

2660 3913 2900 3957 munus
2965 3891 3088 3955 hoc
3165 3890 3290 3955 sibi
3355 3911 3395 3954 a
3461 3889 3605 3954 Deo
3670 3888 3870 3953 fuisse
3949 3889 4351 3973 impositum.
4454 3890 4591 3954 Non

2660 3980 2835 4042 enim
2911 3987 3067 4043 vota
3143 3976 3354 4040 solum
3434 3996 3519 4039 ex
3598 3975 3890 4039 caritatis
3968 3975 4179 4041 officio
4270 3976 4590 4059 concepit:

2661 4064 2776 4129 sed
2843 4064 2994 4147 quia
3058 4083 3206 4127 eum
3272 4061 3769 4126 intercessorem
3838 4061 4023 4125 Deus
4087 4062 4408 4146 elegerat,
4488 4060 4591 4144 qui

2661 4151 2885 4232 virgae
2930 4148 3308 4214 extensione
3369 4158 3435 4210 et
3493 4148 3686 4212 tacito
3730 4145 4039 4229 precandi
4095 4148 4329 4211 ardore
4386 4149 4594 4213 hostes

2661 4240 2919 4302 eminus
2966 4236 3274 4299 vinceret.
3342 4231 3494 4314 Qua
3537 4233 3608 4297 in
3654 4243 3842 4316 parte
3887 4241 4120 4317 typum
4168 4232 4420 4299 Christi
4464 4254 4595 4317 ges-

2662 4325 2782 4388 sit:
2840 4342 3210 4404 quanquam
3268 4320 3334 4384 in
3391 4318 3537 4384 aliis
3592 4318 3890 4401 partibus
3937 4341 4071 4384 non
4123 4320 4476 4404 quadraret
4516 4318 4594 4383 si-

2665 4407 2985 4474 militudo.
3076 4407 3213 4471 Nec
3256 4415 3477 4470 tamen
3525 4403 3793 4469 dubium
3841 4415 3941 4470 est
3983 4405 4137 4487 quin
4187 4404 4480 4470 defectus
4520 4426 4595 4468 ex

2664 4514 2926 4561 summa
2969 4493 3347 4568 attentione,
3394 4503 3460 4556 et
3503 4481 3823 4575 singulari
3867 4491 3987 4557 zeli
4034 4491 4451 4557 vehementia
4491 4511 4595 4556 na-

2667 4591 2771 4646 tus
2816 4581 2932 4645 sit:
2988 4578 3259 4662 ideoque
3316 4578 3460 4643 laus
3504 4597 3656 4641 cum
3701 4578 3866 4642 vitio
3910 4578 4351 4661 coniungitur,
4418 4576 4596 4643 sicuti

2667 4668 2823 4734 dum
2867 4666 3124 4749 ingenti
3183 4674 3419 4730 conatu
3476 4666 3782 4729 feruntur
3835 4664 4046 4729 sancti
4090 4662 4171 4727 ad
4209 4663 4594 4747 precandum

2668 4774 2802 4817 non
2846 4751 3037 4816 modo
3079 4750 3443 4833 languescit
3485 4750 3552 4813 in
3595 4748 3728 4814 illis
3769 4750 3988 4834 vigor,
4046 4749 4159 4815 sed
4218 4771 4336 4815 suo
4379 4749 4597 4815 ardore

2664 4842 2800 4906 fere
2837 4839 3210 4919 consumpti
3252 4835 3581 4901 deficiunt.

2843 4924 2944 4989 13.
2989 4922 3077 4987 Et
3126 4923 3317 5006 frcqit
3358 4921 3594 4986 Iosuah
3640 4921 3914 4987 Amalec.
4010 4919 4265 5003 Copula
4317 4920 4596 4985 illativae

2669 5010 3032 5096 particulae
3073 5008 3216 5074 loco
3250 5009 3563 5073 sumitur:
3612 5007 3765 5089 quia
3800 5008 3957 5072 hinc
3999 5008 4365 5089 superiores
4409 5007 4598 5071 hosti-

2673 5098 2792 5163 bus
2836 5096 3039 5161 fuisse
3080 5093 3411 5160 Israelitas
3457 5092 3704 5175 colligit
3740 5095 3977 5170 Moses,
4024 5092 4195 5175 quod
4239 5105 4600 5158 constanter

2674 5181 2921 5247 orando
2944 5181 3477 5264 perseveraverit.
3550 5180 3640 5242 Et
3677 5180 3877 5245 tacita
3897 5180 4118 5244 subest
4141 5179 4485 5244 antithesis
4504 5179 4596 5241 in-

2670 5282 2774 5333 ter
2797 5287 3106 5332 manuum
3129 5266 3506 5329 firmitatem
3544 5278 3612 5327 et
3647 5262 4155 5330 debilitationem
4182 5264 4495 5331 hostium:
4530 5273 4600 5327 ut

2676 5355 2960 5421 sciamus
3006 5371 3134 5415 non
3178 5362 3311 5414 tam
3357 5350 3590 5435 gladiis
3632 5371 3825 5433 quam
3873 5353 4103 5435 virgae
4147 5350 4507 5416 elevatione
4540 5356 4602 5412 et
