4867 6150
553 437 681 508 387

552 650 706 695 rum
765 631 851 697 sit
896 633 1111 699 Deum
1164 657 1475 719 quaerere
1519 638 1587 703 in
1625 639 1820 705 rebus
1864 642 2177 719 terrenis,
2221 640 2325 705 vel
2373 640 2500 706 ele-

554 717 803 781 mentis
846 720 1110 797 mundi,
1157 723 1263 788 vel
1309 724 1717 807 corruptibili
1763 727 2055 805 materia,
2103 723 2344 791 diserte
2388 748 2504 790 ex-

556 803 798 885 pressit
833 826 918 870 ne
954 807 1023 870 in
1066 808 1453 874 coelestibus
1496 809 1760 893 quidem
1806 811 2125 877 creaturis
2169 834 2312 878 esse
2358 813 2509 878 sub·

561 888 959 955 sistendum:
1033 893 1187 975 quia
1248 892 1375 959 Dei
1451 896 1759 961 maiestas
1830 899 2130 980 superior
2194 907 2297 963 est
2351 900 2506 979 sole,

561 974 741 1073 luna,
783 985 849 1041 ει
892 977 1097 1044 stollis
1140 980 1464 1046 omnibus.
1554 982 1764 1048 Porro
1810 983 2284 1050 absurditatem
2330 1004 2509 1050 coar-

557 1073 725 1144 guit,
768 1061 825 1126 si
867 1063 1113 1129 cultum
1162 1066 1286 1130 Dei
1334 1069 1737 1134 transferant
1778 1069 1860 1134 ad
1907 1069 2163 1148 stellas,
2210 1092 2379 1154 quae
2423 1091 2506 1136 ex

560 1147 688 1212 Dei
761 1148 1069 1215 mandato
1135 1152 1429 1218 ancillari
1488 1154 1676 1221 nobis
1734 1154 1993 1222 debent.
2093 1156 2266 1221 Nam
2335 1156 2506 1240 quod

560 1231 723 1298 dicit
766 1234 980 1299 Deum
1034 1235 1182 1302 illas
1228 1239 1535 1322 gentibus
1580 1240 2024 1320 distribuisse,
2083 1241 2165 1307 ad
2209 1242 2507 1308 ordinem

562 1319 985 1386 subiectionis
1009 1322 1319 1391 refertur:
1358 1345 1434 1390 ac
1469 1325 1526 1392 si
1563 1326 1768 1392 solem
1805 1326 2077 1394 dixisset
2112 1330 2507 1408 ministrum,

561 1403 782 1470 lunam
841 1407 1144 1473 ancillam
1206 1432 1338 1475 una
1391 1431 1543 1477 cum
1600 1412 1904 1479 omnibus
1961 1413 2188 1480 stellis.
2276 1413 2507 1496 Quan-

561 1511 755 1590 quam
810 1491 1242 1561 distribuendi
1302 1498 1504 1563 verbo
1549 1501 1810 1583 proprie
1854 1499 2347 1566 commendatur
2391 1500 2507 1565 ad-

562 1576 881 1642 mirabilis
940 1579 1068 1645 Dei
1135 1582 1552 1664 providentia
1616 1584 1688 1649 in
1751 1585 2098 1669 multiplici
2163 1587 2381 1669 positu
2442 1594 2511 1652 et

561 1661 891 1740 discursu,
950 1665 1352 1751 diversisque
1407 1669 1659 1736 officiis.
1745 1671 1975 1755 Neque
2034 1673 2211 1737 enim
2255 1673 2352 1737 sol
2397 1693 2508 1737 eo·

561 1748 709 1814 dem
756 1762 1088 1818 momento
1133 1761 1338 1820 terras
1386 1776 1613 1822 omnes
1655 1755 1975 1834 illustrat,
2024 1758 2131 1824 vel
2175 1758 2505 1823 calefacit:

560 1834 796 1900 deinde
851 1859 1026 1904 nunc
1070 1861 1109 1904 a
1153 1841 1340 1905 nobis
1386 1841 1707 1922 declinat,
1765 1863 1945 1908 nunc
1997 1846 2266 1927 propius
2325 1863 2506 1909 acce·

561 1919 687 1987 dit:
750 1923 907 1988 luna
951 1945 1104 1989 suos
1146 1925 1347 1992 habet
1390 1928 1731 1994 circuitus:
1791 1929 2020 1995 stellae
2062 1951 2240 1996 nunc
2282 1930 2507 1995 oriun-

559 2016 691 2088 tur,
737 2028 916 2074 nunc
959 2010 1283 2090 occidunt,
1327 2022 1525 2096 prout
1565 2014 1820 2080 coelum
1866 2015 2180 2082 volvitur.
2248 2013 2506 2082 Omitto

557 2094 876 2161 tardiores
912 2116 1295 2182 progressus
1332 2099 1762 2182 planetarum.
1821 2101 1963 2166 Iam
2002 2123 2120 2185 pro
2157 2101 2504 2167 stellarum

556 2190 841 2264 aspectu,
888 2183 1067 2267 regio
1103 2206 1236 2250 una
1278 2183 1607 2251 humidior
1652 2198 1768 2265 est,
1816 2188 2021 2253 altera
2064 2187 2325 2254 siccior:
2374 2189 2506 2253 alia

552 2264 704 2349 plus
739 2267 971 2334 caloris
1015 2271 1233 2349 sentit,
1278 2271 1405 2335 alia
1448 2271 1595 2354 plus
1638 2273 1920 2358 frigoris.
1986 2273 2173 2340 Haeo
2219 2273 2505 2340 varietas

556 2363 707 2437 apte
765 2365 1041 2421 vocatur
1093 2374 1132 2419 a
1176 2356 1364 2421 Mose
1423 2357 1706 2439 partitio.
1797 2359 2303 2443 superstitionis
2349 2380 2505 2425 vero

554 2440 800 2504 crimen
838 2450 1214 2526 exaggerat,
1258 2444 1315 2507 si
1337 2441 1568 2508 Iudaei
1604 2445 1813 2511 stellis
1855 2466 1926 2510 se
1950 2445 2287 2511 addicant:
2334 2466 2503 2528 quae

555 2524 849 2607 profanis
907 2547 1159 2610 quoque
1214 2529 1519 2612 gentibus
1571 2531 1996 2596 famulantur.
2088 2530 2265 2611 Quid
2325 2532 2500 2596 enim

555 2609 896 2695 indignius
960 2634 1158 2696 quam
1216 2615 1385 2679 filios
1447 2613 1577 2680 Dei
1631 2616 1786 2683 solis
1843 2637 1985 2682 esse
2041 2616 2327 2684 cultores
2388 2618 2501 2700 qui

557 2716 791 2762 servus
849 2705 951 2763 est
1005 2700 1205 2765 totius
1261 2699 1533 2765 mundi?
1636 2699 1830 2768 Unde
1885 2703 2123 2768 iterum
2184 2704 2502 2786 sequitur,

557 2803 684 2863 quo
727 2783 875 2865 plus
920 2793 1021 2849 est
1064 2784 1405 2869 dignitatis
1449 2808 1523 2852 ac
1566 2789 2008 2871 praest-antiae
2045 2789 2113 2853 in
2158 2790 2315 2873 ipsis
2360 2811 2501 2856 cre-

556 2869 797 2949 aturis,
857 2892 931 2935 eo
993 2873 1252 2955 turpius
1310 2875 1606 2957 ingratos
1647 2872 1794 2939 Deo
1852 2896 1992 2940 esse
2049 2874 2381 2954 homines,
2443 2875 2498 2942 si

556 2956 695 3019 eius
748 2954 962 3036 cultu,
1017 2967 1324 3041 tanquam
1382 2958 1641 3041 spoliis,
1699 2960 1878 3045 ipsas
1921 2972 2279 3040 exornent,
2337 2983 2501 3044 quas

555 3061 783 3107 eorum
829 3042 1102 3110 utilitati
1146 3043 1398 3111 servire
1443 3044 1669 3112 voluit.
1757 3044 2044 3132 Indigna
2088 3068 2246 3114 vero
2289 3048 2499 3114 relatu

554 3136 657 3193 εει
699 3129 1069 3210 insulsitas,
1122 3131 1193 3195 in
1236 3152 1365 3214 qua
1409 3132 1531 3197 sibi
1576 3133 1835 3215 placent
1880 3133 2142 3217 quidam
2187 3133 2497 3214 Rabbini,

554 3212 774 3279 Deum
819 3217 1126 3299 gentibus
1171 3218 1486 3300 partitum
1529 3229 1724 3298 astra,
1771 3220 2077 3302 quoniam
2122 3241 2350 3286 eorum
2394 3219 2499 3284 in-

553 3301 845 3365 fluentiis
902 3302 1036 3367 sint
1090 3301 1436 3382 obnoxiae,
1504 3325 1543 3369 a
1600 3304 1835 3387 quibus
1891 3305 2120 3371 Iudaei
2177 3306 2500 3390 singulari

553 3386 898 3481 priviler
943 3388 1078 3453 sint
1121 3390 1464 3455 immunes.
1545 3388 1753 3471 Quasi
1800 3413 1954 3457 vero
1998 3414 2130 3457 non
2174 3393 2368 3457 fuerit
2415 3393 2497 3458 ab

556 3473 743 3536 initio
803 3473 1034 3539 similis
1080 3473 1364 3540 conditio
1409 3475 1684 3541 humani
1728 3478 2006 3561 generis.
2091 3477 2346 3543 Verum
2391 3500 2496 3543 ra-

551 3558 642 3623 tio
686 3579 884 3642 quam
922 3561 1131 3639 attuli,
1175 3559 1351 3627 clare
1395 3561 1680 3628 ostendit
1722 3585 1833 3628 eos
1877 3585 1916 3628 a
1959 3563 2246 3647 genuino
2291 3564 2499 3630 Mosis

553 3665 753 3710 sensu
788 3646 1169 3729 longissime
1205 3646 1554 3727 discedere,
1601 3647 1886 3732 adeoque
1928 3659 2311 3732 pervertere
2354 3652 2499 3715 eius

553 3731 928 3796 consilium:
982 3754 1215 3816 nempe
1260 3743 1593 3800 ereaturas
1638 3756 1804 3818 quae
1843 3736 1913 3799 in
1959 3756 2149 3800 usum
2197 3745 2496 3801 nostrum

554 3815 918 3882 destinatae
964 3831 1139 3894 sunt,
1187 3820 1459 3885 minime
1504 3841 1621 3903 pro
1666 3819 1810 3887 Deo
1854 3842 1996 3887 esse
2040 3821 2364 3888 colendas.

724 3902 827 3969 23.
879 3903 1190 3970 Custodia
1230 3926 1338 3971 vos
1379 3927 1456 3969 ne
1495 3905 1966 3973 obliviscamini.
2041 3906 2235 3988 Quod
2278 3908 2498 3990 priore

551 3987 691 4055 loco
736 3990 808 4054 in
856 4001 1070 4055 totum
1117 3998 1300 4055 vetat
1341 3991 1662 4057 fabricare
1705 3991 1898 4071 idola,
1943 3993 2231 4060 secundo
2276 4008 2496 4060 autem

549 4085 810 4141 tantum
868 4075 949 4140 de
1008 4075 1191 4141 cultu
1250 4085 1315 4141 et
1370 4076 1750 4143 adoratione
1809 4079 2133 4163 loquitur,
2177 4080 2244 4144 in
2293 4101 2495 4146 sensu

551 4160 733 4227 nulla
791 4171 891 4226 est
936 4161 1403 4246 discrepantia,
1459 4166 1611 4247 quia
1653 4165 1785 4229 iam
1830 4186 1949 4247 per
1993 4188 2061 4230 se
2106 4166 2350 4250 impius
2396 4176 2498 4231 est

548 4269 758 4326 error,
816 4247 959 4314 Deo
1004 4248 1293 4314 tribuere
1335 4250 1720 4334 imaginem:
1782 4259 1848 4315 et
1891 4273 2040 4316 eum
2086 4273 2343 4335 semper
2385 4272 2494 4319 co·

549 4333 820 4398 mitatur
879 4333 1084 4399 altera
1138 4335 1549 4418 superstitio,
1622 4348 1694 4400 ut
1753 4336 1820 4400 in
1881 4338 2176 4422 symbolo
2250 4336 2495 4404 visibili

545 4429 963 4502 praepostere
1018 4419 1268 4486 colatur
1325 4421 1524 4487 Deus.
1612 4421 1825 4487 Probe
1883 4433 2101 4488 autem
2163 4423 2270 4489 hic
2336 4443 2492 4488 con-

544 4506 851 4571 firmatur
891 4506 1062 4588 quod
1107 4516 1260 4571 ante
1305 4509 1509 4590 posui,
1554 4508 1958 4575 contrarium
2004 4531 2145 4577 esse
2183 4510 2310 4574 Dei
2362 4511 2494 4576 foe-

548 4590 690 4656 deri
748 4589 1059 4673 quidquid
1119 4614 1352 4658 sensus
1413 4604 1671 4660 nostros
1727 4595 1796 4659 in
1843 4604 2019 4660 terra
2077 4604 2373 4661 moratur
2416 4617 2494 4662 ao

546 4676 820 4743 retinet:
869 4678 977 4742 ubi
1025 4699 1139 4742 nos
1185 4678 1266 4743 ad
1313 4699 1383 4744 se
1428 4680 1722 4745 invitans
1768 4680 1936 4745 nihil
1984 4681 2111 4747 nisi
2154 4682 2492 4766 spirituale

547 4764 833 4847 cogitare
870 4764 1207 4846 permittit,
1254 4764 1527 4849 ideoque
1563 4787 1790 4833 vocem
1827 4788 2012 4832 suam
2059 4768 2328 4851 opponit
2368 4768 2492 4852 fig-

548 4850 787 4915 mentis
849 4849 1186 4927 omnibus,
1237 4851 1472 4932 quibus
1527 4873 1785 4936 semper
1860 4853 2166 4935 deceptae
2223 4852 2493 4920 fuerunt

542 4936 858 5019 profanae
893 4946 1154 5019 gentes:
1200 4937 1353 5019 quia
1399 4937 1923 5004 destituebantur
1957 4939 2103 5005 luce
2138 4937 2490 5019 doctrinae,

543 5043 708 5172 guae
744 5022 920 5104 ipsas
968 5020 1279 5104 dirigeret
1322 5021 1403 5086 ad
1449 5022 1796 5091 coelestem
1842 5024 1970 5090 Dei
2015 5025 2219 5109 ipsius
2264 5026 2491 5091 altitu-

590 5111 783 5172 inem.
889 5106 1025 5188 Qui
1097 5128 1249 5172 vero
1315 5129 1402 5172 ex
1468 5106 1596 5173 Dei
1661 5109 1806 5194 lege
1872 5109 2083 5177 edocti
2143 5124 2299 5177 sunt
2358 5134 2486 5176 non

541 5191 733 5259 modo
769 5195 982 5277 ipsum
1020 5192 1231 5259 solum
1278 5214 1418 5258 esse
1462 5193 1824 5277 colendum,
1867 5196 1982 5262 sed
2018 5198 2199 5263 nulla
2248 5197 2487 5264 visibili

540 5280 756 5363 effigie
802 5300 991 5362 posse
1038 5282 1549 5363 repraesentari,
1594 5282 1719 5347 nisi
1766 5304 1835 5348 se
1880 5283 2263 5349 contineant
2306 5285 2487 5350 intra

535 5365 658 5432 hos
703 5366 895 5444 fines,
944 5366 1178 5431 merito
1218 5377 1573 5432 censentur
1614 5365 1991 5454 foedifragi:
2035 5370 2188 5452 quia
2231 5371 2487 5436 violant

1942 450 2456 519 SECUNDUM
2499 453 3149 522 PRAEOEPTUM.

4415 456 4524 523 388

2612 640 2970 708 secundum
3016 640 3178 708 illud
3222 651 3437 726 caput,
3483 662 3611 724 quo
3656 640 3963 707 iubentur
3986 642 4201 708 Deum
4247 642 4527 725 spiritua·

2611 728 2762 792 liter
2797 728 3041 793 colere:
3088 735 3156 793 et
3193 727 3463 812 proinde
3512 735 3818 793 vetantur
3861 726 4211 795 simulacra
4248 728 4346 793 vel
4384 729 4528 795 ima-

2610 813 2796 899 gines
2866 813 2993 879 sibi
3050 814 3294 891 facere,
3370 812 3609 897 quibus
3662 813 3805 878 cius
3863 813 4137 898 gloriam
4193 811 4533 881 deforment

2610 910 2805 981 atque
2841 898 3209 981 inquinent.
3276 899 3361 964 In
3405 900 3536 964 fine
3581 920 3829 977 versus,
3874 899 3987 964 ubi
4032 899 4296 984 quidam
4338 908 4531 967 trans-

2610 986 2863 1050 ferunt:
2910 985 3427 1052 Similitudinem
3471 1005 3669 1068 quam
3712 984 4047 1069 prohibuit
4092 984 4276 1051 Deus
4318 995 4533 1065 vester,

2608 1073 2760 1155 quia
2802 1071 3065 1155 proprie
3106 1072 3385 1156 legitur,
3431 1069 3798 1152 Mandavit,
3842 1071 3949 1135 vel
3994 1072 4341 1155 praecepit,
4385 1072 4533 1136 rola-

2608 1157 2823 1222 tivum
2866 1170 3038 1236 ἿΨΝ,
3082 1158 3271 1224 sicuti
3319 1156 3611 1240 pluribus
3656 1157 3829 1235 locis,
3855 1178 3972 1240 pro
3993 1156 4299 1224 adverbio
4322 1157 4534 1222 simili-

2609 1241 2857 1309 tudinis
2909 1243 3183 1327 oapitur.
3272 1241 3522 1311 Sensus
3566 1242 3827 1325 quidem
3872 1243 4081 1309 Mosis
4125 1243 4394 1308 minime
4435 1243 4534 1308 ob-

2608 1351 2838 1396 scurus
2897 1342 3026 1402 est.
3090 1329 3472 1413 simpliciter
3530 1329 3885 1412 parendum
3946 1350 4089 1395 esse
4150 1330 4275 1394 Dei
4324 1330 4535 1395 verbo:

2609 1437 2731 1481 nec
2780 1437 2923 1481 esse
2975 1415 3446 1499 disputandum
3504 1415 3695 1481 liceat
3738 1432 3943 1481 necne
3979 1414 4148 1499 quod
4186 1415 4535 1499 interdixit,

2609 1523 2729 1566 nec
2765 1501 2960 1567 aliam
3006 1502 3167 1567 iuris
3212 1504 3530 1567 rationem
3574 1500 4013 1583 quaerendam
4057 1522 4198 1566 esse
4242 1522 4430 1584 quam
4473 1512 4540 1571 ut

2608 1608 2958 1670 sequamur
3024 1587 3192 1670 quod
3249 1587 3686 1672 praescripsit.
3781 1587 4135 1669 Disputent
4202 1608 4380 1652 nunc
4434 1608 4540 1670 pa-

2610 1674 2816 1756 pistae
2853 1683 2931 1739 ut
2964 1673 3251 1752 libuerit,
3295 1693 3429 1737 non
3466 1693 3609 1738 esse
3645 1671 3966 1740 tollendas
4001 1673 4342 1757 imagines,
4383 1694 4539 1757 quae

2611 1759 2862 1824 utiliter
2917 1759 3231 1843 populum
3282 1759 3626 1824 erudiunt:
3697 1758 3857 1823 haec
3916 1769 4134 1825 autem
4190 1768 4413 1824 nostra
4465 1761 4542 1823 sit

2609 1845 2945 1928 sapientia,
2993 1847 3147 1928 quia
3168 1846 3351 1910 Deus
3385 1844 3510 1911 hac
3547 1843 3626 1910 de
3661 1867 3732 1910 re
3776 1845 4009 1909 statuit
4053 1844 4229 1927 quod
4276 1843 4538 1924 volebat,

2610 1932 3037 2014 acquiescere.
3124 1932 3271 1997 Etsi
3331 1941 3550 1997 autem
3612 1951 3777 2013 quae
3820 1929 4087 1996 additur
4129 1931 4539 1996 comminatio

2608 2027 2868 2100 poterat
2937 2019 3164 2101 reponi
3236 2017 3414 2082 inter
3471 2019 3837 2082 sanctiones
3894 2016 3974 2081 de
4032 2016 4270 2099 quibus
4329 2027 4542 2100 postea

2606 2124 2724 2168 suo
2768 2102 2906 2170 loco
2951 2103 3350 2183 videbimus,
3392 2102 3544 2186 quia
3589 2112 3809 2167 tamen
3869 2101 4152 2169 secundo
4206 2110 4544 2187 praecepto

2608 2210 2869 2255 annexa
2911 2201 3028 2270 est,
3073 2188 3384 2255 divellere
3430 2188 3630 2255 nolui.
3696 2187 3776 2253 In
3798 2187 4320 2255 Deuteronomio
4365 2187 4536 2253 addi-

2607 2284 2714 2340 tur
2755 2275 3192 2341 confirmatio:
3240 2275 3409 2357 quod
3444 2276 3643 2353 Deus,
3680 2274 3737 2339 si
3781 2275 4028 2339 exteris
4069 2275 4378 2358 gentibus
4422 2296 4546 2340 non

2606 2362 2925 2445 pepercit,
2971 2361 3180 2428 multo
3224 2362 3444 2426 minus
3486 2360 3726 2443 populo
3770 2380 3890 2425 suo
3935 2360 4261 2443 ignoscet,
4310 2368 4545 2444 quanto

2605 2447 2853 2513 scilicet
2904 2446 3177 2534 gravius
3234 2459 3337 2514 est
3387 2446 3671 2527 crimen,
3730 2454 3798 2511 et
3839 2445 4086 2511 foedior
4121 2446 4545 2531 ingratitudo,

2607 2531 2823 2598 Deum
2879 2533 3080 2599 semel
3140 2534 3477 2617 cognitum
3537 2530 3867 2612 deserere,
3928 2543 3996 2597 et
4053 2531 4339 2598 abiicere
4394 2532 4548 2615 legis

2605 2618 2989 2700 doctrinam,
3034 2639 3229 2701 quam
3265 2638 3519 2683 errores
3555 2637 3594 2682 a
3638 2616 3992 2684 maioribus
4036 2619 4313 2684 traditos
4352 2618 4545 2702 sequi.

2607 2705 2906 2788 Exposui
2961 2705 3087 2769 iam
3137 2712 3292 2769 ante
3336 2724 3463 2786 quo
3507 2724 3704 2768 sensu
3752 2713 4020 2769 vocetur
4068 2703 4251 2770 Deus
4298 2705 4546 2770 zelotes.

2607 2790 2958 2857 Caeterum
3011 2789 3373 2874 penultimo
3431 2789 3570 2856 loco
3613 2790 3833 2856 Moses
3892 2810 4025 2854 non
4083 2792 4242 2856 satis
4308 2790 4546 2871 babuit,

2604 2876 2988 2959 simpliciter
3047 2875 3170 2942 hoc
3229 2875 3520 2959 epitheto
3565 2876 3781 2941 Deum
3840 2876 4188 2961 insignire:
4250 2875 4368 2941 sed
4415 2896 4546 2941 am-

2604 2962 2934 3046 plificandi
2970 2983 3166 3028 causa
3199 2961 3451 3027 addidit
3481 2960 3605 3027 hoc
3645 2984 3789 3027 esse
3825 2962 3966 3027 eius
4010 2982 4271 3040 nomen,
4319 2971 4396 3028 ut
4434 2961 4546 3028 sci-

2605 3069 2826 3115 remus
2885 3069 3021 3114 non
3067 3049 3277 3134 magis
3323 3068 3512 3132 posse
3557 3048 3807 3115 socium
3852 3048 3958 3114 vel
4002 3048 4340 3114 aemulum
4383 3048 4546 3114 ferre

2605 3136 2730 3201 sibi
2785 3137 3027 3220 opponi
3085 3156 3282 3218 quam
3338 3134 3618 3201 abiicere
3662 3155 3849 3201 suam
3894 3134 4265 3214 deitatem„
4291 3135 4397 3202 vel
4441 3135 4544 3200 ab·

2606 3242 2845 3305 negare
2881 3243 2952 3287 se
2986 3223 3221 3306 ipsum.
3282 3219 3472 3302 Quod
3511 3229 3730 3285 autem
3776 3242 3925 3286 eum
3970 3222 4106 3304 igni
4155 3243 4340 3289 nuno
4379 3243 4546 3288 com·

2605 3317 2795 3390 parat
2852 3307 2934 3372 ad
2992 3321 3306 3373 terrorem
3367 3305 3738 3391 augendum
3783 3307 3952 3374 facit.
4045 3305 4312 3374 Scimus
4358 3328 4543 3391 quam

2603 3392 2911 3460 audacter
2954 3394 3078 3459 sibi
3123 3391 3465 3476 indulgeat
3507 3392 3789 3458 mundus
3836 3394 3903 3457 in
3949 3394 4542 3477 superstitionibus.

2599 3478 2793 3545 Unde
2828 3480 2904 3544 fit
2949 3488 3024 3544 ut
3059 3489 3368 3563 tanquam
3404 3477 3809 3544 ludibundus
3846 3478 4066 3544 Deum
4103 3480 4544 3557 transformet,

2599 3575 2794 3648 prout
2851 3565 3004 3631 tulit
3058 3564 3276 3630 libido.
3367 3565 3545 3648 Ergo
3590 3575 3664 3630 ut
3707 3563 3788 3629 ad
3834 3566 4285 3631 reverentiam
4332 3567 4545 3631 flectat

2601 3651 2941 3716 hominum
2988 3652 3268 3728 animos,
3326 3649 3802 3716 formidabilem
3848 3649 3975 3717 Dei
4021 3651 4388 3719 vindictam
4432 3652 4544 3718 sub

2598 3735 2721 3802 hac
2779 3738 2992 3820 figura
3048 3738 3379 3820 proponit:
3446 3736 3615 3820 quod
3675 3736 3850 3820 ipsos
3906 3759 4038 3803 non
4097 3759 4293 3804 secus
4353 3745 4541 3821 atque

2599 3823 2770 3907 ignis
2806 3823 3115 3906 stipulam
3152 3824 3455 3907 protinus
3498 3832 3850 3904 consumet,
3887 3823 3944 3889 si
3981 3823 4174 3889 aliter
4207 3841 4414 3907 quam
4451 3823 4542 3888 fas

2599 3918 2699 3975 est
2742 3907 2823 3974 de
2862 3910 3002 3992 ipso
3046 3911 3291 3975 sentire
3337 3909 3479 3975 ausi
3521 3909 3790 3974 fuerint.

2769 3995 2883 4061 Dt.
2913 3995 3131 4076 11,16.
3174 3994 3391 4062 Cavete
3409 3994 3599 4061 vobis.
3638 3992 3832 4076 Quod
3854 3997 4114 4078 saepius
4134 3994 4315 4060 idem
4340 3994 4541 4061 incul-

2598 4093 2720 4160 cat,
2767 4092 2844 4146 ut
2884 4083 2966 4147 ad
3020 4081 3386 4147 cavendum
3431 4081 3565 4147 sint
3611 4081 3881 4160 attenti,
3928 4081 4121 4147 tacite
4166 4083 4542 4166 coarguitur

2599 4166 2937 4232 hominum
2985 4167 3066 4232 ad
3099 4168 3636 4250 superstitionem
3675 4168 4039 4250 propensi0.
4112 4166 4309 4248 Quod
4349 4170 4540 4233 etiam

2595 4254 2835 4318 iterum
2906 4254 3302 4338 exprimitur
3374 4254 3479 4319 his
3535 4253 3781 4319 verbis:
3850 4252 3953 4317 Ne
4010 4252 4380 4336 decipiatur
4435 4274 4542 4319 cor

2601 4351 2919 4405 vestrum:
2966 4339 3118 4422 quia
3154 4340 3498 4423 significat,
3543 4340 3667 4405 nisi
3704 4338 4052 4422 diligenter
4086 4338 4212 4403 sibi
4249 4348 4539 4418 caveant,

2598 4424 2764 4490 nihil
2828 4425 2968 4490 fore
3036 4424 3389 4508 proclivius
3446 4445 3640 4508 quam
3702 4438 3777 4489 ut
3831 4424 4068 4490 cadant
4125 4426 4189 4489 in
4251 4423 4538 4493 Satanae

2597 4510 2946 4594 decipulas.
3049 4510 3196 4592 Quo
3255 4512 3475 4576 minus
3533 4509 3930 4577 excusabilis
3986 4522 4086 4575 est
4134 4512 4537 4595 papistarum

2596 4597 3037 4681 impudentia,
3096 4596 3209 4679 qui
3267 4598 3614 4663 securitate
3656 4619 3809 4662 suas
3854 4610 3922 4661 et
3964 4595 4243 4662 aliorum
4292 4606 4538 4662 mentes

2593 4683 2941 4759 inebriant,
2990 4682 3099 4748 ubi
3122 4682 3309 4749 Deus
3343 4682 3427 4748 ad
3460 4682 3969 4749 sollicitudinem
4006 4681 4288 4749 subinde
4325 4683 4538 4748 horta·

2596 4778 2720 4834 tur.
2809 4768 3110 4835 Sciamus
3165 4790 3354 4855 ergo,
3410 4791 3612 4852 quum
3674 4789 3792 4834 nos
3852 4768 4141 4851 undique
4196 4768 4536 4836 obsideant

2595 4856 2838 4920 multae
2897 4855 3296 4937 imposturae
3356 4867 3421 4920 et
3479 4852 3773 4933 fraudes,
3839 4875 3958 4937 pro
4016 4855 4269 4940 ingenii
4334 4853 4536 4920 nostri

2595 4942 2885 5007 vanitate
2944 4963 3060 5006 nos
3105 4941 3233 5007 illis
3279 4942 3416 5005 fore
3462 4942 3687 5006 statim
3734 4939 4079 5018 obnoxios,
4140 4942 4266 5005 nisi
4311 4939 4531 5006 scdulo

2592 5048 2710 5092 nos
2768 5026 3228 5095 custodiamus.
3322 5026 3545 5093 Verbo
3597 5025 3941 5092 recedendi
3987 5026 4316 5109 significat
4368 5022 4532 5110 quod

2589 5122 2743 5178 ante
2787 5112 3032 5178 dictum
3080 5127 3198 5192 est,
3246 5113 3445 5198 impie
3491 5136 3530 5178 a
3569 5134 3721 5178 vero
3750 5110 3895 5177 Deo
3940 5112 4216 5178 deficere
4262 5114 4529 5196 quicun-

2587 5219 2713 5281 que
2749 5197 2833 5263 ad
2879 5198 3141 5265 vitiosos
3184 5198 3401 5264 cultus
3446 5197 3795 5265 declinant.
3863 5198 3941 5262 Id
3989 5198 4260 5264 minime
4308 5207 4530 5281 putant

2589 5283 2926 5363 increduli,
2973 5283 3211 5366 quibus
3246 5284 3390 5350 leve
3436 5284 3746 5351 delictum
3790 5294 3893 5350 est
3935 5284 4248 5352 excedere
4295 5286 4367 5349 in
4413 5284 4527 5349 hac

2588 5381 2793 5453 parte.
2843 5372 2939 5436 Ac
2975 5371 3115 5436 suis
3147 5370 3410 5454 quidem
3437 5371 3822 5438 commentis
3860 5371 4137 5437 libenter
4171 5370 4528 5437 oblinerent
