4867 6150
416 457 543 523 313

417 646 663 712 hendit.
776 646 852 714 Si
918 658 1270 731 quaeratur
1334 670 1554 715 annon
1635 648 1716 715 ad
1797 650 2014 716 labem
2091 659 2367 718 naturae

412 745 760 815 corruptae
841 734 1226 799 abolendam
1313 736 1647 802 sufficeret
1733 737 2168 803 circumcisio:
2259 758 2364 803 re·

413 819 737 903 spondeo,
817 820 973 886 hinc
1053 821 1291 886 melius
1356 823 1606 906 liquere
1669 828 1917 906 quahta
1980 825 2069 889 sit
2133 833 2362 890 nostra

410 905 894 985 immundities,
952 906 1021 971 in
1081 928 1209 989 qua
1262 908 1609 991 purganda
1652 929 1783 973 non
1829 909 1956 973 fuit
2000 910 2186 975 Deus
2227 931 2359 976 880

411 990 710 1075 symbolo
767 1002 1144 1057 contentus:
1206 992 1320 1059 sed
1378 1003 1455 1058 ut
1496 995 1566 1059 in
1612 998 1924 1060 continua
1967 995 2107 1060 eius
2150 995 2356 1060 medi·

409 1078 658 1141 tatione
695 1097 852 1143 suos
889 1089 1246 1157 exerceret,
1281 1079 1567 1145 alterum
1600 1080 1872 1146 subsidii
1912 1080 2050 1147 loco
2072 1080 2353 1146 addidit:

408 1163 604 1246 idque
649 1163 802 1229 fecit
845 1164 1262 1245 praesertim,
1308 1167 1461 1249 quia
1502 1167 1750 1233 sciebat
1791 1188 1985 1250 quam
2032 1168 2358 1251 profunda

408 1250 498 1314 sit
531 1247 875 1314 hominum
913 1250 1297 1335 hypocrisis,
1335 1273 1530 1333 811818
1568 1272 1798 1318 880818
1827 1250 1875 1340 ¹)
1908 1253 2033 1319 sibi
2069 1254 2138 1318 iu
2176 1254 2357 1319 vitiis

405 1333 862 1415 blandiantur,
942 1356 1136 1420 quam
1205 1336 1471 1403 difficile
1536 1340 1625 1403 sit
1688 1360 1912 1404 eorum
1981 1339 2354 1423 superbiam

407 1420 791 1485 humiliare:
858 1430 927 1486 et
981 1422 1092 1486 ubi
1151 1444 1306 1489 8888
1361 1424 1663 1490 181881188
1733 1446 2088 1508 agnoscere
2149 1427 2352 1491 coacti

407 1514 593 1584 suut,
660 1527 856 1589 quam
922 1509 1133 1575 facilis
1193 1510 1506 1592 subrepat
1566 1510 1829 1576 oblivio.
1931 1511 2113 1596 Ergo
2179 1510 2352 1595 quod

407 1613 717 1676 expressa
739 1594 1254 1661 circumcisionis
1279 1596 1359 1659 fit
1377 1596 1645 1674 mentio,
1680 1617 1798 1679 per
1819 1598 2349 1680 anticipationem

402 1679 649 1745 dictum
695 1700 838 1744 esse
882 1679 1194 1746 arbitror:
1258 1702 1340 1746 ne
1385 1681 1745 1747 obiicerent
1786 1682 2162 1757 Israelitae‚
2226 1683 2352 1748 cir·

399 1764 860 1830 cumcisionem
907 1765 1032 1831 1188
1077 1767 1159 1831 118
1212 1788 1411 1833 88888
1467 1768 1594 1834 sibi
1638 1789 1781 1833 esse
1825 1769 2049 1834 datam
2092 1791 2177 1834 ne
2222 1791 2351 1853 qua

398 1860 678 1915 restaret
711 1850 1113 1917 maledictio:
1157 1851 1429 1936 ideoque
1464 1855 1792 1937 significat
1812 1855 2013 1923 Deus.
2049 1857 2352 1937 quamvis

398 1936 803 2003 circumcisio
847 1938 1213 2021 praecedat,
1260 1960 1388 2004 non
1438 1950 1658 2004 tamen
1698 1941 1839 2005 fore
1883 1942 2347 2027 purgationem

398 2023 479 2087 de
521 2044 649 2106 qua
693 2044 871 2089 nunc
919 2024 1242 2107 praecipit
1296 2046 1794 2109 supervacuam.
1884 2026 2072 2108 Quae
2113 2027 2222 2093 hic
2267 2026 2349 2092 de

394 2110 648 2174 semine
705 2110 1012 2194 garriunt
1066 2111 1341 2191 Rabini,
1416 2130 1564 2177 cum
1625 2111 1900 2179 ridicula
1955 2122 2143 2191 suut,
2202 2123 2344 2178 tum

394 2207 662 2278 propter
705 2198 1086 2277 spurcitiam
1143 2195 1416 2279 indigna
1473 2198 1732 2281 pudicis
1783 2199 2083 2264 auribus:
2141 2218 2343 2282 quum

394 2279 798 2362 simpliciter,
837 2293 915 2346 ut
949 2282 1257 2360 diximus,
1281 2283 1455 2348 Mcsi
1488 2285 1894 2367 propositum
1930 2284 2149 2364 fuerit,
2186 2293 2343 2350 tunc

393 2366 656 2431 demum
700 2369 1108 2451 purgationis
1151 2369 1290 2433 fore
1334 2389 1514 2434 ream
1554 2371 1897 2436 mulierem
1942 2371 1999 2434 si
2043 2392 2127 2435 ex
2170 2370 2343 2436 coitu

389 2466 703 2518 nascatur
746 2456 1102 2539 generatio.
1170 2455 1381 2519 Porro
1426 2456 1578 2539 quia
1623 2457 1799 2522 filius
1843 2457 1988 2531 Dei,
2034 2457 2343 2540 quamvis

391 2559 522 2603 nou
569 2548 829 2604 tantum
873 2538 1161 2606 mundus
1201 2550 1410 2619 esset,
1463 2542 1577 2607 8811
1622 2543 1767 2625 1888
1809 2543 2099 2625 puritas,
2143 2542 2340 2608 susti-

390 2626 536 2689 nuit
577 2636 803 2689 tamen
849 2625 918 2689 in
962 2648 1034 2691 se
1093 2647 1438 2709 personam
1501 2630 1763 2712 generis
1822 2628 2130 2707 humani,
2187 2627 2343 2694 huic

389 2710 519 2794 legi
573 2730 644 2775 88
700 2711 1007 2777 subiecit:
1067 2723 1135 2776 et
1192 2710 1764 2799 (quemadmodum
1820 2714 2009 2781 docet
2064 2712 2342 2800 Paulus)

385 2797 520 2880 legi
562 2797 775 2862 factus
819 2808 920 2863 888
976 2797 1329 2879 obnoxius,
1389 2811 1465 2864 ut
1509 2821 1619 2865 808
1663 2800 1778 2883 881
1822 2801 1943 2865 sub
1988 2800 2155 2884 legis
2200 2820 2340 2865 ma-

382 2882 733 2949 ledictione
787 2894 977 2948 erant
1026 2885 1401 2951 redimeret.
1492 2888 1716 2969 Atque
1775 2886 1899 2953 hac
1964 2887 2340 2952 voluntaria

383 2967 785 3034 subiectione
809 2979 1099 3036 veterem
1124 2972 1323 3035 ritum
1356 2972 1717 3056 abrogavit,
1755 2982 1834 3037 ut
1853 2971 2047 3038 hodie
2071 2993 2338 3039 necesse

381 3077 521 3121 non
584 3055 674 3120 sit
736 3054 970 3122 sistere
1034 3078 1270 3140 pueros
1334 3058 1624 3125 infantes
1687 3057 1771 3124 ad
1837 3058 2334 3125 tabernaculum

380 3141 641 3207 visibile
685 3162 835 3207 cum
880 3145 1214 3220 sacrifici0‚
1262 3145 1375 3210 sed
1424 3154 1685 3210 tantum
1730 3145 2104 3230 quaerenda
2139 3146 2228 3210 sit
2263 3147 2333 3212 in

376 3228 522 3311 ipso
565 3229 834 3309 puritas.

550 3314 654 3379 22.
713 3313 804 3379 Et
856 3315 1114 3398 hiqinta
1170 3316 1373 3381 tribus
1413 3316 1651 3383 diebus.
1745 3316 2015 3400 Septem
2074 3316 2332 3383 dierum

377 3399 834 3465 immundities
890 3403 960 3465 in
1019 3401 1345 3481 masculo,
1417 3413 1484 3468 et
1553 3402 2068 3486 quatuordecim¹
2107 3405 2178 3469 in
2235 3403 2330 3468 fe·

379 3486 611 3566 mella,
667 3485 748 3551 ad
805 3487 1060 3552 fluxum
1120 3489 1465 3572 sanguinis
1517 3490 1836 3555 refertur:
1896 3490 2093 3555 sicuti
2137 3500 2203 3554 et
2248 3489 2329 3555 de

377 3573 565 3637 fluxu
641 3583 983 3638 menstruo
1061 3574 1217 3639 alibi
1294 3573 1639 3641 videbitur.
1748 3574 2031 3659 Reliquo
2101 3584 2330 3659 postea

379 3667 676 3742 tempore
739 3659 1129 3741 prohibetur
1181 3681 1221 3725 a
1278 3661 1479 3727 sacris
1535 3669 1603 3726 et
1660 3680 1925 3728 accessu
1967 3662 2327 3728 sanctuarii

379 3743 539 3831 (888
579 3765 739 3811 voce
782 3743 891 3811 hic
933 3745 1325 3832 intelligitur
1360 3746 1630 3834 atrium)
1665 3759 1860 3830 atque
1893 3747 1988 3812 ita
2021 3760 2326 3814 censetur

378 3831 685 3913 profana:
742 3851 874 3896 808
927 3841 1190 3897 tantum
1245 3843 1320 3897 ut
1362 3834 1505 3915 ipsa
1547 3846 1789 3899 sortem
1833 3854 2020 3899 suam
2067 3834 2324 3914 defleat,

378 3916 492 3982 sed
542 3926 614 3981 ut
656 3918 931 3983 maritus
986 3939 1273 4001 quoque,
1328 3920 1445 3984 tali
1500 3920 1873 4003 spectaculo
1929 3920 2321 3998 admonitus,

379 4003 591 4068 discat
632 4002 952 4086 originale
986 4015 1324 4087 peccatum
1363 4006 1631 4070 horrere
1667 4019 1736 4070 et
1769 4006 2096 4072 detestari.
2163 4006 2323 4072 Fuit

376 4089 554 4154 enim
599 4087 760 4154 haec
800 4091 973 4154 seria
1015 4089 1098 4155 ad
1144 4092 1613 4172 poenitentiam
1657 4092 2062 4171 exhortatio,
2119 4114 2320 4176 quum

375 4174 451 4239 in
495 4174 747 4254 sobole,
797 4175 867 4238 in
913 4196 1046 4258 888
1088 4176 1329 4258 alioqui
1371 4178 1583 4262 fulget
1624 4177 1751 4243 Dei
1810 4177 2207 4255 benedictio,
2250 4197 2322 4243 se

375 4261 814 4327 contaminari
848 4273 1297 4346 agnoscerent.
1360 4263 1501 4327 Iam
1538 4265 1876 4347 quaeritur
1909 4285 2027 4330 cur
2062 4274 2324 4347 tempus

373 4347 789 4431 purgationis
854 4349 942 4413 818
1005 4347 1405 4431 1188Ιί888818
1483 4351 1556 4414 18
1638 4349 1916 4416 femella.
2033 4350 2321 4432 Quidam

374 4434 504 4499 1108
567 4432 856 4498 88881811
921 4454 1155 4500 888888
1209 4433 1619 4513 adscribunt,
1679 4431 1832 4519 quia
1889 4436 2112 4502 fluxus
2171 4458 2323 4502 san·

374 4519 600 4604 guinis
642 4529 803 4585 tunc
847 4519 936 4586 818
978 4519 1366 4586 diuturnior.
1438 4522 1531 4586 Et
1574 4532 1752 4588 certe
1794 4521 1957 4587 haec
1999 4543 2154 4606 pars
2197 4523 2325 4588 fuit

374 4604 695 4672 castitatis
760 4615 828 4670 et
890 4606 1371 4688 continentiae,
1433 4627 1518 4673 ne
1577 4608 1801 4673 mariti
1859 4629 2100 4675 uxores
2165 4620 2324 4675 tuuc

373 4692 802 4776 attingerent.
891 4690 1025 4758 Sed
1071 4693 1227 4776 quia
1269 4693 1440 4760 alius
1493 4702 1596 4760 888
1640 4693 1835 4759 118188
1878 4696 2325 4761 888181808188

369 4780 544 4856 finis,
581 4797 820 4861 nempe
854 4790 934 4842 ut
967 4778 1227 4846 divinae
1262 4779 1740 4847 maledictionis
1774 4781 2117 4863 speculum
2153 4787 2329 4847 esset

373 4865 448 4929 in
514 4872 727 4928 totum
797 4864 1154 4929 humanum
1225 4887 1467 4950 genus,
1528 4865 1662 4932 huc
1718 4866 1932 4950 magis
1985 4866 2326 4932 attendere

375 4950 708 5016 convenit.
798 4948 996 5031 Quod
1051 4950 1316 5033 quidam
1374 4952 1586 5037 magis
1644 4954 1714 5017 18
1772 4961 1968 5035 88188
2026 4952 2324 5018 femellae

370 5046 653 5101 matrem
699 5036 1030 5119 inquinari
1074 5038 1389 5118 sentiunt,
1433 5038 1586 5121 quia
1628 5039 1697 5103 18
1744 5038 1865 5104 1108
1907 5060 2074 5105 sexu
2118 5040 2328 5105 maior

370 5124 465 5189 sit
522 5121 874 5200 vitiositas,
942 5125 1161 5188 nescio
1216 5144 1302 5188 an
1362 5126 1628 5190 firmum
1687 5125 1791 5191 sit.
1884 5125 2108 5208 Magis
2160 5127 2327 5191 forte

370 5207 709 5293 probabile
750 5217 927 5274 esset
970 5208 1143 5292 quod
1188 5210 1300 5275 alii
1344 5231 1612 5277 causam
1657 5210 1858 5278 fuisse
1907 5212 2325 5278 existimant:

552 5394 611 5465 1)
647 5393 943 5466 Princeps.-
975 5412 1181 5452 severe.

1867 461 2251 530 PRIMUM
2293 412 2947 530 famem-Tum.

4289 459 4423 528 314

2472 650 2630 733 quia
2671 649 2908 715 mulier
2941 649 3206 716 initium
3243 650 3367 715 fuit
3402 650 3803 730 defectionis,
3850 649 4005 716 dum
4043 672 4083 715 a
4116 661 4418 734 serpente

2471 736 2746 819 decepta
2780 736 3094 801 maritum
3137 757 3360 803 secum
3405 735 3707 820 perdidit,
3750 748 3818 802 et
3862 746 4151 820 posteros
4192 756 4417 803 secum

2469 822 2681 888 traxit
2741 823 2814 887 in
2880 822 3155 888 eandem
3226 824 3507 888 ruinam.
3618 822 3788 888 Mihi
3866 834 4087 888 tamen
4166 824 4414 891 rectius

2465 910 2730 975 videtur
2788 908 3305 974 circumcisionis
3356 918 3654 991 respectu
3714 909 4000 975 levatam
4054 908 4161 975 vel
4223 909 4415 974 dimi-

2463 1006 2694 1060 nutam
2740 996 2940 1060 fuisse
2984 1014 3257 1077 poenam
3296 994 3369 1058 in
3414 995 3741 1061 masculis.
3823 995 3974 1061 Etsi
4019 995 4194 1060 euim
4232 995 4415 1061 Deus

2462 1080 2763 1165 symbolo
2803 1080 2918 1145 illo
2954 1091 3309 1164 utrumque
3344 1102 3575 1145 sexum
3620 1080 3747 1147 sibi
3790 1080 4229 1160 consecrabat,
4274 1083 4412 1148 sin-

2462 1166 2677 1249 gulari
2722 1176 2945 1233 tamen
2990 1166 3204 1249 gratia
3245 1165 3554 1250 dignatus
3612 1174 3716 1232 888
3766 1167 4126 1246 masculos,
4182 1165 4412 1234 foedus

2460 1273 2655 1317 suum
2699 1253 2769 1317 in
2814 1272 3044 1317 eorum
3088 1273 3288 1318 carne
3329 1251 3644 1319 incidens.
3734 1252 3960 1334 Quare
4008 1260 4075 1318 88
4131 1252 4408 1319 circum·

2461 1337 2724 1403 cisionis
2770 1358 2997 1403 eorum
3056 1337 3300 1403 diserte
3352 1338 3683 1402 meminit:
3740 1341 3848 1404 cui
3907 1339 4217 1405 adiuncta
4266 1347 4411 1405 erat

2461 1423 2779 1507 dignitas,
2835 1435 2912 1488 ut
2962 1424 3227 1489 feminis
3280 1423 3774 1507 praecellerent.
3863 1424 3948 1489 In
3990 1426 4122 1490 fine
4176 1425 4409 1509 capitis
4482 1428 4489 1437 ’

2458 1530 2821 1593 8888818111
2846 1509 3129 1576 habetur
3162 1511 3349 1588 ratic,
3387 1532 3490 1590 88,
3526 1512 3581 1575 si
3617 1511 3823 1575 nimio
3860 1519 4128 1596 sumptu
4149 1512 4408 1595 gravati

2460 1606 2676 1661 essent
2694 1647 2709 1675 ,
2769 1595 3090 1661 tardiores
3134 1596 3215 1661 ad
3263 1596 3474 1680 legem
3520 1596 3911 1662 servandam
3956 1596 4408 1663 redderentur.

2455 1681 2650 1748 Unde
2708 1682 3111 1766 colligimus,
3167 1682 3385 1748 Deum
3445 1693 3755 1749 externas
3813 1702 4088 1766 pompas
4143 1691 4211 1748 et
4252 1703 4411 1766 opes

2452 1769 2626 1833 nihil
2685 1769 2960 1834 merari:
3022 1789 3222 1850 quum
3281 1771 3593 1853 exiguum
3657 1770 3964 1852 pauperis
4014 1769 4409 1835 sacrificium

2457 1875 2573 1936 pro
2608 1855 2872 1939 inopiae
2906 1854 3190 1933 modulo,
3227 1873 3364 1919 non
3394 1854 3617 1920 minus
3650 1875 3846 1938 quam
3883 1855 4129 1939 pingue
4164 1854 4407 1934 divitis,

2453 1950 2716 2024 gratum
2760 1940 2824 2006 ei
2866 1941 3083 2006 fuerit.

2943 2284 3076 2350 Ex
3121 2284 3521 2352 DEUTER.
3566 2282 3906 2369 XX1V1).

2619 2456 2678 2522 8.
2756 2454 3032 2522 Observa
3094 2456 3166 2522 in
3226 2457 3419 2540 81898
3483 2454 3695 2537 leprae
3711 2506 3727 2533 ,
3806 2454 3894 2521 ad
3958 2454 4406 2521 observandum

2443 2539 2774 2625 diliqenter
2794 2548 2852 2608 et
2882 2542 3243 2625 faciendum
3279 2543 3619 2608 secundum
3654 2542 3868 2608 omnia
3895 2560 4058 2622 quae
4078 2541 4407 2608 docuerint

2444 2646 2555 2693 vos
2596 2629 2944 2695 sacerdotes
2985 2628 3275 2694 Levitae.-
3316 2629 3503 2694 sicuti
3533 2627 3837 2710 praecepi
3879 2628 4003 2708 eis,
4061 2627 4155 2693 ita
4197 2626 4406 2693 obser-

2444 2711 2677 2781 vabitis
2710 2716 2799 2780 ad
2828 2715 3207 2798 faciendum.
3267 2715 3328 2780 9.
3370 2714 3724 2781 Recordare
3744 2713 3902 2796 qaid
3931 2712 4150 2795 fecerit
4171 2712 4406 2779 Iehova

2444 2798 2629 2866 Deus
2669 2805 2820 2866 tuus
2862 2799 3121 2866 Mariae
3162 2800 3234 2865 in
3282 2801 3508 2866 itinere
3521 2851 3539 2879 ,
3593 2821 3790 2882 quum
3845 2800 4078 2885 syr-essi
4132 2799 4282 2865 estis
4325 2817 4404 2864 ex

2444 2887 2742 2969 Aeyypto.

3086 3228 3217 3293 EX
3262 3227 3612 3294 NUMER.
3658 3227 3744 3294 V.

2613 3401 2671 3466 1.
2733 3400 2823 3467 Et
2880 3401 3175 3483 loquutus
3231 3406 3322 3465 est
3365 3399 3597 3466 Iehova
3653 3401 3741 3464 ad
3784 3398 4044 3477 Mosen,
4102 3399 4392 3465 dicendo.-

2432 3487 2495 3552 2.
2559 3485 2874 3569 Praecipe
2924 3486 3088 3569 filiis
3130 3486 3340 3553 Israel
3392 3491 3465 3551 ut
3505 3487 3764 3552 eiieiant
3800 3507 3834 3551 e
3875 3486 4108 3552 eastris
4149 3504 4392 3551 omnem

2429 3573 2745 3656 leprosum
2760 3626 2778 3654 ,
2823 3592 3062 3640 omnem
3102 3573 3526 3653 seminiflam
3540 3623 3557 3653 ,
3609 3575 3668 3638 et
3709 3591 3949 3638 omnem
3990 3572 4391 3638 immundum

2427 3680 2623 3743 super
2690 3661 2929 3726 anima.
3040 3657 3102 3724 3.
3177 3659 3341 3725 Tam
3402 3658 3753 3726 masculum
3817 3678 4010 3740 quam
4084 3658 4391 3739 feminam

2427 3746 2723 3813 eiicietis:
2787 3751 2970 3812 extra
3035 3750 3250 3812 eastra
3312 3745 3578 3811 eiicietis
3649 3764 3752 3810 eos
3768 3795 3784 3822 ,
3848 3765 3927 3810 ne
3976 3744 4394 3812 contaminent

2427 3838 2642 3900 castra
2682 3852 2825 3913 saa,
2871 3832 3027 3915 quia
3069 3852 3177 3915 eqo
3216 3830 3426 3897 habito
3467 3832 3542 3897 in
3582 3830 3783 3895 medio
3819 3849 4057 3897 eoram.

3129 4125 3434 4193 LEVIT.
3481 4124 3683 4193 XIII.

2604 4263 2663 4329 1.
2711 4262 2803 4327 Et
2843 4262 3136 4345 loquutus
3177 4268 3269 4330 est
3312 4263 3553 4330 Iehova
3597 4264 3685 4331 ad
3727 4261 3950 4329 Mosen
4004 4267 4064 4327 et
4104 4260 4392 4343 Aharon,

2430 4349 2719 4416 dicendo:
2803 4349 2866 4413 2.
2927 4349 3137 4417 Homo
3190 4369 3385 4432 quum
3439 4350 3640 4433 fuerit
3695 4349 3767 4414 in
3820 4353 3954 4416 cute
3993 4349 4211 4414 carnis
4253 4348 4393 4414 eius

2428 4440 2652 4513 tumor,
2691 4435 2787 4501 vel
2829 4435 3083 4515 scabies,
3126 4435 3227 4502 vel
3265 4436 3414 4503 alba
3455 4435 3737 4513 macula,
3788 4439 3848 4500 et
3886 4434 3960 4500 in
4000 4438 4134 4500 oute
4174 4436 4392 4500 earnis

2427 4520 3303 4688 3*ῗῶΎῶᾞέὼῖῗὲῗὼ
3313 4519 4390 4674 (ἴξῗᾶἔοιῗαὲωέᾞᾴΐέἓιῗα

2427 4694 2721 4760 sacerdos
2770 4693 3034 4777 playam
3098 4694 3167 4758 ia
3230 4698 3364 4760 cute
3427 4693 3679 4759 carnis.-
3741 4692 3907 4775 quod
3967 4692 4032 4758 si
4076 4692 4261 4774 pilas
4315 4693 4387 4756 in

2417 4780 2622 4863 playa
2661 4799 2883 4845 versus
2919 4779 3117 4863 fuerit
3147 4780 3218 4844 in
3261 4778 3624 4858 albedinem,
3669 4784 3727 4844 et
3758 4776 4120 4862 superficies
4150 4778 4386 4863 playae
4472 4846 4476 4849 Α

2418 4864 2811 4949 profundior
2847 4864 3046 4947 fuerit
3085 4869 3219 4931 cute
3258 4866 3474 4931 carnis
3513 4866 3670 4943 eius,
3701 4864 3908 4949 playa
3941 4864 4157 4946 leprae
4189 4868 4294 4943 est,
4329 4866 4388 4928 et

2416 4955 2761 5034 postquam
2800 4950 3036 5016 viderit
3076 4971 3217 5016 eum
3258 4951 3547 5017 sacerdos
3588 4951 3895 5017 iudicabit
3936 4950 4121 5017 illum
4174 4954 4385 5016 conta·

2427 5034 2835 5123 mantum).
2923 5036 2986 5101 4.
3053 5036 3231 5119 Quod
3278 5037 3341 5103 si
3391 5035 3640 5103 macula
3700 5036 3845 5102 alba
3896 5036 4096 5120 fuerit
4134 5036 4209 5102 in
4249 5039 4383 5101 oute

2428 5125 2647 5192 carnis
2709 5124 2877 5203 eius,
2944 5128 3001 5188 et
3041 5122 3428 5205 profundior
3479 5141 3606 5188 non
3654 5122 3856 5206 fuerit
3904 5126 4189 5206 aspectus
4242 5121 4384 5187 eius

2603 5329 2634 5383 1
2696 5330 2871 5384 Anti-e
2906 5327 3256 5398 dependence
3290 5327 3360 5382 de
3392 5327 3657 5383 forclorre
3694 5328 3775 5382 les
3810 5328 4051 5398 lepreux.

2602 5329 2665 5468 23
2698 5398 2776 5454 In
2810 5404 3090 5467 margine:
3123 5395 3251 5464 Vel,
3287 5397 3681 5451 contaminabit
3712 5396 3881 5450 illum.
