<?xml version="1.0" encoding="UTF-8"?>
<!DOCTYPE html PUBLIC "-//W3C//DTD XHTML 1.0 Transitional//EN"
    "http://www.w3.org/TR/xhtml1/DTD/xhtml1-transitional.dtd">
<html xmlns="http://www.w3.org/1999/xhtml" xml:lang="en" lang="en">
 <head>
  <title>
</title>
<meta http-equiv="Content-Type" content="text/html;charset=utf-8" />
  <meta name='ocr-system' content='tesseract 3.04.00' />
  <meta name='ocr-capabilities' content='ocr_page ocr_carea ocr_par ocr_line ocrx_word'/>
</head>
<body>
  <div class='ocr_page' id='page_1' title='image "./ioanniscalvinio04unkngoog_0114.png"; bbox 0 0 4867 6150; ppageno 0'>
   <div class='ocr_carea' id='block_1_1' title="bbox 610 434 735 501">
    <p class='ocr_par' dir='ltr' id='par_1_1' title="bbox 610 434 735 501">
     <span class='ocr_line' id='line_1_1' title="bbox 610 434 735 501; baseline 0.016 -1"><span class='ocrx_word' id='word_1_1' title='bbox 610 434 735 501; x_wconf 86' lang='lat'>199</span> 
     </span>
    </p>
   </div>
   <div class='ocr_carea' id='block_1_2' title="bbox 592 618 2560 5431">
    <p class='ocr_par' dir='ltr' id='par_1_2' title="bbox 592 618 2560 5431">
     <span class='ocr_line' id='line_1_2' title="bbox 605 618 2559 703; baseline -0.003 -16"><span class='ocrx_word' id='word_1_2' title='bbox 605 623 732 687; x_wconf 88' lang='lat' dir='ltr'>rite</span> <span class='ocrx_word' id='word_1_3' title='bbox 775 620 1081 689; x_wconf 72' lang='lat' dir='ltr'>accedere</span> <span class='ocrx_word' id='word_1_4' title='bbox 1126 620 1206 686; x_wconf 91' lang='lat' dir='ltr'>ad</span> <span class='ocrx_word' id='word_1_5' title='bbox 1256 621 1380 687; x_wconf 91' lang='lat' dir='ltr'>Dei</span> <span class='ocrx_word' id='word_1_6' title='bbox 1424 621 1735 702; x_wconf 87' lang='lat' dir='ltr'>scholam,</span> <span class='ocrx_word' id='word_1_7' title='bbox 1771 621 1897 687; x_wconf 90' lang='lat' dir='ltr'>nisi</span> <span class='ocrx_word' id='word_1_8' title='bbox 1941 619 2052 703; x_wconf 92' lang='lat' dir='ltr'>qui</span> <span class='ocrx_word' id='word_1_9' title='bbox 2095 626 2248 684; x_wconf 90' lang='lat' dir='ltr'>ante</span> <span class='ocrx_word' id='word_1_10' title='bbox 2300 618 2559 703; x_wconf 89' lang='lat' dir='ltr'>purgati</span> 
     </span>
     <span class='ocr_line' id='line_1_3' title="bbox 606 704 2560 792; baseline -0.002 -19"><span class='ocrx_word' id='word_1_11' title='bbox 606 707 742 774; x_wconf 90' lang='lat' dir='ltr'>sint</span> <span class='ocrx_word' id='word_1_12' title='bbox 785 729 825 772; x_wconf 93' lang='lat' dir='ltr'>a</span> <span class='ocrx_word' id='word_1_13' title='bbox 868 709 1003 772; x_wconf 87' lang='lat' dir='ltr'>suis</span> <span class='ocrx_word' id='word_1_14' title='bbox 1037 705 1356 773; x_wconf 90' lang='lat' dir='ltr'>sordibus.</span> <span class='ocrx_word' id='word_1_15' title='bbox 1458 707 1551 773; x_wconf 82' lang='lat' dir='ltr'>Et</span> <span class='ocrx_word' id='word_1_16' title='bbox 1609 729 1767 773; x_wconf 90' lang='lat' dir='ltr'>sane</span> <span class='ocrx_word' id='word_1_17' title='bbox 1825 706 1992 792; x_wconf 89' lang='lat' dir='ltr'>quod</span> <span class='ocrx_word' id='word_1_18' title='bbox 2040 704 2231 770; x_wconf 88' lang='lat' dir='ltr'>multi</span> <span class='ocrx_word' id='word_1_19' title='bbox 2279 704 2560 789; x_wconf 86' lang='lat' dir='ltr'>legendo</span> 
     </span>
     <span class='ocr_line' id='line_1_4' title="bbox 610 792 2560 876; baseline -0.003 -16"><span class='ocrx_word' id='word_1_20' title='bbox 610 792 715 860; x_wconf 87' lang='lat' dir='ltr'>vel</span> <span class='ocrx_word' id='word_1_21' title='bbox 780 792 1104 859; x_wconf 91' lang='lat' dir='ltr'>audiendo</span> <span class='ocrx_word' id='word_1_22' title='bbox 1161 792 1324 858; x_wconf 88' lang='lat' dir='ltr'><strong>nihil</strong></span> <span class='ocrx_word' id='word_1_23' title='bbox 1384 795 1732 876; x_wconf 87' lang='lat' dir='ltr'>proficiunt</span> <span class='ocrx_word' id='word_1_24' title='bbox 1790 794 1861 858; x_wconf 91' lang='lat' dir='ltr'>in</span> <span class='ocrx_word' id='word_1_25' title='bbox 1916 792 2182 858; x_wconf 91' lang='lat' dir='ltr'>coelesti</span> <span class='ocrx_word' id='word_1_26' title='bbox 2240 792 2560 874; x_wconf 84' lang='lat' dir='ltr'>doctrina,</span> 
     </span>
     <span class='ocr_line' id='line_1_5' title="bbox 604 877 2560 964; baseline -0.002 -20"><span class='ocrx_word' id='word_1_27' title='bbox 604 880 779 945; x_wconf 86' lang='lat' dir='ltr'>iusta</span> <span class='ocrx_word' id='word_1_28' title='bbox 824 888 927 943; x_wconf 89' lang='lat' dir='ltr'>est</span> <span class='ocrx_word' id='word_1_29' title='bbox 987 901 1236 945; x_wconf 88' lang='lat' dir='ltr'>merces</span> <span class='ocrx_word' id='word_1_30' title='bbox 1295 879 1608 964; x_wconf 89' lang='lat' dir='ltr'>indignae</span> <span class='ocrx_word' id='word_1_31' title='bbox 1651 879 2151 961; x_wconf 82' lang='lat' dir='ltr'>profanationis:</span> <span class='ocrx_word' id='word_1_32' title='bbox 2222 877 2375 961; x_wconf 87' lang='lat' dir='ltr'>quia</span> <span class='ocrx_word' id='word_1_33' title='bbox 2418 877 2560 941; x_wconf 88' lang='lat' dir='ltr'>sine</span> 
     </span>
     <span class='ocr_line' id='line_1_6' title="bbox 609 963 2559 1049; baseline -0.002 -20"><span class='ocrx_word' id='word_1_34' title='bbox 609 974 788 1030; x_wconf 90' lang='lat' dir='ltr'>metu</span> <span class='ocrx_word' id='word_1_35' title='bbox 827 973 942 1030; x_wconf 91' lang='lat' dir='ltr'>aut</span> <span class='ocrx_word' id='word_1_36' title='bbox 985 966 1355 1031; x_wconf 81' lang='lat' dir='ltr'>reverentia</span> <span class='ocrx_word' id='word_1_37' title='bbox 1397 967 1582 1049; x_wconf 90' lang='lat' dir='ltr'>quasi</span> <span class='ocrx_word' id='word_1_38' title='bbox 1628 965 1711 1030; x_wconf 91' lang='lat' dir='ltr'>ad</span> <span class='ocrx_word' id='word_1_39' title='bbox 1746 964 2072 1031; x_wconf 90' lang='lat' dir='ltr'>ludicrum</span> <span class='ocrx_word' id='word_1_40' title='bbox 2111 963 2559 1046; x_wconf 76' lang='lat' dir='ltr'>spectaculum</span> 
     </span>
     <span class='ocr_line' id='line_1_7' title="bbox 606 1049 2554 1134; baseline -0.002 -18"><span class='ocrx_word' id='word_1_41' title='bbox 606 1053 1007 1133; x_wconf 88' lang='lat' dir='ltr'>irrumpunt.</span> <span class='ocrx_word' id='word_1_42' title='bbox 1098 1051 1339 1117; x_wconf 81' lang='lat' dir='ltr'>Merito</span> <span class='ocrx_word' id='word_1_43' title='bbox 1406 1054 1624 1134; x_wconf 90' lang='lat' dir='ltr'>itaque</span> <span class='ocrx_word' id='word_1_44' title='bbox 1689 1052 2098 1134; x_wconf 76' lang='lat' dir='ltr'>praeparatio</span> <span class='ocrx_word' id='word_1_45' title='bbox 2164 1049 2554 1132; x_wconf 88' lang='lat' dir='ltr'>iniungitur,</span> 
     </span>
     <span class='ocr_line' id='line_1_8' title="bbox 607 1134 2555 1220; baseline -0.002 -19"><span class='ocrx_word' id='word_1_46' title='bbox 607 1158 776 1220; x_wconf 90' lang='lat' dir='ltr'>quae</span> <span class='ocrx_word' id='word_1_47' title='bbox 821 1136 1168 1219; x_wconf 90' lang='lat' dir='ltr'>discipulos</span> <span class='ocrx_word' id='word_1_48' title='bbox 1212 1138 1451 1202; x_wconf 87' lang='lat' dir='ltr'>formet</span> <span class='ocrx_word' id='word_1_49' title='bbox 1494 1137 1664 1215; x_wconf 86' lang='lat' dir='ltr'>Dec,</span> <span class='ocrx_word' id='word_1_50' title='bbox 1727 1145 1794 1201; x_wconf 91' lang='lat' dir='ltr'>et</span> <span class='ocrx_word' id='word_1_51' title='bbox 1848 1137 1929 1202; x_wconf 92' lang='lat' dir='ltr'>ad</span> <span class='ocrx_word' id='word_1_52' title='bbox 1988 1135 2368 1202; x_wconf 89' lang='lat' dir='ltr'>discendum</span> <span class='ocrx_word' id='word_1_53' title='bbox 2414 1134 2555 1199; x_wconf 91' lang='lat' dir='ltr'>ido-</span> 
     </span>
     <span class='ocr_line' id='line_1_9' title="bbox 607 1221 2556 1306; baseline -0.001 -20"><span class='ocrx_word' id='word_1_54' title='bbox 607 1243 767 1288; x_wconf 90' lang='lat' dir='ltr'>neos</span> <span class='ocrx_word' id='word_1_55' title='bbox 835 1222 1083 1287; x_wconf 87' lang='lat' dir='ltr'>reddat.</span> <span class='ocrx_word' id='word_1_56' title='bbox 1177 1222 1324 1287; x_wconf 87' lang='lat' dir='ltr'>Etsi</span> <span class='ocrx_word' id='word_1_57' title='bbox 1383 1231 1606 1288; x_wconf 90' lang='lat' dir='ltr'>autem</span> <span class='ocrx_word' id='word_1_58' title='bbox 1656 1224 2003 1306; x_wconf 87' lang='lat' dir='ltr'>praecipue</span> <span class='ocrx_word' id='word_1_59' title='bbox 2048 1223 2407 1306; x_wconf 82' lang='lat' dir='ltr'>requiritur</span> <span class='ocrx_word' id='word_1_60' title='bbox 2451 1221 2556 1284; x_wconf 91' lang='lat' dir='ltr'>in-</span> 
     </span>
     <span class='ocr_line' id='line_1_10' title="bbox 607 1307 2555 1391; baseline -0.001 -19"><span class='ocrx_word' id='word_1_61' title='bbox 607 1308 808 1373; x_wconf 89' lang='lat' dir='ltr'>terior</span> <span class='ocrx_word' id='word_1_62' title='bbox 847 1307 1059 1374; x_wconf 89' lang='lat' dir='ltr'>cordis</span> <span class='ocrx_word' id='word_1_63' title='bbox 1104 1308 1378 1391; x_wconf 89' lang='lat' dir='ltr'>puritas,</span> <span class='ocrx_word' id='word_1_64' title='bbox 1422 1330 1551 1373; x_wconf 88' lang='lat' dir='ltr'>non</span> <span class='ocrx_word' id='word_1_65' title='bbox 1601 1319 1821 1373; x_wconf 89' lang='lat' dir='ltr'>tamen</span> <span class='ocrx_word' id='word_1_66' title='bbox 1866 1307 2121 1374; x_wconf 87' lang='lat' dir='ltr'>inutilis</span> <span class='ocrx_word' id='word_1_67' title='bbox 2166 1307 2294 1372; x_wconf 90' lang='lat' dir='ltr'>fuit</span> <span class='ocrx_word' id='word_1_68' title='bbox 2335 1328 2555 1373; x_wconf 90' lang='lat' dir='ltr'>caere-</span> 
     </span>
     <span class='ocr_line' id='line_1_11' title="bbox 608 1393 2554 1477; baseline -0.001 -19"><span class='ocrx_word' id='word_1_69' title='bbox 608 1395 828 1459; x_wconf 89' lang='lat' dir='ltr'>monia</span> <span class='ocrx_word' id='word_1_70' title='bbox 871 1415 1035 1476; x_wconf 90' lang='lat' dir='ltr'>quae</span> <span class='ocrx_word' id='word_1_71' title='bbox 1082 1393 1308 1459; x_wconf 91' lang='lat' dir='ltr'>rudem</span> <span class='ocrx_word' id='word_1_72' title='bbox 1354 1395 1670 1477; x_wconf 89' lang='lat' dir='ltr'>populum</span> <span class='ocrx_word' id='word_1_73' title='bbox 1715 1394 1797 1459; x_wconf 91' lang='lat' dir='ltr'>ad</span> <span class='ocrx_word' id='word_1_74' title='bbox 1842 1393 2287 1460; x_wconf 84' lang='lat' dir='ltr'>meditandam</span> <span class='ocrx_word' id='word_1_75' title='bbox 2324 1413 2554 1457; x_wconf 82' lang='lat' dir='ltr'>veram</span> 
     </span>
     <span class='ocr_line' id='line_1_12' title="bbox 606 1479 2552 1563; baseline -0.002 -18"><span class='ocrx_word' id='word_1_76' title='bbox 606 1480 1018 1545; x_wconf 80' lang='lat' dir='ltr'>sanctitatem</span> <span class='ocrx_word' id='word_1_77' title='bbox 1087 1480 1539 1547; x_wconf 80' lang='lat' dir='ltr'>assuefaceret.</span> <span class='ocrx_word' id='word_1_78' title='bbox 1644 1481 1884 1546; x_wconf 87' lang='lat' dir='ltr'>Vestes</span> <span class='ocrx_word' id='word_1_79' title='bbox 1948 1480 2209 1563; x_wconf 89' lang='lat' dir='ltr'>quidem</span> <span class='ocrx_word' id='word_1_80' title='bbox 2270 1479 2552 1555; x_wconf 88' lang='lat' dir='ltr'>abluere,</span> 
     </span>
     <span class='ocr_line' id='line_1_13' title="bbox 606 1564 2553 1651; baseline -0.003 -20"><span class='ocrx_word' id='word_1_81' title='bbox 606 1576 672 1631; x_wconf 92' lang='lat' dir='ltr'>et</span> <span class='ocrx_word' id='word_1_82' title='bbox 737 1566 1064 1633; x_wconf 89' lang='lat' dir='ltr'>abstinere</span> <span class='ocrx_word' id='word_1_83' title='bbox 1127 1586 1167 1629; x_wconf 91' lang='lat' dir='ltr'>a</span> <span class='ocrx_word' id='word_1_84' title='bbox 1224 1577 1364 1631; x_wconf 89' lang='lat' dir='ltr'>toro</span> <span class='ocrx_word' id='word_1_85' title='bbox 1431 1566 1790 1651; x_wconf 87' lang='lat' dir='ltr'>coniugali,</span> <span class='ocrx_word' id='word_1_86' title='bbox 1872 1589 1978 1632; x_wconf 89' lang='lat' dir='ltr'>res</span> <span class='ocrx_word' id='word_1_87' title='bbox 2044 1586 2163 1648; x_wconf 90' lang='lat' dir='ltr'>per</span> <span class='ocrx_word' id='word_1_88' title='bbox 2226 1587 2296 1630; x_wconf 92' lang='lat' dir='ltr'>se</span> <span class='ocrx_word' id='word_1_89' title='bbox 2362 1564 2553 1628; x_wconf 92' lang='lat' dir='ltr'>nihili</span> 
     </span>
     <span class='ocr_line' id='line_1_14' title="bbox 602 1651 2551 1737; baseline -0.001 -21"><span class='ocrx_word' id='word_1_90' title='bbox 602 1652 916 1717; x_wconf 88' lang='lat' dir='ltr'>fuissent:</span> <span class='ocrx_word' id='word_1_91' title='bbox 962 1652 1075 1716; x_wconf 90' lang='lat' dir='ltr'>sed</span> <span class='ocrx_word' id='word_1_92' title='bbox 1121 1651 1276 1716; x_wconf 91' lang='lat' dir='ltr'>dum</span> <span class='ocrx_word' id='word_1_93' title='bbox 1320 1654 1577 1718; x_wconf 83' lang='lat' dir='ltr'>externi</span> <span class='ocrx_word' id='word_1_94' title='bbox 1610 1654 1777 1718; x_wconf 89' lang='lat' dir='ltr'>ritus</span> <span class='ocrx_word' id='word_1_95' title='bbox 1821 1652 1903 1717; x_wconf 87' lang='lat' dir='ltr'>ad</span> <span class='ocrx_word' id='word_1_96' title='bbox 1938 1653 2306 1737; x_wconf 90' lang='lat' dir='ltr'>legitimum</span> <span class='ocrx_word' id='word_1_97' title='bbox 2350 1653 2551 1716; x_wconf 89' lang='lat' dir='ltr'>finem</span> 
     </span>
     <span class='ocr_line' id='line_1_15' title="bbox 605 1736 2552 1822; baseline -0.001 -20"><span class='ocrx_word' id='word_1_98' title='bbox 605 1736 1005 1815; x_wconf 88' lang='lat' dir='ltr'>referuntur,</span> <span class='ocrx_word' id='word_1_99' title='bbox 1065 1759 1301 1822; x_wconf 89' lang='lat' dir='ltr'>nempe</span> <span class='ocrx_word' id='word_1_100' title='bbox 1347 1751 1419 1802; x_wconf 92' lang='lat' dir='ltr'>ut</span> <span class='ocrx_word' id='word_1_101' title='bbox 1461 1739 1821 1822; x_wconf 89' lang='lat' dir='ltr'>spiritualis</span> <span class='ocrx_word' id='word_1_102' title='bbox 1866 1741 2081 1805; x_wconf 90' lang='lat' dir='ltr'>cultus</span> <span class='ocrx_word' id='word_1_103' title='bbox 2126 1740 2260 1803; x_wconf 89' lang='lat' dir='ltr'>sint</span> <span class='ocrx_word' id='word_1_104' title='bbox 2304 1736 2552 1802; x_wconf 85' lang='lat' dir='ltr'>exerci-</span> 
     </span>
     <span class='ocr_line' id='line_1_16' title="bbox 606 1823 2550 1906; baseline -0.001 -19"><span class='ocrx_word' id='word_1_105' title='bbox 606 1823 735 1903; x_wconf 90' lang='lat' dir='ltr'>tia,</span> <span class='ocrx_word' id='word_1_106' title='bbox 788 1823 1040 1888; x_wconf 85' lang='lat' dir='ltr'>utiliter</span> <span class='ocrx_word' id='word_1_107' title='bbox 1083 1824 1395 1906; x_wconf 88' lang='lat' dir='ltr'>pietatem</span> <span class='ocrx_word' id='word_1_108' title='bbox 1440 1825 1774 1889; x_wconf 86' lang='lat' dir='ltr'>adiuvant.</span> <span class='ocrx_word' id='word_1_109' title='bbox 1868 1826 1959 1890; x_wconf 87' lang='lat' dir='ltr'>Et</span> <span class='ocrx_word' id='word_1_110' title='bbox 2014 1826 2257 1890; x_wconf 90' lang='lat' dir='ltr'>scimus</span> <span class='ocrx_word' id='word_1_111' title='bbox 2314 1824 2550 1900; x_wconf 91' lang='lat' dir='ltr'>Deum,</span> 
     </span>
     <span class='ocr_line' id='line_1_17' title="bbox 602 1907 2549 1993; baseline 0 -21"><span class='ocrx_word' id='word_1_112' title='bbox 602 1929 723 1993; x_wconf 91' lang='lat' dir='ltr'>pro</span> <span class='ocrx_word' id='word_1_113' title='bbox 777 1910 1092 1991; x_wconf 89' lang='lat' dir='ltr'>temporis</span> <span class='ocrx_word' id='word_1_114' title='bbox 1148 1909 1429 1989; x_wconf 88' lang='lat' dir='ltr'>ratione,</span> <span class='ocrx_word' id='word_1_115' title='bbox 1497 1920 1650 1976; x_wconf 87' lang='lat' dir='ltr'>ante</span> <span class='ocrx_word' id='word_1_116' title='bbox 1708 1910 1960 1976; x_wconf 84' lang='lat' dir='ltr'>Christi</span> <span class='ocrx_word' id='word_1_117' title='bbox 2002 1909 2358 1974; x_wconf 87' lang='lat' dir='ltr'>adventum</span> <span class='ocrx_word' id='word_1_118' title='bbox 2403 1907 2549 1972; x_wconf 86' lang='lat' dir='ltr'>tali-</span> 
     </span>
     <span class='ocr_line' id='line_1_18' title="bbox 603 1994 2552 2080; baseline -0.002 -20"><span class='ocrx_word' id='word_1_119' title='bbox 603 1995 725 2060; x_wconf 89' lang='lat' dir='ltr'>bus</span> <span class='ocrx_word' id='word_1_120' title='bbox 790 1996 1018 2078; x_wconf 89' lang='lat' dir='ltr'>figuris</span> <span class='ocrx_word' id='word_1_121' title='bbox 1084 2017 1277 2060; x_wconf 89' lang='lat' dir='ltr'>usum</span> <span class='ocrx_word' id='word_1_122' title='bbox 1340 1996 1558 2075; x_wconf 85' lang='lat' dir='ltr'>fuisse,</span> <span class='ocrx_word' id='word_1_123' title='bbox 1615 2017 1781 2080; x_wconf 89' lang='lat' dir='ltr'>quae</span> <span class='ocrx_word' id='word_1_124' title='bbox 1846 2015 2025 2061; x_wconf 91' lang='lat' dir='ltr'>nunc</span> <span class='ocrx_word' id='word_1_125' title='bbox 2088 1995 2157 2059; x_wconf 91' lang='lat' dir='ltr'>in</span> <span class='ocrx_word' id='word_1_126' title='bbox 2227 1994 2552 2078; x_wconf 80' lang='lat' dir='ltr'>evangelii</span> 
     </span>
     <span class='ocr_line' id='line_1_19' title="bbox 603 2081 2551 2148; baseline -0.001 -2"><span class='ocrx_word' id='word_1_127' title='bbox 603 2081 901 2146; x_wconf 89' lang='lat' dir='ltr'>claritate</span> <span class='ocrx_word' id='word_1_128' title='bbox 936 2082 1149 2146; x_wconf 91' lang='lat' dir='ltr'>locum</span> <span class='ocrx_word' id='word_1_129' title='bbox 1196 2102 1326 2146; x_wconf 93' lang='lat' dir='ltr'>non</span> <span class='ocrx_word' id='word_1_130' title='bbox 1374 2082 1637 2148; x_wconf 91' lang='lat' dir='ltr'>habent.</span> <span class='ocrx_word' id='word_1_131' title='bbox 1729 2082 2077 2147; x_wconf 84' lang='lat' dir='ltr'>Caeterum</span> <span class='ocrx_word' id='word_1_132' title='bbox 2140 2081 2266 2146; x_wconf 87' lang='lat' dir='ltr'>etsi</span> <span class='ocrx_word' id='word_1_133' title='bbox 2323 2100 2551 2145; x_wconf 89' lang='lat' dir='ltr'>earum</span> 
     </span>
     <span class='ocr_line' id='line_1_20' title="bbox 602 2167 2546 2252; baseline 0 -21"><span class='ocrx_word' id='word_1_134' title='bbox 602 2187 761 2232; x_wconf 89' lang='lat' dir='ltr'>usus</span> <span class='ocrx_word' id='word_1_135' title='bbox 804 2167 1139 2246; x_wconf 88' lang='lat' dir='ltr'>obsolevit,</span> <span class='ocrx_word' id='word_1_136' title='bbox 1187 2182 1410 2233; x_wconf 89' lang='lat' dir='ltr'>manet</span> <span class='ocrx_word' id='word_1_137' title='bbox 1453 2178 1674 2233; x_wconf 87' lang='lat' dir='ltr'>tamen</span> <span class='ocrx_word' id='word_1_138' title='bbox 1718 2169 1834 2233; x_wconf 87' lang='lat' dir='ltr'>illa</span> <span class='ocrx_word' id='word_1_139' title='bbox 1877 2189 2070 2252; x_wconf 89' lang='lat' dir='ltr'>quam</span> <span class='ocrx_word' id='word_1_140' title='bbox 2119 2167 2257 2232; x_wconf 85' lang='lat' dir='ltr'>dixi</span> <span class='ocrx_word' id='word_1_141' title='bbox 2281 2168 2546 2231; x_wconf 88' lang='lat' dir='ltr'>veritas:</span> 
     </span>
     <span class='ocr_line' id='line_1_21' title="bbox 600 2253 2551 2339; baseline 0 -23"><span class='ocrx_word' id='word_1_142' title='bbox 600 2273 872 2335; x_wconf 87' lang='lat' dir='ltr'>nempe,</span> <span class='ocrx_word' id='word_1_143' title='bbox 932 2254 988 2318; x_wconf 93' lang='lat' dir='ltr'>si</span> <span class='ocrx_word' id='word_1_144' title='bbox 1034 2254 1333 2335; x_wconf 91' lang='lat' dir='ltr'>cupimus</span> <span class='ocrx_word' id='word_1_145' title='bbox 1377 2253 1635 2319; x_wconf 88' lang='lat' dir='ltr'>admitti</span> <span class='ocrx_word' id='word_1_146' title='bbox 1678 2257 1747 2319; x_wconf 91' lang='lat' dir='ltr'>in</span> <span class='ocrx_word' id='word_1_147' title='bbox 1793 2254 2363 2339; x_wconf 85' lang='lat' dir='ltr'>participationem</span> <span class='ocrx_word' id='word_1_148' title='bbox 2408 2273 2551 2318; x_wconf 90' lang='lat' dir='ltr'>coe·</span> 
     </span>
     <span class='ocr_line' id='line_1_22' title="bbox 600 2338 2550 2421; baseline 0 -19"><span class='ocrx_word' id='word_1_149' title='bbox 600 2339 787 2403; x_wconf 89' lang='lat' dir='ltr'>lestis</span> <span class='ocrx_word' id='word_1_150' title='bbox 834 2339 1187 2419; x_wconf 90' lang='lat' dir='ltr'>doctrinae,</span> <span class='ocrx_word' id='word_1_151' title='bbox 1254 2350 1328 2404; x_wconf 90' lang='lat' dir='ltr'>ut</span> <span class='ocrx_word' id='word_1_152' title='bbox 1372 2341 1764 2406; x_wconf 89' lang='lat' dir='ltr'>mundemus</span> <span class='ocrx_word' id='word_1_153' title='bbox 1805 2363 1924 2407; x_wconf 80' lang='lat' dir='ltr'>nos</span> <span class='ocrx_word' id='word_1_154' title='bbox 1970 2341 2050 2405; x_wconf 91' lang='lat' dir='ltr'>ab</span> <span class='ocrx_word' id='word_1_155' title='bbox 2095 2341 2274 2405; x_wconf 87' lang='lat' dir='ltr'>omni</span> <span class='ocrx_word' id='word_1_156' title='bbox 2332 2338 2550 2421; x_wconf 91' lang='lat' dir='ltr'>inqui-</span> 
     </span>
     <span class='ocr_line' id='line_1_23' title="bbox 600 2425 2554 2509; baseline 0 -21"><span class='ocrx_word' id='word_1_157' title='bbox 600 2435 917 2490; x_wconf 89' lang='lat' dir='ltr'>namento</span> <span class='ocrx_word' id='word_1_158' title='bbox 961 2425 1180 2491; x_wconf 88' lang='lat' dir='ltr'>carnis</span> <span class='ocrx_word' id='word_1_159' title='bbox 1223 2439 1289 2489; x_wconf 88' lang='lat' dir='ltr'>et</span> <span class='ocrx_word' id='word_1_160' title='bbox 1332 2428 1617 2509; x_wconf 89' lang='lat' dir='ltr'>spiritus.</span> <span class='ocrx_word' id='word_1_161' title='bbox 1709 2425 1843 2492; x_wconf 84' lang='lat' dir='ltr'>Sed</span> <span class='ocrx_word' id='word_1_162' title='bbox 1879 2427 1987 2491; x_wconf 90' lang='lat' dir='ltr'>hie</span> <span class='ocrx_word' id='word_1_163' title='bbox 2031 2426 2327 2490; x_wconf 89' lang='lat' dir='ltr'>nascitur</span> <span class='ocrx_word' id='word_1_164' title='bbox 2362 2446 2554 2506; x_wconf 90' lang='lat' dir='ltr'>quae-</span> 
     </span>
     <span class='ocr_line' id='line_1_24' title="bbox 599 2508 2551 2594; baseline -0.001 -18"><span class='ocrx_word' id='word_1_165' title='bbox 599 2508 756 2590; x_wconf 82' lang='lat' dir='ltr'>s&#39;tio;</span> <span class='ocrx_word' id='word_1_166' title='bbox 805 2532 960 2575; x_wconf 90' lang='lat' dir='ltr'>nam</span> <span class='ocrx_word' id='word_1_167' title='bbox 1003 2513 1056 2575; x_wconf 91' lang='lat' dir='ltr'>si</span> <span class='ocrx_word' id='word_1_168' title='bbox 1103 2511 1265 2576; x_wconf 89' lang='lat' dir='ltr'>fides</span> <span class='ocrx_word' id='word_1_169' title='bbox 1308 2511 1504 2577; x_wconf 89' lang='lat' dir='ltr'>corda</span> <span class='ocrx_word' id='word_1_170' title='bbox 1539 2513 1857 2594; x_wconf 89' lang='lat' dir='ltr'>purificat,</span> <span class='ocrx_word' id='word_1_171' title='bbox 1897 2521 2064 2576; x_wconf 88' lang='lat' dir='ltr'>teste</span> <span class='ocrx_word' id='word_1_172' title='bbox 2087 2512 2306 2589; x_wconf 90' lang='lat' dir='ltr'>Petro,</span> <span class='ocrx_word' id='word_1_173' title='bbox 2353 2510 2551 2575; x_wconf 90' lang='lat' dir='ltr'>fidem</span> 
     </span>
     <span class='ocr_line' id='line_1_25' title="bbox 601 2594 2549 2682; baseline 0.001 -22"><span class='ocrx_word' id='word_1_174' title='bbox 601 2618 759 2661; x_wconf 84' lang='lat' dir='ltr'>vero</span> <span class='ocrx_word' id='word_1_175' title='bbox 824 2597 1158 2678; x_wconf 89' lang='lat' dir='ltr'>praecedit</span> <span class='ocrx_word' id='word_1_176' title='bbox 1215 2597 1553 2663; x_wconf 90' lang='lat' dir='ltr'>doctrinae</span> <span class='ocrx_word' id='word_1_177' title='bbox 1612 2598 2077 2682; x_wconf 84' lang='lat' dir='ltr'>intelligentia,</span> <span class='ocrx_word' id='word_1_178' title='bbox 2145 2594 2325 2682; x_wconf 86' lang='lat' dir='ltr'>(quia</span> <span class='ocrx_word' id='word_1_179' title='bbox 2379 2607 2549 2661; x_wconf 89' lang='lat' dir='ltr'>teste</span> 
     </span>
     <span class='ocr_line' id='line_1_26' title="bbox 599 2681 2545 2769; baseline -0.001 -23"><span class='ocrx_word' id='word_1_180' title='bbox 599 2682 813 2747; x_wconf 90' lang='lat' dir='ltr'>Paulo</span> <span class='ocrx_word' id='word_1_181' title='bbox 859 2697 957 2746; x_wconf 91' lang='lat' dir='ltr'>est</span> <span class='ocrx_word' id='word_1_182' title='bbox 1001 2704 1084 2747; x_wconf 89' lang='lat' dir='ltr'>ex</span> <span class='ocrx_word' id='word_1_183' title='bbox 1127 2681 1387 2769; x_wconf 91' lang='lat' dir='ltr'>auditu)</span> <span class='ocrx_word' id='word_1_184' title='bbox 1431 2685 1754 2766; x_wconf 90' lang='lat' dir='ltr'>sequitur:</span> <span class='ocrx_word' id='word_1_185' title='bbox 1815 2693 2310 2766; x_wconf 89' lang='lat' dir='ltr'>praeposterum</span> <span class='ocrx_word' id='word_1_186' title='bbox 2370 2681 2545 2746; x_wconf 88' lang='lat' dir='ltr'>ordi·</span> 
     </span>
     <span class='ocr_line' id='line_1_27' title="bbox 600 2769 2547 2854; baseline -0.001 -21"><span class='ocrx_word' id='word_1_187' title='bbox 600 2789 751 2833; x_wconf 91' lang='lat' dir='ltr'>nem</span> <span class='ocrx_word' id='word_1_188' title='bbox 809 2769 1041 2846; x_wconf 89' lang='lat' dir='ltr'>statui,</span> <span class='ocrx_word' id='word_1_189' title='bbox 1112 2777 1185 2834; x_wconf 90' lang='lat' dir='ltr'>ut</span> <span class='ocrx_word' id='word_1_190' title='bbox 1250 2779 1403 2834; x_wconf 92' lang='lat' dir='ltr'>ante</span> <span class='ocrx_word' id='word_1_191' title='bbox 1468 2769 1681 2854; x_wconf 89' lang='lat' dir='ltr'>legem</span> <span class='ocrx_word' id='word_1_192' title='bbox 1742 2770 2035 2835; x_wconf 88' lang='lat' dir='ltr'>auditam</span> <span class='ocrx_word' id='word_1_193' title='bbox 2101 2769 2547 2835; x_wconf 85' lang='lat' dir='ltr'>sanctificetur</span> 
     </span>
     <span class='ocr_line' id='line_1_28' title="bbox 597 2853 2544 2938; baseline -0.001 -20"><span class='ocrx_word' id='word_1_194' title='bbox 597 2854 909 2938; x_wconf 90' lang='lat' dir='ltr'>populus:</span> <span class='ocrx_word' id='word_1_195' title='bbox 981 2854 1135 2937; x_wconf 89' lang='lat' dir='ltr'>quia</span> <span class='ocrx_word' id='word_1_196' title='bbox 1181 2855 1301 2921; x_wconf 90' lang='lat' dir='ltr'>hoe</span> <span class='ocrx_word' id='word_1_197' title='bbox 1348 2856 1539 2921; x_wconf 90' lang='lat' dir='ltr'>modo</span> <span class='ocrx_word' id='word_1_198' title='bbox 1583 2856 1834 2920; x_wconf 92' lang='lat' dir='ltr'>tollitur</span> <span class='ocrx_word' id='word_1_199' title='bbox 1893 2877 2052 2921; x_wconf 84' lang='lat' dir='ltr'>vera</span> <span class='ocrx_word' id='word_1_200' title='bbox 2095 2853 2544 2920; x_wconf 88' lang='lat' dir='ltr'>sanctificandi</span> 
     </span>
     <span class='ocr_line' id='line_1_29' title="bbox 598 2938 2546 3024; baseline 0 -20"><span class='ocrx_word' id='word_1_201' title='bbox 598 2942 784 3005; x_wconf 89' lang='lat' dir='ltr'>ratio.</span> <span class='ocrx_word' id='word_1_202' title='bbox 887 2938 1309 3022; x_wconf 87' lang='lat' dir='ltr'>Respondeo:</span> <span class='ocrx_word' id='word_1_203' title='bbox 1367 2942 1668 3024; x_wconf 88' lang='lat' dir='ltr'>quamvis</span> <span class='ocrx_word' id='word_1_204' title='bbox 1726 2942 1919 3019; x_wconf 91' lang='lat' dir='ltr'>fides,</span> <span class='ocrx_word' id='word_1_205' title='bbox 1982 2950 2309 3024; x_wconf 88' lang='lat' dir='ltr'>quatenus</span> <span class='ocrx_word' id='word_1_206' title='bbox 2374 2940 2546 3005; x_wconf 89' lang='lat' dir='ltr'>obla-</span> 
     </span>
     <span class='ocr_line' id='line_1_30' title="bbox 600 3025 2544 3112; baseline 0.001 -21"><span class='ocrx_word' id='word_1_207' title='bbox 600 3033 739 3091; x_wconf 85' lang='lat' dir='ltr'>tam</span> <span class='ocrx_word' id='word_1_208' title='bbox 815 3025 1409 3093; x_wconf 87' lang='lat' dir='ltr'>reconciliationem</span> <span class='ocrx_word' id='word_1_209' title='bbox 1490 3036 1554 3094; x_wconf 87' lang='lat' dir='ltr'>et</span> <span class='ocrx_word' id='word_1_210' title='bbox 1634 3028 1937 3112; x_wconf 88' lang='lat' dir='ltr'>spiritum</span> <span class='ocrx_word' id='word_1_211' title='bbox 2026 3025 2544 3112; x_wconf 84' lang='lat' dir='ltr'>regenerationis</span> 
     </span>
     <span class='ocr_line' id='line_1_31' title="bbox 599 3112 2543 3199; baseline -0.001 -22"><span class='ocrx_word' id='word_1_212' title='bbox 599 3112 1042 3195; x_wconf 88' lang='lat' dir='ltr'>amplectitur,</span> <span class='ocrx_word' id='word_1_213' title='bbox 1110 3114 1250 3178; x_wconf 85' lang='lat' dir='ltr'>sola</span> <span class='ocrx_word' id='word_1_214' title='bbox 1305 3134 1425 3179; x_wconf 88' lang='lat' dir='ltr'>nos</span> <span class='ocrx_word' id='word_1_215' title='bbox 1482 3135 1637 3179; x_wconf 89' lang='lat' dir='ltr'>vere</span> <span class='ocrx_word' id='word_1_216' title='bbox 1690 3122 1954 3199; x_wconf 85' lang='lat' dir='ltr'>purget,</span> <span class='ocrx_word' id='word_1_217' title='bbox 2001 3114 2276 3179; x_wconf 91' lang='lat' dir='ltr'>minime</span> <span class='ocrx_word' id='word_1_218' title='bbox 2322 3123 2543 3178; x_wconf 89' lang='lat' dir='ltr'>tamen</span> 
     </span>
     <span class='ocr_line' id='line_1_32' title="bbox 595 3198 2542 3284; baseline 0 -21"><span class='ocrx_word' id='word_1_219' title='bbox 595 3198 664 3263; x_wconf 90' lang='lat' dir='ltr'>id</span> <span class='ocrx_word' id='word_1_220' title='bbox 731 3198 991 3263; x_wconf 86' lang='lat' dir='ltr'>obstare</span> <span class='ocrx_word' id='word_1_221' title='bbox 1078 3199 1428 3282; x_wconf 90' lang='lat' dir='ltr'>quominus</span> <span class='ocrx_word' id='word_1_222' title='bbox 1507 3200 1852 3284; x_wconf 88' lang='lat' dir='ltr'>praecedat</span> <span class='ocrx_word' id='word_1_223' title='bbox 1923 3199 2050 3264; x_wconf 91' lang='lat' dir='ltr'>Dei</span> <span class='ocrx_word' id='word_1_224' title='bbox 2127 3203 2386 3276; x_wconf 88' lang='lat' dir='ltr'>timor,&#39;</span> <span class='ocrx_word' id='word_1_225' title='bbox 2433 3199 2542 3282; x_wconf 91' lang='lat' dir='ltr'>qui</span> 
     </span>
     <span class='ocr_line' id='line_1_33' title="bbox 597 3282 2541 3371; baseline -0.001 -22"><span class='ocrx_word' id='word_1_226' title='bbox 597 3285 801 3350; x_wconf 82' lang='lat' dir='ltr'>verbo</span> <span class='ocrx_word' id='word_1_227' title='bbox 845 3283 1063 3349; x_wconf 89' lang='lat' dir='ltr'>sedem</span> <span class='ocrx_word' id='word_1_228' title='bbox 1111 3286 1180 3349; x_wconf 89' lang='lat' dir='ltr'>in</span> <span class='ocrx_word' id='word_1_229' title='bbox 1226 3286 1464 3351; x_wconf 89' lang='lat' dir='ltr'>animis</span> <span class='ocrx_word' id='word_1_230' title='bbox 1509 3287 1751 3352; x_wconf 89' lang='lat' dir='ltr'>nostris</span> <span class='ocrx_word' id='word_1_231' title='bbox 1802 3300 1989 3371; x_wconf 89' lang='lat' dir='ltr'>paret</span> <span class='ocrx_word' id='word_1_232' title='bbox 2043 3282 2130 3370; x_wconf 84' lang='lat'>(2.</span> <span class='ocrx_word' id='word_1_233' title='bbox 2178 3287 2327 3352; x_wconf 90' lang='lat' dir='ltr'>Cor.</span> <span class='ocrx_word' id='word_1_234' title='bbox 2377 3285 2434 3362; x_wconf 81' lang='lat'>7,</span> <span class='ocrx_word' id='word_1_235' title='bbox 2493 3291 2541 3363; x_wconf 94' lang='lat' dir='ltr'>l,</span> 
     </span>
     <span class='ocr_line' id='line_1_34' title="bbox 598 3369 2543 3458; baseline -0.001 -23"><span class='ocrx_word' id='word_1_236' title='bbox 598 3373 748 3436; x_wconf 84' lang='lat' dir='ltr'>Act.</span> <span class='ocrx_word' id='word_1_237' title='bbox 799 3369 897 3444; x_wconf 88' lang='lat'>15,</span> <span class='ocrx_word' id='word_1_238' title='bbox 945 3371 1016 3449; x_wconf 88' lang='lat'>9,</span> <span class='ocrx_word' id='word_1_239' title='bbox 1085 3371 1276 3437; x_wconf 88' lang='lat' dir='ltr'>Rom.</span> <span class='ocrx_word' id='word_1_240' title='bbox 1321 3373 1433 3451; x_wconf 87' lang='lat'>10,</span> <span class='ocrx_word' id='word_1_241' title='bbox 1481 3369 1606 3458; x_wconf 87' lang='grc'>16).</span> <span class='ocrx_word' id='word_1_242' title='bbox 1713 3375 1810 3436; x_wconf 88' lang='lat' dir='ltr'>Ac</span> <span class='ocrx_word' id='word_1_243' title='bbox 1866 3373 2132 3454; x_wconf 86' lang='lat' dir='ltr'>proprie</span> <span class='ocrx_word' id='word_1_244' title='bbox 2196 3369 2543 3455; x_wconf 88' lang='lat' dir='ltr'>loquendo,</span> 
     </span>
     <span class='ocr_line' id='line_1_35' title="bbox 597 3454 2546 3540; baseline 0.001 -20"><span class='ocrx_word' id='word_1_245' title='bbox 597 3455 779 3540; x_wconf 90' lang='lat' dir='ltr'>pium</span> <span class='ocrx_word' id='word_1_246' title='bbox 848 3454 1141 3521; x_wconf 89' lang='lat' dir='ltr'>discendi</span> <span class='ocrx_word' id='word_1_247' title='bbox 1205 3457 1533 3535; x_wconf 89' lang='lat' dir='ltr'>studium,</span> <span class='ocrx_word' id='word_1_248' title='bbox 1618 3458 1955 3523; x_wconf 89' lang='lat' dir='ltr'>humilitas</span> <span class='ocrx_word' id='word_1_249' title='bbox 2037 3466 2104 3521; x_wconf 91' lang='lat' dir='ltr'>et</span> <span class='ocrx_word' id='word_1_250' title='bbox 2177 3457 2546 3522; x_wconf 87' lang='lat' dir='ltr'>reverentia</span> 
     </span>
     <span class='ocr_line' id='line_1_36' title="bbox 596 3541 2545 3628; baseline 0.001 -22"><span class='ocrx_word' id='word_1_251' title='bbox 596 3541 750 3607; x_wconf 91' lang='lat' dir='ltr'>fidei</span> <span class='ocrx_word' id='word_1_252' title='bbox 795 3543 1059 3606; x_wconf 88' lang='lat' dir='ltr'>initium</span> <span class='ocrx_word' id='word_1_253' title='bbox 1103 3544 1358 3607; x_wconf 90' lang='lat' dir='ltr'>censeri</span> <span class='ocrx_word' id='word_1_254' title='bbox 1404 3542 1628 3609; x_wconf 90' lang='lat' dir='ltr'>debet:</span> <span class='ocrx_word' id='word_1_255' title='bbox 1672 3544 1825 3628; x_wconf 89' lang='lat' dir='ltr'>quia</span> <span class='ocrx_word' id='word_1_256' title='bbox 1870 3544 1950 3609; x_wconf 89' lang='lat' dir='ltr'>ab</span> <span class='ocrx_word' id='word_1_257' title='bbox 1997 3543 2103 3608; x_wconf 87' lang='lat' dir='ltr'>his</span> <span class='ocrx_word' id='word_1_258' title='bbox 2152 3543 2545 3608; x_wconf 87' lang='lat' dir='ltr'>rudimentis</span> 
     </span>
     <span class='ocr_line' id='line_1_37' title="bbox 595 3626 2541 3712; baseline 0.001 -21"><span class='ocrx_word' id='word_1_259' title='bbox 595 3626 831 3710; x_wconf 88' lang='lat' dir='ltr'>incipit</span> <span class='ocrx_word' id='word_1_260' title='bbox 895 3626 1101 3706; x_wconf 89' lang='lat' dir='ltr'>Deus,</span> <span class='ocrx_word' id='word_1_261' title='bbox 1168 3640 1245 3692; x_wconf 89' lang='lat' dir='ltr'>ut</span> <span class='ocrx_word' id='word_1_262' title='bbox 1308 3627 1504 3694; x_wconf 90' lang='lat' dir='ltr'>fidem</span> <span class='ocrx_word' id='word_1_263' title='bbox 1571 3650 1689 3712; x_wconf 92' lang='lat' dir='ltr'>per</span> <span class='ocrx_word' id='word_1_264' title='bbox 1752 3637 1962 3694; x_wconf 92' lang='lat' dir='ltr'>certos</span> <span class='ocrx_word' id='word_1_265' title='bbox 2029 3649 2408 3712; x_wconf 87' lang='lat' dir='ltr'>progressus</span> <span class='ocrx_word' id='word_1_266' title='bbox 2474 3629 2541 3693; x_wconf 92' lang='lat' dir='ltr'>in</span> 
     </span>
     <span class='ocr_line' id='line_1_38' title="bbox 597 3711 2544 3801; baseline 0.002 -26"><span class='ocrx_word' id='word_1_267' title='bbox 597 3711 785 3778; x_wconf 88' lang='lat' dir='ltr'>nobis</span> <span class='ocrx_word' id='word_1_268' title='bbox 845 3714 1157 3795; x_wconf 89' lang='lat' dir='ltr'>perficiat.</span> <span class='ocrx_word' id='word_1_269' title='bbox 1249 3714 1399 3779; x_wconf 90' lang='lat' dir='ltr'>Hae</span> <span class='ocrx_word' id='word_1_270' title='bbox 1462 3717 1713 3780; x_wconf 90' lang='lat' dir='ltr'>ratione</span> <span class='ocrx_word' id='word_1_271' title='bbox 1756 3715 1939 3780; x_wconf 90' lang='lat' dir='ltr'>iubet</span> <span class='ocrx_word' id='word_1_272' title='bbox 1981 3714 2259 3780; x_wconf 87' lang='lat' dir='ltr'>Iacobus</span> <span class='ocrx_word' id='word_1_273' title='bbox 2304 3713 2544 3801; x_wconf 87' lang='lat' dir='ltr'>(Iacob.</span> 
     </span>
     <span class='ocr_line' id='line_1_39' title="bbox 599 3796 2544 3884; baseline 0.002 -23"><span class='ocrx_word' id='word_1_274' title='bbox 599 3798 657 3877; x_wconf 89' lang='lat'>1,</span> <span class='ocrx_word' id='word_1_275' title='bbox 693 3796 824 3884; x_wconf 82' lang='lat'>21),</span> <span class='ocrx_word' id='word_1_276' title='bbox 863 3799 1100 3881; x_wconf 90' lang='lat' dir='ltr'>spiritu</span> <span class='ocrx_word' id='word_1_277' title='bbox 1143 3800 1670 3865; x_wconf 88' lang='lat' dir='ltr'>mansuetudinis</span> <span class='ocrx_word' id='word_1_278' title='bbox 1705 3802 2035 3884; x_wconf 88' lang='lat' dir='ltr'>suscipere</span> <span class='ocrx_word' id='word_1_279' title='bbox 2071 3802 2347 3865; x_wconf 83' lang='lat' dir='ltr'>verbum</span> <span class='ocrx_word' id='word_1_280' title='bbox 2373 3800 2544 3884; x_wconf 93' lang='lat' dir='ltr'>quod</span> 
     </span>
     <span class='ocr_line' id='line_1_40' title="bbox 599 3885 2547 3970; baseline 0.002 -23"><span class='ocrx_word' id='word_1_281' title='bbox 599 3885 982 3961; x_wconf 89' lang='lat' dir='ltr'>seminatur,</span> <span class='ocrx_word' id='word_1_282' title='bbox 1041 3886 1195 3967; x_wconf 88' lang='lat' dir='ltr'>quia</span> <span class='ocrx_word' id='word_1_283' title='bbox 1237 3887 1429 3961; x_wconf 85' lang='lat' dir='ltr'>fastu,</span> <span class='ocrx_word' id='word_1_284' title='bbox 1487 3889 1918 3965; x_wconf 85' lang='lat' dir='ltr'>contumacia,</span> <span class='ocrx_word' id='word_1_285' title='bbox 1964 3896 2033 3951; x_wconf 90' lang='lat' dir='ltr'>et</span> <span class='ocrx_word' id='word_1_286' title='bbox 2077 3886 2349 3970; x_wconf 86' lang='lat' dir='ltr'>profano</span> <span class='ocrx_word' id='word_1_287' title='bbox 2395 3908 2547 3953; x_wconf 91' lang='lat' dir='ltr'>con·</span> 
     </span>
     <span class='ocr_line' id='line_1_41' title="bbox 599 3970 2547 4054; baseline 0.001 -19"><span class='ocrx_word' id='word_1_288' title='bbox 599 3978 856 4054; x_wconf 86' lang='lat' dir='ltr'>temptu</span> <span class='ocrx_word' id='word_1_289' title='bbox 923 3970 1140 4035; x_wconf 89' lang='lat' dir='ltr'>aditus</span> <span class='ocrx_word' id='word_1_290' title='bbox 1206 3971 1667 4054; x_wconf 85' lang='lat' dir='ltr'>praecluditur.</span> <span class='ocrx_word' id='word_1_291' title='bbox 1758 3971 1949 4053; x_wconf 79' lang='lat' dir='ltr'>Quod</span> <span class='ocrx_word' id='word_1_292' title='bbox 2018 3973 2099 4037; x_wconf 92' lang='lat' dir='ltr'>ad</span> <span class='ocrx_word' id='word_1_293' title='bbox 2167 3983 2547 4038; x_wconf 90' lang='lat' dir='ltr'>contextum</span> 
     </span>
     <span class='ocr_line' id='line_1_42' title="bbox 592 4058 2550 4142; baseline 0 -21"><span class='ocrx_word' id='word_1_294' title='bbox 592 4059 913 4139; x_wconf 90' lang='lat' dir='ltr'>pertinet,</span> <span class='ocrx_word' id='word_1_295' title='bbox 960 4058 1355 4122; x_wconf 90' lang='lat' dir='ltr'>sanctificari</span> <span class='ocrx_word' id='word_1_296' title='bbox 1398 4071 1464 4122; x_wconf 89' lang='lat' dir='ltr'>et</span> <span class='ocrx_word' id='word_1_297' title='bbox 1506 4058 1728 4123; x_wconf 88' lang='lat' dir='ltr'>lavare</span> <span class='ocrx_word' id='word_1_298' title='bbox 1777 4068 1991 4123; x_wconf 86' lang='lat' dir='ltr'>vestes</span> <span class='ocrx_word' id='word_1_299' title='bbox 2033 4080 2163 4123; x_wconf 88' lang='lat' dir='ltr'>non</span> <span class='ocrx_word' id='word_1_300' title='bbox 2208 4068 2550 4142; x_wconf 89' lang='lat' dir='ltr'>ponuntur</span> 
     </span>
     <span class='ocr_line' id='line_1_43' title="bbox 596 4142 2548 4227; baseline 0.001 -21"><span class='ocrx_word' id='word_1_301' title='bbox 596 4150 912 4225; x_wconf 86' lang='lat' dir='ltr'>tanquam</span> <span class='ocrx_word' id='word_1_302' title='bbox 972 4143 1262 4223; x_wconf 85' lang='lat' dir='ltr'>diversa,</span> <span class='ocrx_word' id='word_1_303' title='bbox 1322 4142 1433 4210; x_wconf 92' lang='lat' dir='ltr'>sed</span> <span class='ocrx_word' id='word_1_304' title='bbox 1495 4144 1852 4210; x_wconf 87' lang='lat' dir='ltr'>secundum</span> <span class='ocrx_word' id='word_1_305' title='bbox 1916 4143 2178 4210; x_wconf 83' lang='lat' dir='ltr'>additur</span> <span class='ocrx_word' id='word_1_306' title='bbox 2233 4155 2548 4227; x_wconf 89' lang='lat' dir='ltr'>tanquam</span> 
     </span>
     <span class='ocr_line' id='line_1_44' title="bbox 600 4229 2549 4313; baseline 0.001 -21"><span class='ocrx_word' id='word_1_307' title='bbox 600 4229 972 4313; x_wconf 85' lang='lat' dir='ltr'>symbolum</span> <span class='ocrx_word' id='word_1_308' title='bbox 1044 4230 1298 4311; x_wconf 90' lang='lat' dir='ltr'>prioris.</span> <span class='ocrx_word' id='word_1_309' title='bbox 1398 4230 1568 4294; x_wconf 89' lang='lat' dir='ltr'>Nam</span> <span class='ocrx_word' id='word_1_310' title='bbox 1633 4230 1985 4295; x_wconf 88' lang='lat' dir='ltr'>ablutionis</span> <span class='ocrx_word' id='word_1_311' title='bbox 2044 4232 2210 4296; x_wconf 88' lang='lat' dir='ltr'>ritus</span> <span class='ocrx_word' id='word_1_312' title='bbox 2277 4232 2347 4296; x_wconf 90' lang='lat' dir='ltr'>in</span> <span class='ocrx_word' id='word_1_313' title='bbox 2403 4231 2549 4313; x_wconf 89' lang='lat' dir='ltr'>lege</span> 
     </span>
     <span class='ocr_line' id='line_1_45' title="bbox 599 4315 2551 4398; baseline 0.001 -21"><span class='ocrx_word' id='word_1_314' title='bbox 599 4323 892 4378; x_wconf 86' lang='lat' dir='ltr'>veterem</span> <span class='ocrx_word' id='word_1_315' title='bbox 938 4315 1245 4397; x_wconf 92' lang='lat' dir='ltr'>populum</span> <span class='ocrx_word' id='word_1_316' title='bbox 1306 4315 1674 4396; x_wconf 80' lang='lat' dir='ltr'>admonuit,</span> <span class='ocrx_word' id='word_1_317' title='bbox 1735 4318 2062 4381; x_wconf 90' lang='lat' dir='ltr'>neminem</span> <span class='ocrx_word' id='word_1_318' title='bbox 2109 4337 2301 4398; x_wconf 89' lang='lat' dir='ltr'>posse</span> <span class='ocrx_word' id='word_1_319' title='bbox 2359 4315 2551 4380; x_wconf 88' lang='lat' dir='ltr'>aliter</span> 
     </span>
     <span class='ocr_line' id='line_1_46' title="bbox 600 4399 2551 4485; baseline 0.002 -23"><span class='ocrx_word' id='word_1_320' title='bbox 600 4399 860 4481; x_wconf 89' lang='lat' dir='ltr'>placere</span> <span class='ocrx_word' id='word_1_321' title='bbox 903 4400 1068 4483; x_wconf 87' lang='lat' dir='ltr'>Dec,</span> <span class='ocrx_word' id='word_1_322' title='bbox 1113 4403 1237 4466; x_wconf 90' lang='lat' dir='ltr'>nisi</span> <span class='ocrx_word' id='word_1_323' title='bbox 1282 4413 1346 4466; x_wconf 90' lang='lat' dir='ltr'>et</span> <span class='ocrx_word' id='word_1_324' title='bbox 1391 4403 1831 4485; x_wconf 88' lang='lat' dir='ltr'>expiationem</span> <span class='ocrx_word' id='word_1_325' title='bbox 1878 4414 2148 4485; x_wconf 89' lang='lat' dir='ltr'>quaerat</span> <span class='ocrx_word' id='word_1_326' title='bbox 2189 4402 2260 4466; x_wconf 92' lang='lat' dir='ltr'>in</span> <span class='ocrx_word' id='word_1_327' title='bbox 2296 4401 2551 4467; x_wconf 87' lang='lat' dir='ltr'>Christi</span> 
     </span>
     <span class='ocr_line' id='line_1_47' title="bbox 604 4487 2548 4572; baseline 0.002 -23"><span class='ocrx_word' id='word_1_328' title='bbox 604 4487 927 4567; x_wconf 89' lang='lat' dir='ltr'>sanguine</span> <span class='ocrx_word' id='word_1_329' title='bbox 987 4497 1053 4549; x_wconf 89' lang='lat' dir='ltr'>et</span> <span class='ocrx_word' id='word_1_330' title='bbox 1109 4489 1326 4552; x_wconf 89' lang='lat' dir='ltr'>carnis</span> <span class='ocrx_word' id='word_1_331' title='bbox 1372 4487 1672 4553; x_wconf 89' lang='lat' dir='ltr'>sordibus</span> <span class='ocrx_word' id='word_1_332' title='bbox 1716 4510 1786 4553; x_wconf 91' lang='lat' dir='ltr'>se</span> <span class='ocrx_word' id='word_1_333' title='bbox 1830 4488 2205 4572; x_wconf 86' lang='lat' dir='ltr'>abstergere</span> <span class='ocrx_word' id='word_1_334' title='bbox 2264 4488 2548 4553; x_wconf 88' lang='lat' dir='ltr'>studeat.</span> 
     </span>
     <span class='ocr_line' id='line_1_48' title="bbox 601 4568 2548 4640; baseline 0.002 -6"><span class='ocrx_word' id='word_1_335' title='bbox 601 4568 853 4634; x_wconf 86' lang='lat' dir='ltr'>Eodem</span> <span class='ocrx_word' id='word_1_336' title='bbox 934 4570 1244 4637; x_wconf 89' lang='lat' dir='ltr'>tendebat</span> <span class='ocrx_word' id='word_1_337' title='bbox 1322 4574 1722 4639; x_wconf 86' lang='lat' dir='ltr'>abstinentia</span> <span class='ocrx_word' id='word_1_338' title='bbox 1799 4596 1837 4639; x_wconf 89' lang='lat' dir='ltr'>a</span> <span class='ocrx_word' id='word_1_339' title='bbox 1902 4573 2268 4640; x_wconf 85' lang='lat' dir='ltr'>concubitu.</span> <span class='ocrx_word' id='word_1_340' title='bbox 2379 4574 2548 4638; x_wconf 90' lang='lat' dir='ltr'>Nam</span> 
     </span>
     <span class='ocr_line' id='line_1_49' title="bbox 604 4656 2553 4741; baseline 0.002 -21"><span class='ocrx_word' id='word_1_341' title='bbox 604 4656 729 4720; x_wconf 90' lang='lat' dir='ltr'>etsi</span> <span class='ocrx_word' id='word_1_342' title='bbox 805 4656 1116 4741; x_wconf 86' lang='lat' dir='ltr'>coniuges</span> <span class='ocrx_word' id='word_1_343' title='bbox 1198 4678 1328 4722; x_wconf 92' lang='lat' dir='ltr'>non</span> <span class='ocrx_word' id='word_1_344' title='bbox 1398 4658 1631 4741; x_wconf 92' lang='lat' dir='ltr'>polluit</span> <span class='ocrx_word' id='word_1_345' title='bbox 1694 4681 1813 4725; x_wconf 90' lang='lat' dir='ltr'>nec</span> <span class='ocrx_word' id='word_1_346' title='bbox 1890 4661 2297 4725; x_wconf 89' lang='lat' dir='ltr'>contaminat</span> <span class='ocrx_word' id='word_1_347' title='bbox 2375 4659 2553 4724; x_wconf 90' lang='lat' dir='ltr'>thori</span> 
     </span>
     <span class='ocr_line' id='line_1_50' title="bbox 604 4741 2550 4823; baseline 0.002 -16"><span class='ocrx_word' id='word_1_348' title='bbox 604 4741 898 4820; x_wconf 86' lang='lat' dir='ltr'>societas,</span> <span class='ocrx_word' id='word_1_349' title='bbox 946 4743 1252 4807; x_wconf 86' lang='lat' dir='ltr'>monendi</span> <span class='ocrx_word' id='word_1_350' title='bbox 1300 4753 1522 4808; x_wconf 87' lang='lat' dir='ltr'>tamen</span> <span class='ocrx_word' id='word_1_351' title='bbox 1566 4745 1834 4810; x_wconf 87' lang='lat' dir='ltr'>fuerunt</span> <span class='ocrx_word' id='word_1_352' title='bbox 1878 4744 2238 4823; x_wconf 86' lang='lat' dir='ltr'>Israelitae,</span> <span class='ocrx_word' id='word_1_353' title='bbox 2308 4766 2550 4810; x_wconf 91' lang='lat' dir='ltr'>renun-</span> 
     </span>
     <span class='ocr_line' id='line_1_51' title="bbox 605 4827 2552 4916; baseline 0.002 -24"><span class='ocrx_word' id='word_1_354' title='bbox 605 4827 912 4893; x_wconf 89' lang='lat' dir='ltr'>ciandum</span> <span class='ocrx_word' id='word_1_355' title='bbox 980 4848 1124 4893; x_wconf 88' lang='lat' dir='ltr'>esse</span> <span class='ocrx_word' id='word_1_356' title='bbox 1196 4828 1407 4911; x_wconf 85' lang='lat' dir='ltr'>quoad</span> <span class='ocrx_word' id='word_1_357' title='bbox 1486 4832 1630 4896; x_wconf 91' lang='lat' dir='ltr'>fieri</span> <span class='ocrx_word' id='word_1_358' title='bbox 1699 4844 1912 4916; x_wconf 88' lang='lat' dir='ltr'>posset</span> <span class='ocrx_word' id='word_1_359' title='bbox 1989 4835 2163 4897; x_wconf 90' lang='lat' dir='ltr'>curis</span> <span class='ocrx_word' id='word_1_360' title='bbox 2248 4833 2552 4897; x_wconf 90' lang='lat' dir='ltr'>omnibus</span> 
     </span>
     <span class='ocr_line' id='line_1_52' title="bbox 602 4914 2552 4995; baseline 0.002 -17"><span class='ocrx_word' id='word_1_361' title='bbox 602 4915 905 4989; x_wconf 85' lang='lat' dir='ltr'>terrenis,</span> <span class='ocrx_word' id='word_1_362' title='bbox 953 4926 1018 4977; x_wconf 89' lang='lat' dir='ltr'>et</span> <span class='ocrx_word' id='word_1_363' title='bbox 1065 4914 1397 4980; x_wconf 89' lang='lat' dir='ltr'>exuendos</span> <span class='ocrx_word' id='word_1_364' title='bbox 1443 4937 1672 4982; x_wconf 90' lang='lat' dir='ltr'>omnes</span> <span class='ocrx_word' id='word_1_365' title='bbox 1715 4920 1932 4984; x_wconf 88' lang='lat' dir='ltr'>carnis</span> <span class='ocrx_word' id='word_1_366' title='bbox 1976 4919 2269 4995; x_wconf 87' lang='lat' dir='ltr'>affectus,</span> <span class='ocrx_word' id='word_1_367' title='bbox 2318 4928 2392 4982; x_wconf 90' lang='lat' dir='ltr'>ut</span> <span class='ocrx_word' id='word_1_368' title='bbox 2427 4918 2552 4982; x_wconf 86' lang='lat' dir='ltr'>toti</span> 
     </span>
     <span class='ocr_line' id='line_1_53' title="bbox 604 4998 2550 5086; baseline 0.003 -24"><span class='ocrx_word' id='word_1_369' title='bbox 604 4998 685 5063; x_wconf 91' lang='lat' dir='ltr'>ad</span> <span class='ocrx_word' id='word_1_370' title='bbox 714 4999 879 5082; x_wconf 89' lang='lat' dir='ltr'>legis</span> <span class='ocrx_word' id='word_1_371' title='bbox 903 4998 1196 5064; x_wconf 90' lang='lat' dir='ltr'>auditum</span> <span class='ocrx_word' id='word_1_372' title='bbox 1223 5001 1460 5065; x_wconf 85' lang='lat' dir='ltr'>intenti</span> <span class='ocrx_word' id='word_1_373' title='bbox 1486 5017 1725 5070; x_wconf 87' lang='lat' dir='ltr'>essent.</span> <span class='ocrx_word' id='word_1_374' title='bbox 1777 5005 1972 5069; x_wconf 89' lang='lat' dir='ltr'>Velat</span> <span class='ocrx_word' id='word_1_375' title='bbox 1994 5004 2256 5086; x_wconf 89' lang='lat' dir='ltr'>quidem</span> <span class='ocrx_word' id='word_1_376' title='bbox 2283 5015 2346 5069; x_wconf 89' lang='lat' dir='ltr'>et</span> <span class='ocrx_word' id='word_1_377' title='bbox 2370 5003 2550 5068; x_wconf 82' lang='lat' dir='ltr'>obte-</span> 
     </span>
     <span class='ocr_line' id='line_1_54' title="bbox 604 5085 2550 5172; baseline 0.003 -24"><span class='ocrx_word' id='word_1_378' title='bbox 604 5085 703 5168; x_wconf 89' lang='lat' dir='ltr'>git</span> <span class='ocrx_word' id='word_1_379' title='bbox 731 5085 1017 5169; x_wconf 84' lang='lat' dir='ltr'>coniugii</span> <span class='ocrx_word' id='word_1_380' title='bbox 1043 5088 1359 5151; x_wconf 79' lang='lat' dir='ltr'>sanctitas</span> <span class='ocrx_word' id='word_1_381' title='bbox 1398 5088 1710 5172; x_wconf 90' lang='lat' dir='ltr'>quidquid</span> <span class='ocrx_word' id='word_1_382' title='bbox 1759 5104 1856 5155; x_wconf 82' lang='lat' dir='ltr'>est</span> <span class='ocrx_word' id='word_1_383' title='bbox 1894 5090 2200 5156; x_wconf 86' lang='lat' dir='ltr'>vitiosum</span> <span class='ocrx_word' id='word_1_384' title='bbox 2223 5091 2288 5153; x_wconf 89' lang='lat' dir='ltr'>in</span> <span class='ocrx_word' id='word_1_385' title='bbox 2313 5112 2550 5156; x_wconf 88' lang='lat' dir='ltr'>eoncu-</span> 
     </span>
     <span class='ocr_line' id='line_1_55' title="bbox 601 5170 2552 5258; baseline 0.002 -22"><span class='ocrx_word' id='word_1_386' title='bbox 601 5170 746 5236; x_wconf 88' lang='lat' dir='ltr'>bitu</span> <span class='ocrx_word' id='word_1_387' title='bbox 792 5172 920 5236; x_wconf 80' lang='lat' dir='ltr'>viri</span> <span class='ocrx_word' id='word_1_388' title='bbox 967 5181 1033 5236; x_wconf 91' lang='lat' dir='ltr'>et</span> <span class='ocrx_word' id='word_1_389' title='bbox 1076 5172 1403 5238; x_wconf 87' lang='lat' dir='ltr'>mulieris:</span> <span class='ocrx_word' id='word_1_390' title='bbox 1449 5187 1703 5240; x_wconf 90' lang='lat' dir='ltr'>certum</span> <span class='ocrx_word' id='word_1_391' title='bbox 1733 5189 1945 5240; x_wconf 89' lang='lat' dir='ltr'>tamen</span> <span class='ocrx_word' id='word_1_392' title='bbox 1996 5190 2094 5239; x_wconf 88' lang='lat' dir='ltr'>est</span> <span class='ocrx_word' id='word_1_393' title='bbox 2123 5176 2364 5258; x_wconf 90' lang='lat' dir='ltr'>aliquid</span> <span class='ocrx_word' id='word_1_394' title='bbox 2407 5198 2552 5241; x_wconf 89' lang='lat' dir='ltr'>esse</span> 
     </span>
     <span class='ocr_line' id='line_1_56' title="bbox 604 5256 2551 5345; baseline 0.002 -24"><span class='ocrx_word' id='word_1_395' title='bbox 604 5256 1065 5336; x_wconf 89' lang='lat' dir='ltr'>distractionis,</span> <span class='ocrx_word' id='word_1_396' title='bbox 1112 5279 1194 5323; x_wconf 91' lang='lat' dir='ltr'>ue</span> <span class='ocrx_word' id='word_1_397' title='bbox 1238 5279 1466 5324; x_wconf 90' lang='lat' dir='ltr'>omnes</span> <span class='ocrx_word' id='word_1_398' title='bbox 1503 5263 1759 5326; x_wconf 89' lang='lat' dir='ltr'>animae</span> <span class='ocrx_word' id='word_1_399' title='bbox 1795 5274 2016 5345; x_wconf 89' lang='lat' dir='ltr'>partes</span> <span class='ocrx_word' id='word_1_400' title='bbox 2054 5273 2324 5343; x_wconf 86' lang='lat' dir='ltr'>occupet</span> <span class='ocrx_word' id='word_1_401' title='bbox 2358 5263 2551 5344; x_wconf 86' lang='lat' dir='ltr'>spiri-</span> 
     </span>
     <span class='ocr_line' id='line_1_57' title="bbox 603 5343 2553 5431; baseline 0.003 -25"><span class='ocrx_word' id='word_1_402' title='bbox 603 5343 804 5408; x_wconf 87' lang='lat' dir='ltr'>tualis</span> <span class='ocrx_word' id='word_1_403' title='bbox 848 5344 1141 5423; x_wconf 85' lang='lat' dir='ltr'>affectus,</span> <span class='ocrx_word' id='word_1_404' title='bbox 1187 5343 1340 5410; x_wconf 91' lang='lat' dir='ltr'>dum</span> <span class='ocrx_word' id='word_1_405' title='bbox 1390 5347 1491 5411; x_wconf 86' lang='lat' dir='ltr'>vir</span> <span class='ocrx_word' id='word_1_406' title='bbox 1534 5346 1616 5411; x_wconf 90' lang='lat' dir='ltr'>ad</span> <span class='ocrx_word' id='word_1_407' title='bbox 1663 5369 1929 5412; x_wconf 85' lang='lat' dir='ltr'>uxorem</span> <span class='ocrx_word' id='word_1_408' title='bbox 1981 5347 2245 5413; x_wconf 87' lang='lat' dir='ltr'>accedit.</span> <span class='ocrx_word' id='word_1_409' title='bbox 2318 5348 2553 5431; x_wconf 87' lang='lat' dir='ltr'>Itaque</span> 
     </span>
    </p>
   </div>
   <div class='ocr_carea' id='block_1_3' title="bbox 1763 427 3455 497">
    <p class='ocr_par' dir='ltr' id='par_1_3' title="bbox 1763 427 3455 497">
     <span class='ocr_line' id='line_1_58' title="bbox 1763 427 3455 497; baseline -0.001 0"><span class='ocrx_word' id='word_1_410' title='bbox 1763 427 2512 497; x_wconf 79' lang='lat' dir='ltr'>COMMENTARIUS</span> <span class='ocrx_word' id='word_1_411' title='bbox 2559 429 2659 494; x_wconf 93' lang='lat' dir='ltr'>IN</span> <span class='ocrx_word' id='word_1_412' title='bbox 2694 429 2985 497; x_wconf 81' lang='lat' dir='ltr'>EXODI</span> <span class='ocrx_word' id='word_1_413' title='bbox 3023 430 3221 497; x_wconf 92' lang='lat' dir='ltr'>CAP.</span> <span class='ocrx_word' id='word_1_414' title='bbox 3268 428 3455 495; x_wconf 84' lang='lat' dir='ltr'>XIX.</span> 
     </span>
    </p>
   </div>
   <div class='ocr_carea' id='block_1_4' title="bbox 2601 640 2617 5419">
    <p class='ocr_par' dir='ltr' id='par_1_4' title="bbox 2601 640 2617 5419">
     <span class='ocr_line' id='line_1_59' title="bbox 2601 640 2617 5419; baseline 0 0"><span class='ocrx_word' id='word_1_415' title='bbox 2601 640 2617 5419; x_wconf 95' lang='lat' dir='ltr'> </span> 
     </span>
    </p>
   </div>
   <div class='ocr_carea' id='block_1_5' title="bbox 4464 428 4569 495">
    <p class='ocr_par' dir='ltr' id='par_1_5' title="bbox 4464 428 4569 495">
     <span class='ocr_line' id='line_1_60' title="bbox 4464 428 4569 495; baseline 0 0"><span class='ocrx_word' id='word_1_416' title='bbox 4464 428 4569 495; x_wconf 80' lang='lat'>200</span> 
     </span>
    </p>
   </div>
   <div class='ocr_carea' id='block_1_6' title="bbox 2644 615 4588 5433">
    <p class='ocr_par' dir='ltr' id='par_1_6' title="bbox 2659 615 4574 1305">
     <span class='ocr_line' id='line_1_61' title="bbox 2664 615 4571 701; baseline 0.001 -18"><span class='ocrx_word' id='word_1_417' title='bbox 2664 619 2735 684; x_wconf 92' lang='lat' dir='ltr'>in</span> <span class='ocrx_word' id='word_1_418' title='bbox 2814 628 3045 684; x_wconf 90' lang='lat' dir='ltr'>mutua</span> <span class='ocrx_word' id='word_1_419' title='bbox 3123 619 3296 684; x_wconf 89' lang='lat' dir='ltr'>thori</span> <span class='ocrx_word' id='word_1_420' title='bbox 3375 616 3771 701; x_wconf 81' lang='lat' dir='ltr'>obligatione</span> <span class='ocrx_word' id='word_1_421' title='bbox 3847 617 3972 683; x_wconf 92' lang='lat' dir='ltr'>hoc</span> <span class='ocrx_word' id='word_1_422' title='bbox 4050 615 4297 698; x_wconf 85' lang='lat' dir='ltr'>excipit</span> <span class='ocrx_word' id='word_1_423' title='bbox 4357 616 4571 684; x_wconf 78' lang='lat' dir='ltr'>Paulus</span> 
     </span>
     <span class='ocr_line' id='line_1_62' title="bbox 2664 702 4569 792; baseline 0.001 -24"><span class='ocrx_word' id='word_1_424' title='bbox 2664 702 2751 790; x_wconf 90' lang='lat'>(1.</span> <span class='ocrx_word' id='word_1_425' title='bbox 2800 705 2949 772; x_wconf 90' lang='lat' dir='ltr'>Cor.</span> <span class='ocrx_word' id='word_1_426' title='bbox 2997 706 3054 785; x_wconf 83' lang='lat'>7,</span> <span class='ocrx_word' id='word_1_427' title='bbox 3100 705 3188 792; x_wconf 85' lang='lat'>5),</span> <span class='ocrx_word' id='word_1_428' title='bbox 3246 715 3324 768; x_wconf 89' lang='lat' dir='ltr'>ut</span> <span class='ocrx_word' id='word_1_429' title='bbox 3367 704 3761 787; x_wconf 89' lang='lat' dir='ltr'>precationis</span> <span class='ocrx_word' id='word_1_430' title='bbox 3806 712 3874 768; x_wconf 90' lang='lat' dir='ltr'>et</span> <span class='ocrx_word' id='word_1_431' title='bbox 3916 702 4141 768; x_wconf 92' lang='lat' dir='ltr'>ieiunii</span> <span class='ocrx_word' id='word_1_432' title='bbox 4181 721 4374 768; x_wconf 89' lang='lat' dir='ltr'>causa</span> <span class='ocrx_word' id='word_1_433' title='bbox 4413 724 4569 787; x_wconf 84' lang='lat' dir='ltr'>sepa·</span> 
     </span>
     <span class='ocr_line' id='line_1_63' title="bbox 2663 787 4573 875; baseline -0.001 -20"><span class='ocrx_word' id='word_1_434' title='bbox 2663 804 2891 856; x_wconf 86' lang='lat' dir='ltr'>rentur</span> <span class='ocrx_word' id='word_1_435' title='bbox 2935 793 3265 875; x_wconf 89' lang='lat' dir='ltr'>coniuges.</span> <span class='ocrx_word' id='word_1_436' title='bbox 3326 788 3636 855; x_wconf 79' lang='lat' dir='ltr'>Tenenda</span> <span class='ocrx_word' id='word_1_437' title='bbox 3678 797 3780 853; x_wconf 91' lang='lat' dir='ltr'>est</span> <span class='ocrx_word' id='word_1_438' title='bbox 3824 799 4044 854; x_wconf 91' lang='lat' dir='ltr'>tamen</span> <span class='ocrx_word' id='word_1_439' title='bbox 4091 809 4255 871; x_wconf 87' lang='lat' dir='ltr'>quae</span> <span class='ocrx_word' id='word_1_440' title='bbox 4291 787 4573 854; x_wconf 82' lang='lat' dir='ltr'>divinitus</span> 
     </span>
     <span class='ocr_line' id='line_1_64' title="bbox 2660 874 4570 961; baseline 0 -20"><span class='ocrx_word' id='word_1_441' title='bbox 2660 879 3067 961; x_wconf 84' lang='lat' dir='ltr'>praescripta</span> <span class='ocrx_word' id='word_1_442' title='bbox 3111 876 3235 941; x_wconf 90' lang='lat' dir='ltr'>fuit</span> <span class='ocrx_word' id='word_1_443' title='bbox 3281 876 3657 941; x_wconf 89' lang='lat' dir='ltr'>moderatio.</span> <span class='ocrx_word' id='word_1_444' title='bbox 3724 874 3955 958; x_wconf 88' lang='lat' dir='ltr'>Neque</span> <span class='ocrx_word' id='word_1_445' title='bbox 3998 875 4172 939; x_wconf 91' lang='lat' dir='ltr'>enim</span> <span class='ocrx_word' id='word_1_446' title='bbox 4218 885 4570 957; x_wconf 88' lang='lat' dir='ltr'>perpetuum</span> 
     </span>
     <span class='ocr_line' id='line_1_65' title="bbox 2660 960 4573 1044; baseline -0.001 -17"><span class='ocrx_word' id='word_1_447' title='bbox 2660 963 3053 1029; x_wconf 90' lang='lat' dir='ltr'>caelibatum</span> <span class='ocrx_word' id='word_1_448' title='bbox 3097 963 3367 1027; x_wconf 89' lang='lat' dir='ltr'>indixit:</span> <span class='ocrx_word' id='word_1_449' title='bbox 3413 960 3528 1027; x_wconf 89' lang='lat' dir='ltr'>sed</span> <span class='ocrx_word' id='word_1_450' title='bbox 3574 971 3870 1044; x_wconf 89' lang='lat' dir='ltr'>tempora</span> <span class='ocrx_word' id='word_1_451' title='bbox 3913 961 4008 1025; x_wconf 90' lang='lat' dir='ltr'>sic</span> <span class='ocrx_word' id='word_1_452' title='bbox 4052 963 4333 1043; x_wconf 88' lang='lat' dir='ltr'>partitus</span> <span class='ocrx_word' id='word_1_453' title='bbox 4375 969 4467 1026; x_wconf 89' lang='lat' dir='ltr'>est</span> <span class='ocrx_word' id='word_1_454' title='bbox 4512 974 4573 1026; x_wconf 88' lang='lat' dir='ltr'>ut</span> 
     </span>
     <span class='ocr_line' id='line_1_66' title="bbox 2659 1045 4574 1132; baseline -0.001 -19"><span class='ocrx_word' id='word_1_455' title='bbox 2659 1050 2941 1115; x_wconf 90' lang='lat' dir='ltr'>terrenis</span> <span class='ocrx_word' id='word_1_456' title='bbox 2986 1049 3473 1132; x_wconf 88' lang='lat' dir='ltr'>impedimentis</span> <span class='ocrx_word' id='word_1_457' title='bbox 3528 1048 3722 1112; x_wconf 88' lang='lat' dir='ltr'>soluti</span> <span class='ocrx_word' id='word_1_458' title='bbox 3768 1045 4124 1124; x_wconf 87' lang='lat' dir='ltr'>Israelitae,</span> <span class='ocrx_word' id='word_1_459' title='bbox 4194 1047 4454 1113; x_wconf 87' lang='lat' dir='ltr'>liberius</span> <span class='ocrx_word' id='word_1_460' title='bbox 4494 1055 4574 1111; x_wconf 89' lang='lat' dir='ltr'>to-</span> 
     </span>
     <span class='ocr_line' id='line_1_67' title="bbox 2659 1132 4573 1218; baseline -0.001 -19"><span class='ocrx_word' id='word_1_461' title='bbox 2659 1143 2800 1200; x_wconf 90' lang='lat' dir='ltr'>tum</span> <span class='ocrx_word' id='word_1_462' title='bbox 2846 1158 3033 1201; x_wconf 89' lang='lat' dir='ltr'>suum</span> <span class='ocrx_word' id='word_1_463' title='bbox 3082 1135 3371 1200; x_wconf 90' lang='lat' dir='ltr'>studium</span> <span class='ocrx_word' id='word_1_464' title='bbox 3427 1132 3507 1199; x_wconf 89' lang='lat' dir='ltr'>ad</span> <span class='ocrx_word' id='word_1_465' title='bbox 3564 1134 3778 1218; x_wconf 91' lang='lat' dir='ltr'>legem</span> <span class='ocrx_word' id='word_1_466' title='bbox 3837 1142 4219 1198; x_wconf 81' lang='lat' dir='ltr'>reverenter</span> <span class='ocrx_word' id='word_1_467' title='bbox 4273 1132 4573 1215; x_wconf 86' lang='lat' dir='ltr'>excipien-</span> 
     </span>
     <span class='ocr_line' id='line_1_68' title="bbox 2659 1221 3276 1305; baseline 0.002 -20"><span class='ocrx_word' id='word_1_468' title='bbox 2659 1221 2806 1287; x_wconf 89' lang='lat' dir='ltr'>dam</span> <span class='ocrx_word' id='word_1_469' title='bbox 2852 1221 3276 1305; x_wconf 88' lang='lat' dir='ltr'>applicarent.</span> 
     </span>
    </p>

    <p class='ocr_par' dir='ltr' id='par_1_7' title="bbox 2644 1303 4584 3950">
     <span class='ocr_line' id='line_1_69' title="bbox 2831 1303 4575 1390; baseline -0.002 -19"><span class='ocrx_word' id='word_1_470' title='bbox 2831 1308 2931 1374; x_wconf 81' lang='lat'>12.</span> <span class='ocrx_word' id='word_1_471' title='bbox 2978 1307 3067 1372; x_wconf 79' lang='lat' dir='ltr'>Et</span> <span class='ocrx_word' id='word_1_472' title='bbox 3095 1305 3503 1390; x_wconf 78' lang='lat' dir='ltr'>praescribes.</span> <span class='ocrx_word' id='word_1_473' title='bbox 3570 1305 3719 1369; x_wconf 87' lang='lat' dir='ltr'>Hoc</span> <span class='ocrx_word' id='word_1_474' title='bbox 3761 1305 4058 1388; x_wconf 83' lang='lat' dir='ltr'>symbolo</span> <span class='ocrx_word' id='word_1_475' title='bbox 4102 1303 4413 1369; x_wconf 89' lang='lat' dir='ltr'>admoniti</span> <span class='ocrx_word' id='word_1_476' title='bbox 4455 1305 4575 1369; x_wconf 90' lang='lat' dir='ltr'>fue-</span> 
     </span>
     <span class='ocr_line' id='line_1_70' title="bbox 2656 1390 4574 1475; baseline -0.001 -20"><span class='ocrx_word' id='word_1_477' title='bbox 2656 1406 2814 1457; x_wconf 90' lang='lat' dir='ltr'>runt</span> <span class='ocrx_word' id='word_1_478' title='bbox 2859 1392 3201 1458; x_wconf 91' lang='lat' dir='ltr'>Israelitae</span> <span class='ocrx_word' id='word_1_479' title='bbox 3247 1390 3675 1457; x_wconf 82' lang='lat' dir='ltr'>fraenandam</span> <span class='ocrx_word' id='word_1_480' title='bbox 3743 1410 3885 1455; x_wconf 88' lang='lat' dir='ltr'>esse</span> <span class='ocrx_word' id='word_1_481' title='bbox 3944 1390 4195 1475; x_wconf 88' lang='lat' dir='ltr'>ingenii</span> <span class='ocrx_word' id='word_1_482' title='bbox 4242 1391 4574 1470; x_wconf 83' lang='lat' dir='ltr'>lasciviam,</span> 
     </span>
     <span class='ocr_line' id='line_1_71' title="bbox 2659 1475 4578 1561; baseline -0.001 -19"><span class='ocrx_word' id='word_1_483' title='bbox 2659 1487 2732 1542; x_wconf 93' lang='lat' dir='ltr'>ut</span> <span class='ocrx_word' id='word_1_484' title='bbox 2774 1490 3029 1544; x_wconf 89' lang='lat' dir='ltr'>tantum</span> <span class='ocrx_word' id='word_1_485' title='bbox 3078 1479 3159 1543; x_wconf 88' lang='lat' dir='ltr'>ad</span> <span class='ocrx_word' id='word_1_486' title='bbox 3204 1478 3620 1545; x_wconf 88' lang='lat' dir='ltr'>sobrietatem</span> <span class='ocrx_word' id='word_1_487' title='bbox 3658 1486 3993 1560; x_wconf 88' lang='lat' dir='ltr'>saperent:</span> <span class='ocrx_word' id='word_1_488' title='bbox 4043 1477 4196 1560; x_wconf 87' lang='lat' dir='ltr'>quia</span> <span class='ocrx_word' id='word_1_489' title='bbox 4218 1475 4402 1542; x_wconf 90' lang='lat' dir='ltr'>Deus</span> <span class='ocrx_word' id='word_1_490' title='bbox 4434 1476 4578 1561; x_wconf 87' lang='lat' dir='ltr'>legis</span> 
     </span>
     <span class='ocr_line' id='line_1_72' title="bbox 2656 1561 4579 1645; baseline -0.002 -15"><span class='ocrx_word' id='word_1_491' title='bbox 2656 1584 2815 1630; x_wconf 88' lang='lat' dir='ltr'>suae</span> <span class='ocrx_word' id='word_1_492' title='bbox 2860 1564 3158 1631; x_wconf 91' lang='lat' dir='ltr'>doctrina</span> <span class='ocrx_word' id='word_1_493' title='bbox 3212 1563 3475 1628; x_wconf 90' lang='lat' dir='ltr'>nonnisi</span> <span class='ocrx_word' id='word_1_494' title='bbox 3534 1563 3842 1645; x_wconf 85' lang='lat' dir='ltr'>parvulos</span> <span class='ocrx_word' id='word_1_495' title='bbox 3906 1562 4254 1627; x_wconf 82' lang='lat' dir='ltr'>illuminat.</span> <span class='ocrx_word' id='word_1_496' title='bbox 4348 1561 4579 1629; x_wconf 84' lang='lat' dir='ltr'>Scimus</span> 
     </span>
     <span class='ocr_line' id='line_1_73' title="bbox 2657 1649 4572 1734; baseline -0.002 -19"><span class='ocrx_word' id='word_1_497' title='bbox 2657 1662 2902 1733; x_wconf 89' lang='lat' dir='ltr'>quanta</span> <span class='ocrx_word' id='word_1_498' title='bbox 2972 1653 3061 1715; x_wconf 89' lang='lat' dir='ltr'>sit</span> <span class='ocrx_word' id='word_1_499' title='bbox 3129 1650 3429 1734; x_wconf 89' lang='lat' dir='ltr'>ingenita</span> <span class='ocrx_word' id='word_1_500' title='bbox 3499 1649 3874 1714; x_wconf 88' lang='lat' dir='ltr'>hominibus</span> <span class='ocrx_word' id='word_1_501' title='bbox 3953 1650 4323 1728; x_wconf 85' lang='lat' dir='ltr'>curiositas,</span> <span class='ocrx_word' id='word_1_502' title='bbox 4400 1669 4572 1731; x_wconf 89' lang='lat' dir='ltr'>quam</span> 
     </span>
     <span class='ocr_line' id='line_1_74' title="bbox 2654 1732 4573 1820; baseline -0.002 -19"><span class='ocrx_word' id='word_1_503' title='bbox 2654 1757 2962 1820; x_wconf 86' lang='lat' dir='ltr'>perverse</span> <span class='ocrx_word' id='word_1_504' title='bbox 3007 1745 3317 1819; x_wconf 87' lang='lat' dir='ltr'>appetant</span> <span class='ocrx_word' id='word_1_505' title='bbox 3376 1746 3720 1819; x_wconf 89' lang='lat' dir='ltr'>penetrare</span> <span class='ocrx_word' id='word_1_506' title='bbox 3777 1736 3846 1798; x_wconf 92' lang='lat' dir='ltr'>in</span> <span class='ocrx_word' id='word_1_507' title='bbox 3894 1732 4019 1798; x_wconf 91' lang='lat' dir='ltr'>Dei</span> <span class='ocrx_word' id='word_1_508' title='bbox 4064 1755 4335 1813; x_wconf 88' lang='lat' dir='ltr'>arcana,</span> <span class='ocrx_word' id='word_1_509' title='bbox 4401 1755 4573 1816; x_wconf 90' lang='lat' dir='ltr'>quam</span> 
     </span>
     <span class='ocr_line' id='line_1_75' title="bbox 2655 1817 4574 1907; baseline -0.002 -21"><span class='ocrx_word' id='word_1_510' title='bbox 2655 1823 2962 1888; x_wconf 85' lang='lat' dir='ltr'>audacter</span> <span class='ocrx_word' id='word_1_511' title='bbox 3004 1823 3129 1889; x_wconf 92' lang='lat' dir='ltr'>sibi</span> <span class='ocrx_word' id='word_1_512' title='bbox 3171 1822 3585 1906; x_wconf 85' lang='lat' dir='ltr'>indulgeant:</span> <span class='ocrx_word' id='word_1_513' title='bbox 3646 1817 3801 1907; x_wconf 90' lang='lat' dir='ltr'>(qua</span> <span class='ocrx_word' id='word_1_514' title='bbox 3844 1819 4110 1885; x_wconf 88' lang='lat' dir='ltr'>licentia</span> <span class='ocrx_word' id='word_1_515' title='bbox 4153 1821 4574 1905; x_wconf 84' lang='lat' dir='ltr'>exstinguitur</span> 
     </span>
     <span class='ocr_line' id='line_1_76' title="bbox 2654 1905 4574 1992; baseline -0.001 -19"><span class='ocrx_word' id='word_1_516' title='bbox 2654 1909 2866 1974; x_wconf 89' lang='lat' dir='ltr'>omnis</span> <span class='ocrx_word' id='word_1_517' title='bbox 2931 1910 3180 1992; x_wconf 89' lang='lat' dir='ltr'>religi0,</span> <span class='ocrx_word' id='word_1_518' title='bbox 3246 1915 3314 1972; x_wconf 88' lang='lat' dir='ltr'>et</span> <span class='ocrx_word' id='word_1_519' title='bbox 3377 1909 3506 1973; x_wconf 90' lang='lat' dir='ltr'>Dei</span> <span class='ocrx_word' id='word_1_520' title='bbox 3573 1905 3793 1992; x_wconf 90' lang='lat' dir='ltr'>timor)</span> <span class='ocrx_word' id='word_1_521' title='bbox 3859 1927 4061 1988; x_wconf 91' lang='lat' dir='ltr'>quare</span> <span class='ocrx_word' id='word_1_522' title='bbox 4123 1907 4362 1971; x_wconf 91' lang='lat' dir='ltr'>merito</span> <span class='ocrx_word' id='word_1_523' title='bbox 4418 1905 4574 1972; x_wconf 87' lang='lat' dir='ltr'>Deus</span> 
     </span>
     <span class='ocr_line' id='line_1_77' title="bbox 2654 1993 4575 2076; baseline -0.002 -18"><span class='ocrx_word' id='word_1_524' title='bbox 2654 1995 2917 2060; x_wconf 79' lang='lat' dir='ltr'>modum</span> <span class='ocrx_word' id='word_1_525' title='bbox 2964 2005 3253 2061; x_wconf 88' lang='lat' dir='ltr'>statuere</span> <span class='ocrx_word' id='word_1_526' title='bbox 3299 1993 3523 2071; x_wconf 89' lang='lat' dir='ltr'>voluit,</span> <span class='ocrx_word' id='word_1_527' title='bbox 3584 2005 3650 2057; x_wconf 90' lang='lat' dir='ltr'>et</span> <span class='ocrx_word' id='word_1_528' title='bbox 3691 2013 4067 2076; x_wconf 84' lang='lat' dir='ltr'>perversam</span> <span class='ocrx_word' id='word_1_529' title='bbox 4115 1993 4425 2057; x_wconf 89' lang='lat' dir='ltr'>scientiae</span> <span class='ocrx_word' id='word_1_530' title='bbox 4465 1993 4575 2056; x_wconf 90' lang='lat' dir='ltr'>illi·</span> 
     </span>
     <span class='ocr_line' id='line_1_78' title="bbox 2653 2077 4577 2163; baseline -0.001 -18"><span class='ocrx_word' id='word_1_531' title='bbox 2653 2081 2817 2145; x_wconf 89' lang='lat' dir='ltr'>citae</span> <span class='ocrx_word' id='word_1_532' title='bbox 2860 2081 3283 2163; x_wconf 88' lang='lat' dir='ltr'>cupiditatem</span> <span class='ocrx_word' id='word_1_533' title='bbox 3330 2079 3649 2145; x_wconf 87' lang='lat' dir='ltr'>cohibere.</span> <span class='ocrx_word' id='word_1_534' title='bbox 3697 2077 4056 2160; x_wconf 85' lang='lat' dir='ltr'>Optassent</span> <span class='ocrx_word' id='word_1_535' title='bbox 4098 2098 4329 2145; x_wconf 89' lang='lat' dir='ltr'>omnes</span> <span class='ocrx_word' id='word_1_536' title='bbox 4375 2080 4577 2144; x_wconf 87' lang='lat' dir='ltr'>venire</span> 
     </span>
     <span class='ocr_line' id='line_1_79' title="bbox 2652 2164 4579 2248; baseline -0.001 -19"><span class='ocrx_word' id='word_1_537' title='bbox 2652 2165 2863 2230; x_wconf 89' lang='lat' dir='ltr'>instar</span> <span class='ocrx_word' id='word_1_538' title='bbox 2923 2164 3163 2247; x_wconf 86' lang='lat' dir='ltr'>Mosis,</span> <span class='ocrx_word' id='word_1_539' title='bbox 3220 2165 3301 2230; x_wconf 91' lang='lat' dir='ltr'>ad</span> <span class='ocrx_word' id='word_1_540' title='bbox 3361 2164 3682 2229; x_wconf 89' lang='lat' dir='ltr'>familiare</span> <span class='ocrx_word' id='word_1_541' title='bbox 3743 2164 3873 2230; x_wconf 87' lang='lat' dir='ltr'>Dei</span> <span class='ocrx_word' id='word_1_542' title='bbox 3924 2164 4356 2248; x_wconf 90' lang='lat' dir='ltr'>colloquium:</span> <span class='ocrx_word' id='word_1_543' title='bbox 4418 2165 4579 2247; x_wconf 91' lang='lat' dir='ltr'>atqui</span> 
     </span>
     <span class='ocr_line' id='line_1_80' title="bbox 2652 2251 4578 2335; baseline 0 -20"><span class='ocrx_word' id='word_1_544' title='bbox 2652 2251 2961 2317; x_wconf 89' lang='lat' dir='ltr'>iubentur</span> <span class='ocrx_word' id='word_1_545' title='bbox 3013 2253 3188 2317; x_wconf 90' lang='lat' dir='ltr'>intra</span> <span class='ocrx_word' id='word_1_546' title='bbox 3231 2260 3440 2316; x_wconf 89' lang='lat' dir='ltr'>metas</span> <span class='ocrx_word' id='word_1_547' title='bbox 3485 2251 3857 2328; x_wconf 88' lang='lat' dir='ltr'>subsistere,</span> <span class='ocrx_word' id='word_1_548' title='bbox 3916 2259 3992 2314; x_wconf 91' lang='lat' dir='ltr'>ut</span> <span class='ocrx_word' id='word_1_549' title='bbox 4036 2251 4176 2316; x_wconf 91' lang='lat' dir='ltr'>Deo</span> <span class='ocrx_word' id='word_1_550' title='bbox 4219 2272 4341 2335; x_wconf 89' lang='lat' dir='ltr'>per</span> <span class='ocrx_word' id='word_1_551' title='bbox 4399 2252 4578 2315; x_wconf 91' lang='lat' dir='ltr'>inter-</span> 
     </span>
     <span class='ocr_line' id='line_1_81' title="bbox 2652 2335 4579 2421; baseline -0.001 -19"><span class='ocrx_word' id='word_1_552' title='bbox 2652 2347 2904 2421; x_wconf 90' lang='lat' dir='ltr'>pretem</span> <span class='ocrx_word' id='word_1_553' title='bbox 2948 2338 3239 2421; x_wconf 88' lang='lat' dir='ltr'>loquenti</span> <span class='ocrx_word' id='word_1_554' title='bbox 3274 2347 3568 2420; x_wconf 88' lang='lat' dir='ltr'>pareant.</span> <span class='ocrx_word' id='word_1_555' title='bbox 3670 2336 3774 2401; x_wconf 91' lang='lat' dir='ltr'>Ita</span> <span class='ocrx_word' id='word_1_556' title='bbox 3821 2335 4129 2419; x_wconf 89' lang='lat' dir='ltr'>probatur</span> <span class='ocrx_word' id='word_1_557' title='bbox 4171 2336 4488 2402; x_wconf 89' lang='lat' dir='ltr'>modestia</span> <span class='ocrx_word' id='word_1_558' title='bbox 4522 2345 4579 2401; x_wconf 91' lang='lat' dir='ltr'>et</span> 
     </span>
     <span class='ocr_line' id='line_1_82' title="bbox 2652 2423 4576 2506; baseline 0 -19"><span class='ocrx_word' id='word_1_559' title='bbox 2652 2424 2980 2503; x_wconf 88' lang='lat' dir='ltr'>docilitas,</span> <span class='ocrx_word' id='word_1_560' title='bbox 3041 2425 3151 2490; x_wconf 92' lang='lat' dir='ltr'>ubi</span> <span class='ocrx_word' id='word_1_561' title='bbox 3211 2444 3341 2488; x_wconf 91' lang='lat' dir='ltr'>non</span> <span class='ocrx_word' id='word_1_562' title='bbox 3400 2423 3551 2506; x_wconf 91' lang='lat' dir='ltr'>plus</span> <span class='ocrx_word' id='word_1_563' title='bbox 3606 2423 3914 2488; x_wconf 86' lang='lat' dir='ltr'>affectant</span> <span class='ocrx_word' id='word_1_564' title='bbox 3957 2444 4150 2506; x_wconf 88' lang='lat' dir='ltr'>quam</span> <span class='ocrx_word' id='word_1_565' title='bbox 4207 2442 4576 2490; x_wconf 89' lang='lat' dir='ltr'>concessum</span> 
     </span>
     <span class='ocr_line' id='line_1_83' title="bbox 2651 2509 4576 2591; baseline -0.001 -16"><span class='ocrx_word' id='word_1_566' title='bbox 2651 2522 2779 2586; x_wconf 90' lang='lat' dir='ltr'>est,</span> <span class='ocrx_word' id='word_1_567' title='bbox 2836 2529 2911 2576; x_wconf 90' lang='lat' dir='ltr'>ac</span> <span class='ocrx_word' id='word_1_568' title='bbox 2968 2531 3037 2575; x_wconf 90' lang='lat' dir='ltr'>se</span> <span class='ocrx_word' id='word_1_569' title='bbox 3096 2510 3161 2574; x_wconf 92' lang='lat' dir='ltr'>in</span> <span class='ocrx_word' id='word_1_570' title='bbox 3218 2510 3637 2574; x_wconf 88' lang='lat' dir='ltr'>revelationis</span> <span class='ocrx_word' id='word_1_571' title='bbox 3694 2509 3884 2573; x_wconf 89' lang='lat' dir='ltr'>modo</span> <span class='ocrx_word' id='word_1_572' title='bbox 3939 2510 4297 2575; x_wconf 88' lang='lat' dir='ltr'>continent.</span> <span class='ocrx_word' id='word_1_573' title='bbox 4397 2509 4576 2591; x_wconf 81' lang='lat' dir='ltr'>Quod</span> 
     </span>
     <span class='ocr_line' id='line_1_84' title="bbox 2654 2595 4576 2679; baseline 0.002 -21"><span class='ocrx_word' id='word_1_574' title='bbox 2654 2608 2809 2661; x_wconf 87' lang='lat' dir='ltr'>tunc</span> <span class='ocrx_word' id='word_1_575' title='bbox 2857 2596 3062 2660; x_wconf 87' lang='lat' dir='ltr'>veteri</span> <span class='ocrx_word' id='word_1_576' title='bbox 3105 2596 3343 2679; x_wconf 90' lang='lat' dir='ltr'>populo</span> <span class='ocrx_word' id='word_1_577' title='bbox 3389 2595 3775 2659; x_wconf 87' lang='lat' dir='ltr'>mandatum</span> <span class='ocrx_word' id='word_1_578' title='bbox 3824 2596 3975 2672; x_wconf 82' lang='lat' dir='ltr'>suit,</span> <span class='ocrx_word' id='word_1_579' title='bbox 4035 2595 4118 2660; x_wconf 89' lang='lat' dir='ltr'>ad</span> <span class='ocrx_word' id='word_1_580' title='bbox 4177 2617 4298 2660; x_wconf 91' lang='lat' dir='ltr'>nos</span> <span class='ocrx_word' id='word_1_581' title='bbox 4343 2617 4576 2679; x_wconf 91' lang='lat' dir='ltr'>quoque</span> 
     </span>
     <span class='ocr_line' id='line_1_85' title="bbox 2650 2679 4575 2765; baseline 0 -19"><span class='ocrx_word' id='word_1_582' title='bbox 2650 2681 3059 2760; x_wconf 89' lang='lat' dir='ltr'>extenditur,</span> <span class='ocrx_word' id='word_1_583' title='bbox 3123 2692 3197 2746; x_wconf 91' lang='lat' dir='ltr'>ut</span> <span class='ocrx_word' id='word_1_584' title='bbox 3261 2680 3538 2765; x_wconf 89' lang='lat' dir='ltr'>legendo</span> <span class='ocrx_word' id='word_1_585' title='bbox 3597 2694 3662 2744; x_wconf 90' lang='lat' dir='ltr'>et</span> <span class='ocrx_word' id='word_1_586' title='bbox 3713 2679 4038 2746; x_wconf 89' lang='lat' dir='ltr'>audiendo</span> <span class='ocrx_word' id='word_1_587' title='bbox 4098 2701 4181 2745; x_wconf 91' lang='lat' dir='ltr'>ne</span> <span class='ocrx_word' id='word_1_588' title='bbox 4225 2684 4575 2749; x_wconf 86' lang='lat' dir='ltr'>transsilia-</span> 
     </span>
     <span class='ocr_line' id='line_1_86' title="bbox 2649 2767 4577 2850; baseline 0.001 -19"><span class='ocrx_word' id='word_1_589' title='bbox 2649 2788 2795 2832; x_wconf 90' lang='lat' dir='ltr'>mus</span> <span class='ocrx_word' id='word_1_590' title='bbox 2839 2788 3002 2849; x_wconf 89' lang='lat' dir='ltr'>quas</span> <span class='ocrx_word' id='word_1_591' title='bbox 3028 2768 3209 2833; x_wconf 89' lang='lat' dir='ltr'>Deus</span> <span class='ocrx_word' id='word_1_592' title='bbox 3253 2769 3439 2833; x_wconf 90' lang='lat' dir='ltr'>nobis</span> <span class='ocrx_word' id='word_1_593' title='bbox 3483 2768 3780 2850; x_wconf 86' lang='lat' dir='ltr'>assignat</span> <span class='ocrx_word' id='word_1_594' title='bbox 3823 2779 4052 2843; x_wconf 88' lang='lat' dir='ltr'>metas,</span> <span class='ocrx_word' id='word_1_595' title='bbox 4101 2767 4217 2832; x_wconf 90' lang='lat' dir='ltr'>sed</span> <span class='ocrx_word' id='word_1_596' title='bbox 4261 2768 4577 2835; x_wconf 89' lang='lat' dir='ltr'>doctrinae</span> 
     </span>
     <span class='ocr_line' id='line_1_87' title="bbox 2648 2852 4576 2935; baseline 0.002 -19"><span class='ocrx_word' id='word_1_597' title='bbox 2648 2854 2856 2917; x_wconf 87' lang='lat' dir='ltr'>forma</span> <span class='ocrx_word' id='word_1_598' title='bbox 2900 2875 3093 2935; x_wconf 89' lang='lat' dir='ltr'>quam</span> <span class='ocrx_word' id='word_1_599' title='bbox 3142 2852 3344 2918; x_wconf 87' lang='lat' dir='ltr'>tradit</span> <span class='ocrx_word' id='word_1_600' title='bbox 3399 2855 3719 2929; x_wconf 89' lang='lat' dir='ltr'>contenti,</span> <span class='ocrx_word' id='word_1_601' title='bbox 3784 2873 3950 2935; x_wconf 90' lang='lat' dir='ltr'>quae</span> <span class='ocrx_word' id='word_1_602' title='bbox 4010 2854 4195 2919; x_wconf 91' lang='lat' dir='ltr'>nobis</span> <span class='ocrx_word' id='word_1_603' title='bbox 4250 2856 4398 2920; x_wconf 87' lang='lat' dir='ltr'>vult</span> <span class='ocrx_word' id='word_1_604' title='bbox 4449 2874 4576 2921; x_wconf 89' lang='lat' dir='ltr'>esse</span> 
     </span>
     <span class='ocr_line' id='line_1_88' title="bbox 2648 2937 4577 3024; baseline 0.001 -23"><span class='ocrx_word' id='word_1_605' title='bbox 2648 2937 3025 3004; x_wconf 88' lang='lat' dir='ltr'>abscondita</span> <span class='ocrx_word' id='word_1_606' title='bbox 3090 2938 3314 3004; x_wconf 88' lang='lat' dir='ltr'>valere</span> <span class='ocrx_word' id='word_1_607' title='bbox 3377 2939 3695 3003; x_wconf 90' lang='lat' dir='ltr'>sinamus:</span> <span class='ocrx_word' id='word_1_608' title='bbox 3777 2949 3843 3003; x_wconf 90' lang='lat' dir='ltr'>et</span> <span class='ocrx_word' id='word_1_609' title='bbox 3914 2940 4215 3022; x_wconf 90' lang='lat' dir='ltr'>quamvis</span> <span class='ocrx_word' id='word_1_610' title='bbox 4285 2940 4577 3024; x_wconf 87' lang='lat' dir='ltr'>loquatur</span> 
     </span>
     <span class='ocr_line' id='line_1_89' title="bbox 2648 3023 4573 3106; baseline 0.002 -18"><span class='ocrx_word' id='word_1_611' title='bbox 2648 3027 2902 3090; x_wconf 90' lang='lat' dir='ltr'>eminus</span> <span class='ocrx_word' id='word_1_612' title='bbox 2967 3025 3326 3106; x_wconf 86' lang='lat' dir='ltr'>nobiseum,</span> <span class='ocrx_word' id='word_1_613' title='bbox 3392 3046 3476 3090; x_wconf 90' lang='lat' dir='ltr'>ne</span> <span class='ocrx_word' id='word_1_614' title='bbox 3540 3023 3853 3091; x_wconf 90' lang='lat' dir='ltr'>distantia</span> <span class='ocrx_word' id='word_1_615' title='bbox 3917 3024 4103 3091; x_wconf 88' lang='lat' dir='ltr'>nobis</span> <span class='ocrx_word' id='word_1_616' title='bbox 4161 3026 4250 3092; x_wconf 90' lang='lat' dir='ltr'>sit</span> <span class='ocrx_word' id='word_1_617' title='bbox 4306 3026 4573 3093; x_wconf 86' lang='lat' dir='ltr'>fastidio.</span> 
     </span>
     <span class='ocr_line' id='line_1_90' title="bbox 2645 3110 4574 3197; baseline 0.002 -22"><span class='ocrx_word' id='word_1_618' title='bbox 2645 3110 2875 3195; x_wconf 90' lang='lat' dir='ltr'>Neque</span> <span class='ocrx_word' id='word_1_619' title='bbox 2920 3119 3137 3177; x_wconf 87' lang='lat' dir='ltr'>tamen</span> <span class='ocrx_word' id='word_1_620' title='bbox 3196 3111 3278 3177; x_wconf 91' lang='lat' dir='ltr'>ab</span> <span class='ocrx_word' id='word_1_621' title='bbox 3321 3132 3596 3178; x_wconf 88' lang='lat' dir='ltr'>ascensu</span> <span class='ocrx_word' id='word_1_622' title='bbox 3639 3112 3942 3193; x_wconf 89' lang='lat' dir='ltr'>prohibet</span> <span class='ocrx_word' id='word_1_623' title='bbox 3983 3113 4337 3194; x_wconf 90' lang='lat' dir='ltr'>populum,</span> <span class='ocrx_word' id='word_1_624' title='bbox 4405 3116 4574 3197; x_wconf 89' lang='lat' dir='ltr'>quasi</span> 
     </span>
     <span class='ocr_line' id='line_1_91' title="bbox 2648 3197 4577 3283; baseline 0.001 -22"><span class='ocrx_word' id='word_1_625' title='bbox 2648 3200 3008 3280; x_wconf 89' lang='lat' dir='ltr'>propiorem</span> <span class='ocrx_word' id='word_1_626' title='bbox 3055 3198 3301 3283; x_wconf 85' lang='lat' dir='ltr'>gloriae</span> <span class='ocrx_word' id='word_1_627' title='bbox 3346 3217 3501 3263; x_wconf 89' lang='lat' dir='ltr'>suae</span> <span class='ocrx_word' id='word_1_628' title='bbox 3543 3206 3879 3280; x_wconf 90' lang='lat' dir='ltr'>aspectum</span> <span class='ocrx_word' id='word_1_629' title='bbox 3925 3197 4239 3274; x_wconf 81' lang='lat' dir='ltr'>invideat,</span> <span class='ocrx_word' id='word_1_630' title='bbox 4287 3199 4403 3265; x_wconf 90' lang='lat' dir='ltr'>sed</span> <span class='ocrx_word' id='word_1_631' title='bbox 4440 3201 4577 3282; x_wconf 86' lang='lat' dir='ltr'>quia</span> 
     </span>
     <span class='ocr_line' id='line_1_92' title="bbox 2646 3283 4577 3368; baseline 0.001 -20"><span class='ocrx_word' id='word_1_632' title='bbox 2646 3284 2963 3366; x_wconf 88' lang='lat' dir='ltr'>superbos</span> <span class='ocrx_word' id='word_1_633' title='bbox 2998 3295 3066 3350; x_wconf 91' lang='lat' dir='ltr'>et</span> <span class='ocrx_word' id='word_1_634' title='bbox 3102 3284 3253 3368; x_wconf 89' lang='lat' dir='ltr'>plus</span> <span class='ocrx_word' id='word_1_635' title='bbox 3288 3304 3494 3366; x_wconf 89' lang='lat' dir='ltr'>aequo</span> <span class='ocrx_word' id='word_1_636' title='bbox 3518 3292 3899 3366; x_wconf 87' lang='lat' dir='ltr'>arrogantes</span> <span class='ocrx_word' id='word_1_637' title='bbox 3924 3283 4005 3349; x_wconf 86' lang='lat' dir='ltr'>ad</span> <span class='ocrx_word' id='word_1_638' title='bbox 4030 3286 4372 3350; x_wconf 90' lang='lat' dir='ltr'>modulum</span> <span class='ocrx_word' id='word_1_639' title='bbox 4397 3307 4577 3350; x_wconf 91' lang='lat' dir='ltr'>suum</span> 
     </span>
     <span class='ocr_line' id='line_1_93' title="bbox 2646 3369 4575 3454; baseline 0.001 -22"><span class='ocrx_word' id='word_1_640' title='bbox 2646 3369 2855 3453; x_wconf 89' lang='lat' dir='ltr'>redigi</span> <span class='ocrx_word' id='word_1_641' title='bbox 2902 3370 3184 3454; x_wconf 85' lang='lat' dir='ltr'>expedit,</span> <span class='ocrx_word' id='word_1_642' title='bbox 3238 3379 3312 3434; x_wconf 90' lang='lat' dir='ltr'>ut</span> <span class='ocrx_word' id='word_1_643' title='bbox 3354 3369 3824 3434; x_wconf 87' lang='lat' dir='ltr'>imbecillitatis</span> <span class='ocrx_word' id='word_1_644' title='bbox 3867 3390 4023 3435; x_wconf 89' lang='lat' dir='ltr'>suae</span> <span class='ocrx_word' id='word_1_645' title='bbox 4066 3373 4575 3437; x_wconf 89' lang='lat' dir='ltr'>commonefiant.</span> 
     </span>
     <span class='ocr_line' id='line_1_94' title="bbox 2644 3455 4578 3541; baseline 0.002 -22"><span class='ocrx_word' id='word_1_646' title='bbox 2644 3455 2791 3519; x_wconf 90' lang='lat' dir='ltr'>Iam</span> <span class='ocrx_word' id='word_1_647' title='bbox 2846 3477 2975 3539; x_wconf 91' lang='lat' dir='ltr'>quo</span> <span class='ocrx_word' id='word_1_648' title='bbox 3035 3456 3242 3540; x_wconf 88' lang='lat' dir='ltr'>magis</span> <span class='ocrx_word' id='word_1_649' title='bbox 3299 3455 3659 3520; x_wconf 87' lang='lat' dir='ltr'>absterreat</span> <span class='ocrx_word' id='word_1_650' title='bbox 3721 3455 4021 3520; x_wconf 87' lang='lat' dir='ltr'>homines</span> <span class='ocrx_word' id='word_1_651' title='bbox 4076 3458 4284 3541; x_wconf 88' lang='lat' dir='ltr'>ipsos,</span> <span class='ocrx_word' id='word_1_652' title='bbox 4356 3457 4578 3522; x_wconf 88' lang='lat' dir='ltr'>bestias</span> 
     </span>
     <span class='ocr_line' id='line_1_95' title="bbox 2645 3541 4579 3624; baseline -0.001 -18"><span class='ocrx_word' id='word_1_653' title='bbox 2645 3561 2902 3624; x_wconf 89' lang='lat' dir='ltr'>quoque</span> <span class='ocrx_word' id='word_1_654' title='bbox 2948 3541 3101 3607; x_wconf 89' lang='lat' dir='ltr'>licet</span> <span class='ocrx_word' id='word_1_655' title='bbox 3164 3541 3503 3624; x_wconf 86' lang='lat' dir='ltr'>innoxias,</span> <span class='ocrx_word' id='word_1_656' title='bbox 3571 3542 3626 3605; x_wconf 90' lang='lat' dir='ltr'>si</span> <span class='ocrx_word' id='word_1_657' title='bbox 3693 3542 3860 3606; x_wconf 91' lang='lat' dir='ltr'>fines</span> <span class='ocrx_word' id='word_1_658' title='bbox 3927 3544 4349 3621; x_wconf 87' lang='lat' dir='ltr'>excesserint,</span> <span class='ocrx_word' id='word_1_659' title='bbox 4414 3542 4579 3608; x_wconf 88' lang='lat' dir='ltr'>iubet</span> 
     </span>
     <span class='ocr_line' id='line_1_96' title="bbox 2644 3626 4578 3710; baseline 0.002 -21"><span class='ocrx_word' id='word_1_660' title='bbox 2644 3627 2943 3693; x_wconf 78' lang='lat' dir='ltr'>interfici.</span> <span class='ocrx_word' id='word_1_661' title='bbox 3032 3627 3209 3708; x_wconf 79' lang='lat' dir='ltr'>Quid</span> <span class='ocrx_word' id='word_1_662' title='bbox 3254 3627 3580 3710; x_wconf 89' lang='lat' dir='ltr'>significet</span> <span class='ocrx_word' id='word_1_663' title='bbox 3623 3626 3972 3706; x_wconf 82' lang='lat' dir='ltr'>descensus</span> <span class='ocrx_word' id='word_1_664' title='bbox 4017 3627 4143 3692; x_wconf 88' lang='lat' dir='ltr'>Dei</span> <span class='ocrx_word' id='word_1_665' title='bbox 4191 3630 4386 3710; x_wconf 90' lang='lat' dir='ltr'>paulo</span> <span class='ocrx_word' id='word_1_666' title='bbox 4438 3638 4578 3694; x_wconf 89' lang='lat' dir='ltr'>ante</span> 
     </span>
     <span class='ocr_line' id='line_1_97' title="bbox 2646 3712 4582 3798; baseline 0.001 -22"><span class='ocrx_word' id='word_1_667' title='bbox 2646 3715 3082 3795; x_wconf 87' lang='lat' dir='ltr'>exposuimus,</span> <span class='ocrx_word' id='word_1_668' title='bbox 3129 3733 3361 3795; x_wconf 87' lang='lat' dir='ltr'>nempe</span> <span class='ocrx_word' id='word_1_669' title='bbox 3406 3712 4027 3778; x_wconf 90' lang='lat' dir='ltr'>demonstrationem</span> <span class='ocrx_word' id='word_1_670' title='bbox 4078 3714 4375 3781; x_wconf 83' lang='lat' dir='ltr'>virtutis:</span> <span class='ocrx_word' id='word_1_671' title='bbox 4442 3735 4582 3798; x_wconf 86' lang='lat' dir='ltr'>quo·</span> 
     </span>
     <span class='ocr_line' id='line_1_98' title="bbox 2648 3798 4584 3884; baseline 0 -22"><span class='ocrx_word' id='word_1_672' title='bbox 2648 3801 2826 3863; x_wconf 86' lang='lat' dir='ltr'>niam</span> <span class='ocrx_word' id='word_1_673' title='bbox 2874 3801 3011 3864; x_wconf 90' lang='lat' dir='ltr'>eius</span> <span class='ocrx_word' id='word_1_674' title='bbox 3055 3802 3344 3865; x_wconf 90' lang='lat' dir='ltr'>essentia</span> <span class='ocrx_word' id='word_1_675' title='bbox 3387 3820 3553 3882; x_wconf 89' lang='lat' dir='ltr'>quae</span> <span class='ocrx_word' id='word_1_676' title='bbox 3609 3798 3865 3864; x_wconf 89' lang='lat' dir='ltr'>coelum</span> <span class='ocrx_word' id='word_1_677' title='bbox 3924 3811 3990 3866; x_wconf 89' lang='lat' dir='ltr'>et</span> <span class='ocrx_word' id='word_1_678' title='bbox 4047 3809 4295 3866; x_wconf 86' lang='lat' dir='ltr'>terram</span> <span class='ocrx_word' id='word_1_679' title='bbox 4362 3800 4584 3884; x_wconf 89' lang='lat' dir='ltr'>implet</span> 
     </span>
     <span class='ocr_line' id='line_1_99' title="bbox 2645 3885 3330 3950; baseline 0.001 -1"><span class='ocrx_word' id='word_1_680' title='bbox 2645 3885 2785 3950; x_wconf 91' lang='lat' dir='ltr'>loco</span> <span class='ocrx_word' id='word_1_681' title='bbox 2830 3906 2965 3949; x_wconf 89' lang='lat' dir='ltr'>non</span> <span class='ocrx_word' id='word_1_682' title='bbox 3009 3898 3330 3950; x_wconf 83' lang='lat' dir='ltr'>movetur.</span> 
     </span>
    </p>

    <p class='ocr_par' dir='ltr' id='par_1_8' title="bbox 2649 3969 4588 5433">
     <span class='ocr_line' id='line_1_100' title="bbox 2825 3969 4582 4055; baseline 0.001 -20"><span class='ocrx_word' id='word_1_683' title='bbox 2825 3972 2924 4036; x_wconf 88' lang='lat'>13.</span> <span class='ocrx_word' id='word_1_684' title='bbox 2994 3971 3138 4037; x_wconf 79' lang='lat' dir='ltr'>Non</span> <span class='ocrx_word' id='word_1_685' title='bbox 3193 3976 3399 4055; x_wconf 64' lang='lat' dir='ltr'>tanget</span> <span class='ocrx_word' id='word_1_686' title='bbox 3453 3990 3593 4035; x_wconf 82' lang='lat' dir='ltr'>eum</span> <span class='ocrx_word' id='word_1_687' title='bbox 3658 3990 3907 4036; x_wconf 78' lang='lat' dir='ltr'>manus,</span> <span class='ocrx_word' id='word_1_688' title='bbox 4008 3969 4254 4038; x_wconf 90' lang='lat' dir='ltr'>Inscite</span> <span class='ocrx_word' id='word_1_689' title='bbox 4331 3992 4582 4039; x_wconf 85' lang='lat' dir='ltr'>sensum</span> 
     </span>
     <span class='ocr_line' id='line_1_101' title="bbox 2650 4055 4585 4140; baseline 0 -19"><span class='ocrx_word' id='word_1_690' title='bbox 2650 4072 3076 4139; x_wconf 90' lang='lat' dir='ltr'>corrumpunt</span> <span class='ocrx_word' id='word_1_691' title='bbox 3119 4058 3233 4140; x_wconf 92' lang='lat' dir='ltr'>qui</span> <span class='ocrx_word' id='word_1_692' title='bbox 3267 4056 3655 4140; x_wconf 89' lang='lat' dir='ltr'>particulam</span> <span class='ocrx_word' id='word_1_693' title='bbox 3692 4071 3754 4125; x_wconf 72' lang='lat'>³:</span> <span class='ocrx_word' id='word_1_694' title='bbox 3798 4055 4139 4122; x_wconf 90' lang='lat' dir='ltr'>resolvunt</span> <span class='ocrx_word' id='word_1_695' title='bbox 4182 4059 4252 4122; x_wconf 92' lang='lat' dir='ltr'>in</span> <span class='ocrx_word' id='word_1_696' title='bbox 4289 4060 4585 4125; x_wconf 85' lang='lat' dir='ltr'>adversa-</span> 
     </span>
     <span class='ocr_line' id='line_1_102' title="bbox 2651 4143 4587 4228; baseline 0 -21"><span class='ocrx_word' id='word_1_697' title='bbox 2651 4145 2874 4220; x_wconf 87' lang='lat' dir='ltr'>tivam,</span> <span class='ocrx_word' id='word_1_698' title='bbox 2924 4143 3237 4226; x_wconf 87' lang='lat' dir='ltr'>alioquin:</span> <span class='ocrx_word' id='word_1_699' title='bbox 3299 4166 3374 4210; x_wconf 88' lang='lat' dir='ltr'>ac</span> <span class='ocrx_word' id='word_1_700' title='bbox 3418 4143 3474 4207; x_wconf 89' lang='lat' dir='ltr'>si</span> <span class='ocrx_word' id='word_1_701' title='bbox 3522 4153 3776 4208; x_wconf 85' lang='lat' dir='ltr'>vetaret</span> <span class='ocrx_word' id='word_1_702' title='bbox 3818 4143 4037 4208; x_wconf 88' lang='lat' dir='ltr'>Moses</span> <span class='ocrx_word' id='word_1_703' title='bbox 4082 4164 4282 4210; x_wconf 88' lang='lat' dir='ltr'>manu</span> <span class='ocrx_word' id='word_1_704' title='bbox 4327 4155 4587 4228; x_wconf 90' lang='lat' dir='ltr'>tangere</span> 
     </span>
     <span class='ocr_line' id='line_1_103' title="bbox 2650 4226 4588 4311; baseline -0.001 -18"><span class='ocrx_word' id='word_1_705' title='bbox 2650 4238 2939 4293; x_wconf 90' lang='lat' dir='ltr'>montem</span> <span class='ocrx_word' id='word_1_706' title='bbox 2997 4229 3452 4295; x_wconf 90' lang='lat' dir='ltr'>denunciando</span> <span class='ocrx_word' id='word_1_707' title='bbox 3504 4229 3923 4311; x_wconf 89' lang='lat' dir='ltr'>lapidationis</span> <span class='ocrx_word' id='word_1_708' title='bbox 3966 4249 4263 4311; x_wconf 89' lang='lat' dir='ltr'>poenam.</span> <span class='ocrx_word' id='word_1_709' title='bbox 4356 4226 4588 4297; x_wconf 90' lang='lat' dir='ltr'>Procul</span> 
     </span>
     <span class='ocr_line' id='line_1_104' title="bbox 2649 4314 4588 4398; baseline -0.001 -20"><span class='ocrx_word' id='word_1_710' title='bbox 2649 4316 2846 4379; x_wconf 89' lang='lat' dir='ltr'>etiam</span> <span class='ocrx_word' id='word_1_711' title='bbox 2891 4316 3133 4380; x_wconf 89' lang='lat' dir='ltr'>absunt</span> <span class='ocrx_word' id='word_1_712' title='bbox 3174 4336 3213 4378; x_wconf 86' lang='lat' dir='ltr'>a</span> <span class='ocrx_word' id='word_1_713' title='bbox 3256 4336 3409 4380; x_wconf 87' lang='lat' dir='ltr'>vero</span> <span class='ocrx_word' id='word_1_714' title='bbox 3453 4316 3563 4397; x_wconf 90' lang='lat' dir='ltr'>qui</span> <span class='ocrx_word' id='word_1_715' title='bbox 3607 4315 3892 4398; x_wconf 89' lang='lat' dir='ltr'>praecipi</span> <span class='ocrx_word' id='word_1_716' title='bbox 3929 4315 4313 4381; x_wconf 89' lang='lat' dir='ltr'>existimant</span> <span class='ocrx_word' id='word_1_717' title='bbox 4358 4338 4442 4381; x_wconf 89' lang='lat' dir='ltr'>ne</span> <span class='ocrx_word' id='word_1_718' title='bbox 4485 4314 4588 4380; x_wconf 89' lang='lat' dir='ltr'>alii</span> 
     </span>
     <span class='ocr_line' id='line_1_105' title="bbox 2651 4401 4585 4485; baseline -0.001 -19"><span class='ocrx_word' id='word_1_719' title='bbox 2651 4402 2812 4466; x_wconf 89' lang='lat' dir='ltr'>alios</span> <span class='ocrx_word' id='word_1_720' title='bbox 2848 4411 3226 4483; x_wconf 89' lang='lat' dir='ltr'>sequantur,</span> <span class='ocrx_word' id='word_1_721' title='bbox 3265 4402 3385 4480; x_wconf 86' lang='lat' dir='ltr'>vel,</span> <span class='ocrx_word' id='word_1_722' title='bbox 3422 4423 3506 4465; x_wconf 91' lang='lat' dir='ltr'>ne</span> <span class='ocrx_word' id='word_1_723' title='bbox 3530 4403 3676 4485; x_wconf 91' lang='lat' dir='ltr'>quis</span> <span class='ocrx_word' id='word_1_724' title='bbox 3712 4401 4299 4484; x_wconf 87' lang='lat' dir='ltr'>transgressoribus</span> <span class='ocrx_word' id='word_1_725' title='bbox 4328 4421 4585 4468; x_wconf 89' lang='lat' dir='ltr'>manum</span> 
     </span>
     <span class='ocr_line' id='line_1_106' title="bbox 2652 4483 4586 4571; baseline -0.001 -19"><span class='ocrx_word' id='word_1_726' title='bbox 2652 4489 2971 4571; x_wconf 86' lang='lat' dir='ltr'>porrigat,</span> <span class='ocrx_word' id='word_1_727' title='bbox 3055 4486 3415 4552; x_wconf 87' lang='lat' dir='ltr'>auxiliandi</span> <span class='ocrx_word' id='word_1_728' title='bbox 3493 4508 3706 4553; x_wconf 88' lang='lat' dir='ltr'>causa.</span> <span class='ocrx_word' id='word_1_729' title='bbox 3817 4488 4103 4553; x_wconf 89' lang='lat' dir='ltr'>Prorsus</span> <span class='ocrx_word' id='word_1_730' title='bbox 4168 4489 4345 4553; x_wconf 89' lang='lat' dir='ltr'>enim</span> <span class='ocrx_word' id='word_1_731' title='bbox 4421 4483 4586 4553; x_wconf 88' lang='lat' dir='ltr'>aliud</span> 
     </span>
     <span class='ocr_line' id='line_1_107' title="bbox 2653 4571 4584 4657; baseline -0.001 -19"><span class='ocrx_word' id='word_1_732' title='bbox 2653 4573 2972 4656; x_wconf 86' lang='lat' dir='ltr'>spectavit</span> <span class='ocrx_word' id='word_1_733' title='bbox 3014 4572 3255 4639; x_wconf 84' lang='lat' dir='ltr'>Moses.</span> <span class='ocrx_word' id='word_1_734' title='bbox 3343 4574 3514 4638; x_wconf 85' lang='lat' dir='ltr'>Nam</span> <span class='ocrx_word' id='word_1_735' title='bbox 3561 4595 3689 4656; x_wconf 92' lang='lat' dir='ltr'>quo</span> <span class='ocrx_word' id='word_1_736' title='bbox 3732 4574 3944 4657; x_wconf 84' lang='lat' dir='ltr'>magis</span> <span class='ocrx_word' id='word_1_737' title='bbox 3989 4571 4408 4640; x_wconf 86' lang='lat' dir='ltr'>detestabiles</span> <span class='ocrx_word' id='word_1_738' title='bbox 4451 4572 4584 4639; x_wconf 88' lang='lat' dir='ltr'>red·</span> 
     </span>
     <span class='ocr_line' id='line_1_108' title="bbox 2655 4658 4586 4744; baseline -0.001 -21"><span class='ocrx_word' id='word_1_739' title='bbox 2655 4659 2840 4724; x_wconf 89' lang='lat' dir='ltr'>deret</span> <span class='ocrx_word' id='word_1_740' title='bbox 2895 4660 3004 4743; x_wconf 91' lang='lat' dir='ltr'>qui</span> <span class='ocrx_word' id='word_1_741' title='bbox 3067 4660 3413 4724; x_wconf 89' lang='lat' dir='ltr'>temerario</span> <span class='ocrx_word' id='word_1_742' title='bbox 3470 4662 3775 4744; x_wconf 90' lang='lat' dir='ltr'>ingressu</span> <span class='ocrx_word' id='word_1_743' title='bbox 3830 4661 3994 4725; x_wconf 90' lang='lat' dir='ltr'>fines</span> <span class='ocrx_word' id='word_1_744' title='bbox 4053 4679 4093 4722; x_wconf 89' lang='lat' dir='ltr'>a</span> <span class='ocrx_word' id='word_1_745' title='bbox 4148 4658 4294 4726; x_wconf 90' lang='lat' dir='ltr'>Deo</span> <span class='ocrx_word' id='word_1_746' title='bbox 4351 4661 4586 4743; x_wconf 86' lang='lat' dir='ltr'>positos</span> 
     </span>
     <span class='ocr_line' id='line_1_109' title="bbox 2656 4744 4586 4829; baseline -0.001 -19"><span class='ocrx_word' id='word_1_747' title='bbox 2656 4746 3027 4822; x_wconf 86' lang='lat' dir='ltr'>violassent,</span> <span class='ocrx_word' id='word_1_748' title='bbox 3074 4745 3265 4810; x_wconf 92' lang='lat' dir='ltr'>iussit</span> <span class='ocrx_word' id='word_1_749' title='bbox 3309 4745 3531 4829; x_wconf 92' lang='lat' dir='ltr'>procul</span> <span class='ocrx_word' id='word_1_750' title='bbox 3577 4746 3854 4812; x_wconf 88' lang='lat' dir='ltr'>interfici</span> <span class='ocrx_word' id='word_1_751' title='bbox 3903 4744 4227 4828; x_wconf 89' lang='lat' dir='ltr'>lapidibus</span> <span class='ocrx_word' id='word_1_752' title='bbox 4270 4759 4386 4811; x_wconf 88' lang='lat' dir='ltr'>aut</span> <span class='ocrx_word' id='word_1_753' title='bbox 4428 4747 4586 4810; x_wconf 90' lang='lat' dir='ltr'>iacu-</span> 
     </span>
     <span class='ocr_line' id='line_1_110' title="bbox 2654 4832 4586 4915; baseline -0.002 -19"><span class='ocrx_word' id='word_1_754' title='bbox 2654 4832 2770 4896; x_wconf 91' lang='lat' dir='ltr'>lis:</span> <span class='ocrx_word' id='word_1_755' title='bbox 2838 4852 2912 4897; x_wconf 88' lang='lat' dir='ltr'>ac</span> <span class='ocrx_word' id='word_1_756' title='bbox 2956 4832 3011 4896; x_wconf 90' lang='lat' dir='ltr'>si</span> <span class='ocrx_word' id='word_1_757' title='bbox 3056 4832 3268 4897; x_wconf 87' lang='lat' dir='ltr'>labem</span> <span class='ocrx_word' id='word_1_758' title='bbox 3314 4832 3780 4898; x_wconf 89' lang='lat' dir='ltr'>contraherent</span> <span class='ocrx_word' id='word_1_759' title='bbox 3823 4833 4193 4915; x_wconf 90' lang='lat' dir='ltr'>quicunque</span> <span class='ocrx_word' id='word_1_760' title='bbox 4239 4833 4346 4896; x_wconf 87' lang='lat' dir='ltr'>vel</span> <span class='ocrx_word' id='word_1_761' title='bbox 4394 4832 4586 4915; x_wconf 88' lang='lat' dir='ltr'>digito</span> 
     </span>
     <span class='ocr_line' id='line_1_111' title="bbox 2654 4916 4585 5002; baseline -0.003 -18"><span class='ocrx_word' id='word_1_762' title='bbox 2654 4938 2763 4984; x_wconf 87' lang='lat' dir='ltr'>eos</span> <span class='ocrx_word' id='word_1_763' title='bbox 2808 4918 3279 5000; x_wconf 88' lang='lat' dir='ltr'>contingerent.</span> <span class='ocrx_word' id='word_1_764' title='bbox 3368 4917 3653 4982; x_wconf 89' lang='lat' dir='ltr'>Perinde</span> <span class='ocrx_word' id='word_1_765' title='bbox 3698 4918 3901 5002; x_wconf 87' lang='lat' dir='ltr'>igitur</span> <span class='ocrx_word' id='word_1_766' title='bbox 3945 4931 4047 4983; x_wconf 90' lang='lat' dir='ltr'>est</span> <span class='ocrx_word' id='word_1_767' title='bbox 4088 4938 4165 4983; x_wconf 87' lang='lat' dir='ltr'>ac</span> <span class='ocrx_word' id='word_1_768' title='bbox 4222 4918 4280 4982; x_wconf 91' lang='lat' dir='ltr'>si</span> <span class='ocrx_word' id='word_1_769' title='bbox 4321 4916 4585 4982; x_wconf 89' lang='lat' dir='ltr'>anathe-</span> 
     </span>
     <span class='ocr_line' id='line_1_112' title="bbox 2653 5001 4584 5088; baseline -0.003 -20"><span class='ocrx_word' id='word_1_770' title='bbox 2653 5006 2811 5068; x_wconf 93' lang='lat' dir='ltr'>mati</span> <span class='ocrx_word' id='word_1_771' title='bbox 2860 5001 3126 5068; x_wconf 89' lang='lat' dir='ltr'>devotos</span> <span class='ocrx_word' id='word_1_772' title='bbox 3168 5003 3424 5069; x_wconf 90' lang='lat' dir='ltr'>iuberet</span> <span class='ocrx_word' id='word_1_773' title='bbox 3466 5004 3684 5084; x_wconf 89' lang='lat' dir='ltr'>vitari,</span> <span class='ocrx_word' id='word_1_774' title='bbox 3731 5027 3814 5069; x_wconf 90' lang='lat' dir='ltr'>ne</span> <span class='ocrx_word' id='word_1_775' title='bbox 3860 5004 4019 5069; x_wconf 92' lang='lat' dir='ltr'>alios</span> <span class='ocrx_word' id='word_1_776' title='bbox 4055 5025 4174 5068; x_wconf 90' lang='lat' dir='ltr'>sua</span> <span class='ocrx_word' id='word_1_777' title='bbox 4208 5005 4584 5088; x_wconf 84' lang='lat' dir='ltr'>contagione</span> 
     </span>
     <span class='ocr_line' id='line_1_113' title="bbox 2652 5087 4587 5169; baseline -0.003 -15"><span class='ocrx_word' id='word_1_778' title='bbox 2652 5090 3015 5156; x_wconf 88' lang='lat' dir='ltr'>inficerent.</span> <span class='ocrx_word' id='word_1_779' title='bbox 3088 5087 3311 5169; x_wconf 79' lang='lat' dir='ltr'>Quare</span> <span class='ocrx_word' id='word_1_780' title='bbox 3354 5089 3705 5155; x_wconf 87' lang='lat' dir='ltr'>antithesis</span> <span class='ocrx_word' id='word_1_781' title='bbox 3740 5099 3840 5154; x_wconf 88' lang='lat' dir='ltr'>est</span> <span class='ocrx_word' id='word_1_782' title='bbox 3882 5091 4054 5154; x_wconf 89' lang='lat' dir='ltr'>inter</span> <span class='ocrx_word' id='word_1_783' title='bbox 4096 5089 4393 5155; x_wconf 87' lang='lat' dir='ltr'>diversas</span> <span class='ocrx_word' id='word_1_784' title='bbox 4429 5109 4587 5154; x_wconf 89' lang='lat' dir='ltr'>mor-</span> 
     </span>
     <span class='ocr_line' id='line_1_114' title="bbox 2654 5173 4585 5260; baseline -0.003 -21"><span class='ocrx_word' id='word_1_785' title='bbox 2654 5178 2741 5240; x_wconf 89' lang='lat' dir='ltr'>tis</span> <span class='ocrx_word' id='word_1_786' title='bbox 2787 5177 3057 5259; x_wconf 83' lang='lat' dir='ltr'>species:</span> <span class='ocrx_word' id='word_1_787' title='bbox 3107 5196 3341 5258; x_wconf 91' lang='lat' dir='ltr'>nempe</span> <span class='ocrx_word' id='word_1_788' title='bbox 3386 5173 3599 5258; x_wconf 89' lang='lat' dir='ltr'>gladio</span> <span class='ocrx_word' id='word_1_789' title='bbox 3635 5176 3834 5241; x_wconf 83' lang='lat' dir='ltr'>ferire</span> <span class='ocrx_word' id='word_1_790' title='bbox 3876 5184 3945 5241; x_wconf 86' lang='lat' dir='ltr'>et</span> <span class='ocrx_word' id='word_1_791' title='bbox 3987 5176 4217 5241; x_wconf 88' lang='lat' dir='ltr'>iaculis</span> <span class='ocrx_word' id='word_1_792' title='bbox 4253 5177 4585 5260; x_wconf 82' lang='lat' dir='ltr'>configere,</span> 
     </span>
     <span class='ocr_line' id='line_1_115' title="bbox 2656 5259 4585 5327; baseline -0.003 -1"><span class='ocrx_word' id='word_1_793' title='bbox 2656 5275 2722 5326; x_wconf 88' lang='lat' dir='ltr'>et</span> <span class='ocrx_word' id='word_1_794' title='bbox 2788 5283 2983 5326; x_wconf 87' lang='lat' dir='ltr'>manu</span> <span class='ocrx_word' id='word_1_795' title='bbox 3056 5262 3264 5325; x_wconf 87' lang='lat' dir='ltr'>ferire.</span> <span class='ocrx_word' id='word_1_796' title='bbox 3355 5259 3702 5326; x_wconf 92' lang='lat' dir='ltr'>Caeterum</span> <span class='ocrx_word' id='word_1_797' title='bbox 3760 5283 3844 5325; x_wconf 90' lang='lat' dir='ltr'>ne</span> <span class='ocrx_word' id='word_1_798' title='bbox 3901 5283 3973 5327; x_wconf 88' lang='lat' dir='ltr'>se</span> <span class='ocrx_word' id='word_1_799' title='bbox 4030 5262 4208 5326; x_wconf 90' lang='lat' dir='ltr'>reiici</span> <span class='ocrx_word' id='word_1_800' title='bbox 4265 5262 4585 5327; x_wconf 86' lang='lat' dir='ltr'>existimet</span> 
     </span>
     <span class='ocr_line' id='line_1_116' title="bbox 2653 5346 4587 5433; baseline -0.003 -20"><span class='ocrx_word' id='word_1_801' title='bbox 2653 5347 2951 5431; x_wconf 89' lang='lat' dir='ltr'>populus,</span> <span class='ocrx_word' id='word_1_802' title='bbox 2999 5357 3190 5430; x_wconf 85' lang='lat' dir='ltr'>atque</span> <span class='ocrx_word' id='word_1_803' title='bbox 3234 5348 3327 5412; x_wconf 91' lang='lat' dir='ltr'>ita</span> <span class='ocrx_word' id='word_1_804' title='bbox 3361 5348 3660 5430; x_wconf 87' lang='lat' dir='ltr'>repulsae</span> <span class='ocrx_word' id='word_1_805' title='bbox 3697 5348 4058 5433; x_wconf 89' lang='lat' dir='ltr'>ignominia</span> <span class='ocrx_word' id='word_1_806' title='bbox 4089 5349 4397 5426; x_wconf 86' lang='lat' dir='ltr'>offensus,</span> <span class='ocrx_word' id='word_1_807' title='bbox 4436 5346 4587 5428; x_wconf 85' lang='lat' dir='ltr'>legis</span> 
     </span>
    </p>
   </div>
   <div class='ocr_carea' id='block_1_7' title="bbox 4812 2676 4817 6104">
    <p class='ocr_par' dir='ltr' id='par_1_9' title="bbox 4812 2676 4817 6104">
     <span class='ocr_line' id='line_1_117' title="bbox 4812 2676 4817 6104; baseline 0 0"><span class='ocrx_word' id='word_1_808' title='bbox 4812 2676 4817 6104; x_wconf 95' lang='lat' dir='ltr'> </span> 
     </span>
    </p>
   </div>
  </div>
 </body>
</html>
