4867 6150
546 419 674 487 255

544 607 801 676 ludium
848 608 973 674 fuit
1016 607 1294 675 Davidis
1340 610 1644 694 potentia,
1712 609 1871 674 dum
1915 608 2040 675 sibi
2084 617 2297 674 terrae
2340 629 2492 691 pro-

547 696 788 761 missae
833 694 1192 760 dominium
1241 696 1544 761 asseruit·
1604 693 1984 761 Absurdum
2030 706 2251 760 autem
2288 692 2496 760 videri

547 800 682 846 non
729 778 951 861 debet,
1017 779 1257 864 aliquid
1321 783 1521 847 veteri
1581 781 1822 865 populo
1870 782 2068 847 fuisse
2129 779 2495 846 detractum

548 887 631 933 ex
677 865 1082 932 haereditate
1127 887 1290 950 quae
1333 866 1464 932 illis
1530 889 1611 933 ex
1656 866 1917 931 foedere
1961 865 2284 949 speranda
2324 875 2494 931 erat:

549 952 707 1036 quin
754 953 973 1036 potius
1027 952 1096 1016 in
1156 972 1232 1017 eo
1291 951 1539 1019 relucet
1590 951 1993 1019 incredibilis
2038 952 2166 1017 Dei
2217 953 2496 1030 bonitas,

550 1035 721 1121 quod
766 1059 963 1121 quum
998 1058 1070 1102 se
1104 1058 1372 1120 prorsus
1409 1037 1836 1116 abdicassent,
1882 1039 2065 1103 Deus
2088 1047 2306 1102 tamen
2345 1058 2496 1102 cum

549 1123 815 1188 illorum
871 1124 1193 1207 pravitate
1251 1131 1510 1190 certans
1566 1146 1697 1190 non
1758 1123 2082 1189 destiterit
2124 1145 2194 1189 se
2235 1123 2499 1189 fidelem

551 1229 625 1274 re
669 1208 814 1293 ipsa
857 1207 1151 1293 probare.
1199 1209 1385 1274 Idem
1429 1219 1499 1275 et
1542 1213 1610 1274 in
1656 1210 1951 1294 gentium
1990 1209 2327 1274 vocatione
2363 1230 2501 1274 cer·

553 1314 711 1359 nere
745 1293 919 1371 licet,
958 1314 1111 1359 nam
1147 1295 1205 1360 si
1241 1295 1312 1360 in
1350 1295 1477 1361 fide
1516 1295 1857 1361 stetissent
1890 1294 2135 1375 Iudaei,
2191 1297 2501 1361 coniunc-

553 1388 659 1446 tae
695 1379 829 1446 illis
868 1380 1146 1445 fuissent
1183 1389 1442 1464 gentes:
1490 1382 1660 1448 sicut
1710 1381 1953 1447 dictum
1998 1388 2157 1445 erat.
2246 1380 2497 1463 Appre-

553 1465 848 1531 hendent
894 1465 967 1529 in
1025 1465 1141 1531 illa
1201 1465 1306 1531 die
1364 1467 1585 1533 decem
1643 1467 1944 1532 homines
2000 1466 2323 1531 fimbriam
2370 1464 2500 1533 viri

553 1550 783 1616 Iudaei
805 1549 1029 1637 (Zach.
1067 1552 1126 1631 8,
1162 1550 1289 1638 23).
1336 1552 1527 1620 Fecit
1571 1562 1789 1619 autem
1833 1573 2056 1617 eorum
2103 1551 2380 1618 defectio
2424 1560 2501 1616 ut

554 1645 817 1702 tantum
863 1636 1190 1720 primitias
1232 1637 1540 1705 eeclesiae
1584 1639 1738 1704 inde
1782 1638 2118 1723 collegerit
2172 1639 2373 1712 Deus,
2435 1648 2503 1701 et

552 1732 782 1873 ἔειπε),
824 1722 891 1787 in
935 1742 1218 1788 vacuum
1254 1724 1469 1791 locum
1519 1735 1748 1809 gentes
1795 1723 2192 1790 substitutae
2237 1723 2497 1789 fuerint.

628 1828 704 1874 oc
738 1807 931 1873 modo
984 1828 1193 1892 neque
1242 1810 1518 1893 gradum
1565 1832 1757 1876 suum
1794 1809 2009 1874 tenuit
2043 1810 2325 1893 populus
2369 1808 2501 1887 ille,

554 1894 710 1978 quia
747 1915 785 1959 a
829 1893 1343 1977 primogenitura
1386 1897 1660 1963 excidit:
1710 1906 1774 1963 et
1825 1907 2046 1961 tamen
2081 1896 2273 1960 firma
2320 1895 2504 1961 stetit

553 1980 681 2045 Dei
712 1976 993 2045 veritas:
1031 1980 1224 2046 sicuti
1261 1980 1477 2049 fusius
1504 1981 1796 2067 disputat
1818 1982 2069 2047 Paulus
2093 1982 2173 2045 11
2202 1981 2283 2046 ad
2309 1982 2500 2046 Rom.

552 2065 781 2149 capite.

1151 2406 1281 2472 EX
1326 2406 1596 2475 DEUT.
1641 2404 1910 2472 XXIX.

728 2576 814 2642 29
842 2576 906 2664 ¹).
957 2574 1204 2644 Secreta
1260 2581 1410 2642 sunt
1452 2575 1715 2642 Iehovae
1757 2575 1897 2644 Deo
1940 2583 2175 2663 nostro,
2233 2582 2507 2648 revelata

558 2665 767 2728 autem
822 2661 999 2728 nobis
1050 2667 1104 2727 et
1156 2661 1319 2743 filiis
1372 2662 1607 2728 nostris
1658 2683 1852 2744 usque
1911 2665 1979 2729 in
2022 2665 2370 2746 saeculum,
2435 2674 2507 2734 ut

554 2748 870 2831 faciamus
913 2748 1123 2815 omnia
1166 2747 1352 2814 verba
1394 2746 1546 2832 leyis
1589 2747 1800 2813 huius.

1174 3090 1308 3156 EX
1350 3090 1622 3159 DEUT.
1668 3091 1901 3159 XXX.

731 3261 833 3326 11.
898 3258 1303 3342 Praeceptum
1359 3262 1467 3327 hoc
1533 3265 1699 3345 quod
1749 3266 2078 3347 praecipio
2141 3266 2255 3332 tibi
2308 3266 2505 3350 hodie,

557 3366 684 3412 non
724 3345 1317 3412 estabseondituma
1350 3353 1424 3428 te,
1469 3368 1578 3415 nec
1592 3351 1814 3431 procul
1834 3357 2153 3418 remotum.
2217 3353 2318 3418 12.
2360 3354 2510 3420 Non

559 3436 652 3498 est
692 3433 764 3498 in
806 3430 989 3497 coelis
1030 3436 1100 3497 ut
1141 3432 1356 3498 dieas.-
1428 3434 1585 3515 Quis
1625 3435 1801 3502 nobis
1842 3438 2125 3504 ascendet
2167 3437 2239 3504 in
2280 3439 2511 3506 coelum

556 3523 629 3583 ut
668 3517 914 3600 deferat
954 3517 1121 3583 illua
1162 3517 1248 3582 ad
1289 3537 1418 3598 noa,
1463 3524 1520 3584 et
1562 3523 1891 3588 annunciet
1931 3523 2126 3603 nobis,
2184 3529 2256 3588 nt
2297 3526 2511 3606 ipsum

555 3603 929 3687 faciamus?
1021 3603 1120 3668 13.
1172 3602 1304 3669 Nec
1361 3609 1449 3670 est
1489 3604 1659 3671 ultra
1703 3627 1909 3686 mre,
1964 3614 2033 3673 ut
2073 3610 2287 3676 dieas:
2352 3612 2512 3693 Quis

558 3689 734 3754 nobis
775 3689 1048 3754 &eiiciet
1091 3710 1266 3755 mare
1309 3695 1377 3754 ut
1408 3690 1651 3773 deferat
1683 3692 1848 3758 illud
1879 3695 1968 3760 ad
2002 3711 2132 3772 noa,
2177 3700 2232 3761 et
2264 3717 2512 3763 annun-

560 3774 674 3839 ciet
711 3772 907 3849 nobi-s,
951 3778 1023 3839 nt
1062 3775 1272 3857 ipsum
1302 3776 1675 3859 faciamus?
1759 3780 1858 3844 14.
1909 3779 2081 3846 Germ
2134 3781 2316 3849 valde
2363 3804 2511 3865 pro-

549 3859 840 3942 pinquus
881 3865 973 3925 est
1006 3860 1124 3925 tibi
1164 3880 1365 3927 sermo
1404 3863 1475 3926 in
1516 3884 1623 3929 ore
1665 3868 1785 3945 tue,
1832 3871 1889 3931 et
1929 3867 2000 3930 in
2041 3867 2220 3934 eorde
2259 3874 2383 3950 tuo,
2442 3874 2513 3935 ut

556 3945 768 4028 facias
808 3945 1037 4028 ipsum.

735 4116 1007 4181 Denter.
1053 4115 1159 4195 29,
1190 4116 1293 4182 29.
1354 4116 1600 4184 Secreta
1640 4125 1805 4186 sunt.
1866 4123 2270 4208 Ambiguum
2314 4125 2511 4192 huius

563 4202 685 4268 loci
744 4222 1008 4268 sensum
1067 4203 1218 4267 fecit
1280 4203 1539 4270 concisa
1597 4204 1903 4274 brevitas,
2004 4209 2233 4293 Neque
2288 4221 2510 4277 tamen

564 4288 858 4373 singulas
898 4288 1334 4370 expositiones
1378 4310 1640 4356 necesse
1682 4302 1787 4358 est
1830 4293 2182 4361 discutere:
2251 4306 2509 4363 tantum

566 4373 853 4439 breviter
908 4375 1230 4458 attingam
1298 4396 1464 4459 quae
1528 4379 1742 4463 magis
1808 4391 2108 4465 receptae
2165 4392 2356 4468 sunt,
2423 4405 2510 4450 ne

564 4458 823 4524 fallant.
923 4458 1243 4525 Coactum
1301 4470 1400 4526 est
1458 4462 1628 4545 quod
1694 4465 1981 4531 afferunt
2045 4467 2305 4552 quidam
2375 4469 2511 4535 He-

565 4544 781 4624 braei,
839 4543 1158 4610 scelerum
1211 4566 1378 4629 quae
1422 4559 1577 4614 sunt
1621 4550 1999 4617 abscondita
2042 4554 2260 4620 Deum
2295 4556 2506 4621 solum

568 4650 710 4696 esse
767 4629 1122 4696 vindicem:
1183 4652 1631 4719 quaecumque
1680 4659 1835 4704 vero
1892 4638 1962 4704 in
2009 4639 2345 4705 hominum
2391 4662 2503 4706 no-

567 4717 782 4781 titiam
836 4715 1159 4799 prodeunt
1217 4722 1798 4803 transgressiones,
1865 4747 1975 4791 eas
2030 4747 2174 4791 esse
2232 4729 2509 4811 punien-

568 4801 686 4869 das
740 4823 780 4866 a
834 4801 1156 4868 iudicibus
1210 4808 1508 4873 terrenis.
1597 4808 1826 4892 Neque
1891 4811 2067 4876 enim
2130 4810 2210 4877 de
2273 4834 2510 4896 poena·

567 4909 718 4954 rum
762 4889 1234 4971 exsequutione
1268 4888 1376 4956 hic
1410 4892 1660 4976 agitur:
1707 4896 1820 4961 sed
1868 4897 2084 4964 Moses
2127 4898 2514 4981 simpliciter

570 4995 769 5040 usum
803 4973 969 5057 legis
1005 4973 1339 5040 doctrinae
1374 4980 1808 5048 commendat.
1897 4984 2303 5050 Probabilior
2340 4995 2515 5051 esset

573 5080 799 5125 eorum
835 5061 1161 5125 sententia
1195 5062 1307 5144 qui
1351 5061 1518 5147 legis
1552 5067 2004 5134 excellentiam
2050 5070 2363 5137 celebrari
2398 5093 2516 5137 vo-

570 5146 751 5226 lunt,
796 5143 969 5229 quod
1011 5144 1147 5212 illic
1189 5166 1427 5213 arcana
1470 5170 1588 5215 sua
1630 5153 1930 5235 patefecit
1971 5156 2181 5222 Deus:
2229 5157 2360 5223 nisi
2402 5158 2514 5224 ob-

714 5335 773 5404 1)
805 5332 976 5389 Hebr.
1010 5331 1096 5389 28.

2007 419 2541 486 PRAEFATIO
2587 420 2685 486 IN
2726 420 3076 486 LEGEM.

4406 420 4514 489 256

2597 616 2804 673 staret
2856 607 3322 693 grammaticae
3382 607 3565 672 ratio.
3671 606 3901 690 Neque
3959 607 4133 672 enim
4195 627 4324 672 uno
4382 629 4515 675 con·

2598 702 2786 760 textu
2843 694 3003 760 haec
3056 692 3334 779 legenda
3391 702 3576 759 sunt:
3645 691 3917 758 Secreta
3971 691 4101 758 Dei
4160 693 4345 760 nobis
4394 716 4515 763 esse

2596 779 2913 845 revelata:
2962 781 3115 864 quia
3160 780 3227 844 id
3273 801 3404 845 non
3448 781 3698 862 patitur
3738 792 3784 847 Π
3828 778 4077 864 agedia,
4121 780 4228 845 vel
4274 778 4516 846 demon·

2597 865 2947 930 strativum
2995 886 3356 951 pronomen
3400 864 3572 947 quod
3618 864 3873 947 utrique
3917 862 4247 945 adiicitur,
4308 865 4517 934 deinde

2599 972 2764 1034 quae
2807 951 3249 1035 interponitur
3304 951 3555 1034 copula.
3646 949 3817 1015 Mihi
3876 970 4027 1015 vero
4082 948 4348 1016 dubium
4405 974 4518 1019 non

2599 1049 2718 1115 est,
2762 1038 2870 1102 hic
2914 1058 3030 1120 per
3073 1036 3434 1102 antithesin
3492 1036 3773 1102 conferri
3832 1035 4220 1119 patefactam
4282 1037 4352 1101 in
4393 1036 4520 1122 lege

2603 1120 2963 1189 doctrinam
3032 1144 3182 1189 cum
3249 1122 3500 1189 occulto
3568 1131 3637 1187 et
3702 1121 4337 1204 incomprehensibili
4409 1124 4520 1189 Dei

2603 1209 2898 1285 consilio,
2945 1207 3036 1273 de
3081 1229 3207 1291 quo
3253 1208 3536 1275 siscitari
3578 1206 3678 1274 fas
3724 1227 3853 1273 non
3898 1217 4034 1272 est.·
4102 1206 4328 1289 Quare
4367 1207 4521 1295 (meo

2601 1293 2868 1444 iudicio}
2913 1294 3144 1378 copula
3187 1295 3330 1360 vice
3375 1293 3827 1360 adversativae
3871 1293 4229 1377 particulae
4264 1298 4521 1378 capitur,

2603 1401 2676 1446 ac
2721 1381 2777 1445 si
2866 1382 3070 1445 ictum
3115 1388 3307 1459 esset,
3365 1378 3545 1446 Deus
3588 1378 3849 1464 quidem
3895 1378 4066 1462 apud
4125 1400 4196 1445 se
4253 1382 4525 1446 continet

2602 1473 2851 1531 secreta
2894 1485 3058 1549 quae
3103 1466 3270 1532 scire
3308 1476 3533 1531 nostra
3568 1465 3730 1529 nihil
3768 1466 4059 1545 interest,
4096 1487 4307 1548 neque
4343 1466 4524 1531 etiam

2602 1551 2883 1634 expedit,
2928 1561 2994 1616 et
3038 1573 3202 1635 quae
3246 1572 3513 1617 sensum
3550 1561 3843 1617 nostrum
3891 1551 4423 1616 transscendunt:
4466 1560 4527 1617 at

2604 1637 2763 1703 haec
2799 1658 2962 1720 quae
3000 1638 3187 1703 nobis
3225 1638 3682 1721 promulgavit,
3720 1637 3801 1701 ad
3841 1656 3957 1701 nos
3994 1647 4062 1701 et
4094 1637 4263 1702 filios
4285 1647 4526 1705 nostros

2601 1723 2954 1807 pertinent.
3001 1724 3220 1790 Locus
3263 1723 3542 1808 insignis
3587 1731 3653 1788 et
3686 1720 4035 1788 observatu
4072 1724 4366 1805 apprime
4399 1722 4527 1807 dig-

2603 1829 2763 1889 nus,
2823 1830 2949 1892 quo
3010 1820 3140 1873 tam
3203 1808 3470 1875 audacia
3529 1821 3596 1873 et
3638 1809 3842 1872 nimia
3885 1807 4228 1874 curiositas
4273 1808 4529 1873 damna-

2605 1903 2730 1971 tur,
2775 1915 2972 1978 quam
3019 1895 3390 1960 excitantur
3435 1894 3580 1977 piae
3624 1895 3882 1959 animae
3926 1894 4008 1957 ad
4053 1892 4349 1959 discendi
4402 1904 4530 1960 stu·

2606 1979 2805 2045 dium.
2868 1979 3132 2045 Scimus
3176 2001 3371 2063 quam
3416 1980 3647 2063 cupide
3691 1990 4003 2062 appetant
4044 1980 4210 2045 scire
4243 1979 4532 2046 homines

2604 2086 2880 2150 quorum
2930 2087 3047 2132 nec
3090 2066 3378 2150 cognitio
3421 2065 3776 2148 quidquam
3821 2064 4119 2148 prodest,
4164 2078 4231 2131 et
4273 2066 4531 2132 investi-

2606 2152 2779 2234 gatio
2840 2152 3039 2216 etiam
3104 2163 3202 2216 est
3269 2151 3485 2216 noxia.
3587 2151 3854 2215 Vellent
3917 2171 4144 2217 omnes
4207 2171 4356 2218 esse
4419 2151 4535 2217 Dei

2604 2237 2989 2321 consiliarii,
3049 2248 3116 2301 et
3158 2239 3226 2301 in
3274 2237 3507 2302 ultima
3548 2238 3874 2303 coelorum
3919 2236 4121 2321 adyta
4210 2247 4531 2303 enetrare:

2604 2323 2738 2388 imo
2780 2323 3061 2389 libenter
3111 2334 3496 2389 excuterent
3552 2322 3796 2388 forulos
3841 2343 4087 2387 omnes.
4242 2322 4369 2388 nde
4413 2344 4537 2387 me-

2608 2408 2734 2474 rito
2758 2407 2925 2473 dixit
2946 2409 3257 2493 profanus
3301 2408 3411 2473 ille
3436 2418 3651 2492 poeta:
3696 2408 3802 2472 Nil
3844 2408 4231 2475 mortalibus
4265 2407 4533 2474 arduum

2608 2504 2732 2561 est:
2780 2494 3053 2562 Ocelum
3098 2495 3311 2577 ipsum
3348 2495 3630 2577 petimus
3666 2494 3963 2560 stultitia.
4052 2493 4331 2558 Interim
4377 2493 4540 2578 quod

2612 2579 2797 2646 nobis
2848 2579 3030 2645 Deus
3099 2589 3324 2663 aperte
3383 2579 3722 2665 proponit,
3792 2588 3857 2645 et
3930 2579 4073 2645 vult
4133 2577 4540 2645 familiariter

2613 2675 2845 2731 notum
2877 2686 3036 2745 esse,
3083 2666 3186 2732 vel
3231 2667 3607 2750 negligitur,
3651 2662 3758 2731 vel
3795 2664 4052 2731 fastidio
4088 2664 4389 2744 habetur,
4427 2665 4541 2746 vel,

2614 2762 2926 2834 tanquam
2974 2752 3170 2817 nimis
3213 2752 3592 2831 obscurum,
3648 2751 3874 2835 procul
3920 2751 4229 2817 reiicitur.
4323 2752 4542 2817 Priore

2612 2837 2818 2921 igitur
2860 2837 3155 2903 membro
3198 2837 3483 2904 breviter
3539 2838 3815 2921 castigat
3859 2837 4107 2915 Moses,
4168 2844 4237 2902 et
4292 2838 4545 2905 cohibet

2610 2923 2795 2988 illam
2860 2923 3313 3004 temeritatem,
3381 2944 3547 3007 quae
3612 2923 3933 2990 transsilit
3989 2931 4196 2988 metas
4240 2922 4547 2989 divinitus

2612 3010 2799 3076 fixas.
2889 3009 3115 3076 Altero
3158 3018 3377 3076 autem
3422 3009 3725 3076 hortatur
3767 3009 3849 3074 ad
3896 3007 4403 3093 amplexandam
4460 3009 4545 3074 le·-

2613 3097 2715 3180 gis
2759 3095 3139 3174 doctrinam,
3187 3098 3257 3160 in
3300 3117 3429 3180 qua
3474 3096 3658 3162 nobis
3700 3098 3997 3179 exposita
4030 3104 4131 3163 est
4156 3096 4284 3160 Dei
4324 3095 4547 3162 volun-

2613 3189 2750 3261 tas,
2808 3201 2885 3247 ac
2928 3182 2986 3247 si
3045 3203 3262 3248 coram
3317 3181 3653 3249 nobiscum
3697 3182 4090 3266 loqueretur.
4178 3183 4408 3265 Atque
4461 3181 4549 3246 ita

2613 3267 2897 3334 occurrit
2960 3289 3185 3334 corum
3247 3267 3533 3333 malitiae
3593 3267 3707 3351 qui
3765 3267 3975 3333 lucem
4036 3266 4323 3332 oblatam
4382 3267 4548 3332 refu-

2613 3356 2821 3438 giunt,
2859 3362 2924 3418 et
2946 3374 3286 3437 perperam
3311 3353 3726 3419 obscuritatis
3749 3353 4135 3419 insimulant
4170 3353 4548 3432 doctrinam,

2610 3441 2683 3504 in
2727 3461 2855 3524 qua
2898 3462 2969 3506 66
3003 3441 3187 3506 Deus
3230 3439 3312 3504 ad
3361 3438 3692 3505 modulum
3739 3439 3985 3523 ingenii
4030 3440 4237 3506 nostri
4274 3438 4550 3505 demisit.

2592 3526 2692 3591 ·In
2728 3548 2986 3592 summa
3024 3525 3430 3609 pronunciat,
3458 3526 3672 3590 Deum
3709 3524 4009 3591 omnibus
4031 3525 4143 3609 qui
4177 3546 4248 3591 se
4271 3524 4548 3609 discipu·

2609 3610 2709 3677 los
2754 3612 2815 3676 ei
2859 3612 3145 3677 offerunt
3187 3612 3507 3695 optimum
3556 3633 3697 3677 esse
3740 3611 4156 3696 magistrum:
4204 3613 4364 3694 quia
4406 3610 4551 3676 fide-

2611 3698 2763 3762 liter
2804 3707 2871 3763 et
2912 3697 3085 3763 clare
3129 3696 3438 3780 quidquid
3482 3697 3645 3762 utile
3688 3705 3790 3763 est
3822 3696 4092 3781 cognitu
4127 3695 4546 3774 demonstret,

2612 3784 2942 3849 doctrinae
2985 3804 3240 3867 quoque
3283 3784 3687 3868 perpetuitas
3726 3783 4074 3861 asseritur,
4132 3804 4217 3848 ne
4265 3801 4551 3866 unquam

2610 3868 2990 3948 intercidat,
3050 3878 3163 3934 aut
3220 3877 3542 3934 vetustate
3585 3867 3959 3935 obsolescat.
4048 3867 4403 3950 Quatenus
4446 3887 4549 3934 au·
4597 3861 4633 3936 O

2612 3968 2744 4020 tem
2788 3956 2897 4020 lex
2943 3955 3031 4020 sit
3074 3965 3423 4038 perpetua,
3467 3953 3618 4020 libri
3661 3955 3721 4020 2.
3768 3953 4212 4020 Institutionis
4257 3975 4401 4039 cap.
4455 3954 4551 4030 11,
4598 3961 4610 3990 ’

2612 4042 2819 4107 fusius
2863 4040 3156 4107 disserui.
3247 4042 3402 4124 Ipsa
3466 4039 3730 4124 quidem
3789 4040 3895 4125 pie
3946 4040 4244 4123 iusteque
4290 4041 4487 4106 viven
4529 4038 4552 4102 i

2613 4127 2841 4212 regula
2862 4126 3060 4192 etiam
3096 4125 3289 4193 hodie
3317 4128 3612 4211 vigorem
3649 4146 3843 4191 suum
3881 4128 4139 4205 retinet,
4178 4144 4552 4210 quanquam

2610 4214 2762 4297 iugo
2807 4213 3143 4278 servitutis
3186 4219 3255 4277 et
3297 4212 3752 4278 maledictione
3795 4234 4021 4279 sumus
4073 4211 4290 4277 soluti.
4399 4212 4551 4278 Cae-

2611 4298 2919 4364 remoniis
2956 4306 3176 4364 autem
3211 4299 3304 4363 sic
3353 4300 3547 4365 finem
3593 4299 3902 4381 imposuit
3937 4296 4188 4363 Christi
4229 4297 4553 4364 adventus

2611 4393 2688 4450 ut
2733 4386 2872 4469 ipso
2916 4385 3152 4451 effectu
3197 4404 3329 4448 non
3368 4386 3600 4450 inanes
3642 4383 3753 4449 vel
3798 4383 4180 4449 umbratiles
4231 4382 4552 4448 duntaxat

2611 4470 2812 4537 fuisse
2855 4470 3097 4536 certius
3141 4470 3534 4553 probaverit.
3622 4470 3960 4535 Postremo
4016 4469 4458 4536 obedientiam
4515 4487 4552 4532 a

2612 4556 2846 4640 populo
2910 4557 3164 4640 flagitat
3217 4556 3464 4622 Moses:
3518 4552 3789 4639 ideoque
3854 4554 4071 4621 datam
4136 4576 4282 4622 esse
4347 4555 4553 4638 legem

2612 4640 2917 4708 admonet
2962 4662 3089 4706 non
3135 4652 3393 4707 tantum
3441 4649 3516 4707 ut
3557 4642 3770 4707 sciant
3810 4641 4151 4707 Israelitae
4209 4639 4368 4724 quid
4426 4659 4552 4705 rec-

2611 4738 2754 4793 tum
2814 4728 2934 4808 sit,
3009 4725 3123 4794 sed
3181 4726 3495 4811 quidquid
3553 4728 3884 4810 praecepit
3945 4725 4129 4792 Deus
4185 4726 4549 4793 observent.

2614 4813 2869 4879 Verum
2914 4811 3175 4897 quidem
3211 4822 3311 4879 est
3353 4834 3485 4878 non
3522 4834 3709 4897 posse
3732 4812 4037 4879 omnibus
4071 4814 4209 4877 eius
4245 4830 4551 4897 praecep-

2617 4902 2700 4965 tis
2746 4902 2815 4965 in
2856 4899 3139 4965 solidum
3182 4900 3515 4965 satisfieri:
3562 4899 3675 4965 scd
3699 4899 4008 4982 perfectio
4044 4920 4208 4982 quae
4245 4899 4550 4982 exigitur,

2616 4986 2695 5050 ad
2744 4986 3007 5051 veniam
3061 4982 3415 5068 petendam
3470 4984 3648 5070 cogit
3702 5007 3812 5050 eos
3855 4985 3967 5067 qui
4011 5007 4082 5050 66
4139 4983 4383 5067 alioqui
4429 4981 4552 5047 Dei

2615 5070 2856 5138 iudicio
2913 5071 3227 5138 obnoxios
3283 5070 3610 5136 sentiunt:
3671 5077 3747 5136 ut
3799 5091 3951 5136 mox
4007 5069 4352 5136 dicendum
4411 5069 4550 5134 erit.

2618 5155 2875 5223 Deinde
2920 5156 3278 5222 notandum
3323 5164 3454 5235 est,
3512 5157 3642 5223 huc
3699 5165 3994 5241 spectare
4052 5156 4420 5223 doctrinam
4476 5153 4552 5218 de

2620 5251 2753 5308 tota
2797 5242 2942 5328 lege
2983 5240 3341 5321 servanda,
3402 5264 3483 5307 ne
3538 5252 3842 5327 separent
3896 5242 4191 5309 homines
4244 5259 4555 5326 praecep·

2622 5337 2762 5394 tum
2810 5350 3015 5393 unum
3059 5328 3140 5393 ab
3183 5327 3361 5409 aliis,
3422 5337 3489 5393 et
3529 5349 3600 5394 se
3643 5328 3861 5412 aliqua
3904 5336 4162 5395 tantum
4208 5337 4392 5412 parte
4445 5325 4553 5392 de-
