<?xml version="1.0" encoding="UTF-8"?>
<!DOCTYPE html PUBLIC "-//W3C//DTD XHTML 1.0 Transitional//EN"
    "http://www.w3.org/TR/xhtml1/DTD/xhtml1-transitional.dtd">
<html xmlns="http://www.w3.org/1999/xhtml" xml:lang="en" lang="en">
 <head>
  <title>
</title>
<meta http-equiv="Content-Type" content="text/html;charset=utf-8" />
  <meta name='ocr-system' content='tesseract 3.04.00' />
  <meta name='ocr-capabilities' content='ocr_page ocr_carea ocr_par ocr_line ocrx_word'/>
</head>
<body>
  <div class='ocr_page' id='page_1' title='image "./ioanniscalvinio04unkngoog_0197.png"; bbox 0 0 4867 6150; ppageno 0'>
   <div class='ocr_carea' id='block_1_1' title="bbox 345 444 468 512">
    <p class='ocr_par' dir='ltr' id='par_1_1' title="bbox 345 444 468 512">
     <span class='ocr_line' id='line_1_1' title="bbox 345 444 468 512; baseline -0.008 0"><span class='ocrx_word' id='word_1_1' title='bbox 345 444 468 512; x_wconf 82' lang='lat'><strong>369</strong></span> 
     </span>
    </p>
   </div>
   <div class='ocr_carea' id='block_1_2' title="bbox 333 637 2292 5546">
    <p class='ocr_par' dir='ltr' id='par_1_2' title="bbox 334 637 2290 2253">
     <span class='ocr_line' id='line_1_2' title="bbox 344 637 2290 723; baseline 0.003 -23"><span class='ocrx_word' id='word_1_2' title='bbox 344 644 653 721; x_wconf 88' lang='lat' dir='ltr'><strong>spretum.</strong></span> <span class='ocrx_word' id='word_1_3' title='bbox 745 637 1054 703; x_wconf 77' lang='lat' dir='ltr'><strong>Nascitur</strong></span> <span class='ocrx_word' id='word_1_4' title='bbox 1097 646 1318 704; x_wconf 85' lang='lat' dir='ltr'><strong>tamen</strong></span> <span class='ocrx_word' id='word_1_5' title='bbox 1365 638 1689 723; x_wconf 84' lang='lat' dir='ltr'><strong>quaestiO,</strong></span> <span class='ocrx_word' id='word_1_6' title='bbox 1750 639 2070 722; x_wconf 91' lang='lat' dir='ltr'><strong>quomodo</strong></span> <span class='ocrx_word' id='word_1_7' title='bbox 2129 641 2290 706; x_wconf 90' lang='lat' dir='ltr'><strong>haec</strong></span> 
     </span>
     <span class='ocr_line' id='line_1_3' title="bbox 343 723 2288 808; baseline 0.002 -20"><span class='ocrx_word' id='word_1_8' title='bbox 343 723 470 788; x_wconf 94' lang='lat' dir='ltr'><strong>duo</strong></span> <span class='ocrx_word' id='word_1_9' title='bbox 536 723 965 797; x_wconf 83' lang='lat' dir='ltr'><strong>conveniant,</strong></span> <span class='ocrx_word' id='word_1_10' title='bbox 1039 746 1227 808; x_wconf 86' lang='lat' dir='ltr'><strong>reges</strong></span> <span class='ocrx_word' id='word_1_11' title='bbox 1308 724 1758 791; x_wconf 83' lang='lat' dir='ltr'><strong>dominaturos</strong></span> <span class='ocrx_word' id='word_1_12' title='bbox 1836 724 2103 791; x_wconf 81' lang='lat' dir='ltr'>libidine</span> <span class='ocrx_word' id='word_1_13' title='bbox 2182 727 2288 792; x_wconf 83' lang='lat' dir='ltr'><strong>vel</strong></span> 
     </span>
     <span class='ocr_line' id='line_1_4' title="bbox 344 808 2288 895; baseline 0.001 -21"><span class='ocrx_word' id='word_1_14' title='bbox 344 809 541 875; x_wconf 89' lang='lat' dir='ltr'><strong>stulto</strong></span> <span class='ocrx_word' id='word_1_15' title='bbox 584 808 905 873; x_wconf 91' lang='lat' dir='ltr'><strong>desiderio</strong></span> <span class='ocrx_word' id='word_1_16' title='bbox 939 811 1182 893; x_wconf 87' lang='lat' dir='ltr'><strong>populi,</strong></span> <span class='ocrx_word' id='word_1_17' title='bbox 1224 820 1287 875; x_wconf 84' lang='lat' dir='ltr'><strong>et</strong></span> <span class='ocrx_word' id='word_1_18' title='bbox 1337 820 1555 876; x_wconf 89' lang='lat' dir='ltr'><strong>tamen</strong></span> <span class='ocrx_word' id='word_1_19' title='bbox 1583 832 1862 894; x_wconf 86' lang='lat' dir='ltr'><strong>regnum</strong></span> <span class='ocrx_word' id='word_1_20' title='bbox 1888 813 2102 895; x_wconf 90' lang='lat' dir='ltr'><strong>ipsum</strong></span> <span class='ocrx_word' id='word_1_21' title='bbox 2148 834 2288 878; x_wconf 86' lang='lat' dir='ltr'><strong>esse</strong></span> 
     </span>
     <span class='ocr_line' id='line_1_5' title="bbox 341 895 2287 982; baseline 0.002 -22"><span class='ocrx_word' id='word_1_22' title='bbox 341 895 762 980; x_wconf 86' lang='lat' dir='ltr'><strong>praecipuum</strong></span> <span class='ocrx_word' id='word_1_23' title='bbox 834 895 1058 979; x_wconf 90' lang='lat' dir='ltr'><strong>populi</strong></span> <span class='ocrx_word' id='word_1_24' title='bbox 1126 896 1356 977; x_wconf 90' lang='lat' dir='ltr'><strong>decus,</strong></span> <span class='ocrx_word' id='word_1_25' title='bbox 1432 898 1768 982; x_wconf 90' lang='lat' dir='ltr'><strong>singulare</strong></span> <span class='ocrx_word' id='word_1_26' title='bbox 1843 899 2091 980; x_wconf 85' lang='lat' dir='ltr'><strong>gratiae</strong></span> <span class='ocrx_word' id='word_1_27' title='bbox 2160 897 2287 963; x_wconf 89' lang='lat' dir='ltr'><strong>Dei</strong></span> 
     </span>
     <span class='ocr_line' id='line_1_6' title="bbox 342 980 2286 1066; baseline 0.002 -21"><span class='ocrx_word' id='word_1_28' title='bbox 342 982 596 1066; x_wconf 87' lang='lat' dir='ltr'><strong>pignus,</strong></span> <span class='ocrx_word' id='word_1_29' title='bbox 643 980 930 1064; x_wconf 81' lang='lat' dir='ltr'><strong>adeoque</strong></span> <span class='ocrx_word' id='word_1_30' title='bbox 990 983 1220 1049; x_wconf 87' lang='lat' dir='ltr'><strong>salutis</strong></span> <span class='ocrx_word' id='word_1_31' title='bbox 1280 993 1347 1048; x_wconf 90' lang='lat' dir='ltr'><strong>et</strong></span> <span class='ocrx_word' id='word_1_32' title='bbox 1451 984 1639 1048; x_wconf 90' lang='lat' dir='ltr'><strong>lenae</strong></span> <span class='ocrx_word' id='word_1_33' title='bbox 1682 982 2029 1049; x_wconf 86' lang='lat' dir='ltr'><strong>felicitatis.</strong></span> <span class='ocrx_word' id='word_1_34' title='bbox 2097 984 2286 1049; x_wconf 81' lang='lat' dir='ltr'><strong>Cele-</strong></span> 
     </span>
     <span class='ocr_line' id='line_1_7' title="bbox 339 1068 2287 1154; baseline 0.002 -22"><span class='ocrx_word' id='word_1_35' title='bbox 339 1068 454 1132; x_wconf 91' lang='lat' dir='ltr'><strong>bre</strong></span> <span class='ocrx_word' id='word_1_36' title='bbox 499 1076 601 1132; x_wconf 91' lang='lat' dir='ltr'><strong>est</strong></span> <span class='ocrx_word' id='word_1_37' title='bbox 659 1068 1048 1133; x_wconf 79' lang='lat' dir='ltr'>vaticinium</span> <span class='ocrx_word' id='word_1_38' title='bbox 1107 1068 1335 1135; x_wconf 88' lang='lat' dir='ltr'><strong>Iacob:</strong></span> <span class='ocrx_word' id='word_1_39' title='bbox 1460 1091 1542 1135; x_wconf 96' lang='lat' dir='ltr'><strong>on</strong></span> <span class='ocrx_word' id='word_1_40' title='bbox 1606 1069 1813 1133; x_wconf 86' lang='lat' dir='ltr'><strong>exibit</strong></span> <span class='ocrx_word' id='word_1_41' title='bbox 1868 1082 2202 1154; x_wconf 79' lang='lat' dir='ltr'><strong>sceptrum</strong></span> <span class='ocrx_word' id='word_1_42' title='bbox 2251 1092 2287 1135; x_wconf 91' lang='lat' dir='ltr'><strong>e</strong></span> 
     </span>
     <span class='ocr_line' id='line_1_8' title="bbox 340 1152 2285 1241; baseline 0.002 -24"><span class='ocrx_word' id='word_1_43' title='bbox 340 1153 506 1218; x_wconf 90' lang='lat' dir='ltr'><strong>Iuda</strong></span> <span class='ocrx_word' id='word_1_44' title='bbox 550 1152 754 1219; x_wconf 90' lang='lat' dir='ltr'><strong>donec</strong></span> <span class='ocrx_word' id='word_1_45' title='bbox 799 1154 1029 1219; x_wconf 83' lang='lat' dir='ltr'><strong>veniat</strong></span> <span class='ocrx_word' id='word_1_46' title='bbox 1072 1154 1212 1220; x_wconf 82' lang='lat' dir='ltr'><strong>Silo</strong></span> <span class='ocrx_word' id='word_1_47' title='bbox 1257 1153 1454 1241; x_wconf 81' lang='lat' dir='ltr'><strong>(Gen.</strong></span> <span class='ocrx_word' id='word_1_48' title='bbox 1500 1156 1604 1235; x_wconf 87' lang='grc'><strong>49,</strong></span> <span class='ocrx_word' id='word_1_49' title='bbox 1654 1153 1778 1241; x_wconf 90' lang='grc'>10).</span> <span class='ocrx_word' id='word_1_50' title='bbox 1853 1155 2048 1221; x_wconf 88' lang='lat' dir='ltr'><strong>Unde</strong></span> <span class='ocrx_word' id='word_1_51' title='bbox 2084 1176 2285 1240; x_wconf 91' lang='lat' dir='ltr'><strong>appa-</strong></span> 
     </span>
     <span class='ocr_line' id='line_1_9' title="bbox 340 1239 2290 1325; baseline 0.001 -20"><span class='ocrx_word' id='word_1_52' title='bbox 340 1250 463 1318; x_wconf 92' lang='lat' dir='ltr'><strong>ret,</strong></span> <span class='ocrx_word' id='word_1_53' title='bbox 502 1259 723 1323; x_wconf 90' lang='lat' dir='ltr'><strong>regem</strong></span> <span class='ocrx_word' id='word_1_54' title='bbox 750 1239 1279 1325; x_wconf 89' lang='lat' dir='ltr'><strong>incomparabilis</strong></span> <span class='ocrx_word' id='word_1_55' title='bbox 1303 1242 1599 1307; x_wconf 88' lang='lat' dir='ltr'><strong>beneficii</strong></span> <span class='ocrx_word' id='word_1_56' title='bbox 1625 1241 1782 1320; x_wconf 90' lang='lat' dir='ltr'><strong>loco,</strong></span> <span class='ocrx_word' id='word_1_57' title='bbox 1810 1241 1960 1305; x_wconf 87' lang='lat' dir='ltr'><strong>filiis</strong></span> <span class='ocrx_word' id='word_1_58' title='bbox 1984 1241 2290 1307; x_wconf 87' lang='lat' dir='ltr'><strong>Abrahae</strong></span> 
     </span>
     <span class='ocr_line' id='line_1_10' title="bbox 338 1326 2287 1411; baseline 0.002 -21"><span class='ocrx_word' id='word_1_59' title='bbox 338 1326 537 1390; x_wconf 86' lang='lat' dir='ltr'><strong>fuisse</strong></span> <span class='ocrx_word' id='word_1_60' title='bbox 583 1326 993 1409; x_wconf 90' lang='lat' dir='ltr'><strong>promissum.</strong></span> <span class='ocrx_word' id='word_1_61' title='bbox 1064 1326 1204 1393; x_wconf 84' lang='lat' dir='ltr'><strong>Gur</strong></span> <span class='ocrx_word' id='word_1_62' title='bbox 1248 1349 1404 1411; x_wconf 88' lang='lat' dir='ltr'><strong>ergo</strong></span> <span class='ocrx_word' id='word_1_63' title='bbox 1438 1328 1618 1392; x_wconf 90' lang='lat' dir='ltr'><strong>Deus</strong></span> <span class='ocrx_word' id='word_1_64' title='bbox 1663 1349 1733 1391; x_wconf 90' lang='lat' dir='ltr'><strong>sc</strong></span> <span class='ocrx_word' id='word_1_65' title='bbox 1778 1347 1913 1391; x_wconf 89' lang='lat' dir='ltr'><strong>non</strong></span> <span class='ocrx_word' id='word_1_66' title='bbox 1956 1328 2111 1394; x_wconf 91' lang='lat' dir='ltr'><strong>facit</strong></span> <span class='ocrx_word' id='word_1_67' title='bbox 2146 1329 2287 1393; x_wconf 90' lang='lat' dir='ltr'><strong>eius</strong></span> 
     </span>
     <span class='ocr_line' id='line_1_11' title="bbox 338 1410 2284 1497; baseline 0.001 -21"><span class='ocrx_word' id='word_1_68' title='bbox 338 1410 679 1476; x_wconf 82' lang='lat' dir='ltr'><strong>autorem?</strong></span> <span class='ocrx_word' id='word_1_69' title='bbox 749 1412 1141 1495; x_wconf 89' lang='lat' dir='ltr'><strong>Respondeo</strong></span> <span class='ocrx_word' id='word_1_70' title='bbox 1166 1464 1182 1492; x_wconf 95' lang='lat'><strong>,</strong></span> <span class='ocrx_word' id='word_1_71' title='bbox 1253 1414 1554 1497; x_wconf 82' lang='lat' dir='ltr'><strong>quamvis</strong></span> <span class='ocrx_word' id='word_1_72' title='bbox 1614 1413 1737 1478; x_wconf 92' lang='lat' dir='ltr'><strong>Dei</strong></span> <span class='ocrx_word' id='word_1_73' title='bbox 1798 1413 2142 1479; x_wconf 88' lang='lat' dir='ltr'><strong>consilium</strong></span> <span class='ocrx_word' id='word_1_74' title='bbox 2201 1413 2284 1478; x_wconf 92' lang='lat' dir='ltr'><strong>ab</strong></span> 
     </span>
     <span class='ocr_line' id='line_1_12' title="bbox 337 1497 2283 1583; baseline 0.001 -20"><span class='ocrx_word' id='word_1_75' title='bbox 337 1497 529 1563; x_wconf 87' lang='lat' dir='ltr'><strong>initio</strong></span> <span class='ocrx_word' id='word_1_76' title='bbox 572 1497 803 1563; x_wconf 85' lang='lat' dir='ltr'><strong>fuisset</strong></span> <span class='ocrx_word' id='word_1_77' title='bbox 848 1499 1134 1583; x_wconf 86' lang='lat' dir='ltr'><strong>effigiem</strong></span> <span class='ocrx_word' id='word_1_78' title='bbox 1170 1498 1423 1566; x_wconf 79' lang='lat' dir='ltr'>Christi</span> <span class='ocrx_word' id='word_1_79' title='bbox 1467 1501 1534 1564; x_wconf 90' lang='lat' dir='ltr'><strong>in</strong></span> <span class='ocrx_word' id='word_1_80' title='bbox 1585 1498 1842 1565; x_wconf 84' lang='lat' dir='ltr'><strong>Davide</strong></span> <span class='ocrx_word' id='word_1_81' title='bbox 1885 1520 2283 1582; x_wconf 83' lang='lat' dir='ltr'><strong>proponere:</strong></span> 
     </span>
     <span class='ocr_line' id='line_1_13' title="bbox 338 1584 2285 1669; baseline 0.001 -22"><span class='ocrx_word' id='word_1_82' title='bbox 338 1587 491 1667; x_wconf 90' lang='lat' dir='ltr'><strong>quia</strong></span> <span class='ocrx_word' id='word_1_83' title='bbox 561 1592 784 1648; x_wconf 87' lang='lat' dir='ltr'><strong>tamen</strong></span> <span class='ocrx_word' id='word_1_84' title='bbox 843 1594 1265 1668; x_wconf 85' lang='lat' dir='ltr'><strong>praepostera</strong></span> <span class='ocrx_word' id='word_1_85' title='bbox 1315 1584 1646 1651; x_wconf 76' lang='lat' dir='ltr'><strong>festinatio</strong></span> <span class='ocrx_word' id='word_1_86' title='bbox 1710 1586 1932 1669; x_wconf 91' lang='lat' dir='ltr'><strong>populi</strong></span> <span class='ocrx_word' id='word_1_87' title='bbox 1991 1585 2285 1651; x_wconf 85' lang='lat' dir='ltr'><strong>ordinem</strong></span> 
     </span>
     <span class='ocr_line' id='line_1_14' title="bbox 336 1669 2287 1756; baseline 0.001 -22"><span class='ocrx_word' id='word_1_88' title='bbox 336 1670 526 1734; x_wconf 89' lang='lat' dir='ltr'><strong>illum</strong></span> <span class='ocrx_word' id='word_1_89' title='bbox 583 1669 898 1750; x_wconf 76' lang='lat' dir='ltr'><strong>turbavit,</strong></span> <span class='ocrx_word' id='word_1_90' title='bbox 965 1672 1361 1756; x_wconf 87' lang='lat' dir='ltr'><strong>principium</strong></span> <span class='ocrx_word' id='word_1_91' title='bbox 1444 1672 1629 1755; x_wconf 89' lang='lat' dir='ltr'><strong>regni</strong></span> <span class='ocrx_word' id='word_1_92' title='bbox 1706 1670 1998 1737; x_wconf 74' lang='lat' dir='ltr'><strong>adscribi</strong></span> <span class='ocrx_word' id='word_1_93' title='bbox 2062 1692 2287 1737; x_wconf 90' lang='lat' dir='ltr'><strong>eorum</strong></span> 
     </span>
     <span class='ocr_line' id='line_1_15' title="bbox 375 1757 2290 1840; baseline 0.001 -20"><span class='ocrx_word' id='word_1_94' title='bbox 375 1757 588 1839; x_wconf 89' lang='lat' dir='ltr'><strong>ulpae,</strong></span> <span class='ocrx_word' id='word_1_95' title='bbox 635 1777 796 1840; x_wconf 89' lang='lat' dir='ltr'><strong>quos</strong></span> <span class='ocrx_word' id='word_1_96' title='bbox 839 1778 1152 1840; x_wconf 87' lang='lat' dir='ltr'><strong>perversa</strong></span> <span class='ocrx_word' id='word_1_97' title='bbox 1196 1757 1547 1822; x_wconf 81' lang='lat' dir='ltr'><strong>aemulatio</strong></span> <span class='ocrx_word' id='word_1_98' title='bbox 1592 1757 1856 1839; x_wconf 90' lang='lat' dir='ltr'><strong>impulit</strong></span> <span class='ocrx_word' id='word_1_99' title='bbox 1910 1767 1987 1822; x_wconf 91' lang='lat' dir='ltr'><strong>ut</strong></span> <span class='ocrx_word' id='word_1_100' title='bbox 2043 1758 2290 1822; x_wconf 85' lang='lat' dir='ltr'><strong>vellent</strong></span> 
     </span>
     <span class='ocr_line' id='line_1_16' title="bbox 336 1842 2288 1925; baseline 0.002 -19"><span class='ocrx_word' id='word_1_101' title='bbox 336 1843 646 1925; x_wconf 87' lang='lat' dir='ltr'><strong>gentibus</strong></span> <span class='ocrx_word' id='word_1_102' title='bbox 690 1863 832 1907; x_wconf 87' lang='lat' dir='ltr'><strong>esse</strong></span> <span class='ocrx_word' id='word_1_103' title='bbox 864 1844 1126 1909; x_wconf 88' lang='lat' dir='ltr'><strong>similes.</strong></span> <span class='ocrx_word' id='word_1_104' title='bbox 1195 1842 1452 1908; x_wconf 90' lang='lat' dir='ltr'><strong>Deinde</strong></span> <span class='ocrx_word' id='word_1_105' title='bbox 1479 1842 1739 1908; x_wconf 87' lang='lat' dir='ltr'><strong>videtur</strong></span> <span class='ocrx_word' id='word_1_106' title='bbox 1781 1843 2081 1911; x_wconf 88' lang='lat' dir='ltr'><strong>consulto</strong></span> <span class='ocrx_word' id='word_1_107' title='bbox 2108 1845 2288 1909; x_wconf 90' lang='lat' dir='ltr'><strong>Deus</strong></span> 
     </span>
     <span class='ocr_line' id='line_1_17' title="bbox 336 1928 2290 2011; baseline 0.002 -19"><span class='ocrx_word' id='word_1_108' title='bbox 336 1949 567 1993; x_wconf 88' lang='lat' dir='ltr'><strong>eorum</strong></span> <span class='ocrx_word' id='word_1_109' title='bbox 591 1930 1023 2011; x_wconf 85' lang='lat' dir='ltr'><strong>pervicaciam</strong></span> <span class='ocrx_word' id='word_1_110' title='bbox 1071 1941 1350 2005; x_wconf 89' lang='lat' dir='ltr'><strong>notasse,</strong></span> <span class='ocrx_word' id='word_1_111' title='bbox 1396 1949 1472 1994; x_wconf 90' lang='lat' dir='ltr'><strong>ac</strong></span> <span class='ocrx_word' id='word_1_112' title='bbox 1512 1930 1566 1995; x_wconf 92' lang='lat' dir='ltr'><strong>si</strong></span> <span class='ocrx_word' id='word_1_113' title='bbox 1612 1928 1917 1994; x_wconf 83' lang='lat' dir='ltr'><strong>dixisset:</strong></span> <span class='ocrx_word' id='word_1_114' title='bbox 1964 1928 2290 2011; x_wconf 80' lang='lat' dir='ltr'><strong>Quamvis</strong></span> 
     </span>
     <span class='ocr_line' id='line_1_18' title="bbox 334 2014 2290 2100; baseline 0 -21"><span class='ocrx_word' id='word_1_115' title='bbox 334 2034 562 2099; x_wconf 87' lang='lat' dir='ltr'><strong>regem</strong></span> <span class='ocrx_word' id='word_1_116' title='bbox 622 2014 904 2080; x_wconf 89' lang='lat' dir='ltr'><strong>creando</strong></span> <span class='ocrx_word' id='word_1_117' title='bbox 974 2016 1053 2080; x_wconf 91' lang='lat' dir='ltr'><strong>ad</strong></span> <span class='ocrx_word' id='word_1_118' title='bbox 1125 2026 1353 2100; x_wconf 88' lang='lat' dir='ltr'><strong>gentes</strong></span> <span class='ocrx_word' id='word_1_119' title='bbox 1429 2016 1696 2100; x_wconf 88' lang='lat' dir='ltr'><strong>propius</strong></span> <span class='ocrx_word' id='word_1_120' title='bbox 1753 2014 2058 2096; x_wconf 89' lang='lat' dir='ltr'><strong>accedas,</strong></span> <span class='ocrx_word' id='word_1_121' title='bbox 2129 2036 2290 2082; x_wconf 86' lang='lat' dir='ltr'><strong>cave</strong></span> 
     </span>
     <span class='ocr_line' id='line_1_19' title="bbox 337 2101 2288 2186; baseline 0.002 -22"><span class='ocrx_word' id='word_1_122' title='bbox 337 2110 565 2166; x_wconf 88' lang='lat' dir='ltr'><strong>tamen</strong></span> <span class='ocrx_word' id='word_1_123' title='bbox 614 2122 694 2165; x_wconf 92' lang='lat' dir='ltr'><strong>ne</strong></span> <span class='ocrx_word' id='word_1_124' title='bbox 737 2122 1050 2183; x_wconf 83' lang='lat' dir='ltr'><strong>perversa</strong></span> <span class='ocrx_word' id='word_1_125' title='bbox 1094 2101 1418 2185; x_wconf 81' lang='lat' dir='ltr'><strong>cupiditas</strong></span> <span class='ocrx_word' id='word_1_126' title='bbox 1461 2109 1527 2166; x_wconf 92' lang='lat' dir='ltr'><strong>te</strong></span> <span class='ocrx_word' id='word_1_127' title='bbox 1548 2121 1822 2186; x_wconf 89' lang='lat' dir='ltr'><strong>prorsus</strong></span> <span class='ocrx_word' id='word_1_128' title='bbox 1866 2122 1904 2164; x_wconf 88' lang='lat' dir='ltr'><strong>a</strong></span> <span class='ocrx_word' id='word_1_129' title='bbox 1949 2123 2111 2167; x_wconf 83' lang='lat' dir='ltr'><strong>vera</strong></span> <span class='ocrx_word' id='word_1_130' title='bbox 2151 2103 2288 2186; x_wconf 88' lang='lat' dir='ltr'><strong>pie-</strong></span> 
     </span>
     <span class='ocr_line' id='line_1_20' title="bbox 335 2186 819 2253; baseline 0 -1"><span class='ocrx_word' id='word_1_131' title='bbox 335 2194 478 2252; x_wconf 83' lang='lat' dir='ltr'><strong>tate</strong></span> <span class='ocrx_word' id='word_1_132' title='bbox 520 2186 819 2253; x_wconf 86' lang='lat' dir='ltr'><strong>abducat.</strong></span> 
     </span>
    </p>

    <p class='ocr_par' dir='ltr' id='par_1_3' title="bbox 335 2271 2291 3296">
     <span class='ocr_line' id='line_1_21' title="bbox 517 2271 2289 2357; baseline 0 -20"><span class='ocrx_word' id='word_1_133' title='bbox 517 2273 617 2338; x_wconf 85' lang='grc'><strong>15.</strong></span> <span class='ocrx_word' id='word_1_134' title='bbox 668 2271 1105 2338; x_wconf 77' lang='lat' dir='ltr'><strong>Constituendo</strong></span> <span class='ocrx_word' id='word_1_135' title='bbox 1147 2275 1482 2339; x_wconf 77' lang='lat' dir='ltr'><strong>constitues</strong></span> <span class='ocrx_word' id='word_1_136' title='bbox 1524 2292 1716 2354; x_wconf 80' lang='lat' dir='ltr'><strong>super</strong></span> <span class='ocrx_word' id='word_1_137' title='bbox 1759 2279 1814 2337; x_wconf 83' lang='lat' dir='ltr'><strong>te</strong></span> <span class='ocrx_word' id='word_1_138' title='bbox 1853 2281 2075 2357; x_wconf 74' lang='lat' dir='ltr'><strong>reyem.</strong></span> <span class='ocrx_word' id='word_1_139' title='bbox 2144 2272 2289 2338; x_wconf 90' lang='lat' dir='ltr'><strong>Pri-</strong></span> 
     </span>
     <span class='ocr_line' id='line_1_22' title="bbox 336 2359 2288 2443; baseline 0 -20"><span class='ocrx_word' id='word_1_140' title='bbox 336 2380 525 2423; x_wconf 90' lang='lat' dir='ltr'><strong>mum</strong></span> <span class='ocrx_word' id='word_1_141' title='bbox 571 2360 753 2423; x_wconf 90' lang='lat' dir='ltr'><strong>Deus</strong></span> <span class='ocrx_word' id='word_1_142' title='bbox 798 2359 918 2424; x_wconf 90' lang='lat' dir='ltr'><strong>sibi</strong></span> <span class='ocrx_word' id='word_1_143' title='bbox 968 2360 1031 2422; x_wconf 91' lang='lat' dir='ltr'><strong>in</strong></span> <span class='ocrx_word' id='word_1_144' title='bbox 1080 2359 1362 2424; x_wconf 88' lang='lat' dir='ltr'><strong>creando</strong></span> <span class='ocrx_word' id='word_1_145' title='bbox 1408 2380 1561 2443; x_wconf 90' lang='lat' dir='ltr'><strong>rege</strong></span> <span class='ocrx_word' id='word_1_146' title='bbox 1606 2380 1936 2424; x_wconf 91' lang='lat' dir='ltr'><strong>summum</strong></span> <span class='ocrx_word' id='word_1_147' title='bbox 1983 2359 2086 2425; x_wconf 92' lang='lat' dir='ltr'><strong>ius</strong></span> <span class='ocrx_word' id='word_1_148' title='bbox 2131 2381 2288 2423; x_wconf 85' lang='lat' dir='ltr'><strong>ven-</strong></span> 
     </span>
     <span class='ocr_line' id='line_1_23' title="bbox 338 2443 2290 2529; baseline 0.001 -21"><span class='ocrx_word' id='word_1_149' title='bbox 338 2443 548 2525; x_wconf 84' lang='lat' dir='ltr'><strong>dicat,</strong></span> <span class='ocrx_word' id='word_1_150' title='bbox 616 2464 737 2509; x_wconf 90' lang='lat' dir='ltr'><strong>nec</strong></span> <span class='ocrx_word' id='word_1_151' title='bbox 783 2466 915 2509; x_wconf 91' lang='lat' dir='ltr'><strong>rem</strong></span> <span class='ocrx_word' id='word_1_152' title='bbox 966 2447 1286 2527; x_wconf 88' lang='lat' dir='ltr'><strong>permittit</strong></span> <span class='ocrx_word' id='word_1_153' title='bbox 1350 2445 1576 2528; x_wconf 91' lang='lat' dir='ltr'><strong>populi</strong></span> <span class='ocrx_word' id='word_1_154' title='bbox 1621 2444 1984 2529; x_wconf 84' lang='lat' dir='ltr'><strong>suffragiis:</strong></span> <span class='ocrx_word' id='word_1_155' title='bbox 2056 2453 2130 2510; x_wconf 92' lang='lat' dir='ltr'><strong>ut</strong></span> <span class='ocrx_word' id='word_1_156' title='bbox 2194 2446 2290 2510; x_wconf 88' lang='lat' dir='ltr'><strong>ita</strong></span> 
     </span>
     <span class='ocr_line' id='line_1_24' title="bbox 336 2531 2287 2616; baseline 0 -20"><span class='ocrx_word' id='word_1_157' title='bbox 336 2532 621 2616; x_wconf 85' lang='lat' dir='ltr'><strong>castiget</strong></span> <span class='ocrx_word' id='word_1_158' title='bbox 657 2551 880 2595; x_wconf 89' lang='lat' dir='ltr'><strong>eorum</strong></span> <span class='ocrx_word' id='word_1_159' title='bbox 908 2531 1245 2595; x_wconf 85' lang='lat' dir='ltr'><strong>audaciam</strong></span> <span class='ocrx_word' id='word_1_160' title='bbox 1284 2531 1399 2614; x_wconf 91' lang='lat' dir='ltr'><strong>qui</strong></span> <span class='ocrx_word' id='word_1_161' title='bbox 1423 2531 1765 2614; x_wconf 88' lang='lat' dir='ltr'><strong>praecipiti</strong></span> <span class='ocrx_word' id='word_1_162' title='bbox 1786 2533 2033 2614; x_wconf 90' lang='lat' dir='ltr'><strong>impetu</strong></span> <span class='ocrx_word' id='word_1_163' title='bbox 2065 2552 2287 2615; x_wconf 89' lang='lat' dir='ltr'><strong>regem</strong></span> 
     </span>
     <span class='ocr_line' id='line_1_25' title="bbox 336 2617 2290 2701; baseline -0.001 -19"><span class='ocrx_word' id='word_1_164' title='bbox 336 2620 813 2701; x_wconf 78' lang='lat' dir='ltr'><strong>postulassent:</strong></span> <span class='ocrx_word' id='word_1_165' title='bbox 875 2617 1111 2681; x_wconf 83' lang='lat' dir='ltr'><strong>deinde</strong></span> <span class='ocrx_word' id='word_1_166' title='bbox 1157 2619 1327 2682; x_wconf 93' lang='lat' dir='ltr'><strong>sumi</strong></span> <span class='ocrx_word' id='word_1_167' title='bbox 1371 2617 1549 2682; x_wconf 90' lang='lat' dir='ltr'><strong>iubet</strong></span> <span class='ocrx_word' id='word_1_168' title='bbox 1594 2638 1677 2681; x_wconf 87' lang='lat' dir='ltr'><strong>ex</strong></span> <span class='ocrx_word' id='word_1_169' title='bbox 1717 2618 1860 2699; x_wconf 92' lang='lat' dir='ltr'><strong>ipso</strong></span> <span class='ocrx_word' id='word_1_170' title='bbox 1904 2618 2174 2701; x_wconf 91' lang='lat' dir='ltr'><strong>populo,</strong></span> <span class='ocrx_word' id='word_1_171' title='bbox 2223 2625 2290 2681; x_wconf 91' lang='lat' dir='ltr'><strong>et</strong></span> 
     </span>
     <span class='ocr_line' id='line_1_26' title="bbox 335 2701 2289 2788; baseline 0.001 -21"><span class='ocrx_word' id='word_1_172' title='bbox 335 2704 743 2787; x_wconf 86' lang='lat' dir='ltr'><strong>alienigenas</strong></span> <span class='ocrx_word' id='word_1_173' title='bbox 786 2701 1093 2782; x_wconf 83' lang='lat' dir='ltr'><strong>excludit,</strong></span> <span class='ocrx_word' id='word_1_174' title='bbox 1130 2705 1283 2786; x_wconf 91' lang='lat' dir='ltr'><strong>quia</strong></span> <span class='ocrx_word' id='word_1_175' title='bbox 1327 2703 1686 2768; x_wconf 87' lang='lat' dir='ltr'><strong>sifuissent</strong></span> <span class='ocrx_word' id='word_1_176' title='bbox 1725 2703 2011 2783; x_wconf 88' lang='lat' dir='ltr'><strong>admissi,</strong></span> <span class='ocrx_word' id='word_1_177' title='bbox 2060 2712 2289 2788; x_wconf 87' lang='lat' dir='ltr'><strong>aperta</strong></span> 
     </span>
     <span class='ocr_line' id='line_1_27' title="bbox 337 2787 2288 2873; baseline 0.001 -20"><span class='ocrx_word' id='word_1_178' title='bbox 337 2798 489 2854; x_wconf 87' lang='lat' dir='ltr'><strong>erat</strong></span> <span class='ocrx_word' id='word_1_179' title='bbox 535 2787 878 2853; x_wconf 85' lang='lat' dir='ltr'><strong>defectioni</strong></span> <span class='ocrx_word' id='word_1_180' title='bbox 937 2792 1151 2855; x_wconf 88' lang='lat' dir='ltr'><strong>ianua.</strong></span> <span class='ocrx_word' id='word_1_181' title='bbox 1244 2789 1536 2873; x_wconf 76' lang='lat' dir='ltr'><strong>Quisque</strong></span> <span class='ocrx_word' id='word_1_182' title='bbox 1594 2792 1767 2854; x_wconf 89' lang='lat' dir='ltr'><strong>enim</strong></span> <span class='ocrx_word' id='word_1_183' title='bbox 1828 2788 1982 2854; x_wconf 90' lang='lat' dir='ltr'><strong>deos</strong></span> <span class='ocrx_word' id='word_1_184' title='bbox 2039 2791 2288 2873; x_wconf 86' lang='lat' dir='ltr'><strong>patrios</strong></span> 
     </span>
     <span class='ocr_line' id='line_1_28' title="bbox 335 2875 2290 2961; baseline -0.001 -21"><span class='ocrx_word' id='word_1_185' title='bbox 335 2875 697 2941; x_wconf 85' lang='lat' dir='ltr'><strong>obtrudere</strong></span> <span class='ocrx_word' id='word_1_186' title='bbox 740 2885 1014 2941; x_wconf 87' lang='lat' dir='ltr'><strong>conatus</strong></span> <span class='ocrx_word' id='word_1_187' title='bbox 1073 2884 1274 2942; x_wconf 91' lang='lat' dir='ltr'><strong>esset:</strong></span> <span class='ocrx_word' id='word_1_188' title='bbox 1333 2895 1408 2940; x_wconf 89' lang='lat' dir='ltr'><strong>ac</strong></span> <span class='ocrx_word' id='word_1_189' title='bbox 1460 2877 1754 2959; x_wconf 90' lang='lat' dir='ltr'><strong>potentia</strong></span> <span class='ocrx_word' id='word_1_190' title='bbox 1811 2875 2048 2961; x_wconf 83' lang='lat' dir='ltr'><strong>regali,</strong></span> <span class='ocrx_word' id='word_1_191' title='bbox 2113 2877 2173 2941; x_wconf 89' lang='lat' dir='ltr'><strong>vi</strong></span> <span class='ocrx_word' id='word_1_192' title='bbox 2222 2885 2290 2939; x_wconf 91' lang='lat' dir='ltr'><strong>et</strong></span> 
     </span>
     <span class='ocr_line' id='line_1_29' title="bbox 335 2961 2289 3045; baseline 0.001 -19"><span class='ocrx_word' id='word_1_193' title='bbox 335 2961 545 3026; x_wconf 91' lang='lat' dir='ltr'><strong>minis</strong></span> <span class='ocrx_word' id='word_1_194' title='bbox 588 2982 898 3043; x_wconf 90' lang='lat' dir='ltr'><strong>oppressa</strong></span> <span class='ocrx_word' id='word_1_195' title='bbox 939 2961 1171 3026; x_wconf 87' lang='lat' dir='ltr'><strong>fuisset</strong></span> <span class='ocrx_word' id='word_1_196' title='bbox 1212 2982 1369 3026; x_wconf 83' lang='lat' dir='ltr'><strong>vera</strong></span> <span class='ocrx_word' id='word_1_197' title='bbox 1414 2961 1659 3045; x_wconf 87' lang='lat' dir='ltr'><strong>religio.</strong></span> <span class='ocrx_word' id='word_1_198' title='bbox 1749 2961 1889 3041; x_wconf 86' lang='lat' dir='ltr'><strong>En,</strong></span> <span class='ocrx_word' id='word_1_199' title='bbox 1945 2983 2063 3027; x_wconf 91' lang='lat' dir='ltr'><strong>cur</strong></span> <span class='ocrx_word' id='word_1_200' title='bbox 2108 2963 2289 3027; x_wconf 90' lang='lat' dir='ltr'><strong>Deus</strong></span> 
     </span>
     <span class='ocr_line' id='line_1_30' title="bbox 335 3048 2289 3134; baseline -0.001 -20"><span class='ocrx_word' id='word_1_201' title='bbox 335 3069 576 3134; x_wconf 84' lang='lat' dir='ltr'><strong>passus</strong></span> <span class='ocrx_word' id='word_1_202' title='bbox 622 3068 753 3113; x_wconf 91' lang='lat' dir='ltr'><strong>non</strong></span> <span class='ocrx_word' id='word_1_203' title='bbox 799 3048 1001 3113; x_wconf 89' lang='lat' dir='ltr'><strong>fuerit</strong></span> <span class='ocrx_word' id='word_1_204' title='bbox 1042 3048 1307 3114; x_wconf 88' lang='lat' dir='ltr'><strong>aliunde</strong></span> <span class='ocrx_word' id='word_1_205' title='bbox 1351 3048 1479 3131; x_wconf 92' lang='lat' dir='ltr'><strong>peti</strong></span> <span class='ocrx_word' id='word_1_206' title='bbox 1527 3068 1748 3133; x_wconf 89' lang='lat' dir='ltr'><strong>regem</strong></span> <span class='ocrx_word' id='word_1_207' title='bbox 1790 3068 1985 3132; x_wconf 90' lang='lat' dir='ltr'><strong>quam</strong></span> <span class='ocrx_word' id='word_1_208' title='bbox 2021 3069 2105 3113; x_wconf 87' lang='lat' dir='ltr'><strong>ex</strong></span> <span class='ocrx_word' id='word_1_209' title='bbox 2149 3050 2289 3132; x_wconf 87' lang='lat' dir='ltr'><strong>ipso</strong></span> 
     </span>
     <span class='ocr_line' id='line_1_31' title="bbox 338 3134 2291 3219; baseline -0.001 -20"><span class='ocrx_word' id='word_1_210' title='bbox 338 3134 654 3202; x_wconf 90' lang='lat' dir='ltr'><strong>ecclesiae</strong></span> <span class='ocrx_word' id='word_1_211' title='bbox 698 3137 879 3199; x_wconf 89' lang='lat' dir='ltr'><strong>sinu:</strong></span> <span class='ocrx_word' id='word_1_212' title='bbox 926 3145 999 3198; x_wconf 88' lang='lat' dir='ltr'><strong>ut</strong></span> <span class='ocrx_word' id='word_1_213' title='bbox 1041 3156 1281 3218; x_wconf 90' lang='lat' dir='ltr'><strong>purum</strong></span> <span class='ocrx_word' id='word_1_214' title='bbox 1325 3134 1608 3214; x_wconf 90' lang='lat' dir='ltr'><strong>cultum,</strong></span> <span class='ocrx_word' id='word_1_215' title='bbox 1671 3155 1866 3218; x_wconf 91' lang='lat' dir='ltr'><strong>quem</strong></span> <span class='ocrx_word' id='word_1_216' title='bbox 1924 3157 1964 3200; x_wconf 89' lang='lat' dir='ltr'><strong>a</strong></span> <span class='ocrx_word' id='word_1_217' title='bbox 2008 3136 2291 3219; x_wconf 91' lang='lat' dir='ltr'><strong>pueritia</strong></span> 
     </span>
     <span class='ocr_line' id='line_1_32' title="bbox 340 3220 1485 3296; baseline -0.001 -10"><span class='ocrx_word' id='word_1_218' title='bbox 340 3220 708 3296; x_wconf 87' lang='lat' dir='ltr'><strong>imbiberat,</strong></span> <span class='ocrx_word' id='word_1_219' title='bbox 753 3221 1004 3286; x_wconf 84' lang='lat' dir='ltr'><strong>foveret</strong></span> <span class='ocrx_word' id='word_1_220' title='bbox 1050 3241 1126 3285; x_wconf 90' lang='lat' dir='ltr'><strong>ac</strong></span> <span class='ocrx_word' id='word_1_221' title='bbox 1167 3230 1485 3286; x_wconf 88' lang='lat' dir='ltr'><strong>tueretur.</strong></span> 
     </span>
    </p>

    <p class='ocr_par' dir='ltr' id='par_1_4' title="bbox 333 3306 2292 5456">
     <span class='ocr_line' id='line_1_33' title="bbox 522 3306 2291 3389; baseline -0.001 -16"><span class='ocrx_word' id='word_1_222' title='bbox 522 3307 622 3373; x_wconf 88' lang='grc'><strong>16.</strong></span> <span class='ocrx_word' id='word_1_223' title='bbox 698 3306 930 3372; x_wconf 79' lang='lat' dir='ltr'><strong>Verum</strong></span> <span class='ocrx_word' id='word_1_224' title='bbox 988 3326 1117 3371; x_wconf 78' lang='lat' dir='ltr'><strong>non</strong></span> <span class='ocrx_word' id='word_1_225' title='bbox 1172 3306 1608 3389; x_wconf 78' lang='lat' dir='ltr'><strong>multiplicabit</strong></span> <span class='ocrx_word' id='word_1_226' title='bbox 1663 3306 1788 3372; x_wconf 82' lang='lat' dir='ltr'><strong>sibi</strong></span> <span class='ocrx_word' id='word_1_227' title='bbox 1859 3325 2059 3389; x_wconf 79' lang='lat' dir='ltr'><strong>equos.</strong></span> <span class='ocrx_word' id='word_1_228' title='bbox 2161 3306 2291 3373; x_wconf 90' lang='lat' dir='ltr'><strong>Hic</strong></span> 
     </span>
     <span class='ocr_line' id='line_1_34' title="bbox 337 3391 2288 3476; baseline -0.002 -17"><span class='ocrx_word' id='word_1_229' title='bbox 337 3393 538 3459; x_wconf 91' lang='lat' dir='ltr'><strong>certis</strong></span> <span class='ocrx_word' id='word_1_230' title='bbox 581 3391 820 3458; x_wconf 91' lang='lat' dir='ltr'><strong>finibus</strong></span> <span class='ocrx_word' id='word_1_231' title='bbox 863 3393 1420 3458; x_wconf 85' lang='lat' dir='ltr'><strong>circumscribitur</strong></span> <span class='ocrx_word' id='word_1_232' title='bbox 1463 3393 1637 3476; x_wconf 88' lang='lat' dir='ltr'><strong>regis</strong></span> <span class='ocrx_word' id='word_1_233' title='bbox 1671 3402 1989 3476; x_wconf 90' lang='lat' dir='ltr'><strong>potestas:</strong></span> <span class='ocrx_word' id='word_1_234' title='bbox 2038 3413 2121 3456; x_wconf 90' lang='lat' dir='ltr'><strong>ne</strong></span> <span class='ocrx_word' id='word_1_235' title='bbox 2168 3394 2288 3456; x_wconf 90' lang='lat' dir='ltr'><strong>im-</strong></span> 
     </span>
     <span class='ocr_line' id='line_1_35' title="bbox 338 3477 2288 3563; baseline -0.002 -18"><span class='ocrx_word' id='word_1_236' title='bbox 338 3480 507 3562; x_wconf 89' lang='lat' dir='ltr'><strong>perii</strong></span> <span class='ocrx_word' id='word_1_237' title='bbox 555 3479 764 3563; x_wconf 87' lang='lat' dir='ltr'><strong>gloria</strong></span> <span class='ocrx_word' id='word_1_238' title='bbox 808 3479 1017 3543; x_wconf 89' lang='lat' dir='ltr'><strong>fretus</strong></span> <span class='ocrx_word' id='word_1_239' title='bbox 1063 3499 1135 3544; x_wconf 90' lang='lat' dir='ltr'><strong>se</strong></span> <span class='ocrx_word' id='word_1_240' title='bbox 1180 3479 1378 3543; x_wconf 89' lang='lat' dir='ltr'><strong>nimis</strong></span> <span class='ocrx_word' id='word_1_241' title='bbox 1423 3478 1713 3543; x_wconf 89' lang='lat' dir='ltr'><strong>extollat.</strong></span> <span class='ocrx_word' id='word_1_242' title='bbox 1804 3477 2066 3544; x_wconf 81' lang='lat' dir='ltr'><strong>Scimus</strong></span> <span class='ocrx_word' id='word_1_243' title='bbox 2111 3479 2288 3543; x_wconf 92' lang='lat' dir='ltr'><strong>enim</strong></span> 
     </span>
     <span class='ocr_line' id='line_1_36' title="bbox 338 3563 2289 3650; baseline -0.001 -20"><span class='ocrx_word' id='word_1_244' title='bbox 338 3587 535 3649; x_wconf 91' lang='lat' dir='ltr'><strong>quam</strong></span> <span class='ocrx_word' id='word_1_245' title='bbox 583 3564 1014 3648; x_wconf 85' lang='lat' dir='ltr'><strong>inexplebiles</strong></span> <span class='ocrx_word' id='word_1_246' title='bbox 1059 3565 1195 3629; x_wconf 89' lang='lat' dir='ltr'><strong>sint</strong></span> <span class='ocrx_word' id='word_1_247' title='bbox 1236 3586 1467 3650; x_wconf 87' lang='lat' dir='ltr'><strong>regum</strong></span> <span class='ocrx_word' id='word_1_248' title='bbox 1493 3563 1921 3648; x_wconf 89' lang='lat' dir='ltr'><strong>cupiditates:</strong></span> <span class='ocrx_word' id='word_1_249' title='bbox 1968 3564 2122 3646; x_wconf 92' lang='lat' dir='ltr'><strong>quia</strong></span> <span class='ocrx_word' id='word_1_250' title='bbox 2165 3563 2289 3629; x_wconf 91' lang='lat' dir='ltr'><strong>sibi</strong></span> 
     </span>
     <span class='ocr_line' id='line_1_37' title="bbox 338 3649 2291 3735; baseline -0.001 -19"><span class='ocrx_word' id='word_1_251' title='bbox 338 3651 604 3734; x_wconf 84' lang='lat' dir='ltr'><strong>quidvis</strong></span> <span class='ocrx_word' id='word_1_252' title='bbox 647 3651 843 3716; x_wconf 91' lang='lat' dir='ltr'><strong>licere</strong></span> <span class='ocrx_word' id='word_1_253' title='bbox 886 3652 1166 3735; x_wconf 89' lang='lat' dir='ltr'><strong>fingunt.</strong></span> <span class='ocrx_word' id='word_1_254' title='bbox 1256 3649 1707 3732; x_wconf 78' lang='lat' dir='ltr'><strong>Quantumvis</strong></span> <span class='ocrx_word' id='word_1_255' title='bbox 1749 3671 1906 3734; x_wconf 88' lang='lat' dir='ltr'><strong>ergo</strong></span> <span class='ocrx_word' id='word_1_256' title='bbox 1948 3650 2291 3733; x_wconf 90' lang='lat' dir='ltr'><strong>splendida</strong></span> 
     </span>
     <span class='ocr_line' id='line_1_38' title="bbox 337 3736 2290 3822; baseline -0.002 -19"><span class='ocrx_word' id='word_1_257' title='bbox 337 3740 426 3803; x_wconf 86' lang='lat' dir='ltr'><strong>sit</strong></span> <span class='ocrx_word' id='word_1_258' title='bbox 472 3739 654 3822; x_wconf 89' lang='lat' dir='ltr'><strong>regia</strong></span> <span class='ocrx_word' id='word_1_259' title='bbox 700 3736 1017 3819; x_wconf 83' lang='lat' dir='ltr'><strong>dignitas,</strong></span> <span class='ocrx_word' id='word_1_260' title='bbox 1067 3758 1197 3801; x_wconf 90' lang='lat' dir='ltr'><strong>non</strong></span> <span class='ocrx_word' id='word_1_261' title='bbox 1245 3736 1390 3801; x_wconf 87' lang='lat' dir='ltr'><strong>vult</strong></span> <span class='ocrx_word' id='word_1_262' title='bbox 1432 3736 1615 3802; x_wconf 91' lang='lat' dir='ltr'><strong>Deus</strong></span> <span class='ocrx_word' id='word_1_263' title='bbox 1672 3745 2086 3820; x_wconf 85' lang='lat' dir='ltr'><strong>praetextum</strong></span> <span class='ocrx_word' id='word_1_264' title='bbox 2147 3757 2290 3802; x_wconf 87' lang='lat' dir='ltr'><strong>esse</strong></span> 
     </span>
     <span class='ocr_line' id='line_1_39' title="bbox 335 3822 2288 3906; baseline 0.001 -21"><span class='ocrx_word' id='word_1_265' title='bbox 335 3825 702 3888; x_wconf 87' lang='lat' dir='ltr'><strong>immensae</strong></span> <span class='ocrx_word' id='word_1_266' title='bbox 756 3825 1115 3906; x_wconf 90' lang='lat' dir='ltr'><strong>potentiae,</strong></span> <span class='ocrx_word' id='word_1_267' title='bbox 1179 3822 1291 3888; x_wconf 89' lang='lat' dir='ltr'><strong>sed</strong></span> <span class='ocrx_word' id='word_1_268' title='bbox 1352 3844 1492 3887; x_wconf 89' lang='lat' dir='ltr'><strong>eam</strong></span> <span class='ocrx_word' id='word_1_269' title='bbox 1552 3823 1633 3886; x_wconf 88' lang='lat' dir='ltr'><strong>ad</strong></span> <span class='ocrx_word' id='word_1_270' title='bbox 1698 3823 1958 3888; x_wconf 86' lang='lat' dir='ltr'><strong>civilem</strong></span> <span class='ocrx_word' id='word_1_271' title='bbox 2019 3822 2288 3888; x_wconf 91' lang='lat' dir='ltr'><strong>modum</strong></span> 
     </span>
     <span class='ocr_line' id='line_1_40' title="bbox 338 3908 2289 3993; baseline 0 -20"><span class='ocrx_word' id='word_1_272' title='bbox 338 3911 687 3992; x_wconf 86' lang='lat' dir='ltr'><strong>restringit</strong></span> <span class='ocrx_word' id='word_1_273' title='bbox 731 3929 806 3973; x_wconf 91' lang='lat' dir='ltr'><strong>ac</strong></span> <span class='ocrx_word' id='word_1_274' title='bbox 849 3918 1197 3993; x_wconf 88' lang='lat' dir='ltr'><strong>temperat:</strong></span> <span class='ocrx_word' id='word_1_275' title='bbox 1259 3930 1389 3993; x_wconf 92' lang='lat' dir='ltr'><strong>qua</strong></span> <span class='ocrx_word' id='word_1_276' title='bbox 1442 3919 1600 3974; x_wconf 91' lang='lat' dir='ltr'><strong>nota</strong></span> <span class='ocrx_word' id='word_1_277' title='bbox 1657 3930 1923 3974; x_wconf 90' lang='lat' dir='ltr'><strong>rursum</strong></span> <span class='ocrx_word' id='word_1_278' title='bbox 1977 3908 2289 3973; x_wconf 88' lang='lat' dir='ltr'><strong>discernit</strong></span> 
     </span>
     <span class='ocr_line' id='line_1_41' title="bbox 339 3994 2287 4087; baseline -0.001 -27"><span class='ocrx_word' id='word_1_279' title='bbox 339 4017 532 4080; x_wconf 89' lang='lat' dir='ltr'><strong>reges</strong></span> <span class='ocrx_word' id='word_1_280' title='bbox 589 3995 985 4061; x_wconf 82' lang='lat' dir='ltr'><strong>Israeliticos</strong></span> <span class='ocrx_word' id='word_1_281' title='bbox 1045 4015 1084 4059; x_wconf 90' lang='lat' dir='ltr'><strong>a</strong></span> <span class='ocrx_word' id='word_1_282' title='bbox 1150 3995 1461 4079; x_wconf 84' lang='lat' dir='ltr'><strong>profanis.</strong></span> <span class='ocrx_word' id='word_1_283' title='bbox 1565 4008 1649 4087; x_wconf 70' lang='grc' dir='ltr'><strong>ΡἽ</strong></span> <span class='ocrx_word' id='word_1_284' title='bbox 1709 3994 2129 4060; x_wconf 83' lang='lat' dir='ltr'><strong>adversativa</strong></span> <span class='ocrx_word' id='word_1_285' title='bbox 2185 4008 2287 4060; x_wconf 90' lang='lat' dir='ltr'><strong>est</strong></span> 
     </span>
     <span class='ocr_line' id='line_1_42' title="bbox 336 4080 2281 4165; baseline -0.001 -19"><span class='ocrx_word' id='word_1_286' title='bbox 336 4083 695 4165; x_wconf 86' lang='lat' dir='ltr'><strong>particula,</strong></span> <span class='ocrx_word' id='word_1_287' title='bbox 752 4101 948 4165; x_wconf 87' lang='lat' dir='ltr'><strong>quam</strong></span> <span class='ocrx_word' id='word_1_288' title='bbox 1008 4082 1120 4145; x_wconf 90' lang='lat' dir='ltr'><strong>alii</strong></span> <span class='ocrx_word' id='word_1_289' title='bbox 1180 4090 1453 4145; x_wconf 87' lang='lat' dir='ltr'><strong>vertunt</strong></span> <span class='ocrx_word' id='word_1_290' title='bbox 1511 4081 1996 4145; x_wconf 83' lang='lat' dir='ltr'><strong>tantummodo:</strong></span> <span class='ocrx_word' id='word_1_291' title='bbox 2058 4080 2281 4146; x_wconf 87' lang='lat' dir='ltr'><strong>eodem</strong></span> 
     </span>
     <span class='ocr_line' id='line_1_43' title="bbox 333 4166 2282 4251; baseline -0.001 -20"><span class='ocrx_word' id='word_1_292' title='bbox 333 4166 479 4233; x_wconf 86' lang='lat' dir='ltr'><strong>fere</strong></span> <span class='ocrx_word' id='word_1_293' title='bbox 525 4187 748 4233; x_wconf 90' lang='lat' dir='ltr'><strong>sensu:</strong></span> <span class='ocrx_word' id='word_1_294' title='bbox 801 4169 954 4251; x_wconf 88' lang='lat' dir='ltr'><strong>quia</strong></span> <span class='ocrx_word' id='word_1_295' title='bbox 996 4167 1158 4233; x_wconf 88' lang='lat' dir='ltr'><strong>haec</strong></span> <span class='ocrx_word' id='word_1_296' title='bbox 1203 4168 1503 4250; x_wconf 89' lang='lat' dir='ltr'><strong>exceptio</strong></span> <span class='ocrx_word' id='word_1_297' title='bbox 1548 4166 1768 4232; x_wconf 88' lang='lat' dir='ltr'><strong>addita</strong></span> <span class='ocrx_word' id='word_1_298' title='bbox 1812 4168 1935 4231; x_wconf 85' lang='lat' dir='ltr'><strong>fuit</strong></span> <span class='ocrx_word' id='word_1_299' title='bbox 1979 4166 2059 4231; x_wconf 89' lang='lat' dir='ltr'><strong>ad</strong></span> <span class='ocrx_word' id='word_1_300' title='bbox 2105 4167 2282 4232; x_wconf 85' lang='lat' dir='ltr'><strong>cohi·</strong></span> 
     </span>
     <span class='ocr_line' id='line_1_44' title="bbox 334 4252 2288 4338; baseline -0.001 -19"><span class='ocrx_word' id='word_1_301' title='bbox 334 4252 588 4319; x_wconf 89' lang='lat' dir='ltr'><strong>bendos</strong></span> <span class='ocrx_word' id='word_1_302' title='bbox 633 4275 863 4338; x_wconf 88' lang='lat' dir='ltr'><strong>regum</strong></span> <span class='ocrx_word' id='word_1_303' title='bbox 907 4255 1209 4336; x_wconf 89' lang='lat' dir='ltr'><strong>impetus.</strong></span> <span class='ocrx_word' id='word_1_304' title='bbox 1277 4254 1507 4318; x_wconf 90' lang='lat' dir='ltr'><strong>Prima</strong></span> <span class='ocrx_word' id='word_1_305' title='bbox 1552 4253 1919 4336; x_wconf 88' lang='lat' dir='ltr'><strong>prohibitio,</strong></span> <span class='ocrx_word' id='word_1_306' title='bbox 1967 4274 2051 4316; x_wconf 92' lang='lat' dir='ltr'><strong>ne</strong></span> <span class='ocrx_word' id='word_1_307' title='bbox 2096 4274 2288 4336; x_wconf 89' lang='lat' dir='ltr'><strong>equo-</strong></span> 
     </span>
     <span class='ocr_line' id='line_1_45' title="bbox 333 4337 2284 4423; baseline -0.001 -18"><span class='ocrx_word' id='word_1_308' title='bbox 333 4361 490 4405; x_wconf 88' lang='lat' dir='ltr'><strong>rum</strong></span> <span class='ocrx_word' id='word_1_309' title='bbox 539 4339 1026 4404; x_wconf 87' lang='lat' dir='ltr'><strong>multitudinem</strong></span> <span class='ocrx_word' id='word_1_310' title='bbox 1075 4339 1374 4423; x_wconf 88' lang='lat' dir='ltr'><strong>colligat:</strong></span> <span class='ocrx_word' id='word_1_311' title='bbox 1434 4337 1545 4404; x_wconf 90' lang='lat' dir='ltr'><strong>sed</strong></span> <span class='ocrx_word' id='word_1_312' title='bbox 1591 4340 1744 4423; x_wconf 90' lang='lat' dir='ltr'><strong>quia</strong></span> <span class='ocrx_word' id='word_1_313' title='bbox 1789 4340 1884 4403; x_wconf 88' lang='lat' dir='ltr'><strong>bis</strong></span> <span class='ocrx_word' id='word_1_314' title='bbox 1944 4340 2284 4422; x_wconf 89' lang='lat' dir='ltr'><strong>repetitur,</strong></span> 
     </span>
     <span class='ocr_line' id='line_1_46' title="bbox 335 4425 2282 4509; baseline 0 -19"><span class='ocrx_word' id='word_1_315' title='bbox 335 4426 696 4492; x_wconf 81' lang='lat' dir='ltr'><strong>videndum</strong></span> <span class='ocrx_word' id='word_1_316' title='bbox 745 4435 843 4490; x_wconf 88' lang='lat' dir='ltr'><strong>est</strong></span> <span class='ocrx_word' id='word_1_317' title='bbox 888 4446 1015 4509; x_wconf 92' lang='lat' dir='ltr'><strong>quo</strong></span> <span class='ocrx_word' id='word_1_318' title='bbox 1060 4447 1273 4490; x_wconf 87' lang='lat' dir='ltr'><strong>sensu.</strong></span> <span class='ocrx_word' id='word_1_319' title='bbox 1366 4425 1568 4492; x_wconf 85' lang='lat' dir='ltr'><strong>Multi</strong></span> <span class='ocrx_word' id='word_1_320' title='bbox 1622 4426 1715 4490; x_wconf 91' lang='lat' dir='ltr'><strong>sic</strong></span> <span class='ocrx_word' id='word_1_321' title='bbox 1769 4435 2072 4491; x_wconf 85' lang='lat' dir='ltr'><strong>vertunt:</strong></span> <span class='ocrx_word' id='word_1_322' title='bbox 2133 4426 2282 4490; x_wconf 92' lang='lat' dir='ltr'><strong>Non</strong></span> 
     </span>
     <span class='ocr_line' id='line_1_47' title="bbox 335 4511 2286 4597; baseline 0.001 -22"><span class='ocrx_word' id='word_1_323' title='bbox 335 4512 702 4577; x_wconf 83' lang='lat' dir='ltr'><strong>cumulabit</strong></span> <span class='ocrx_word' id='word_1_324' title='bbox 724 4512 844 4576; x_wconf 91' lang='lat' dir='ltr'><strong>sibi</strong></span> <span class='ocrx_word' id='word_1_325' title='bbox 870 4532 1089 4595; x_wconf 91' lang='lat' dir='ltr'><strong>equos,</strong></span> <span class='ocrx_word' id='word_1_326' title='bbox 1136 4533 1256 4576; x_wconf 88' lang='lat' dir='ltr'><strong>nec</strong></span> <span class='ocrx_word' id='word_1_327' title='bbox 1279 4511 1548 4576; x_wconf 88' lang='lat' dir='ltr'><strong>reducet</strong></span> <span class='ocrx_word' id='word_1_328' title='bbox 1570 4511 1886 4595; x_wconf 92' lang='lat' dir='ltr'><strong>populum</strong></span> <span class='ocrx_word' id='word_1_329' title='bbox 1911 4512 1983 4574; x_wconf 90' lang='lat' dir='ltr'><strong>in</strong></span> <span class='ocrx_word' id='word_1_330' title='bbox 2019 4511 2286 4597; x_wconf 82' lang='lat' dir='ltr'><strong>Aegyp·</strong></span> 
     </span>
     <span class='ocr_line' id='line_1_48' title="bbox 337 4598 2288 4682; baseline 0.001 -23"><span class='ocrx_word' id='word_1_331' title='bbox 337 4611 486 4662; x_wconf 77' lang='lat' dir='ltr'><strong>tum</strong></span> <span class='ocrx_word' id='word_1_332' title='bbox 552 4606 629 4663; x_wconf 88' lang='lat' dir='ltr'><strong>ut</strong></span> <span class='ocrx_word' id='word_1_333' title='bbox 694 4599 983 4663; x_wconf 89' lang='lat' dir='ltr'><strong>cumulet</strong></span> <span class='ocrx_word' id='word_1_334' title='bbox 1050 4618 1268 4682; x_wconf 89' lang='lat' dir='ltr'><strong>equos.</strong></span> <span class='ocrx_word' id='word_1_335' title='bbox 1374 4599 1566 4678; x_wconf 75' lang='lat' dir='ltr'><strong>Quae</strong></span> <span class='ocrx_word' id='word_1_336' title='bbox 1622 4598 1916 4680; x_wconf 91' lang='lat' dir='ltr'><strong>loquutio</strong></span> <span class='ocrx_word' id='word_1_337' title='bbox 1974 4598 2141 4662; x_wconf 91' lang='lat' dir='ltr'><strong>dura</strong></span> <span class='ocrx_word' id='word_1_338' title='bbox 2185 4607 2288 4662; x_wconf 91' lang='lat' dir='ltr'><strong>est</strong></span> 
     </span>
     <span class='ocr_line' id='line_1_49' title="bbox 338 4683 2284 4780; baseline -0.001 -33"><span class='ocrx_word' id='word_1_339' title='bbox 338 4693 540 4766; x_wconf 89' lang='lat' dir='ltr'><strong>atque</strong></span> <span class='ocrx_word' id='word_1_340' title='bbox 597 4685 888 4749; x_wconf 87' lang='lat' dir='ltr'><strong>obscura.</strong></span> <span class='ocrx_word' id='word_1_341' title='bbox 979 4684 1186 4749; x_wconf 89' lang='lat' dir='ltr'><strong>Porro</strong></span> <span class='ocrx_word' id='word_1_342' title='bbox 1241 4704 1441 4766; x_wconf 92' lang='lat' dir='ltr'><strong>quum</strong></span> <span class='ocrx_word' id='word_1_343' title='bbox 1502 4683 1824 4767; x_wconf 87' lang='lat' dir='ltr'><strong>particula</strong></span> <span class='ocrx_word' id='word_1_344' title='bbox 1866 4697 1978 4780; x_wconf 59' lang='lat'><strong>3177)</strong></span> <span class='ocrx_word' id='word_1_345' title='bbox 2078 4684 2284 4766; x_wconf 90' lang='lat' dir='ltr'><strong>signi-</strong></span> 
     </span>
     <span class='ocr_line' id='line_1_50' title="bbox 337 4769 2285 4853; baseline 0 -19"><span class='ocrx_word' id='word_1_346' title='bbox 337 4771 498 4836; x_wconf 88' lang='lat' dir='ltr'><strong>ficet</strong></span> <span class='ocrx_word' id='word_1_347' title='bbox 540 4783 822 4853; x_wconf 90' lang='lat' dir='ltr'><strong>propter,</strong></span> <span class='ocrx_word' id='word_1_348' title='bbox 869 4776 935 4836; x_wconf 88' lang='lat' dir='ltr'><strong>et</strong></span> <span class='ocrx_word' id='word_1_349' title='bbox 977 4770 1059 4835; x_wconf 88' lang='lat' dir='ltr'><strong>ad</strong></span> <span class='ocrx_word' id='word_1_350' title='bbox 1104 4770 1375 4835; x_wconf 87' lang='lat' dir='ltr'><strong>verbum</strong></span> <span class='ocrx_word' id='word_1_351' title='bbox 1401 4769 1734 4835; x_wconf 86' lang='lat' dir='ltr'><strong>commode</strong></span> <span class='ocrx_word' id='word_1_352' title='bbox 1765 4781 2020 4834; x_wconf 86' lang='lat' dir='ltr'><strong>vertere</strong></span> <span class='ocrx_word' id='word_1_353' title='bbox 2064 4769 2285 4835; x_wconf 87' lang='lat' dir='ltr'><strong>liceat:</strong></span> 
     </span>
     <span class='ocr_line' id='line_1_51' title="bbox 337 4854 2287 4939; baseline -0.001 -19"><span class='ocrx_word' id='word_1_354' title='bbox 337 4856 628 4938; x_wconf 87' lang='lat' dir='ltr'><strong>Propter</strong></span> <span class='ocrx_word' id='word_1_355' title='bbox 668 4855 1107 4939; x_wconf 89' lang='lat' dir='ltr'><strong>multiplicare</strong></span> <span class='ocrx_word' id='word_1_356' title='bbox 1150 4876 1366 4939; x_wconf 91' lang='lat' dir='ltr'><strong>equos,</strong></span> <span class='ocrx_word' id='word_1_357' title='bbox 1413 4856 1553 4921; x_wconf 87' lang='lat' dir='ltr'><strong>vel:</strong></span> <span class='ocrx_word' id='word_1_358' title='bbox 1613 4857 1893 4938; x_wconf 91' lang='lat' dir='ltr'><strong>Propter</strong></span> <span class='ocrx_word' id='word_1_359' title='bbox 1935 4854 2017 4920; x_wconf 88' lang='lat' dir='ltr'><strong>ad</strong></span> <span class='ocrx_word' id='word_1_360' title='bbox 2062 4855 2287 4921; x_wconf 89' lang='lat' dir='ltr'><strong>multi-</strong></span> 
     </span>
     <span class='ocr_line' id='line_1_52' title="bbox 339 4940 2288 5024; baseline 0.001 -20"><span class='ocrx_word' id='word_1_361' title='bbox 339 4942 753 5024; x_wconf 90' lang='lat' dir='ltr'><strong>plicandum:</strong></span> <span class='ocrx_word' id='word_1_362' title='bbox 811 4963 945 5006; x_wconf 89' lang='lat' dir='ltr'><strong>non</strong></span> <span class='ocrx_word' id='word_1_363' title='bbox 991 4940 1218 5007; x_wconf 90' lang='lat' dir='ltr'><strong>dubito</strong></span> <span class='ocrx_word' id='word_1_364' title='bbox 1258 4942 1412 5024; x_wconf 91' lang='lat' dir='ltr'><strong>quin</strong></span> <span class='ocrx_word' id='word_1_365' title='bbox 1461 4942 1643 5008; x_wconf 90' lang='lat' dir='ltr'><strong>Deus</strong></span> <span class='ocrx_word' id='word_1_366' title='bbox 1703 4941 1783 5007; x_wconf 91' lang='lat' dir='ltr'><strong>ab</strong></span> <span class='ocrx_word' id='word_1_367' title='bbox 1841 4942 2077 5007; x_wconf 88' lang='lat' dir='ltr'><strong>effectu</strong></span> <span class='ocrx_word' id='word_1_368' title='bbox 2135 4962 2288 5007; x_wconf 92' lang='lat' dir='ltr'><strong>con-</strong></span> 
     </span>
     <span class='ocr_line' id='line_1_53' title="bbox 339 5027 2291 5111; baseline 0 -20"><span class='ocrx_word' id='word_1_369' title='bbox 339 5027 612 5094; x_wconf 91' lang='lat' dir='ltr'><strong>demnet</strong></span> <span class='ocrx_word' id='word_1_370' title='bbox 655 5028 1066 5094; x_wconf 88' lang='lat' dir='ltr'><strong>immodicam</strong></span> <span class='ocrx_word' id='word_1_371' title='bbox 1114 5048 1425 5110; x_wconf 90' lang='lat' dir='ltr'><strong>equorum</strong></span> <span class='ocrx_word' id='word_1_372' title='bbox 1471 5038 1788 5094; x_wconf 88' lang='lat' dir='ltr'><strong>turmam:</strong></span> <span class='ocrx_word' id='word_1_373' title='bbox 1836 5031 1987 5110; x_wconf 91' lang='lat' dir='ltr'><strong>quia</strong></span> <span class='ocrx_word' id='word_1_374' title='bbox 2032 5035 2291 5111; x_wconf 88' lang='lat' dir='ltr'><strong>poterat</strong></span> 
     </span>
     <span class='ocr_line' id='line_1_54' title="bbox 339 5113 2289 5197; baseline 0 -20"><span class='ocrx_word' id='word_1_375' title='bbox 339 5135 578 5197; x_wconf 86' lang='lat' dir='ltr'><strong>regum</strong></span> <span class='ocrx_word' id='word_1_376' title='bbox 638 5116 888 5179; x_wconf 82' lang='lat' dir='ltr'><strong>animos</strong></span> <span class='ocrx_word' id='word_1_377' title='bbox 942 5113 1244 5192; x_wconf 88' lang='lat' dir='ltr'><strong>titillare,</strong></span> <span class='ocrx_word' id='word_1_378' title='bbox 1311 5123 1382 5178; x_wconf 92' lang='lat' dir='ltr'><strong>ut</strong></span> <span class='ocrx_word' id='word_1_379' title='bbox 1441 5113 1751 5181; x_wconf 89' lang='lat' dir='ltr'><strong>audacter</strong></span> <span class='ocrx_word' id='word_1_380' title='bbox 1807 5114 2289 5197; x_wconf 87' lang='lat' dir='ltr'><strong>expeditionem</strong></span> 
     </span>
     <span class='ocr_line' id='line_1_55' title="bbox 337 5201 2290 5285; baseline 0 -21"><span class='ocrx_word' id='word_1_381' title='bbox 337 5201 752 5283; x_wconf 76' lang='lat' dir='ltr'><strong>susciperent</strong></span> <span class='ocrx_word' id='word_1_382' title='bbox 806 5210 1033 5266; x_wconf 83' lang='lat' dir='ltr'><strong>contra</strong></span> <span class='ocrx_word' id='word_1_383' title='bbox 1081 5202 1453 5284; x_wconf 82' lang='lat' dir='ltr'><strong>Aegyptios.</strong></span> <span class='ocrx_word' id='word_1_384' title='bbox 1543 5201 1745 5266; x_wconf 90' lang='lat' dir='ltr'><strong>Hunc</strong></span> <span class='ocrx_word' id='word_1_385' title='bbox 1801 5201 2003 5284; x_wconf 85' lang='lat' dir='ltr'><strong>igitur</strong></span> <span class='ocrx_word' id='word_1_386' title='bbox 2062 5201 2290 5285; x_wconf 86' lang='lat' dir='ltr'><strong>genui—</strong></span> 
     </span>
     <span class='ocr_line' id='line_1_56' title="bbox 336 5287 2292 5369; baseline -0.001 -19"><span class='ocrx_word' id='word_1_387' title='bbox 336 5307 504 5350; x_wconf 90' lang='lat' dir='ltr'><strong>num</strong></span> <span class='ocrx_word' id='word_1_388' title='bbox 552 5308 694 5351; x_wconf 89' lang='lat' dir='ltr'><strong>esse</strong></span> <span class='ocrx_word' id='word_1_389' title='bbox 737 5307 1002 5352; x_wconf 88' lang='lat' dir='ltr'><strong>sensum</strong></span> <span class='ocrx_word' id='word_1_390' title='bbox 1047 5287 1373 5364; x_wconf 83' lang='lat' dir='ltr'><strong>existimo,</strong></span> <span class='ocrx_word' id='word_1_391' title='bbox 1419 5309 1503 5351; x_wconf 90' lang='lat' dir='ltr'><strong>ne</strong></span> <span class='ocrx_word' id='word_1_392' title='bbox 1549 5309 1665 5352; x_wconf 90' lang='lat' dir='ltr'><strong>rex</strong></span> <span class='ocrx_word' id='word_1_393' title='bbox 1709 5309 1907 5369; x_wconf 91' lang='lat' dir='ltr'><strong>equos</strong></span> <span class='ocrx_word' id='word_1_394' title='bbox 1944 5289 2147 5352; x_wconf 89' lang='lat' dir='ltr'><strong>nimia</strong></span> <span class='ocrx_word' id='word_1_395' title='bbox 2190 5307 2292 5353; x_wconf 93' lang='lat' dir='ltr'><strong>co-</strong></span> 
     </span>
     <span class='ocr_line' id='line_1_57' title="bbox 337 5372 2286 5456; baseline 0 -20"><span class='ocrx_word' id='word_1_396' title='bbox 337 5373 457 5455; x_wconf 85' lang='lat' dir='ltr'><strong>pia</strong></span> <span class='ocrx_word' id='word_1_397' title='bbox 501 5373 620 5438; x_wconf 91' lang='lat' dir='ltr'><strong>sibi</strong></span> <span class='ocrx_word' id='word_1_398' title='bbox 667 5383 1016 5456; x_wconf 88' lang='lat' dir='ltr'><strong>comparet,</strong></span> <span class='ocrx_word' id='word_1_399' title='bbox 1063 5394 1138 5439; x_wconf 89' lang='lat' dir='ltr'><strong>ac</strong></span> <span class='ocrx_word' id='word_1_400' title='bbox 1185 5393 1285 5449; x_wconf 92' lang='lat' dir='ltr'><strong>ne,</strong></span> <span class='ocrx_word' id='word_1_401' title='bbox 1333 5372 1446 5437; x_wconf 87' lang='lat' dir='ltr'><strong>ubi</strong></span> <span class='ocrx_word' id='word_1_402' title='bbox 1470 5374 1835 5440; x_wconf 85' lang='lat' dir='ltr'><strong>instructus</strong></span> <span class='ocrx_word' id='word_1_403' title='bbox 1880 5374 2075 5438; x_wconf 88' lang='lat' dir='ltr'><strong>fuerit</strong></span> <span class='ocrx_word' id='word_1_404' title='bbox 2117 5372 2286 5437; x_wconf 91' lang='lat' dir='ltr'><strong>mul-</strong></span> 
     </span>
    </p>

    <p class='ocr_par' dir='ltr' id='par_1_5' title="bbox 549 5473 1441 5546">
     <span class='ocr_line' id='line_1_58' title="bbox 549 5473 1441 5546; baseline -0.002 -15"><span class='ocrx_word' id='word_1_405' title='bbox 549 5474 772 5532; x_wconf 78' lang='lat' dir='ltr'><strong>Oalvim&#39;</strong></span> <span class='ocrx_word' id='word_1_406' title='bbox 797 5491 984 5546; x_wconf 77' lang='lat' dir='ltr'><strong>opera.</strong></span> <span class='ocrx_word' id='word_1_407' title='bbox 1059 5476 1179 5531; x_wconf 83' lang='lat' dir='ltr'><strong>Vol.</strong></span> <span class='ocrx_word' id='word_1_408' title='bbox 1210 5473 1441 5530; x_wconf 84' lang='lat' dir='ltr'><strong><em>XXIV.</em></strong></span> 
     </span>
    </p>
   </div>
   <div class='ocr_carea' id='block_1_3' title="bbox 1804 449 2876 519">
    <p class='ocr_par' dir='ltr' id='par_1_6' title="bbox 1804 449 2876 519">
     <span class='ocr_line' id='line_1_59' title="bbox 1804 449 2876 519; baseline 0.002 -5"><span class='ocrx_word' id='word_1_409' title='bbox 1804 450 2180 518; x_wconf 83' lang='lat' dir='ltr'>PRIMUM</span> <span class='ocrx_word' id='word_1_410' title='bbox 2226 449 2876 519; x_wconf 78' lang='lat' dir='ltr'><strong>PRAEGEP&#39;I&#39;UM.</strong></span> 
     </span>
    </p>
   </div>
   <div class='ocr_carea' id='block_1_4' title="bbox 2333 641 2352 5423">
    <p class='ocr_par' dir='ltr' id='par_1_7' title="bbox 2333 641 2352 5423">
     <span class='ocr_line' id='line_1_60' title="bbox 2333 641 2352 5423; baseline 0 0"><span class='ocrx_word' id='word_1_411' title='bbox 2333 641 2352 5423; x_wconf 95' lang='lat' dir='ltr'><strong> </strong></span> 
     </span>
    </p>
   </div>
   <div class='ocr_carea' id='block_1_5' title="bbox 4219 462 4352 528">
    <p class='ocr_par' dir='ltr' id='par_1_8' title="bbox 4219 462 4352 528">
     <span class='ocr_line' id='line_1_61' title="bbox 4219 462 4352 528; baseline 0.008 -1"><span class='ocrx_word' id='word_1_412' title='bbox 4219 462 4352 528; x_wconf 85' lang='lat'><strong>370</strong></span> 
     </span>
    </p>
   </div>
   <div class='ocr_carea' id='block_1_6' title="bbox 2385 641 4346 5457">
    <p class='ocr_par' dir='ltr' id='par_1_9' title="bbox 2387 641 4346 2959">
     <span class='ocr_line' id='line_1_62' title="bbox 2391 641 4346 732; baseline 0.006 -29"><span class='ocrx_word' id='word_1_413' title='bbox 2391 641 2480 705; x_wconf 89' lang='lat' dir='ltr'><strong>tis</strong></span> <span class='ocrx_word' id='word_1_414' title='bbox 2526 642 2742 725; x_wconf 82' lang='lat' dir='ltr'><strong>equis,</strong></span> <span class='ocrx_word' id='word_1_415' title='bbox 2810 641 3168 708; x_wconf 83' lang='lat' dir='ltr'><strong>exercitum</strong></span> <span class='ocrx_word' id='word_1_416' title='bbox 3218 642 3434 709; x_wconf 49' lang='lat' dir='ltr'><strong>¹ducat</strong></span> <span class='ocrx_word' id='word_1_417' title='bbox 3491 644 3560 708; x_wconf 93' lang='lat' dir='ltr'><strong>in</strong></span> <span class='ocrx_word' id='word_1_418' title='bbox 3623 645 4017 731; x_wconf 83' lang='lat' dir='ltr'><strong>Aegyptum.</strong></span> <span class='ocrx_word' id='word_1_419' title='bbox 4106 646 4346 732; x_wconf 90' lang='lat' dir='ltr'><strong>Itaque</strong></span> 
     </span>
     <span class='ocr_line' id='line_1_63' title="bbox 2392 727 4346 816; baseline 0.005 -25"><span class='ocrx_word' id='word_1_420' title='bbox 2392 729 2566 792; x_wconf 90' lang='lat' dir='ltr'><strong>inter</strong></span> <span class='ocrx_word' id='word_1_421' title='bbox 2609 728 2739 792; x_wconf 90' lang='lat' dir='ltr'><strong>alia</strong></span> <span class='ocrx_word' id='word_1_422' title='bbox 2782 727 2957 793; x_wconf 87' lang='lat' dir='ltr'><strong>mala</strong></span> <span class='ocrx_word' id='word_1_423' title='bbox 3001 748 3163 811; x_wconf 87' lang='lat' dir='ltr'><strong>quae</strong></span> <span class='ocrx_word' id='word_1_424' title='bbox 3208 730 3365 794; x_wconf 87' lang='lat' dir='ltr'><strong>oriri</strong></span> <span class='ocrx_word' id='word_1_425' title='bbox 3402 738 3670 813; x_wconf 88' lang='lat' dir='ltr'><strong>possent</strong></span> <span class='ocrx_word' id='word_1_426' title='bbox 3705 752 3789 796; x_wconf 86' lang='lat' dir='ltr'><strong>ex</strong></span> <span class='ocrx_word' id='word_1_427' title='bbox 3826 753 4139 816; x_wconf 91' lang='lat' dir='ltr'><strong>equorum</strong></span> <span class='ocrx_word' id='word_1_428' title='bbox 4176 735 4346 800; x_wconf 91' lang='lat' dir='ltr'><strong>mul-</strong></span> 
     </span>
     <span class='ocr_line' id='line_1_64' title="bbox 2392 813 4340 903; baseline 0.004 -26"><span class='ocrx_word' id='word_1_429' title='bbox 2392 813 2695 890; x_wconf 88' lang='lat' dir='ltr'><strong>titudine,</strong></span> <span class='ocrx_word' id='word_1_430' title='bbox 2744 814 2867 878; x_wconf 88' lang='lat' dir='ltr'><strong>hoc</strong></span> <span class='ocrx_word' id='word_1_431' title='bbox 2910 823 3378 880; x_wconf 88' lang='lat' dir='ltr'><strong>commemorat</strong></span> <span class='ocrx_word' id='word_1_432' title='bbox 3435 816 3688 897; x_wconf 85' lang='lat' dir='ltr'><strong>Moses,</strong></span> <span class='ocrx_word' id='word_1_433' title='bbox 3748 819 3921 901; x_wconf 90' lang='lat' dir='ltr'><strong>quod</strong></span> <span class='ocrx_word' id='word_1_434' title='bbox 3980 819 4155 903; x_wconf 88' lang='lat' dir='ltr'><strong>regis</strong></span> <span class='ocrx_word' id='word_1_435' title='bbox 4199 822 4340 886; x_wconf 88' lang='lat' dir='ltr'><strong>ani-</strong></span> 
     </span>
     <span class='ocr_line' id='line_1_65' title="bbox 2392 899 4341 988; baseline 0.005 -25"><span class='ocrx_word' id='word_1_436' title='bbox 2392 921 2539 964; x_wconf 92' lang='lat' dir='ltr'><strong>mus</strong></span> <span class='ocrx_word' id='word_1_437' title='bbox 2582 899 2923 965; x_wconf 89' lang='lat' dir='ltr'><strong>inflabitur</strong></span> <span class='ocrx_word' id='word_1_438' title='bbox 2967 900 3304 983; x_wconf 89' lang='lat' dir='ltr'><strong>superbia,</strong></span> <span class='ocrx_word' id='word_1_439' title='bbox 3362 911 3438 966; x_wconf 90' lang='lat' dir='ltr'><strong>ut</strong></span> <span class='ocrx_word' id='word_1_440' title='bbox 3492 904 3819 986; x_wconf 90' lang='lat' dir='ltr'><strong>irrumpat</strong></span> <span class='ocrx_word' id='word_1_441' title='bbox 3860 926 4009 972; x_wconf 89' lang='lat' dir='ltr'><strong>cum</strong></span> <span class='ocrx_word' id='word_1_442' title='bbox 4056 906 4341 988; x_wconf 89' lang='lat' dir='ltr'><strong>equestri</strong></span> 
     </span>
     <span class='ocr_line' id='line_1_66' title="bbox 2391 986 4343 1071; baseline 0.005 -23"><span class='ocrx_word' id='word_1_443' title='bbox 2391 986 2680 1049; x_wconf 84' lang='lat' dir='ltr'><strong>exercitu</strong></span> <span class='ocrx_word' id='word_1_444' title='bbox 2726 987 2794 1050; x_wconf 92' lang='lat' dir='ltr'><strong>in</strong></span> <span class='ocrx_word' id='word_1_445' title='bbox 2844 990 3240 1071; x_wconf 84' lang='lat' dir='ltr'><strong>Aegyptum.</strong></span> <span class='ocrx_word' id='word_1_446' title='bbox 3331 987 3471 1051; x_wconf 89' lang='lat' dir='ltr'><strong>Iam</strong></span> <span class='ocrx_word' id='word_1_447' title='bbox 3520 991 3859 1071; x_wconf 89' lang='lat' dir='ltr'><strong>quaeritur</strong></span> <span class='ocrx_word' id='word_1_448' title='bbox 3900 1012 4019 1056; x_wconf 90' lang='lat' dir='ltr'><strong>cur</strong></span> <span class='ocrx_word' id='word_1_449' title='bbox 4052 994 4343 1058; x_wconf 84' lang='lat' dir='ltr'><strong>vetuerit</strong></span> 
     </span>
     <span class='ocr_line' id='line_1_67' title="bbox 2392 1071 4342 1161; baseline 0.005 -26"><span class='ocrx_word' id='word_1_450' title='bbox 2392 1071 2575 1136; x_wconf 92' lang='lat' dir='ltr'><strong>Deus</strong></span> <span class='ocrx_word' id='word_1_451' title='bbox 2621 1071 2932 1155; x_wconf 91' lang='lat' dir='ltr'><strong>populum</strong></span> <span class='ocrx_word' id='word_1_452' title='bbox 2991 1072 3108 1136; x_wconf 92' lang='lat' dir='ltr'><strong>illa</strong></span> <span class='ocrx_word' id='word_1_453' title='bbox 3167 1073 3272 1138; x_wconf 87' lang='lat' dir='ltr'><strong>via</strong></span> <span class='ocrx_word' id='word_1_454' title='bbox 3330 1073 3560 1139; x_wconf 89' lang='lat' dir='ltr'><strong>redire.</strong></span> <span class='ocrx_word' id='word_1_455' title='bbox 3652 1074 3939 1156; x_wconf 78' lang='lat' dir='ltr'><strong>Quidam</strong></span> <span class='ocrx_word' id='word_1_456' title='bbox 3984 1086 4342 1161; x_wconf 84' lang='lat' dir='ltr'><strong>exponunt,</strong></span> 
     </span>
     <span class='ocr_line' id='line_1_68' title="bbox 2391 1158 4342 1248; baseline 0.005 -27"><span class='ocrx_word' id='word_1_457' title='bbox 2391 1177 2593 1239; x_wconf 90' lang='lat' dir='ltr'><strong>equos</strong></span> <span class='ocrx_word' id='word_1_458' title='bbox 2661 1158 2858 1222; x_wconf 87' lang='lat' dir='ltr'><strong>fuisse</strong></span> <span class='ocrx_word' id='word_1_459' title='bbox 2924 1168 3181 1240; x_wconf 90' lang='lat' dir='ltr'><strong>emptos</strong></span> <span class='ocrx_word' id='word_1_460' title='bbox 3246 1168 3477 1223; x_wconf 89' lang='lat' dir='ltr'><strong>contra</strong></span> <span class='ocrx_word' id='word_1_461' title='bbox 3544 1161 3669 1225; x_wconf 92' lang='lat' dir='ltr'><strong>Dei</strong></span> <span class='ocrx_word' id='word_1_462' title='bbox 3728 1162 4151 1243; x_wconf 90' lang='lat' dir='ltr'><strong>mandatum,</strong></span> <span class='ocrx_word' id='word_1_463' title='bbox 4228 1165 4342 1248; x_wconf 90' lang='lat' dir='ltr'><strong>qui</strong></span> 
     </span>
     <span class='ocr_line' id='line_1_69' title="bbox 2389 1242 4340 1329; baseline 0.003 -21"><span class='ocrx_word' id='word_1_464' title='bbox 2389 1243 2858 1309; x_wconf 88' lang='lat' dir='ltr'><strong>commercium</strong></span> <span class='ocrx_word' id='word_1_465' title='bbox 2896 1242 3026 1307; x_wconf 89' lang='lat' dir='ltr'><strong>tale</strong></span> <span class='ocrx_word' id='word_1_466' title='bbox 3070 1252 3405 1310; x_wconf 78' lang='lat' dir='ltr'><strong>vetuerat:</strong></span> <span class='ocrx_word' id='word_1_467' title='bbox 3464 1247 3634 1329; x_wconf 90' lang='lat' dir='ltr'><strong>quod</strong></span> <span class='ocrx_word' id='word_1_468' title='bbox 3689 1267 3822 1313; x_wconf 91' lang='lat' dir='ltr'><strong>non</strong></span> <span class='ocrx_word' id='word_1_469' title='bbox 3885 1248 4144 1315; x_wconf 87' lang='lat' dir='ltr'><strong>videtur</strong></span> <span class='ocrx_word' id='word_1_470' title='bbox 4186 1272 4340 1316; x_wconf 90' lang='lat' dir='ltr'><strong>con-</strong></span> 
     </span>
     <span class='ocr_line' id='line_1_70' title="bbox 2390 1328 4341 1418; baseline 0.003 -24"><span class='ocrx_word' id='word_1_471' title='bbox 2390 1337 2796 1394; x_wconf 89' lang='lat' dir='ltr'><strong>sentaneum.</strong></span> <span class='ocrx_word' id='word_1_472' title='bbox 2881 1328 3015 1394; x_wconf 88' lang='lat' dir='ltr'><strong>Alii</strong></span> <span class='ocrx_word' id='word_1_473' title='bbox 3058 1329 3464 1412; x_wconf 88' lang='lat' dir='ltr'><strong>prohibitum</strong></span> <span class='ocrx_word' id='word_1_474' title='bbox 3512 1333 3712 1398; x_wconf 84' lang='lat' dir='ltr'><strong>fuisse</strong></span> <span class='ocrx_word' id='word_1_475' title='bbox 3756 1336 4068 1418; x_wconf 91' lang='lat' dir='ltr'><strong>populum</strong></span> <span class='ocrx_word' id='word_1_476' title='bbox 4115 1337 4341 1401; x_wconf 88' lang='lat' dir='ltr'><strong>existi-</strong></span> 
     </span>
     <span class='ocr_line' id='line_1_71' title="bbox 2387 1415 4341 1507; baseline 0.004 -28"><span class='ocrx_word' id='word_1_477' title='bbox 2387 1423 2575 1479; x_wconf 88' lang='lat' dir='ltr'><strong>mant</strong></span> <span class='ocrx_word' id='word_1_478' title='bbox 2632 1437 2671 1479; x_wconf 90' lang='lat' dir='ltr'><strong>a</strong></span> <span class='ocrx_word' id='word_1_479' title='bbox 2716 1415 2999 1479; x_wconf 90' lang='lat' dir='ltr'><strong>transitu</strong></span> <span class='ocrx_word' id='word_1_480' title='bbox 3048 1416 3310 1495; x_wconf 89' lang='lat' dir='ltr'><strong>deserti,</strong></span> <span class='ocrx_word' id='word_1_481' title='bbox 3378 1438 3461 1481; x_wconf 92' lang='lat' dir='ltr'><strong>ne</strong></span> <span class='ocrx_word' id='word_1_482' title='bbox 3506 1438 3626 1483; x_wconf 89' lang='lat' dir='ltr'><strong>sua</strong></span> <span class='ocrx_word' id='word_1_483' title='bbox 3670 1421 4050 1486; x_wconf 85' lang='lat' dir='ltr'><strong>curiositate</strong></span> <span class='ocrx_word' id='word_1_484' title='bbox 4094 1422 4341 1507; x_wconf 83' lang='lat' dir='ltr'><strong>ingrati</strong></span> 
     </span>
     <span class='ocr_line' id='line_1_72' title="bbox 2391 1499 4341 1587; baseline 0.004 -22"><span class='ocrx_word' id='word_1_485' title='bbox 2391 1509 2617 1566; x_wconf 88' lang='lat' dir='ltr'><strong>essent</strong></span> <span class='ocrx_word' id='word_1_486' title='bbox 2672 1499 2851 1566; x_wconf 93' lang='lat' dir='ltr'><strong>Deo:</strong></span> <span class='ocrx_word' id='word_1_487' title='bbox 2956 1501 3084 1565; x_wconf 90' lang='lat' dir='ltr'><strong>uod</strong></span> <span class='ocrx_word' id='word_1_488' title='bbox 3144 1502 3342 1567; x_wconf 87' lang='lat' dir='ltr'><strong>etiam</strong></span> <span class='ocrx_word' id='word_1_489' title='bbox 3389 1503 3579 1587; x_wconf 88' lang='lat' dir='ltr'><strong>longe</strong></span> <span class='ocrx_word' id='word_1_490' title='bbox 3637 1507 3914 1587; x_wconf 90' lang='lat' dir='ltr'><strong>petitum</strong></span> <span class='ocrx_word' id='word_1_491' title='bbox 3961 1518 4078 1572; x_wconf 89' lang='lat' dir='ltr'><strong>est.</strong></span> <span class='ocrx_word' id='word_1_492' title='bbox 4170 1508 4341 1574; x_wconf 85' lang='lat' dir='ltr'><strong>Mihi</strong></span> 
     </span>
     <span class='ocr_line' id='line_1_73' title="bbox 2392 1522 4342 1671; baseline 0.005 -20"><span class='ocrx_word' id='word_1_493' title='bbox 2392 1598 2612 1652; x_wconf 89' lang='lat' dir='ltr'><strong>autem</strong></span> <span class='ocrx_word' id='word_1_494' title='bbox 2657 1522 2992 1671; x_wconf 68' lang='lat' dir='ltr'><strong>probabile</strong></span> <span class='ocrx_word' id='word_1_495' title='bbox 3049 1588 3347 1669; x_wconf 81' lang='lat' dir='ltr'><strong>videtur,</strong></span> <span class='ocrx_word' id='word_1_496' title='bbox 3404 1588 3550 1655; x_wconf 92' lang='lat' dir='ltr'><strong>ideo</strong></span> <span class='ocrx_word' id='word_1_497' title='bbox 3610 1591 3888 1657; x_wconf 87' lang='lat' dir='ltr'><strong>vetitum</strong></span> <span class='ocrx_word' id='word_1_498' title='bbox 3948 1594 4080 1658; x_wconf 91' lang='lat' dir='ltr'><strong>illis</strong></span> <span class='ocrx_word' id='word_1_499' title='bbox 4137 1593 4342 1661; x_wconf 84' lang='lat' dir='ltr'><strong>fuisse</strong></span> 
     </span>
     <span class='ocr_line' id='line_1_74' title="bbox 2392 1672 4343 1746; baseline 0.005 -10"><span class='ocrx_word' id='word_1_500' title='bbox 2392 1675 2520 1737; x_wconf 90' lang='lat' dir='ltr'><strong>iter</strong></span> <span class='ocrx_word' id='word_1_501' title='bbox 2583 1672 2746 1737; x_wconf 90' lang='lat' dir='ltr'><strong>illud</strong></span> <span class='ocrx_word' id='word_1_502' title='bbox 2806 1682 2881 1737; x_wconf 91' lang='lat' dir='ltr'><strong>ut</strong></span> <span class='ocrx_word' id='word_1_503' title='bbox 2937 1673 3343 1740; x_wconf 89' lang='lat' dir='ltr'><strong>liberationis</strong></span> <span class='ocrx_word' id='word_1_504' title='bbox 3385 1695 3709 1742; x_wconf 90' lang='lat' dir='ltr'><strong>memores</strong></span> <span class='ocrx_word' id='word_1_505' title='bbox 3767 1680 4062 1744; x_wconf 90' lang='lat' dir='ltr'><strong>contenti</strong></span> <span class='ocrx_word' id='word_1_506' title='bbox 4122 1689 4343 1746; x_wconf 88' lang='lat' dir='ltr'><strong>essent</strong></span> 
     </span>
     <span class='ocr_line' id='line_1_75' title="bbox 2393 1758 4344 1842; baseline 0.004 -18"><span class='ocrx_word' id='word_1_507' title='bbox 2393 1760 2531 1824; x_wconf 91' lang='lat' dir='ltr'><strong>suis</strong></span> <span class='ocrx_word' id='word_1_508' title='bbox 2573 1758 2834 1824; x_wconf 89' lang='lat' dir='ltr'><strong>finibus.</strong></span> <span class='ocrx_word' id='word_1_509' title='bbox 2925 1758 3159 1842; x_wconf 83' lang='lat' dir='ltr'><strong>Erepti</strong></span> <span class='ocrx_word' id='word_1_510' title='bbox 3226 1782 3261 1825; x_wconf 94' lang='lat' dir='ltr'><strong>e</strong></span> <span class='ocrx_word' id='word_1_511' title='bbox 3317 1760 3498 1827; x_wconf 90' lang='lat' dir='ltr'><strong>mille</strong></span> <span class='ocrx_word' id='word_1_512' title='bbox 3552 1764 3870 1829; x_wconf 87' lang='lat' dir='ltr'><strong>mortibus</strong></span> <span class='ocrx_word' id='word_1_513' title='bbox 3927 1765 4218 1830; x_wconf 89' lang='lat' dir='ltr'><strong>fuerant:</strong></span> <span class='ocrx_word' id='word_1_514' title='bbox 4285 1766 4344 1831; x_wconf 92' lang='lat' dir='ltr'><strong>si</strong></span> 
     </span>
     <span class='ocr_line' id='line_1_76' title="bbox 2391 1844 4342 1932; baseline 0.004 -23"><span class='ocrx_word' id='word_1_515' title='bbox 2391 1845 2548 1910; x_wconf 90' lang='lat' dir='ltr'><strong>illuc</strong></span> <span class='ocrx_word' id='word_1_516' title='bbox 2584 1857 2815 1927; x_wconf 87' lang='lat' dir='ltr'><strong>sponte</strong></span> <span class='ocrx_word' id='word_1_517' title='bbox 2850 1844 3124 1927; x_wconf 89' lang='lat' dir='ltr'><strong>profecti</strong></span> <span class='ocrx_word' id='word_1_518' title='bbox 3160 1854 3385 1912; x_wconf 90' lang='lat' dir='ltr'><strong>essent</strong></span> <span class='ocrx_word' id='word_1_519' title='bbox 3433 1847 3512 1911; x_wconf 91' lang='lat' dir='ltr'><strong>ad</strong></span> <span class='ocrx_word' id='word_1_520' title='bbox 3566 1847 3823 1914; x_wconf 89' lang='lat' dir='ltr'><strong>hostem</strong></span> <span class='ocrx_word' id='word_1_521' title='bbox 3869 1851 4342 1932; x_wconf 89' lang='lat' dir='ltr'><strong>lacessendum,</strong></span> 
     </span>
     <span class='ocr_line' id='line_1_77' title="bbox 2393 1930 4343 2021; baseline 0.004 -25"><span class='ocrx_word' id='word_1_522' title='bbox 2393 1930 2790 1996; x_wconf 88' lang='lat' dir='ltr'><strong>confidentia</strong></span> <span class='ocrx_word' id='word_1_523' title='bbox 2845 1932 3104 2015; x_wconf 90' lang='lat' dir='ltr'><strong>signum</strong></span> <span class='ocrx_word' id='word_1_524' title='bbox 3166 1931 3397 1997; x_wconf 87' lang='lat' dir='ltr'><strong>fuisset</strong></span> <span class='ocrx_word' id='word_1_525' title='bbox 3457 1944 3868 2019; x_wconf 85' lang='lat' dir='ltr'><strong>contemptae</strong></span> <span class='ocrx_word' id='word_1_526' title='bbox 3926 1957 4001 2002; x_wconf 90' lang='lat' dir='ltr'><strong>ac</strong></span> <span class='ocrx_word' id='word_1_527' title='bbox 4052 1938 4343 2021; x_wconf 89' lang='lat' dir='ltr'><strong>sepultae</strong></span> 
     </span>
     <span class='ocr_line' id='line_1_78' title="bbox 2394 2016 4344 2104; baseline 0.004 -22"><span class='ocrx_word' id='word_1_528' title='bbox 2394 2017 2526 2082; x_wconf 91' lang='lat' dir='ltr'><strong>Dei</strong></span> <span class='ocrx_word' id='word_1_529' title='bbox 2569 2017 2839 2100; x_wconf 89' lang='lat' dir='ltr'><strong>gratiae.</strong></span> <span class='ocrx_word' id='word_1_530' title='bbox 2929 2016 3110 2101; x_wconf 83' lang='lat' dir='ltr'><strong>Ergo</strong></span> <span class='ocrx_word' id='word_1_531' title='bbox 3147 2027 3223 2081; x_wconf 90' lang='lat' dir='ltr'><strong>ut</strong></span> <span class='ocrx_word' id='word_1_532' title='bbox 3257 2020 3573 2083; x_wconf 88' lang='lat' dir='ltr'><strong>memoria</strong></span> <span class='ocrx_word' id='word_1_533' title='bbox 3609 2020 4080 2104; x_wconf 88' lang='lat' dir='ltr'><strong>redemptionis</strong></span> <span class='ocrx_word' id='word_1_534' title='bbox 4118 2044 4344 2089; x_wconf 88' lang='lat' dir='ltr'><strong>eorum</strong></span> 
     </span>
     <span class='ocr_line' id='line_1_79' title="bbox 2394 2103 4346 2186; baseline 0.005 -20"><span class='ocrx_word' id='word_1_535' title='bbox 2394 2103 2633 2168; x_wconf 89' lang='lat' dir='ltr'><strong>animis</strong></span> <span class='ocrx_word' id='word_1_536' title='bbox 2675 2113 2972 2168; x_wconf 87' lang='lat' dir='ltr'><strong>maneret</strong></span> <span class='ocrx_word' id='word_1_537' title='bbox 3010 2105 3273 2186; x_wconf 90' lang='lat' dir='ltr'><strong>penitus</strong></span> <span class='ocrx_word' id='word_1_538' title='bbox 3295 2105 3519 2185; x_wconf 85' lang='lat' dir='ltr'><strong>infixa,</strong></span> <span class='ocrx_word' id='word_1_539' title='bbox 3564 2106 3773 2171; x_wconf 83' lang='lat' dir='ltr'><strong>voluit</strong></span> <span class='ocrx_word' id='word_1_540' title='bbox 3807 2108 3993 2173; x_wconf 90' lang='lat' dir='ltr'><strong>Deus</strong></span> <span class='ocrx_word' id='word_1_541' title='bbox 4038 2110 4178 2175; x_wconf 92' lang='lat' dir='ltr'><strong>suis</strong></span> <span class='ocrx_word' id='word_1_542' title='bbox 4222 2110 4346 2174; x_wconf 91' lang='lat' dir='ltr'><strong>mi-</strong></span> 
     </span>
     <span class='ocr_line' id='line_1_80' title="bbox 2395 2189 4341 2280; baseline 0.003 -25"><span class='ocrx_word' id='word_1_543' title='bbox 2395 2189 2637 2255; x_wconf 88' lang='lat' dir='ltr'><strong>raculis</strong></span> <span class='ocrx_word' id='word_1_544' title='bbox 2697 2189 2875 2254; x_wconf 86' lang='lat' dir='ltr'><strong>hunc</strong></span> <span class='ocrx_word' id='word_1_545' title='bbox 2935 2189 3248 2254; x_wconf 91' lang='lat' dir='ltr'><strong>honorem</strong></span> <span class='ocrx_word' id='word_1_546' title='bbox 3306 2190 3503 2255; x_wconf 89' lang='lat' dir='ltr'><strong>tribui</strong></span> <span class='ocrx_word' id='word_1_547' title='bbox 3566 2201 3640 2256; x_wconf 90' lang='lat' dir='ltr'><strong>ut</strong></span> <span class='ocrx_word' id='word_1_548' title='bbox 3675 2193 3816 2259; x_wconf 91' lang='lat' dir='ltr'><strong>loca</strong></span> <span class='ocrx_word' id='word_1_549' title='bbox 3873 2194 3988 2258; x_wconf 91' lang='lat' dir='ltr'><strong>illa</strong></span> <span class='ocrx_word' id='word_1_550' title='bbox 4031 2203 4341 2280; x_wconf 87' lang='lat' dir='ltr'><strong>tanquam</strong></span> 
     </span>
     <span class='ocr_line' id='line_1_81' title="bbox 2393 2274 4346 2365; baseline 0.005 -27"><span class='ocrx_word' id='word_1_551' title='bbox 2393 2275 2628 2339; x_wconf 90' lang='lat' dir='ltr'><strong>mortis</strong></span> <span class='ocrx_word' id='word_1_552' title='bbox 2669 2274 2937 2359; x_wconf 81' lang='lat' dir='ltr'><strong>abyssos</strong></span> <span class='ocrx_word' id='word_1_553' title='bbox 2981 2276 3302 2359; x_wconf 86' lang='lat' dir='ltr'><strong>fugerent.</strong></span> <span class='ocrx_word' id='word_1_554' title='bbox 3349 2276 3498 2342; x_wconf 92' lang='lat' dir='ltr'><strong>Nisi</strong></span> <span class='ocrx_word' id='word_1_555' title='bbox 3541 2278 3713 2343; x_wconf 89' lang='lat' dir='ltr'><strong>forte</strong></span> <span class='ocrx_word' id='word_1_556' title='bbox 3755 2279 3917 2347; x_wconf 88' lang='lat' dir='ltr'><strong>haec</strong></span> <span class='ocrx_word' id='word_1_557' title='bbox 3960 2300 4155 2347; x_wconf 87' lang='lat' dir='ltr'><strong>causa</strong></span> <span class='ocrx_word' id='word_1_558' title='bbox 4198 2303 4346 2365; x_wconf 86' lang='lat' dir='ltr'><strong>pro-</strong></span> 
     </span>
     <span class='ocr_line' id='line_1_82' title="bbox 2393 2361 4344 2451; baseline 0.004 -25"><span class='ocrx_word' id='word_1_559' title='bbox 2393 2361 2602 2437; x_wconf 87' lang='lat' dir='ltr'><strong>betur,</strong></span> <span class='ocrx_word' id='word_1_560' title='bbox 2641 2363 2999 2444; x_wconf 86' lang='lat' dir='ltr'><strong>praecisam</strong></span> <span class='ocrx_word' id='word_1_561' title='bbox 3022 2361 3225 2426; x_wconf 91' lang='lat' dir='ltr'><strong>fuisse</strong></span> <span class='ocrx_word' id='word_1_562' title='bbox 3247 2382 3475 2428; x_wconf 89' lang='lat' dir='ltr'><strong>ansam</strong></span> <span class='ocrx_word' id='word_1_563' title='bbox 3499 2365 3721 2448; x_wconf 89' lang='lat' dir='ltr'><strong>impiis</strong></span> <span class='ocrx_word' id='word_1_564' title='bbox 3755 2364 4144 2446; x_wconf 86' lang='lat' dir='ltr'><strong>foederibus,</strong></span> <span class='ocrx_word' id='word_1_565' title='bbox 4176 2389 4344 2451; x_wconf 89' lang='lat' dir='ltr'><strong>quae</strong></span> 
     </span>
     <span class='ocr_line' id='line_1_83' title="bbox 2396 2445 4340 2539; baseline 0.005 -29"><span class='ocrx_word' id='word_1_566' title='bbox 2396 2445 2693 2510; x_wconf 89' lang='lat' dir='ltr'><strong>videmus</strong></span> <span class='ocrx_word' id='word_1_567' title='bbox 2735 2446 2880 2511; x_wconf 91' lang='lat' dir='ltr'><strong>ideo</strong></span> <span class='ocrx_word' id='word_1_568' title='bbox 2925 2446 3126 2512; x_wconf 88' lang='lat' dir='ltr'><strong>fuisse</strong></span> <span class='ocrx_word' id='word_1_569' title='bbox 3170 2447 3479 2514; x_wconf 88' lang='lat' dir='ltr'><strong>audacter</strong></span> <span class='ocrx_word' id='word_1_570' title='bbox 3522 2460 3872 2531; x_wconf 87' lang='lat' dir='ltr'><strong>contracta,</strong></span> <span class='ocrx_word' id='word_1_571' title='bbox 3931 2452 4100 2536; x_wconf 92' lang='lat' dir='ltr'><strong>quod</strong></span> <span class='ocrx_word' id='word_1_572' title='bbox 4151 2474 4340 2539; x_wconf 87' lang='lat' dir='ltr'><strong>reges</strong></span> 
     </span>
     <span class='ocr_line' id='line_1_84' title="bbox 2392 2532 4337 2621; baseline 0.004 -24"><span class='ocrx_word' id='word_1_573' title='bbox 2392 2532 2739 2598; x_wconf 88' lang='lat' dir='ltr'><strong>Israelitici</strong></span> <span class='ocrx_word' id='word_1_574' title='bbox 2787 2533 3045 2617; x_wconf 87' lang='lat' dir='ltr'><strong>gloriati</strong></span> <span class='ocrx_word' id='word_1_575' title='bbox 3093 2535 3228 2598; x_wconf 88' lang='lat' dir='ltr'><strong>sint</strong></span> <span class='ocrx_word' id='word_1_576' title='bbox 3271 2556 3341 2599; x_wconf 91' lang='lat' dir='ltr'><strong>se</strong></span> <span class='ocrx_word' id='word_1_577' title='bbox 3386 2556 3698 2618; x_wconf 89' lang='lat' dir='ltr'><strong>equorum</strong></span> <span class='ocrx_word' id='word_1_578' title='bbox 3745 2538 3929 2621; x_wconf 90' lang='lat' dir='ltr'><strong>copia</strong></span> <span class='ocrx_word' id='word_1_579' title='bbox 3985 2538 4337 2606; x_wconf 88' lang='lat' dir='ltr'><strong>abundare.</strong></span> 
     </span>
     <span class='ocr_line' id='line_1_85' title="bbox 2394 2617 4340 2705; baseline 0.005 -22"><span class='ocrx_word' id='word_1_580' title='bbox 2394 2617 2527 2683; x_wconf 83' lang='lat' dir='ltr'><strong>Sed</strong></span> <span class='ocrx_word' id='word_1_581' title='bbox 2569 2619 2751 2703; x_wconf 87' lang='lat' dir='ltr'><strong>prior</strong></span> <span class='ocrx_word' id='word_1_582' title='bbox 2810 2620 3131 2702; x_wconf 87' lang='lat' dir='ltr'><strong>expositio</strong></span> <span class='ocrx_word' id='word_1_583' title='bbox 3190 2620 3427 2686; x_wconf 91' lang='lat' dir='ltr'><strong>melius</strong></span> <span class='ocrx_word' id='word_1_584' title='bbox 3471 2621 3765 2705; x_wconf 90' lang='lat' dir='ltr'><strong>quadrat.</strong></span> <span class='ocrx_word' id='word_1_585' title='bbox 3856 2623 4209 2691; x_wconf 82' lang='lat' dir='ltr'><strong>Caeterum</strong></span> <span class='ocrx_word' id='word_1_586' title='bbox 4256 2647 4340 2692; x_wconf 90' lang='lat' dir='ltr'><strong>ne</strong></span> 
     </span>
     <span class='ocr_line' id='line_1_86' title="bbox 2394 2704 4338 2790; baseline 0.004 -22"><span class='ocrx_word' id='word_1_587' title='bbox 2394 2704 2477 2769; x_wconf 89' lang='lat' dir='ltr'><strong>ab</strong></span> <span class='ocrx_word' id='word_1_588' title='bbox 2529 2704 2790 2788; x_wconf 87' lang='lat' dir='ltr'><strong>optimis</strong></span> <span class='ocrx_word' id='word_1_589' title='bbox 2848 2704 3110 2787; x_wconf 91' lang='lat' dir='ltr'><strong>quidem</strong></span> <span class='ocrx_word' id='word_1_590' title='bbox 3170 2707 3434 2790; x_wconf 87' lang='lat' dir='ltr'><strong>regibus</strong></span> <span class='ocrx_word' id='word_1_591' title='bbox 3492 2708 3599 2772; x_wconf 90' lang='lat' dir='ltr'><strong>lex</strong></span> <span class='ocrx_word' id='word_1_592' title='bbox 3654 2708 3816 2774; x_wconf 89' lang='lat' dir='ltr'><strong>haec</strong></span> <span class='ocrx_word' id='word_1_593' title='bbox 3874 2719 4137 2775; x_wconf 85' lang='lat' dir='ltr'><strong>servata</strong></span> <span class='ocrx_word' id='word_1_594' title='bbox 4194 2712 4338 2777; x_wconf 86' lang='lat' dir='ltr'><strong>fuit.</strong></span> 
     </span>
     <span class='ocr_line' id='line_1_87' title="bbox 2392 2790 4339 2880; baseline 0.004 -24"><span class='ocrx_word' id='word_1_595' title='bbox 2392 2790 2588 2857; x_wconf 89' lang='lat' dir='ltr'><strong>Unde</strong></span> <span class='ocrx_word' id='word_1_596' title='bbox 2631 2801 2918 2876; x_wconf 88' lang='lat' dir='ltr'><strong>apparet,</strong></span> <span class='ocrx_word' id='word_1_597' title='bbox 2965 2793 3079 2855; x_wconf 83' lang='lat' dir='ltr'><strong>vix</strong></span> <span class='ocrx_word' id='word_1_598' title='bbox 3122 2811 3313 2874; x_wconf 88' lang='lat' dir='ltr'><strong>posse</strong></span> <span class='ocrx_word' id='word_1_599' title='bbox 3356 2793 3509 2872; x_wconf 84' lang='lat' dir='ltr'><strong>ullis</strong></span> <span class='ocrx_word' id='word_1_600' title='bbox 3553 2794 3799 2860; x_wconf 86' lang='lat' dir='ltr'><strong>fraenis</strong></span> <span class='ocrx_word' id='word_1_601' title='bbox 3849 2817 4079 2880; x_wconf 88' lang='lat' dir='ltr'><strong>regum</strong></span> <span class='ocrx_word' id='word_1_602' title='bbox 4136 2797 4339 2863; x_wconf 89' lang='lat' dir='ltr'><strong>licen-</strong></span> 
     </span>
     <span class='ocr_line' id='line_1_88' title="bbox 2393 2877 3363 2959; baseline 0.003 -19"><span class='ocrx_word' id='word_1_603' title='bbox 2393 2878 2550 2942; x_wconf 92' lang='lat' dir='ltr'><strong>tiam</strong></span> <span class='ocrx_word' id='word_1_604' title='bbox 2599 2897 2673 2941; x_wconf 90' lang='lat' dir='ltr'><strong>ac</strong></span> <span class='ocrx_word' id='word_1_605' title='bbox 2714 2877 2958 2941; x_wconf 89' lang='lat' dir='ltr'><strong>fastum</strong></span> <span class='ocrx_word' id='word_1_606' title='bbox 3004 2877 3363 2959; x_wconf 89' lang='lat' dir='ltr'><strong>comprimi.</strong></span> 
     </span>
    </p>

    <p class='ocr_par' dir='ltr' id='par_1_10' title="bbox 2385 2962 4344 5457">
     <span class='ocr_line' id='line_1_89' title="bbox 2567 2962 4340 3051; baseline 0.006 -24"><span class='ocrx_word' id='word_1_607' title='bbox 2567 2963 2669 3027; x_wconf 81' lang='lat'><strong>17.</strong></span> <span class='ocrx_word' id='word_1_608' title='bbox 2719 2962 2934 3045; x_wconf 79' lang='lat' dir='ltr'><strong>Neque</strong></span> <span class='ocrx_word' id='word_1_609' title='bbox 2974 2963 3411 3043; x_wconf 71' lang='lat' dir='ltr'><strong>multiplicabit</strong></span> <span class='ocrx_word' id='word_1_610' title='bbox 3450 2963 3574 3030; x_wconf 82' lang='lat' dir='ltr'><strong>sibi</strong></span> <span class='ocrx_word' id='word_1_611' title='bbox 3615 2984 3858 3031; x_wconf 78' lang='lat' dir='ltr'><strong>uxores.</strong></span> <span class='ocrx_word' id='word_1_612' title='bbox 3924 2966 4147 3051; x_wconf 86' lang='lat' dir='ltr'><strong>Vulgo</strong></span> <span class='ocrx_word' id='word_1_613' title='bbox 4176 2977 4340 3037; x_wconf 87' lang='lat' dir='ltr'><strong>tunc</strong></span> 
     </span>
     <span class='ocr_line' id='line_1_90' title="bbox 2393 3048 4339 3138; baseline 0.004 -25"><span class='ocrx_word' id='word_1_614' title='bbox 2393 3048 2766 3115; x_wconf 85' lang='lat' dir='ltr'><strong>obtinuerat</strong></span> <span class='ocrx_word' id='word_1_615' title='bbox 2811 3048 3198 3134; x_wconf 79' lang='lat' dir='ltr'><strong>polygamia,</strong></span> <span class='ocrx_word' id='word_1_616' title='bbox 3246 3060 3318 3115; x_wconf 84' lang='lat' dir='ltr'><strong>ut</strong></span> <span class='ocrx_word' id='word_1_617' title='bbox 3363 3050 3675 3116; x_wconf 90' lang='lat' dir='ltr'><strong>minimus</strong></span> <span class='ocrx_word' id='word_1_618' title='bbox 3718 3050 3996 3136; x_wconf 90' lang='lat' dir='ltr'><strong>quisque</strong></span> <span class='ocrx_word' id='word_1_619' title='bbox 4033 3076 4113 3119; x_wconf 85' lang='lat' dir='ltr'><strong>ex</strong></span> <span class='ocrx_word' id='word_1_620' title='bbox 4150 3054 4339 3138; x_wconf 89' lang='lat' dir='ltr'><strong>plebe</strong></span> 
     </span>
     <span class='ocr_line' id='line_1_91' title="bbox 2392 3133 4335 3219; baseline 0.003 -20"><span class='ocrx_word' id='word_1_621' title='bbox 2392 3137 2680 3219; x_wconf 88' lang='lat' dir='ltr'><strong>coniugii</strong></span> <span class='ocrx_word' id='word_1_622' title='bbox 2737 3133 2931 3200; x_wconf 89' lang='lat' dir='ltr'><strong>fldem</strong></span> <span class='ocrx_word' id='word_1_623' title='bbox 2978 3155 3208 3202; x_wconf 89' lang='lat' dir='ltr'><strong>secure</strong></span> <span class='ocrx_word' id='word_1_624' title='bbox 3251 3136 3550 3202; x_wconf 85' lang='lat' dir='ltr'><strong>violaret.</strong></span> <span class='ocrx_word' id='word_1_625' title='bbox 3640 3135 3792 3217; x_wconf 80' lang='lat' dir='ltr'><strong>Quo</strong></span> <span class='ocrx_word' id='word_1_626' title='bbox 3852 3140 4128 3205; x_wconf 90' lang='lat' dir='ltr'><strong>arctiore</strong></span> <span class='ocrx_word' id='word_1_627' title='bbox 4189 3142 4335 3208; x_wconf 80' lang='lat' dir='ltr'><strong>vin-</strong></span> 
     </span>
     <span class='ocr_line' id='line_1_92' title="bbox 2392 3221 4338 3309; baseline 0.004 -24"><span class='ocrx_word' id='word_1_628' title='bbox 2392 3221 2540 3286; x_wconf 91' lang='lat' dir='ltr'><strong>culo</strong></span> <span class='ocrx_word' id='word_1_629' title='bbox 2585 3242 2776 3306; x_wconf 88' lang='lat' dir='ltr'><strong>reges</strong></span> <span class='ocrx_word' id='word_1_630' title='bbox 2820 3222 3181 3307; x_wconf 88' lang='lat' dir='ltr'><strong>constringi</strong></span> <span class='ocrx_word' id='word_1_631' title='bbox 3226 3222 3531 3302; x_wconf 89' lang='lat' dir='ltr'><strong>oportuit,</strong></span> <span class='ocrx_word' id='word_1_632' title='bbox 3598 3244 3683 3288; x_wconf 90' lang='lat' dir='ltr'><strong>ne</strong></span> <span class='ocrx_word' id='word_1_633' title='bbox 3728 3245 3846 3288; x_wconf 91' lang='lat' dir='ltr'><strong>suo</strong></span> <span class='ocrx_word' id='word_1_634' title='bbox 3892 3227 4193 3309; x_wconf 89' lang='lat' dir='ltr'><strong>exemplo</strong></span> <span class='ocrx_word' id='word_1_635' title='bbox 4236 3227 4338 3293; x_wconf 91' lang='lat' dir='ltr'><strong>in-</strong></span> 
     </span>
     <span class='ocr_line' id='line_1_93' title="bbox 2394 3307 4344 3393; baseline 0.004 -21"><span class='ocrx_word' id='word_1_636' title='bbox 2394 3309 2831 3372; x_wconf 75' lang='lat' dir='ltr'><strong>continentiae</strong></span> <span class='ocrx_word' id='word_1_637' title='bbox 2901 3307 3195 3372; x_wconf 88' lang='lat' dir='ltr'><strong>habenas</strong></span> <span class='ocrx_word' id='word_1_638' title='bbox 3259 3307 3577 3374; x_wconf 81' lang='lat' dir='ltr'><strong>laxarent.</strong></span> <span class='ocrx_word' id='word_1_639' title='bbox 3684 3308 3907 3393; x_wconf 90' lang='lat' dir='ltr'><strong>Atque</strong></span> <span class='ocrx_word' id='word_1_640' title='bbox 3986 3311 4081 3376; x_wconf 89' lang='lat' dir='ltr'><strong>ita</strong></span> <span class='ocrx_word' id='word_1_641' title='bbox 4160 3313 4344 3380; x_wconf 91' lang='lat' dir='ltr'><strong>nullo</strong></span> 
     </span>
     <span class='ocr_line' id='line_1_94' title="bbox 2393 3392 4341 3483; baseline 0.004 -26"><span class='ocrx_word' id='word_1_642' title='bbox 2393 3394 2656 3477; x_wconf 88' lang='lat' dir='ltr'><strong>negotio</strong></span> <span class='ocrx_word' id='word_1_643' title='bbox 2709 3392 3033 3459; x_wconf 82' lang='lat' dir='ltr'><strong>refellitur</strong></span> <span class='ocrx_word' id='word_1_644' title='bbox 3087 3414 3315 3459; x_wconf 90' lang='lat' dir='ltr'><strong>eorum</strong></span> <span class='ocrx_word' id='word_1_645' title='bbox 3373 3395 3637 3462; x_wconf 88' lang='lat' dir='ltr'><strong>inscitia</strong></span> <span class='ocrx_word' id='word_1_646' title='bbox 3689 3396 3801 3479; x_wconf 91' lang='lat' dir='ltr'><strong>qui</strong></span> <span class='ocrx_word' id='word_1_647' title='bbox 3843 3396 4163 3482; x_wconf 88' lang='lat' dir='ltr'><strong>colligunt</strong></span> <span class='ocrx_word' id='word_1_648' title='bbox 4204 3399 4341 3483; x_wconf 88' lang='lat' dir='ltr'><strong>pri-</strong></span> 
     </span>
     <span class='ocr_line' id='line_1_95' title="bbox 2399 3479 4341 3566; baseline 0.003 -22"><span class='ocrx_word' id='word_1_649' title='bbox 2399 3480 2572 3544; x_wconf 79' lang='lat' dir='ltr'><strong>vatis</strong></span> <span class='ocrx_word' id='word_1_650' title='bbox 2618 3479 2995 3545; x_wconf 90' lang='lat' dir='ltr'><strong>hominibus</strong></span> <span class='ocrx_word' id='word_1_651' title='bbox 3051 3480 3253 3546; x_wconf 89' lang='lat' dir='ltr'><strong>fuisse</strong></span> <span class='ocrx_word' id='word_1_652' title='bbox 3311 3479 3563 3547; x_wconf 90' lang='lat' dir='ltr'><strong>licitum</strong></span> <span class='ocrx_word' id='word_1_653' title='bbox 3610 3481 3778 3565; x_wconf 92' lang='lat' dir='ltr'><strong>quod</strong></span> <span class='ocrx_word' id='word_1_654' title='bbox 3827 3484 4197 3566; x_wconf 91' lang='lat' dir='ltr'><strong>specialiter</strong></span> <span class='ocrx_word' id='word_1_655' title='bbox 4239 3507 4341 3550; x_wconf 91' lang='lat' dir='ltr'><strong>re·</strong></span> 
     </span>
     <span class='ocr_line' id='line_1_96' title="bbox 2391 3565 4341 3651; baseline 0.003 -21"><span class='ocrx_word' id='word_1_656' title='bbox 2391 3566 2583 3648; x_wconf 82' lang='lat' dir='ltr'><strong>gibus</strong></span> <span class='ocrx_word' id='word_1_657' title='bbox 2645 3566 3077 3645; x_wconf 88' lang='lat' dir='ltr'><strong>interdicitur,</strong></span> <span class='ocrx_word' id='word_1_658' title='bbox 3146 3587 3344 3650; x_wconf 93' lang='lat' dir='ltr'><strong>quum</strong></span> <span class='ocrx_word' id='word_1_659' title='bbox 3411 3565 3558 3632; x_wconf 92' lang='lat' dir='ltr'><strong>ideo</strong></span> <span class='ocrx_word' id='word_1_660' title='bbox 3620 3569 3779 3651; x_wconf 91' lang='lat' dir='ltr'><strong>ipsis</strong></span> <span class='ocrx_word' id='word_1_661' title='bbox 3844 3569 3952 3633; x_wconf 88' lang='lat' dir='ltr'><strong>lex</strong></span> <span class='ocrx_word' id='word_1_662' title='bbox 4018 3571 4341 3637; x_wconf 88' lang='lat' dir='ltr'><strong>castitatis</strong></span> 
     </span>
     <span class='ocr_line' id='line_1_97' title="bbox 2389 3650 4342 3735; baseline 0.004 -19"><span class='ocrx_word' id='word_1_663' title='bbox 2389 3653 2590 3716; x_wconf 88' lang='lat' dir='ltr'><strong>fuerit</strong></span> <span class='ocrx_word' id='word_1_664' title='bbox 2633 3650 2906 3730; x_wconf 89' lang='lat' dir='ltr'><strong>indicta,</strong></span> <span class='ocrx_word' id='word_1_665' title='bbox 2967 3655 3119 3735; x_wconf 87' lang='lat' dir='ltr'><strong>quia</strong></span> <span class='ocrx_word' id='word_1_666' title='bbox 3156 3653 3301 3718; x_wconf 89' lang='lat' dir='ltr'><strong>sine</strong></span> <span class='ocrx_word' id='word_1_667' title='bbox 3345 3651 3466 3717; x_wconf 89' lang='lat' dir='ltr'><strong>hoc</strong></span> <span class='ocrx_word' id='word_1_668' title='bbox 3509 3652 3799 3719; x_wconf 90' lang='lat' dir='ltr'><strong>remedio</strong></span> <span class='ocrx_word' id='word_1_669' title='bbox 3845 3654 4067 3720; x_wconf 90' lang='lat' dir='ltr'><strong>nullus</strong></span> <span class='ocrx_word' id='word_1_670' title='bbox 4109 3656 4342 3723; x_wconf 88' lang='lat' dir='ltr'><strong>fuisset</strong></span> 
     </span>
     <span class='ocr_line' id='line_1_98' title="bbox 2388 3737 4340 3826; baseline 0.004 -25"><span class='ocrx_word' id='word_1_671' title='bbox 2388 3738 2625 3802; x_wconf 91' lang='lat' dir='ltr'><strong>modus</strong></span> <span class='ocrx_word' id='word_1_672' title='bbox 2662 3737 2985 3804; x_wconf 85' lang='lat' dir='ltr'><strong>lasciviae.</strong></span> <span class='ocrx_word' id='word_1_673' title='bbox 3038 3737 3224 3803; x_wconf 86' lang='lat' dir='ltr'><strong>Adde</strong></span> <span class='ocrx_word' id='word_1_674' title='bbox 3262 3737 3430 3821; x_wconf 90' lang='lat' dir='ltr'><strong>quod</strong></span> <span class='ocrx_word' id='word_1_675' title='bbox 3467 3739 3743 3822; x_wconf 91' lang='lat' dir='ltr'><strong>populus</strong></span> <span class='ocrx_word' id='word_1_676' title='bbox 3779 3740 4034 3825; x_wconf 88' lang='lat' dir='ltr'><strong>ingenti</strong></span> <span class='ocrx_word' id='word_1_677' title='bbox 4069 3752 4340 3826; x_wconf 91' lang='lat' dir='ltr'><strong>sumptu</strong></span> 
     </span>
     <span class='ocr_line' id='line_1_99' title="bbox 2386 3824 4338 3910; baseline 0.003 -23"><span class='ocrx_word' id='word_1_678' title='bbox 2386 3833 2703 3908; x_wconf 85' lang='lat' dir='ltr'><strong>gravatus</strong></span> <span class='ocrx_word' id='word_1_679' title='bbox 2747 3824 3009 3889; x_wconf 90' lang='lat' dir='ltr'><strong>fuisset:</strong></span> <span class='ocrx_word' id='word_1_680' title='bbox 3071 3826 3254 3908; x_wconf 93' lang='lat' dir='ltr'><strong>quia,</strong></span> <span class='ocrx_word' id='word_1_681' title='bbox 3314 3831 3389 3888; x_wconf 93' lang='lat' dir='ltr'><strong>ut</strong></span> <span class='ocrx_word' id='word_1_682' title='bbox 3443 3824 3574 3889; x_wconf 89' lang='lat' dir='ltr'><strong>fert</strong></span> <span class='ocrx_word' id='word_1_683' title='bbox 3632 3826 3983 3892; x_wconf 90' lang='lat' dir='ltr'><strong>mulierum</strong></span> <span class='ocrx_word' id='word_1_684' title='bbox 4046 3828 4338 3910; x_wconf 89' lang='lat' dir='ltr'><strong>ambitio,</strong></span> 
     </span>
     <span class='ocr_line' id='line_1_100' title="bbox 2389 3909 4341 3992; baseline 0.003 -18"><span class='ocrx_word' id='word_1_685' title='bbox 2389 3909 2700 3992; x_wconf 87' lang='lat' dir='ltr'><strong>regaliter</strong></span> <span class='ocrx_word' id='word_1_686' title='bbox 2767 3931 2993 3976; x_wconf 91' lang='lat' dir='ltr'><strong>omnes</strong></span> <span class='ocrx_word' id='word_1_687' title='bbox 3058 3912 3323 3977; x_wconf 88' lang='lat' dir='ltr'><strong>tractari</strong></span> <span class='ocrx_word' id='word_1_688' title='bbox 3393 3911 3776 3990; x_wconf 85' lang='lat' dir='ltr'><strong>voluissent,</strong></span> <span class='ocrx_word' id='word_1_689' title='bbox 3846 3919 3910 3977; x_wconf 89' lang='lat' dir='ltr'><strong>et</strong></span> <span class='ocrx_word' id='word_1_690' title='bbox 3976 3922 4341 3979; x_wconf 88' lang='lat' dir='ltr'><strong>certassent</strong></span> 
     </span>
     <span class='ocr_line' id='line_1_101' title="bbox 2390 3995 4338 4084; baseline 0.003 -24"><span class='ocrx_word' id='word_1_691' title='bbox 2390 3997 2589 4060; x_wconf 87' lang='lat' dir='ltr'><strong>etiam</strong></span> <span class='ocrx_word' id='word_1_692' title='bbox 2635 3995 2939 4061; x_wconf 90' lang='lat' dir='ltr'><strong>lautitiis:</strong></span> <span class='ocrx_word' id='word_1_693' title='bbox 3000 3996 3190 4062; x_wconf 89' lang='lat' dir='ltr'><strong>sicuti</strong></span> <span class='ocrx_word' id='word_1_694' title='bbox 3251 3996 3544 4080; x_wconf 88' lang='lat' dir='ltr'><strong>contigit.</strong></span> <span class='ocrx_word' id='word_1_695' title='bbox 3647 3996 3840 4079; x_wconf 80' lang='lat' dir='ltr'><strong>Quod</strong></span> <span class='ocrx_word' id='word_1_696' title='bbox 3898 3998 4069 4064; x_wconf 90' lang='lat' dir='ltr'><strong>hanc</strong></span> <span class='ocrx_word' id='word_1_697' title='bbox 4126 4000 4338 4084; x_wconf 89' lang='lat' dir='ltr'><strong>legem</strong></span> 
     </span>
     <span class='ocr_line' id='line_1_102' title="bbox 2388 4081 4337 4169; baseline 0.003 -24"><span class='ocrx_word' id='word_1_698' title='bbox 2388 4093 2838 4165; x_wconf 89' lang='lat' dir='ltr'><strong>transgressus</strong></span> <span class='ocrx_word' id='word_1_699' title='bbox 2884 4089 2984 4147; x_wconf 91' lang='lat' dir='ltr'><strong>est</strong></span> <span class='ocrx_word' id='word_1_700' title='bbox 3023 4081 3276 4147; x_wconf 85' lang='lat' dir='ltr'><strong>David:</strong></span> <span class='ocrx_word' id='word_1_701' title='bbox 3337 4082 3555 4165; x_wconf 87' lang='lat' dir='ltr'><strong>aliqua</strong></span> <span class='ocrx_word' id='word_1_702' title='bbox 3613 4104 3694 4147; x_wconf 90' lang='lat' dir='ltr'><strong>ex</strong></span> <span class='ocrx_word' id='word_1_703' title='bbox 3739 4091 3927 4169; x_wconf 87' lang='lat' dir='ltr'><strong>parte</strong></span> <span class='ocrx_word' id='word_1_704' title='bbox 3973 4085 4099 4149; x_wconf 91' lang='lat' dir='ltr'><strong>fuit</strong></span> <span class='ocrx_word' id='word_1_705' title='bbox 4144 4105 4337 4151; x_wconf 86' lang='lat' dir='ltr'><strong>excu-</strong></span> 
     </span>
     <span class='ocr_line' id='line_1_103' title="bbox 2388 4167 4336 4258; baseline 0.004 -27"><span class='ocrx_word' id='word_1_706' title='bbox 2388 4167 2610 4232; x_wconf 89' lang='lat' dir='ltr'><strong>sabilis</strong></span> <span class='ocrx_word' id='word_1_707' title='bbox 2676 4177 2941 4251; x_wconf 89' lang='lat' dir='ltr'><strong>propter</strong></span> <span class='ocrx_word' id='word_1_708' title='bbox 3005 4169 3352 4252; x_wconf 89' lang='lat' dir='ltr'><strong>repudium</strong></span> <span class='ocrx_word' id='word_1_709' title='bbox 3419 4169 3698 4235; x_wconf 82' lang='lat' dir='ltr'><strong>Michol:</strong></span> <span class='ocrx_word' id='word_1_710' title='bbox 3776 4178 4048 4258; x_wconf 88' lang='lat' dir='ltr'><strong>apparet</strong></span> <span class='ocrx_word' id='word_1_711' title='bbox 4113 4179 4336 4238; x_wconf 87' lang='lat' dir='ltr'><strong>tamen</strong></span> 
     </span>
     <span class='ocr_line' id='line_1_104' title="bbox 2387 4253 4338 4341; baseline 0.001 -21"><span class='ocrx_word' id='word_1_712' title='bbox 2387 4253 2723 4320; x_wconf 90' lang='lat' dir='ltr'><strong>libidinem</strong></span> <span class='ocrx_word' id='word_1_713' title='bbox 2784 4253 2930 4337; x_wconf 90' lang='lat' dir='ltr'><strong>plus</strong></span> <span class='ocrx_word' id='word_1_714' title='bbox 2996 4253 3168 4337; x_wconf 92' lang='lat' dir='ltr'><strong>apud</strong></span> <span class='ocrx_word' id='word_1_715' title='bbox 3214 4276 3364 4319; x_wconf 93' lang='lat' dir='ltr'><strong>eum</strong></span> <span class='ocrx_word' id='word_1_716' title='bbox 3409 4254 3695 4321; x_wconf 82' lang='lat' dir='ltr'><strong>valuisse</strong></span> <span class='ocrx_word' id='word_1_717' title='bbox 3740 4277 3932 4338; x_wconf 89' lang='lat' dir='ltr'><strong>quam</strong></span> <span class='ocrx_word' id='word_1_718' title='bbox 3977 4258 4338 4341; x_wconf 87' lang='lat' dir='ltr'><strong>praescrip-</strong></span> 
     </span>
     <span class='ocr_line' id='line_1_105' title="bbox 2388 4338 4335 4427; baseline 0.003 -23"><span class='ocrx_word' id='word_1_719' title='bbox 2388 4351 2523 4404; x_wconf 88' lang='lat' dir='ltr'><strong>tam</strong></span> <span class='ocrx_word' id='word_1_720' title='bbox 2571 4360 2610 4404; x_wconf 90' lang='lat' dir='ltr'><strong>a</strong></span> <span class='ocrx_word' id='word_1_721' title='bbox 2653 4338 2797 4404; x_wconf 93' lang='lat' dir='ltr'><strong>Deo</strong></span> <span class='ocrx_word' id='word_1_722' title='bbox 2841 4340 3335 4406; x_wconf 90' lang='lat' dir='ltr'><strong>continentiam.</strong></span> <span class='ocrx_word' id='word_1_723' title='bbox 3426 4338 3616 4421; x_wconf 79' lang='lat' dir='ltr'><strong>Quod</strong></span> <span class='ocrx_word' id='word_1_724' title='bbox 3681 4342 4004 4425; x_wconf 87' lang='lat' dir='ltr'><strong>sequitur,</strong></span> <span class='ocrx_word' id='word_1_725' title='bbox 4072 4342 4335 4427; x_wconf 90' lang='lat' dir='ltr'><strong>quidam</strong></span> 
     </span>
     <span class='ocr_line' id='line_1_106' title="bbox 2388 4427 4336 4510; baseline 0.002 -20"><span class='ocrx_word' id='word_1_726' title='bbox 2388 4427 2484 4490; x_wconf 91' lang='lat' dir='ltr'><strong>ita</strong></span> <span class='ocrx_word' id='word_1_727' title='bbox 2544 4435 2906 4491; x_wconf 84' lang='lat' dir='ltr'><strong>contexunt</strong></span> <span class='ocrx_word' id='word_1_728' title='bbox 2970 4447 3044 4492; x_wconf 88' lang='lat' dir='ltr'><strong>ac</strong></span> <span class='ocrx_word' id='word_1_729' title='bbox 3110 4428 3162 4492; x_wconf 92' lang='lat' dir='ltr'><strong>si</strong></span> <span class='ocrx_word' id='word_1_730' title='bbox 3224 4428 3392 4492; x_wconf 87' lang='lat' dir='ltr'><strong>ratio</strong></span> <span class='ocrx_word' id='word_1_731' title='bbox 3450 4434 3620 4492; x_wconf 87' lang='lat' dir='ltr'><strong>esset</strong></span> <span class='ocrx_word' id='word_1_732' title='bbox 3678 4429 4014 4510; x_wconf 86' lang='lat' dir='ltr'><strong>proximae</strong></span> <span class='ocrx_word' id='word_1_733' title='bbox 4072 4437 4336 4494; x_wconf 90' lang='lat' dir='ltr'><strong>senten-</strong></span> 
     </span>
     <span class='ocr_line' id='line_1_107' title="bbox 2388 4511 4334 4597; baseline 0.002 -20"><span class='ocrx_word' id='word_1_734' title='bbox 2388 4513 2550 4577; x_wconf 88' lang='lat' dir='ltr'><strong>tiae:</strong></span> <span class='ocrx_word' id='word_1_735' title='bbox 2607 4511 2730 4576; x_wconf 91' lang='lat' dir='ltr'><strong>hoc</strong></span> <span class='ocrx_word' id='word_1_736' title='bbox 2783 4531 3017 4592; x_wconf 89' lang='lat' dir='ltr'><strong>sensu,</strong></span> <span class='ocrx_word' id='word_1_737' title='bbox 3085 4533 3215 4577; x_wconf 92' lang='lat' dir='ltr'><strong>non</strong></span> <span class='ocrx_word' id='word_1_738' title='bbox 3261 4534 3400 4578; x_wconf 91' lang='lat' dir='ltr'><strong>esse</strong></span> <span class='ocrx_word' id='word_1_739' title='bbox 3443 4511 3772 4578; x_wconf 89' lang='lat' dir='ltr'><strong>ducendas</strong></span> <span class='ocrx_word' id='word_1_740' title='bbox 3817 4534 3856 4579; x_wconf 94' lang='lat' dir='ltr'><strong>a</strong></span> <span class='ocrx_word' id='word_1_741' title='bbox 3899 4534 4054 4597; x_wconf 90' lang='lat' dir='ltr'><strong>rege</strong></span> <span class='ocrx_word' id='word_1_742' title='bbox 4112 4514 4334 4597; x_wconf 88' lang='lat' dir='ltr'><strong>plures</strong></span> 
     </span>
     <span class='ocr_line' id='line_1_108' title="bbox 2387 4598 4335 4683; baseline 0.002 -20"><span class='ocrx_word' id='word_1_743' title='bbox 2387 4618 2646 4677; x_wconf 90' lang='lat' dir='ltr'><strong>uxores,</strong></span> <span class='ocrx_word' id='word_1_744' title='bbox 2705 4620 2784 4662; x_wconf 90' lang='lat' dir='ltr'><strong>ne</strong></span> <span class='ocrx_word' id='word_1_745' title='bbox 2841 4619 2953 4663; x_wconf 90' lang='lat' dir='ltr'><strong>cor</strong></span> <span class='ocrx_word' id='word_1_746' title='bbox 3005 4598 3145 4664; x_wconf 89' lang='lat' dir='ltr'><strong>eius</strong></span> <span class='ocrx_word' id='word_1_747' title='bbox 3200 4620 3238 4663; x_wconf 91' lang='lat' dir='ltr'><strong>a</strong></span> <span class='ocrx_word' id='word_1_748' title='bbox 3293 4606 3469 4664; x_wconf 89' lang='lat' dir='ltr'><strong>recto</strong></span> <span class='ocrx_word' id='word_1_749' title='bbox 3527 4599 3857 4665; x_wconf 87' lang='lat' dir='ltr'><strong>deflectat:</strong></span> <span class='ocrx_word' id='word_1_750' title='bbox 3918 4599 4090 4683; x_wconf 90' lang='lat' dir='ltr'><strong>quod</strong></span> <span class='ocrx_word' id='word_1_751' title='bbox 4150 4599 4335 4667; x_wconf 83' lang='lat' dir='ltr'><strong>Solo-</strong></span> 
     </span>
     <span class='ocr_line' id='line_1_109' title="bbox 2386 4683 4335 4768; baseline 0.002 -19"><span class='ocrx_word' id='word_1_752' title='bbox 2386 4684 2566 4749; x_wconf 92' lang='lat' dir='ltr'><strong>moni</strong></span> <span class='ocrx_word' id='word_1_753' title='bbox 2609 4683 2899 4768; x_wconf 90' lang='lat' dir='ltr'><strong>contigit.</strong></span> <span class='ocrx_word' id='word_1_754' title='bbox 2989 4685 3159 4750; x_wconf 88' lang='lat' dir='ltr'><strong>Nam</strong></span> <span class='ocrx_word' id='word_1_755' title='bbox 3209 4684 3365 4749; x_wconf 92' lang='lat' dir='ltr'><strong>dum</strong></span> <span class='ocrx_word' id='word_1_756' title='bbox 3403 4694 3503 4750; x_wconf 91' lang='lat' dir='ltr'><strong>est</strong></span> <span class='ocrx_word' id='word_1_757' title='bbox 3545 4687 3820 4749; x_wconf 91' lang='lat' dir='ltr'><strong>nimium</strong></span> <span class='ocrx_word' id='word_1_758' title='bbox 3863 4687 4152 4764; x_wconf 89' lang='lat' dir='ltr'><strong>uxorius,</strong></span> <span class='ocrx_word' id='word_1_759' title='bbox 4198 4687 4335 4754; x_wconf 92' lang='lat' dir='ltr'><strong>ille-</strong></span> 
     </span>
     <span class='ocr_line' id='line_1_110' title="bbox 2387 4769 4332 4854; baseline 0.001 -17"><span class='ocrx_word' id='word_1_760' title='bbox 2387 4770 2601 4838; x_wconf 90' lang='lat' dir='ltr'><strong>cebris</strong></span> <span class='ocrx_word' id='word_1_761' title='bbox 2644 4769 2997 4834; x_wconf 89' lang='lat' dir='ltr'><strong>mulierum</strong></span> <span class='ocrx_word' id='word_1_762' title='bbox 3045 4770 3373 4854; x_wconf 90' lang='lat' dir='ltr'><strong>deceptus,</strong></span> <span class='ocrx_word' id='word_1_763' title='bbox 3442 4770 3714 4837; x_wconf 85' lang='lat' dir='ltr'><strong>descivit</strong></span> <span class='ocrx_word' id='word_1_764' title='bbox 3751 4771 3830 4835; x_wconf 90' lang='lat' dir='ltr'><strong>ad</strong></span> <span class='ocrx_word' id='word_1_765' title='bbox 3878 4771 4332 4839; x_wconf 85' lang='lat' dir='ltr'><strong>idololatriam.</strong></span> 
     </span>
     <span class='ocr_line' id='line_1_111' title="bbox 2387 4855 4329 4940; baseline 0.001 -18"><span class='ocrx_word' id='word_1_766' title='bbox 2387 4858 2479 4922; x_wconf 83' lang='lat' dir='ltr'><strong>Et</strong></span> <span class='ocrx_word' id='word_1_767' title='bbox 2521 4864 2698 4921; x_wconf 88' lang='lat' dir='ltr'><strong>certe</strong></span> <span class='ocrx_word' id='word_1_768' title='bbox 2742 4858 2855 4921; x_wconf 80' lang='lat' dir='ltr'><strong>vix</strong></span> <span class='ocrx_word' id='word_1_769' title='bbox 2901 4857 3047 4921; x_wconf 86' lang='lat' dir='ltr'><strong>fieri</strong></span> <span class='ocrx_word' id='word_1_770' title='bbox 3091 4867 3322 4939; x_wconf 90' lang='lat' dir='ltr'><strong>potest,</strong></span> <span class='ocrx_word' id='word_1_771' title='bbox 3372 4855 3526 4921; x_wconf 90' lang='lat' dir='ltr'><strong>dum</strong></span> <span class='ocrx_word' id='word_1_772' title='bbox 3574 4857 3794 4940; x_wconf 88' lang='lat' dir='ltr'><strong>plures</strong></span> <span class='ocrx_word' id='word_1_773' title='bbox 3839 4878 4077 4922; x_wconf 89' lang='lat' dir='ltr'><strong>uxores</strong></span> <span class='ocrx_word' id='word_1_774' title='bbox 4114 4860 4329 4923; x_wconf 83' lang='lat' dir='ltr'><strong>virum</strong></span> 
     </span>
     <span class='ocr_line' id='line_1_112' title="bbox 2385 4941 4335 5027; baseline 0.001 -20"><span class='ocrx_word' id='word_1_775' title='bbox 2385 4964 2595 5007; x_wconf 89' lang='lat' dir='ltr'><strong>unum</strong></span> <span class='ocrx_word' id='word_1_776' title='bbox 2653 4941 2982 5019; x_wconf 88' lang='lat' dir='ltr'><strong>obsident,</strong></span> <span class='ocrx_word' id='word_1_777' title='bbox 3039 4944 3193 5027; x_wconf 93' lang='lat' dir='ltr'><strong>quin</strong></span> <span class='ocrx_word' id='word_1_778' title='bbox 3257 4944 3399 5007; x_wconf 90' lang='lat' dir='ltr'><strong>eius</strong></span> <span class='ocrx_word' id='word_1_779' title='bbox 3454 4943 3744 5007; x_wconf 89' lang='lat' dir='ltr'><strong>animum</strong></span> <span class='ocrx_word' id='word_1_780' title='bbox 3795 4943 4204 5023; x_wconf 87' lang='lat' dir='ltr'><strong>effeminent,</strong></span> <span class='ocrx_word' id='word_1_781' title='bbox 4267 4953 4335 5009; x_wconf 89' lang='lat' dir='ltr'><strong>et</strong></span> 
     </span>
     <span class='ocr_line' id='line_1_113' title="bbox 2388 5027 4330 5112; baseline 0.002 -19"><span class='ocrx_word' id='word_1_782' title='bbox 2388 5030 2713 5094; x_wconf 82' lang='lat' dir='ltr'><strong>suffocent</strong></span> <span class='ocrx_word' id='word_1_783' title='bbox 2770 5028 3083 5111; x_wconf 91' lang='lat' dir='ltr'><strong>quidquid</strong></span> <span class='ocrx_word' id='word_1_784' title='bbox 3153 5030 3221 5092; x_wconf 93' lang='lat' dir='ltr'><strong>in</strong></span> <span class='ocrx_word' id='word_1_785' title='bbox 3288 5029 3432 5112; x_wconf 92' lang='lat' dir='ltr'><strong>ipso</strong></span> <span class='ocrx_word' id='word_1_786' title='bbox 3490 5037 3592 5094; x_wconf 88' lang='lat' dir='ltr'><strong>est</strong></span> <span class='ocrx_word' id='word_1_787' title='bbox 3650 5029 3859 5095; x_wconf 88' lang='lat' dir='ltr'><strong>virilis</strong></span> <span class='ocrx_word' id='word_1_788' title='bbox 3925 5027 4330 5112; x_wconf 88' lang='lat' dir='ltr'><strong>prudentiae.</strong></span> 
     </span>
     <span class='ocr_line' id='line_1_114' title="bbox 2387 5113 4334 5199; baseline 0.002 -19"><span class='ocrx_word' id='word_1_789' title='bbox 2387 5116 2533 5197; x_wconf 83' lang='lat' dir='ltr'><strong>Ego</strong></span> <span class='ocrx_word' id='word_1_790' title='bbox 2586 5123 2808 5178; x_wconf 90' lang='lat' dir='ltr'><strong>tamen</strong></span> <span class='ocrx_word' id='word_1_791' title='bbox 2852 5136 3145 5180; x_wconf 91' lang='lat' dir='ltr'><strong>seorsum</strong></span> <span class='ocrx_word' id='word_1_792' title='bbox 3192 5116 3485 5199; x_wconf 87' lang='lat' dir='ltr'><strong>accipere</strong></span> <span class='ocrx_word' id='word_1_793' title='bbox 3530 5114 3717 5194; x_wconf 89' lang='lat' dir='ltr'><strong>malo,</strong></span> <span class='ocrx_word' id='word_1_794' title='bbox 3784 5113 4143 5181; x_wconf 84' lang='lat' dir='ltr'><strong>cavendum</strong></span> <span class='ocrx_word' id='word_1_795' title='bbox 4192 5137 4334 5184; x_wconf 89' lang='lat' dir='ltr'><strong>esse</strong></span> 
     </span>
     <span class='ocr_line' id='line_1_115' title="bbox 2388 5200 4334 5287; baseline 0.002 -22"><span class='ocrx_word' id='word_1_796' title='bbox 2388 5200 2653 5284; x_wconf 89' lang='lat' dir='ltr'><strong>regibus</strong></span> <span class='ocrx_word' id='word_1_797' title='bbox 2700 5221 2781 5264; x_wconf 91' lang='lat' dir='ltr'><strong>ne</strong></span> <span class='ocrx_word' id='word_1_798' title='bbox 2824 5222 3050 5265; x_wconf 89' lang='lat' dir='ltr'><strong>sanam</strong></span> <span class='ocrx_word' id='word_1_799' title='bbox 3094 5211 3381 5267; x_wconf 91' lang='lat' dir='ltr'><strong>mentem</strong></span> <span class='ocrx_word' id='word_1_800' title='bbox 3425 5202 3495 5265; x_wconf 91' lang='lat' dir='ltr'><strong>in</strong></span> <span class='ocrx_word' id='word_1_801' title='bbox 3530 5201 3693 5284; x_wconf 90' lang='lat' dir='ltr'><strong>ipsis</strong></span> <span class='ocrx_word' id='word_1_802' title='bbox 3714 5201 4093 5265; x_wconf 87' lang='lat' dir='ltr'><strong>obtenebret</strong></span> <span class='ocrx_word' id='word_1_803' title='bbox 4118 5200 4334 5287; x_wconf 87' lang='lat' dir='ltr'><strong>digni·</strong></span> 
     </span>
     <span class='ocr_line' id='line_1_116' title="bbox 2390 5285 4332 5368; baseline 0.002 -18"><span class='ocrx_word' id='word_1_804' title='bbox 2390 5289 2546 5351; x_wconf 87' lang='lat' dir='ltr'><strong>tatis</strong></span> <span class='ocrx_word' id='word_1_805' title='bbox 2626 5285 2951 5368; x_wconf 89' lang='lat' dir='ltr'><strong>splendor.</strong></span> <span class='ocrx_word' id='word_1_806' title='bbox 3078 5287 3259 5352; x_wconf 90' lang='lat' dir='ltr'><strong>Nihil</strong></span> <span class='ocrx_word' id='word_1_807' title='bbox 3340 5287 3516 5352; x_wconf 89' lang='lat' dir='ltr'><strong>enim</strong></span> <span class='ocrx_word' id='word_1_808' title='bbox 3596 5286 3926 5351; x_wconf 83' lang='lat' dir='ltr'><strong>difficilius</strong></span> <span class='ocrx_word' id='word_1_809' title='bbox 4002 5305 4194 5368; x_wconf 91' lang='lat' dir='ltr'><strong>quam</strong></span> <span class='ocrx_word' id='word_1_810' title='bbox 4261 5290 4332 5354; x_wconf 90' lang='lat' dir='ltr'><strong>in</strong></span> 
     </span>
     <span class='ocr_line' id='line_1_117' title="bbox 2390 5370 4334 5457; baseline 0.003 -19"><span class='ocrx_word' id='word_1_811' title='bbox 2390 5393 2636 5456; x_wconf 83' lang='lat' dir='ltr'><strong>magna</strong></span> <span class='ocrx_word' id='word_1_812' title='bbox 2713 5375 3007 5455; x_wconf 86' lang='lat' dir='ltr'><strong>potentia</strong></span> <span class='ocrx_word' id='word_1_813' title='bbox 3083 5375 3558 5457; x_wconf 86' lang='lat' dir='ltr'><strong>temperantiae</strong></span> <span class='ocrx_word' id='word_1_814' title='bbox 3636 5392 3903 5437; x_wconf 89' lang='lat' dir='ltr'><strong>manere</strong></span> <span class='ocrx_word' id='word_1_815' title='bbox 3973 5370 4334 5443; x_wconf 90' lang='lat' dir='ltr'><strong>addictum.</strong></span> 
     </span>
    </p>
   </div>
  </div>
 </body>
</html>
