4867 6150
521 429 654 496 339

1106 615 1239 683 nx
1280 616 1552 684 Duum.
1596 615 1904 702 xx111).

704 788 767 856 9.
815 788 964 855 Non
1004 809 1174 855 seres
1213 790 1461 854 vineam
1502 793 1680 854 tuam
1724 789 1994 855 diversis
2037 788 2349 872 speciebus
2390 809 2486 855 se-

530 876 796 955 minum,
837 895 913 941 ne
944 875 1102 958 forte
1130 874 1463 955 polluatur
1497 875 1745 957 fructus
1764 876 2024 942 seminis
2057 876 2220 958 quod
2252 876 2488 953 sevisti,

533 966 592 1028 et
626 961 878 1044 fructus
918 961 1152 1026 vineae.
1243 960 1343 1025 10.
1395 959 1542 1026 Non
1584 960 1806 1028 arabis
1846 981 1985 1028 cum
2027 962 2168 1027 bove
2210 966 2265 1026 et
2307 962 2489 1026 asino

521 1048 793 1131 pariter.
836 1134 847 1146 ⁸
885 1047 986 1113 11.
1050 1045 1196 1113 Non
1248 1047 1478 1114 indues
1535 1051 1590 1113 te
1653 1047 1902 1115 diversa
1946 1049 2178 1130 specie,
2235 1047 2393 1114 lana
2434 1052 2493 1112 et

532 1133 662 1200 lino
690 1138 960 1216 pariter.

1147 1472 1279 1543 EX
1314 1476 1621 1543 LEVI'P.
1667 1475 1866 1543 XIX.

709 1646 811 1712 19.
862 1644 1114 1712 Statuta
1152 1667 1293 1712 mea
1334 1646 1748 1714 observabitis.
1836 1648 2106 1714 Animal
2147 1652 2325 1713 tuum
2365 1668 2489 1714 non

530 1731 732 1816 facies
774 1733 937 1798 coire
971 1752 1114 1799 cum
1155 1733 1347 1800 altero
1388 1737 1639 1802 senine.
1728 1732 1979 1817 Ayrum
2021 1739 2198 1800 tuum
2239 1754 2359 1800 non
2395 1755 2490 1800 se-

533 1838 640 1885 res
693 1818 937 1885 diverso
986 1819 1215 1884 smine
1229 1870 1247 1899 ,
1306 1824 1366 1885 et
1404 1821 1594 1887 vestis
1632 1824 1910 1888 contexta
1952 1840 2028 1886 ex
2067 1819 2221 1887 lana
2261 1825 2318 1886 et
2359 1820 2489 1887 lino

535 1923 663 1972 mm
705 1905 992 1971 ascendet
1032 1923 1223 1987 super
1264 1910 1335 1971 te.

1054 2245 1186 2313 EX
1231 2245 1561 2313 EODEM
1607 2245 1964 2313 OAPITE.

704 2418 809 2483 23.
863 2419 1068 2501 Quum
1119 2418 1392 2501 inpressi
1444 2418 1698 2498 fueritis
1752 2422 2015 2499 terram,
2075 2422 2132 2483 et
2161 2416 2489 2498 plantave-

533 2505 684 2571 ritis
725 2505 925 2570 omnis
966 2503 1215 2587 pencris
1258 2503 1539 2569 arborem
1577 2504 1990 2587 fructiferam,
2035 2509 2181 2570 tunc
2210 2524 2490 2585 praepu-

533 2591 762 2656 tiatum
803 2590 1039 2657 ducetis
1068 2591 1478 2673 praeputium
1520 2590 1657 2655 eius
1672 2641 1687 2668 ,
1743 2590 2022 2673 fructum
2063 2591 2232 2656 eius:
2288 2590 2490 2655 tribus

535 2676 728 2743 annis
759 2676 880 2741 erit
913 2674 1083 2742 vobis
1116 2676 1592 2743 incircumcisa.-
1634 2695 1756 2741 non
1790 2677 2111 2742 comedetis
2145 2677 2285 2741 eius
2315 2676 2488 2758 fruc-

532 2766 656 2827 tus.
742 2762 847 2827 24.
913 2762 1147 2843 Quarto
1203 2766 1413 2828 autem
1453 2781 1617 2828 anno
1659 2763 1780 2827 erit
1821 2763 2023 2828 omnis
2059 2763 2308 2846 fructus
2349 2763 2490 2828 eius

532 2849 837 2915 sanctitas
879 2847 1143 2913 laudum
1181 2848 1464 2914 Iebovae.
1567 2847 1670 2914 25.
1717 2849 1909 2913 Armo
1950 2869 2091 2915 vero
2134 2849 2347 2931 quinto
2390 2868 2488 2913 co·

532 2935 790 3001 metietis
849 2933 1129 3015 fructum
1192 2933 1357 3014 eius,
1421 2939 1493 2999 ut
1553 2934 1921 3016 multiplicet
1981 2934 2152 3001 vobis
2211 2935 2491 3017 fructum

532 3040 738 3088 suum,
830 3019 970 3105 Eyo
1015 3019 1244 3087 Iehova
1289 3019 1472 3088 Deus
1513 3025 1725 3088 vester.

1054 3362 1187 3430 EX
1229 3362 1564 3430 EODEM
1610 3362 1969 3430 OAPI'PE.

712 3536 817 3602 27.
866 3536 1011 3603 Non
1046 3536 1440 3603 attondebitis
1482 3554 1719 3602 comam
1761 3535 1990 3616 capitis
2026 3535 2217 3600 vestri
2258 3535 2329 3600 in
2373 3537 2495 3602 cir-

541 3623 730 3702 cuitu,
765 3642 875 3689 nec
905 3624 1147 3690 radetis
1181 3627 1456 3688 extrema
1487 3621 1730 3689 barbae.
1801 3621 1906 3687 28.
1953 3619 2333 3687 Incisionem
2365 3642 2491 3704 pro

539 3715 781 3776 mortuo
822 3729 944 3774 non
984 3709 1233 3792 facietis
1275 3710 1346 3774 in
1376 3728 1566 3775 earne
1604 3714 1829 3787 vestra,
1874 3726 2069 3791 neque
2109 3708 2493 3790 sculpturam

542 3800 723 3862 notae
759 3795 1010 3877 facietis
1050 3796 1124 3860 in
1162 3794 1353 3861 vobis.
1441 3793 1581 3878 Epo
1626 3795 1873 3862 Iebova.

1172 4135 1306 4202 EX
1349 4135 1618 4203 DEUT.
1665 4134 1858 4202 XIV.

713 4308 770 4373 1.
818 4306 984 4374 Filii
1022 4308 1172 4374 estis
1213 4306 1480 4374 Iebovae
1524 4306 1654 4373 Dei
1694 4310 1900 4375 vestri.
1994 4309 2144 4375 Non
2181 4328 2294 4374 vos
2336 4309 2490 4373 inei-

537 4394 716 4468 detis,
759 4414 867 4460 nec
896 4395 1144 4477 facietis
1184 4393 1505 4460 calvitium
1547 4413 1738 4474 super
1771 4399 2026 4460 mortuo.
2092 4395 2151 4460 2.
2181 4395 2491 4477 Quoniam

526 4479 809 4564 populus
861 4486 1113 4546 sanctus
1170 4500 1236 4545 es
1280 4479 1544 4545 Iehovae
1586 4477 1724 4546 Deo
1765 4485 1898 4559 tuo,
1949 4483 2057 4565 qui
2108 4486 2164 4547 te
2205 4481 2382 4565 eleyit
2421 4486 2491 4545 ut

539 4567 636 4633 sis
674 4569 734 4632 ei
773 4568 843 4632 in
873 4566 1178 4648 populum
1212 4567 1595 4649 peculiarem
1637 4588 1669 4632 e
1725 4568 1958 4635 cunetis
2009 4567 2290 4654 yentibus
2331 4587 2489 4649 quae

537 4657 684 4719 sunt
726 4654 799 4718 iu
840 4652 1166 4734 superficie
1205 4659 1420 4718 terrae.

715 4825 911 4890 Dent.
957 4824 1060 4901 22,
1104 4823 1164 4891 9.
1260 4823 1406 4889 Non
1447 4845 1615 4891 seres
1647 4825 1913 4891 vineam.
1983 4825 2169 4893 Haec
2204 4833 2489 4909 quatuor

540 4921 892 4995 praecepta
936 4931 1106 4994 quae
1151 4929 1379 4974 omnes
1421 4909 1817 4978 adventitias
1854 4912 2257 4996 corruptelas
2303 4911 2487 4977 dam-

539 5006 723 5076 nant,
771 4997 964 5080 primi
1004 4993 1398 5081 appendices
1435 5016 1579 5062 esse
1623 5018 1756 5062 non
1801 4996 2047 5076 dubito,
2095 5006 2163 5063 et
2205 4998 2373 5064 ratio
2417 4999 2487 5062 in

540 5082 1056 5149 Deuteronomio
1102 5082 1325 5147 addita
1369 5103 1444 5147 eo
1474 5102 1593 5150 nos
1632 5082 1875 5168 dirigit,
1923 5084 2036 5150 ubi
2066 5085 2249 5150 Deus
2286 5083 2490 5167 pollui

714 5288 773 5356 1)
807 5293 980 5343 Autre
1035 5286 1384 5356 dependence
1436 5287 1505 5341 de
1558 5286 1666 5341 fuir
1718 5293 1901 5344 tontes
1953 5289 2301 5359 corruptions
2348 5304 2487 5344 mes-

535 5356 713 5427 linges
749 5364 807 5411 et
841 5357 1262 5427 desguisemcns.

1987 426 2367 495 PRIMUM
2413 426 3064 494 PRAEOEPTUM.

4394 425 4502 492 340

2589 615 2862 680 seminis
2903 621 3301 697 proventum
3347 632 3424 678 ac
3465 614 3704 680 vineae
3760 614 4190 696 pronunciat,
4235 610 4287 676 si
4346 614 4505 678 varia

2587 702 2672 767 sit
2716 702 3025 765 mixtura.
3114 697 3308 766 Unde
3351 709 3628 782 apparet
3671 719 3800 765 non
3839 699 4016 764 aliud
4061 697 4235 781 exigi
4282 697 4402 761 nisi
4440 709 4507 764 ut

2588 786 2982 851 munditiem
3028 785 3263 851 colant.
3330 784 3627 851 Verbum
3672 784 3931 868 quidem
3955 797 4099 876 ΨἾΡ
4122 783 4287 866 quod
4336 804 4505 848 usur·

2588 883 2702 956 pat
2741 873 2977 949 Moses,
3024 882 3125 936 est
3167 872 3595 949 sanctificare,
3642 871 3755 937 sed
3799 892 3913 953 per
3957 869 4366 953 antiphrasin
4405 891 4506 952 pro

2589 957 3040 1023 contaminare
3098 959 3435 1041 accipitur.
3542 956 3793 1022 Eodem
3857 958 4146 1040 pertinet
4199 956 4364 1039 quod
4420 976 4505 1020 se·

2588 1044 2833 1127 quitur,
2878 1065 2963 1109 ne
3007 1054 3198 1108 arent
3240 1064 3387 1109 cum
3436 1042 3600 1107 bove
3645 1051 3714 1108 et
3735 1042 3935 1108 asino.
4017 1041 4206 1124 Quae
4249 1042 4510 1107 varietas

2591 1151 2724 1194 non
2769 1129 2898 1195 alia
2942 1129 3022 1194 de
3067 1148 3267 1194 causa
3311 1128 3679 1212 improbata
3723 1131 3862 1205 fuit,
3911 1131 4038 1193 nisi
4085 1127 4257 1211 quod
4316 1128 4508 1209 inqui-

2592 1217 2886 1280 namenti
2931 1215 3175 1297 aliquid
3234 1214 3636 1280 contrahunt
3695 1214 3994 1279 homines
4054 1214 4440 1296 simulatque
4477 1234 4512 1279 a

2589 1301 3006 1385 simplicitate
3049 1301 3469 1384 degenerant.
3562 1299 3637 1366 Si
3681 1302 3825 1384 quis
3872 1310 4091 1364 tamen
4139 1299 4329 1364 aliter
4383 1320 4513 1363 sen-

2591 1387 2731 1468 tiat,
2776 1408 2906 1452 non
2965 1387 3354 1453 contendam
3415 1385 3889 1452 vehementius.
3978 1387 4210 1451 Posset
4268 1384 4513 1468 quidem

2588 1473 2799 1554 obiici,
2843 1472 3016 1556 quod
3055 1474 3236 1538 Deus
3280 1471 3542 1537 admitti
3588 1482 3770 1537 vetat
3793 1472 4156 1555 promiscue
4200 1471 4512 1549 animalia,

2589 1568 2663 1623 ut
2704 1559 2877 1624 inter
2936 1581 3006 1625 se
3065 1559 3461 1625 misceantur
3516 1578 3685 1641 quae
3742 1568 3901 1624 sunt
3954 1558 4197 1624 diversi
4255 1559 4514 1642 generis,

2591 1644 2671 1709 ad
2731 1648 3098 1712 castitatem
3157 1654 3486 1727 spectare,
3559 1644 3730 1728 quod
3788 1654 4007 1710 autem
4063 1664 4298 1728 agrum
4358 1654 4517 1706 vetat

2589 1731 2846 1797 conseri
2909 1730 3188 1796 diversis
3245 1730 3640 1808 seminibus,
3713 1740 3778 1796 et
3844 1739 4173 1795 texturam
4240 1729 4383 1794 fieri
4445 1750 4518 1792 ex

2590 1814 2867 1882 diversis
2932 1816 3259 1896 materiis,
3349 1815 3471 1881 hoc
3556 1817 3748 1881 modo
3827 1816 4170 1882 fraudibus
4257 1815 4514 1881 occurri.

2590 1902 2842 1968 Verum
2887 1901 3250 1985 simplicius
3296 1910 3397 1967 est
3438 1902 3751 1985 populum
3800 1903 4069 1967 retineri
4111 1902 4181 1966 in
4229 1903 4517 1983 puritate,

2591 2010 2674 2052 ne
2718 1998 3055 2054 assuescat
3096 1990 3420 2072 corruptis
3465 1988 3773 2067 moribus,
3818 1997 3885 2053 et
3927 2010 4010 2053 ne
4038 1988 4192 2053 hinc
4226 1986 4382 2052 inde
4424 2006 4520 2051 ac·

2589 2083 2803 2140 cersat
2846 2074 3015 2138 ritus
3061 2074 3325 2151 alienos,
3373 2074 3476 2139 vel
3517 2075 3841 2139 mixturas
3874 2084 4140 2158 appetat
4183 2093 4388 2157 prava
4426 2094 4522 2137 cu·

2589 2161 2910 2236 riositate,
2966 2181 3132 2242 quae
3198 2160 3461 2224 tandem
3522 2159 3912 2243 perveniant
3969 2159 4051 2225 ad
4097 2159 4347 2226 cultum
4390 2160 4519 2223 Dei.

2586 2244 2759 2310 Nam
2804 2245 2858 2310 si
2903 2245 3077 2310 inter
3120 2267 3191 2311 se
3248 2254 3481 2312 coeant
3538 2244 3796 2311 diversa
3858 2246 4199 2320 animalia,
4260 2247 4524 2310 vitiatur

2591 2342 2867 2396 naturae
2909 2331 3277 2415 integritas,
3322 2342 3388 2397 et
3430 2330 3585 2397 inde
3618 2333 3912 2399 nascitur
3932 2332 4307 2396 adulterina
4351 2332 4523 2397 sobo-

2590 2417 2718 2495 les,
2780 2438 2947 2501 quae
3015 2438 3054 2483 a
3122 2418 3245 2482 Dei
3313 2418 3724 2483 institutione
3789 2418 4173 2502 degenerat:
4255 2419 4314 2483 si
4381 2436 4525 2482 vero

2590 2503 2813 2586 plures
2876 2503 3203 2569 seminum
3263 2505 3511 2588 species
3583 2503 3780 2569 simul
3839 2514 4063 2569 essent
4118 2504 4524 2577 commixtae,

2592 2589 2695 2655 vel
2755 2611 2839 2654 ex
2896 2590 3031 2654 lino
3086 2599 3152 2653 et
3207 2589 3362 2655 lana
3418 2599 3725 2656 contexta
3781 2591 4012 2655 fuisset
4078 2591 4317 2669 vestis,
4372 2587 4524 2653 nihil

2593 2685 2737 2740 erat
2793 2696 2832 2741 a
2886 2676 3187 2758 captione
3245 2686 3315 2740 et
3370 2673 3516 2741 dolo
3575 2676 3843 2759 periculi
3901 2679 3972 2740 in
4029 2697 4100 2741 re
4156 2676 4523 2758 conspicua.

2594 2761 2775 2845 Ergo
2819 2760 3147 2844 probabile
3182 2771 3298 2839 est,
3344 2762 3751 2845 propositum
3774 2762 3973 2828 fuisse
3995 2762 4140 2827 Deo
4163 2782 4363 2844 quem
4400 2759 4525 2824 dixi

2594 2848 2827 2925 finem,
2874 2856 2947 2912 ut
2990 2849 3280 2913 nativam
3326 2845 3811 2931 simplicitatem
3870 2858 4005 2913 tota
4048 2848 4187 2913 vita
4245 2846 4526 2925 colendo,

2595 2953 2792 3016 puros
2836 2953 2908 2998 se
2951 2945 3017 2997 et
3058 2934 3352 3016 integros
3395 2934 3477 2998 ab
3522 2935 3700 2999 omni
3756 2944 4032 2999 externo
4089 2933 4251 2998 vitio
4313 2952 4527 2999 serva-

2595 3030 2760 3084 rent.
2870 3018 3016 3084 Hao
3082 3020 3336 3086 ratione
3401 3019 3725 3086 fermento
3795 3021 4121 3105 scriptura
4198 3026 4530 3103 comparat

2593 3105 2839 3172 alienas
2918 3106 3278 3184 doctrinas,
3366 3127 3533 3190 quae
3611 3107 3970 3172 minuendo
4046 3107 4152 3172 vel
4231 3104 4527 3171 addendo

2596 3192 2833 3257 vitiant
2872 3193 3200 3258 sincerum
3245 3191 3370 3257 Dei
3418 3193 3692 3258 verbum
3737 3190 3924 3278 (Mat.
3963 3193 4063 3269 16,
4112 3189 4240 3277 11).
4321 3196 4530 3274 Atque

2596 3278 2760 3343 haec
2804 3298 2938 3342 non
2984 3298 3217 3361 parum
3262 3278 3445 3343 utilis
3488 3278 3611 3343 fuit
3653 3279 4066 3345 exercitatio:
4112 3277 4266 3343 dum
4319 3281 4389 3342 in
4436 3298 4529 3342 re·

2595 3365 2716 3430 bus
2738 3364 3030 3427 minimis
3053 3373 3118 3428 et
3143 3384 3343 3448 prope
3379 3363 3567 3428 nihili
3592 3362 3892 3429 fraenum
3930 3363 4062 3430 illis
4097 3364 4528 3439 inficiebatur,

2595 3470 2680 3514 ne
2716 3449 2824 3513 vel
2860 3448 3194 3515 tantillum
3229 3471 3268 3514 a
3303 3450 3591 3532 puritate
3629 3451 4066 3516 deflecterent.
4132 3451 4403 3534 Exigua
4433 3471 4529 3514 res

2595 3545 2737 3600 erat
2771 3534 2954 3600 filum
2991 3537 3203 3620 magis
3239 3535 3477 3601 subtile
3513 3536 3859 3602 subtexere
3896 3537 4224 3602 crassiori:
4265 3550 4337 3601 et
4372 3537 4529 3600 forte

2592 3620 2756 3686 haec
2798 3621 3124 3688 industria
3167 3621 3249 3687 ad
3293 3642 3701 3687 communem
3764 3643 3956 3687 usum
4014 3621 4407 3705 profuisset:
4464 3622 4527 3685 in

2594 3706 2985 3790 quibusdam
3039 3708 3240 3772 etiam
3297 3708 3472 3789 agris
3515 3707 3775 3773 uberior
3832 3729 4019 3793 seges
4075 3710 4422 3792 provenit,
4478 3707 4528 3772 si

2593 3812 2814 3859 semen
2875 3813 2957 3857 ex
3016 3814 3182 3876 puro
3229 3795 3444 3860 tritico
3501 3803 3569 3858 et
3616 3794 3878 3877 siligine
3935 3795 4022 3859 sit
4077 3796 4526 3878 compositum.

2593 3878 2853 3944 Placuit
2896 3880 3094 3943 etiam
3140 3880 3509 3945 admissura
3550 3881 3698 3963 equi
3743 3889 3807 3944 et
3850 3882 4100 3946 asinae:
4164 3881 4323 3963 quia
4382 3879 4528 3944 inde

2594 3964 2756 4029 muli
2802 3975 3246 4047 procreantur.
3337 3964 3564 4030 Noluit
3619 3978 3843 4030 tamen
3902 3966 4086 4032 Deus
4142 3967 4360 4031 veteri
4422 3984 4530 4048 po-

2591 4049 2745 4133 pulo
2786 4049 2851 4114 id
2897 4051 3293 4133 permittere,
3331 4073 3414 4116 ne
3458 4050 3770 4134 paulatim
3828 4051 3910 4118 ad
3955 4054 4269 4117 maiorem
4333 4052 4526 4117 licen-

2596 4137 2751 4201 tiam
2799 4135 3050 4219 delapsi
3094 4139 3393 4222 gentium
3437 4138 3730 4203 moribus
3774 4148 3841 4202 et
3883 4138 4206 4204 institutis
4261 4138 4528 4203 tandem

2591 4243 2662 4288 se
2706 4222 3105 4289 addicerent.
3192 4223 3352 4288 Ideo
3391 4225 3722 4307 praefatur
3780 4223 3885 4289 his
3944 4224 4191 4290 verbis:
4263 4223 4529 4290 Statuta

2593 4329 2739 4373 mea
2782 4310 3133 4374 custodite:
3204 4331 3288 4374 ex
3354 4308 3590 4392 quibus
3633 4308 4036 4392 colligimus,
4093 4310 4529 4376 circumdatos

2591 4393 2798 4459 fuisse
2841 4395 3080 4477 populo
3124 4395 3471 4473 cancellos,
3529 4396 3629 4461 vel
3677 4397 4002 4478 praefixas
4046 4408 4287 4472 metas,
4335 4418 4421 4460 ne
4463 4416 4529 4460 se

2590 4480 2970 4563 profanaret
3013 4480 3307 4547 externis
3355 4481 3552 4559 vitiis,
3597 4489 3667 4546 et
3708 4490 3937 4565 gentes
3982 4504 4017 4544 a
4065 4482 4301 4565 quibus
4346 4502 4530 4564 sepa·

2593 4579 2775 4631 ratus
2819 4566 3067 4644 fuerat,
3114 4567 3506 4634 imitaretur.
3611 4565 3835 4648 Quare
3880 4567 4042 4634 haec
4097 4589 4362 4633 summa
4414 4575 4526 4645 est,

2589 4660 2669 4717 ut
2713 4653 2777 4717 in
2827 4652 2950 4717 Dei
2995 4654 3262 4718 statutis
3306 4663 3633 4718 maneant.

2759 4738 2975 4804 Levit.
3035 4739 3135 4812 19.
3190 4739 3293 4804 23.
3389 4739 3592 4821 Quum
3647 4739 3919 4822 inyressi
3970 4739 4244 4821 fueritis.
4350 4738 4525 4820 Quin

2589 4825 2894 4891 arborum
2960 4825 3151 4891 sicuti
3218 4825 3559 4890 hominum
3623 4824 4027 4891 circumcisio
4098 4824 4179 4888 ad
4240 4826 4527 4907 primum

2590 4921 3005 4994 praeceptum
3071 4911 3429 4994 pertineat,
3508 4911 3671 4975 mihi
3737 4910 4118 4994 ambiguum
4190 4931 4332 4976 esse
4401 4931 4526 4974 non

2591 4997 2883 5062 videtur:
2944 5017 3078 5061 non
3137 4997 3348 5062 solum
3403 5004 3480 5061 ut
3535 4997 3897 5078 symbolum
3955 4996 4325 5079 adoptionis
4374 5017 4528 5061 suae

2588 5084 3040 5166 conspicerent
3083 5082 3310 5148 Iudaei
3353 5082 3425 5147 in
3461 5083 3622 5166 ipsis
3645 5082 4002 5161 arboribus,
4047 5080 4162 5147 sed
4204 5093 4278 5147 ut
4323 5081 4525 5148 disce·

2590 5178 2738 5233 rent
2783 5190 2912 5233 non
2960 5168 3186 5247 licere,
3249 5169 3377 5234 nisi
3435 5168 3589 5234 solis
3634 5169 3762 5235 Dei
3804 5169 3978 5247 filiis,
4024 5188 4254 5234 earum
4314 5169 4524 5233 fructu

2592 5254 2798 5321 vesci:
2867 5254 3132 5334 deinde,
3198 5253 3513 5338 quidquid
3581 5262 3757 5320 terra
3824 5253 4067 5338 gignit,
4135 5255 4348 5337 prima
4412 5275 4527 5320 sua

2591 5341 2847 5424 origine
2892 5340 3366 5424 quodammodo
3427 5361 3570 5407 esse
3615 5342 3995 5423 profanum,
4045 5338 4249 5407 donec
4288 5359 4523 5424 purge-
