4867 6150
554 409 766 490 635ν

727 614 873 680 Hac
931 615 1130 679 etiam
1183 612 1332 698 lege
1390 635 1543 680 suos
1595 613 1900 679 hortatur
1955 609 2141 677 Deus
2184 612 2268 679 ad
2322 633 2510 697 prae-

551 700 788 769 standa
863 699 1288 765 humanitatis
1343 700 1557 766 officia
1613 699 1825 765 brutis
1889 698 2319 779 animalibus,
2382 720 2512 782 quo

549 787 764 872 magis
806 787 940 852 sint
983 784 1064 850 ad
1108 783 1348 850 fratres
1390 807 1542 852 suos
1584 784 1910 852 iuvandos
1954 784 2278 867 propensi.
2365 785 2512 851 Me-

549 874 765 939 moria
799 872 977 937 enim
1014 870 1376 937 tenendum
1404 880 1505 938 est
1531 871 1705 955 quod
1733 871 1922 937 docet
1943 870 2194 937 Paulus
2228 868 2316 958 (1.
2359 870 2511 938 Oor.

547 961 613 1040 9,
657 957 745 1047 9),
791 958 902 1024 ubi
949 956 1133 1023 Deus
1178 958 1375 1023 boves
1420 957 1754 1024 sublevari
1796 957 2006 1036 iubet,
2072 977 2201 1022 non
2248 968 2386 1023 tam
2429 955 2512 1022 de

549 1047 711 1131 ipsis
755 1066 901 1111 esse
943 1043 1298 1109 sollicitum
1363 1064 1561 1128 quam
1619 1044 1966 1110 hominum
2023 1064 2251 1110 curam
2302 1043 2512 1109 susci-

549 1153 724 1217 pere.
816 1130 994 1195 Alibi
1058 1129 1382 1214 praecipit
1444 1128 1630 1196 Deus
1687 1139 1765 1195 ut
1808 1129 1923 1213 qui
1984 1129 2223 1194 viderit
2280 1129 2511 1195 fratris

548 1218 655 1286 sui
698 1218 935 1284 bovem
974 1215 1081 1281 vel
1126 1216 1423 1294 asinum,
1483 1216 1772 1299 adeoque
1813 1216 2093 1293 inimici,
2153 1228 2508 1295 errantem,

545 1304 821 1388 colligat
842 1310 913 1368 et
933 1302 1242 1367 restituat
1276 1300 1572 1367 domino:
1608 1322 1835 1367 verum
1861 1301 1968 1367 hic
1991 1302 2160 1367 alius
2181 1302 2334 1367 finis
2358 1321 2511 1385 pro-

548 1390 803 1476 positus
841 1389 983 1466 fuit,
1022 1397 1097 1453 ut
1132 1396 1457 1475 testentur
1493 1387 1718 1453 fideles
1752 1409 1824 1453 se
1844 1388 2128 1453 inimicis
2151 1388 2510 1472 ignoscere,

550 1476 706 1542 dum
757 1495 916 1558 erga
973 1495 1201 1539 eorum
1269 1473 1578 1539 animalia
1640 1483 1801 1540 sunt
1865 1473 2340 1539 misericordes.
2432 1472 2512 1539 Si

549 1563 797 1629 dictum
842 1559 1232 1644 simpliciter
1274 1560 1510 1626 fuisset
1526 1611 1542 1639 ,
1607 1559 1933 1625 iuvandos
1990 1580 2135 1626 esse
2189 1560 2508 1637 inimicos,

545 1659 618 1715 et
678 1646 1014 1713 beneficiis
1078 1645 1464 1712 certandum
1508 1665 1654 1712 esse
1696 1642 1779 1710 ad
1833 1643 2224 1711 vincendam
2281 1665 2510 1711 eorum

547 1733 905 1812 malitiam,
973 1732 1136 1798 satis
1204 1730 1515 1797 damnata
1557 1732 1788 1797 fuisset
1854 1731 2070 1796 omnis
2128 1729 2508 1809 crudelitas,

547 1821 732 1904 atqui
775 1818 891 1884 ubi
935 1816 1121 1883 Deus
1156 1838 1291 1883 non
1329 1817 1523 1883 modo
1556 1817 1841 1883 inimicis
1881 1838 2264 1883 succurrere
2308 1817 2508 1896 iubet,

550 1904 927 1972 errantibus
979 1905 1154 1971 viam
1211 1912 1758 1983 commonstrare,
1813 1909 1882 1968 et
1923 1903 2140 1987 lapsos
2183 1902 2509 1988 colligere,

547 1991 667 2058 sed
709 1991 815 2057 his
859 1988 1161 2057 omnibus
1207 1989 1541 2055 beneficiis
1597 1988 1746 2054 vult
1794 1989 2108 2055 animalia
2163 1988 2506 2073 prosequi:

551 2077 764 2163 magis
807 2097 911 2141 em
962 2075 1175 2142 hatice
1217 2084 1286 2141 et
1340 2075 1803 2141 vehementius
1866 2075 2181 2159 exprimit
2232 2084 2510 2159 quanto·

549 2185 708 2250 pere
745 2163 827 2229 ab
862 2182 902 2227 o
952 2164 1014 2227 io
1048 2171 1115 2227 et
1149 2160 1480 2228 vindictae
1523 2160 1798 2226 libidine
1842 2169 2131 2227 remotos
2164 2181 2308 2226 esse
2342 2161 2508 2226 velit

543 2250 718 2316 filios
762 2269 934 2315 suos.
1020 2246 1217 2329 Quod
1260 2267 1418 2332 ergo
1461 2255 1688 2329 postea
1732 2245 2071 2330 discipulis
2129 2247 2266 2313 suis
2321 2266 2509 2329 prae·

543 2337 725 2421 cepit
767 2334 1105 2412 Christus,
1167 2331 1535 2398 videbimus
1589 2332 1682 2397 in>
1727 2332 1875 2416 lege
1931 2333 2133 2398 fuisse
2187 2332 2509 2397 traditum

547 2430 625 2488 nt
657 2421 964 2486 inimicos
1001 2427 1261 2484 nostros
1297 2419 1651 2502 diligamus
1688 2416 1959 2504 (Matth.
1997 2418 2058 2499 5,
2096 2416 2227 2505 44).
2276 2417 2509 2502 Neque

548 2508 731 2574 enim
794 2505 905 2570 hic
970 2512 1228 2570 tantum
1294 2505 1730 2588 compescitur
1788 2503 2146 2571 ulciscendi
2211 2504 2504 2583 affectus,

548 2592 665 2660 sed
708 2592 859 2676 plus
901 2588 1148 2673 aliquid
1191 2591 1512 2674 exigitur,
1557 2598 1635 2655 ut
1668 2589 1945 2655 vincant
1985 2590 2213 2656 fideles
2260 2588 2504 2656 benefi-

548 2679 671 2746 ciis
715 2677 1005 2743 hostium
1050 2695 1324 2741 suorum
1374 2676 1727 2741 malitiam:
1779 2674 2097 2742 reducere
2154 2677 2333 2742 enim
2394 2675 2505 2741 bo-

548 2786 700 2832 vem
743 2763 848 2829 vel
895 2763 1154 2828 asinum
1196 2761 1570 2842 erraticum,
1612 2762 2063 2828 testimonium
2106 2772 2208 2828 est
2262 2763 2506 2827 sinceri

547 2851 810 2917 amoris.
902 2848 1154 2913 Verum
1199 2848 1305 2914 his
1349 2847 1599 2913 duobus
1639 2847 1799 2915 locis
1862 2850 2073 2932 magis
2131 2847 2216 2913 ad
2274 2849 2505 2914 vivum

546 2942 1084 3021 repraesentatur
1119 2933 1291 3019 qnod
1325 2934 1408 2999 ad
1444 2944 1705 2999 sextum
1736 2943 2158 3018 praeceptum
2194 2934 2502 3018 pertinet,

547 3031 627 3090 ut
693 3020 1016 3089 auxilium
1076 3020 1326 3087 feratur
1382 3020 1536 3087 bovi
1593 3020 1702 3087 vel
1759 3021 1945 3088 asino
1998 3020 2322 3087 laboranti
2379 3020 2503 3087 sub

541 3131 761 3177 onere.
845 3107 930 3173 In
1001 3107 1223 3196 verbis
1286 3127 1420 3172 non
1486 3107 1914 3173 consentiunt
1975 3107 2407 3191 interpretes,
2464 3128 2504 3172 a

549 3196 787 3281 quibus
847 3193 1044 3278 longe
1121 3193 1419 3259 discessit
1495 3193 1968 3278 Hieronymus.
2069 3193 2206 3259 Alii
2283 3205 2504 3259 autem

592 3282 664 3347 ui
718 3280 980 3346 fidelius
1037 3279 1308 3344 reddere
1366 3280 1670 3364 cupiunt,
1725 3279 2200 3363 interrogative
2243 3279 2501 3363 legunt:

542 3303 630 3434 ἒί
664 3367 912 3432 videris
957 3365 1201 3431 animal
1246 3366 1369 3430 sub
1425 3387 1625 3430 onere
1684 3385 1803 3430 suo
1821 3412 1836 3442 ‚
1895 3373 2017 3431 etc.
2081 3384 2165 3430 an
2221 3364 2505 3432 cessabis

551 3451 905 3519 auxiliari?
964 3451 1247 3516 Videtur
1304 3450 1473 3517 alter
1528 3472 1761 3517 sensus
1819 3452 2062 3533 aptior:
2124 3450 2202 3517 Si
2260 3451 2505 3517 videris

541 3549 618 3606 et
671 3539 1027 3606 cessaveris
1092 3536 1429 3615 auxiliari,
1495 3537 1818 3602 auxiliare
1874 3544 2117 3603 tamen.
2208 3535 2508 3621 Occupat

550 3636 771 3692 autem
813 3625 937 3690 hoc
972 3623 1167 3688 modo
1214 3623 1415 3702 Deus,
1453 3623 1512 3688 si
1547 3624 1714 3689 forte
1748 3623 2074 3706 quispiam
2109 3624 2322 3707 primo
2358 3623 2507 3688 odio

549 3710 876 3794 impulsus
920 3719 1238 3794 gravetur
1278 3708 1621 3775 inimicum
1681 3729 1873 3774 suum
1917 3710 2144 3774 iuvare
2165 3759 2179 3787 ,
2232 3720 2301 3774 et
2345 3718 2504 3776 tunc

549 3816 941 3881 perversum
997 3795 1303 3861 affectum
1362 3794 1689 3879 corrigere
1746 3795 1946 3862 iubet.
2038 3794 2292 3861 Sensus
2350 3816 2508 3880 ergo

541 3884 709 3963 erit,
754 3883 812 3948 si
853 3891 1157 3965 aspectus
1209 3881 1464 3947 inimici
1498 3889 1564 3945 te
1609 3890 1900 3946 moretur
1957 3882 2304 3965 quominus
2363 3882 2504 3947 ani·

550 3968 688 4035 mal
747 3969 890 4034 eius
947 3968 1282 4045 subleves,
1346 3966 1641 4050 deposita
1698 3965 2163 4032 malevolentia
2219 3988 2371 4034 cum
2430 3988 2509 4032 eo

550 4065 620 4121 te
663 4055 1026 4139 coniunge,
1069 4063 1145 4119 ut
1187 4053 1384 4120 simul
1431 4053 1706 4118 humani
1750 4060 1817 4118 et
1857 4053 2314 4118 misericordes
2362 4052 2509 4119 sitis

543 4162 711 4226 erga
753 4142 1066 4206 miserum
1127 4140 1391 4205 animal.
1483 4138 1596 4205 Sic
1654 4137 1808 4204 data
1865 4137 1988 4203 fuit
2045 4140 2324 4205 materia
2378 4140 2508 4203 ini-

547 4228 738 4294 micis
784 4234 860 4291 ut
902 4248 973 4292 se
1031 4233 1260 4291 mutuo
1325 4225 1845 4292 reconciliarent.
1938 4224 2117 4303 [Alia
2177 4233 2278 4290 est
2336 4224 2509 4290 diffi-

545 4312 759 4378 cultas
817 4313 888 4376 in
935 4310 1133 4378 verbo
1182 4324 1309 4389 2115,
1363 4309 1537 4395 quod
1582 4311 1705 4376 etsi
1750 4310 2119 4393 relinquere
2154 4310 2508 4394 significat,

548 4397 660 4463 hic
715 4407 939 4462 tamen
995 4418 1141 4463 meo
1204 4397 1445 4464 iudicio
1503 4398 1787 4462 sumitur
1850 4415 1971 4481 pro
2032 4397 2338 4462 auxiliari
2401 4395 2509 4462 vel

547 4503 740 4566 opem
783 4482 988 4549 ferre:
1032 4504 1407 4568 quanquam
1441 4505 1576 4548 non
1616 4480 1790 4547 male
1823 4483 2128 4561 vertitur,
2174 4483 2508 4548 dimittere

549 4568 663 4634 vel
705 4567 982 4635 solvere:
1027 4571 1154 4636 nisi
1214 4570 1380 4635 forte
1436 4570 1647 4654 magis
1705 4568 1933 4650 libeat,
1986 4570 2322 4635 roborare:
2377 4589 2508 4652 quo

547 4676 748 4722 sensu
789 4653 1121 4721 interdum
1166 4657 1540 4740 reperiturJ.

1090 4995 1223 5062 EX
1267 4996 1620 5064 NUMER.
1664 4996 1963 5063 XXXV.

723 5170 783 5236 9.
831 5169 920 5236 Et
975 5171 1262 5254 loquutus
1318 5174 1408 5234 est
1465 5169 1695 5236 Iehova
1751 5169 1839 5236 ad
1896 5168 2154 5247 Mosen,
2212 5168 2507 5236 dicendo:

556 5256 657 5322 10.
703 5256 1038 5340 Alloquere
1072 5256 1241 5339 filios
1282 5255 1507 5335 Israel,
1550 5261 1609 5321 et
1648 5257 1829 5323 dicas
1869 5256 1995 5322 eis:
2046 5256 2250 5338 Quum
2289 5260 2503 5320 trans-

550 5343 758 5408 ieritis
801 5343 1141 5410 Iordanem
1194 5345 1268 5410 in
1309 5347 1480 5409 term
1529 5341 1858 5423 Chanaan,
1952 5343 2051 5409 11.
2104 5340 2503 5410 Constituetis

2037 422 2420 492 SEXTUM
2468 422 3118 493 PRAEOEPTUM.

4433 425 4542 495 636

2614 613 2785 679 vobis
2853 613 3071 680 urbes:
3133 614 3317 680 urbes
3378 620 3586 682 autem
3636 614 3876 698 refuqii
3945 620 4129 680 ermzt
4180 615 4376 695 vobis,
4440 635 4541 697 quc

2612 698 2814 782 fuqiet
2855 699 3171 768 homicida
3211 702 3324 782 qui
3366 702 3751 782 percusserit
3805 700 4076 782 aliquem
4109 722 4234 784 per
4280 721 4541 767 moran.

2619 785 2718 851 12.
2765 784 2854 852 Et
2895 791 3079 852 erunt
3118 786 3291 853 vobis
3329 786 3519 853 urbes
3559 787 3709 853 illae
3748 787 3822 852 in
3879 787 4200 870 refuqium
4237 788 4546 870 apropin-

2612 891 2748 952 quo,
2795 878 2854 937 et
2893 892 3017 938 non
3047 874 3353 939 morietur
3385 873 3715 952 homicida,
3758 873 3945 938 donec
3986 874 4224 939 steterit
4254 874 4387 954 ipse
4421 879 4547 939 ante

2612 1043 2787 1109 aaut
2720 959 3016 1111 &⁶3⁹ss
3055 960 3271 1110 urbi?
3279 957 3970 1111 rmiqiueffcntlgbtff
4010 958 4553 1110 ⁶⁵1⁶4⁸⁶riizfffi

2612 1093 2863 1195 dabitis’
2889 1131 3053 1196 citra
3097 1067 3490 1210 Iordaneihy,²
3509 1136 3568 1196 et
3604 1136 3735 1197 tres
3773 1094 3963 1197 urbes
3999 1095 4238 1196 dabitis
4278 1131 4347 1193 in
4396 1135 4552 1198 terra

2618 1214 2959 1281 Chanaan:
2998 1217 3183 1283 urbes
3222 1218 3463 1302 refuqii
3505 1222 3702 1283 erunt.
3794 1215 3896 1283 15.
3960 1215 4159 1283 Filiis
4218 1214 4427 1282 Israel
4441 1267 4455 1295 ,
4503 1222 4553 1282 et

2606 1302 2956 1386 pereas-inc,
2998 1306 3054 1367 et
3095 1304 3327 1369 incolae
3368 1305 3438 1368 in
3481 1303 3685 1369 medio
3730 1323 3962 1383 eorum,
4009 1307 4194 1369 erunt
4235 1321 4347 1367 sex
4387 1302 4554 1368 urbes

2612 1386 2762 1452 illae
2794 1388 2867 1453 in
2899 1387 3233 1472 refuqium,
3280 1395 3353 1455 ut
3382 1389 3593 1472 fuqiat
3628 1389 3779 1455 illuc
3811 1390 4161 1470 quicunque
4184 1389 4555 1471 percusserit

2612 1472 2882 1555 aliquem
2917 1495 3036 1555 per
3073 1494 3361 1540 errorem.
3455 1475 3554 1541 16.
3605 1472 3682 1539 Si
3723 1476 4140 1540 instrumento
4183 1474 4388 1557 ferreo
4418 1495 4555 1555 per-

2612 1560 2880 1625 cusserit
2913 1580 3074 1636 eum,
3113 1566 3171 1625 et
3193 1566 3475 1626 mortuus
3507 1560 3723 1643 fuerit,
3759 1559 4073 1626 homicida
4099 1565 4223 1626 est.-
4254 1560 4557 1627 moriendo

2611 1645 2908 1709 morietur
2949 1645 3279 1712 homicida.
3373 1647 3474 1712 17.
3532 1645 3610 1713 Si
3664 1666 3809 1712 vero
3867 1645 4078 1728 lapide
4130 1666 4393 1723 manus,
4450 1667 4558 1729 quo

2609 1730 2949 1812 moriatur,
3000 1733 3388 1812 percusserit
3426 1752 3595 1810 eum,
3643 1736 3700 1797 et
3740 1737 4026 1798 mortuus
4067 1731 4266 1815 fuerit
4280 1782 4297 1811 ,
4374 1731 4558 1797 homi-

2609 1817 2756 1882 cida
2799 1823 2924 1882 est.-
2963 1817 3274 1884 moriendo
3339 1819 3639 1884 morietur
3694 1818 4026 1885 homicida.
4119 1818 4219 1885 18.
4285 1820 4422 1883 Aut
4471 1818 4559 1883 in-

2608 1907 2943 1968 strumento
2975 1902 3177 1987 liqneo
3208 1925 3459 1982 manus,
3494 1925 3615 1986 quo
3636 1903 3965 1982 moriatur,
3990 1904 4381 1986 percusserit
4413 1924 4559 1983 euin,

2610 1992 2667 2053 et
2699 1990 3029 2069 moriatur,
3063 1988 3381 2056 homicida
3407 1996 3532 2063 est:
3563 1991 3886 2056 moriendo
3920 1990 4225 2057 morietur
4240 1989 4557 2056 homicida.

2612 2074 2712 2140 19.
2757 2073 3162 2157 Propinqms
3203 2077 3539 2159 sanquinis
3579 2078 3717 2156 ipse
3770 2075 4104 2157 interficiet
4156 2075 4555 2142 homicidam:

2609 2180 2804 2243 quum
2836 2162 2972 2243 ilvse
3006 2161 3347 2226 obviaverit
3396 2160 3517 2240 illi,
3568 2162 3706 2243 ipse
3761 2161 4085 2244 interficiet
4115 2183 4273 2228 eum.
4343 2162 4444 2228 20.
4492 2160 4559 2229 Si

2597 2266 2721 2328 per
2763 2247 2995 2325 odium,
3040 2248 3321 2328 inquam,
3364 2247 3690 2331 impulerit
3722 2268 3880 2329 eum,
3926 2253 4042 2314 aut
4070 2250 4416 2330 proiecerit
4452 2248 4557 2314 ali-

2609 2332 2764 2414 quid
2804 2335 2876 2397 in
2916 2353 3059 2399 eum
3088 2354 3213 2413 per
3253 2334 3548 2414 insidias,
3592 2339 3649 2399 et
3687 2339 3974 2400 mor-tuus
4001 2335 4217 2417 fuerit,
4285 2335 4393 2401 21.
4438 2336 4561 2400 Aut

2599 2439 2724 2501 per
2764 2417 3172 2484 inimicitiam
3202 2420 3588 2501 percusserit
3628 2440 3769 2486 eum
3813 2440 4009 2486 manu
4049 2440 4173 2486 sua
4186 2471 4201 2497 ,
4258 2426 4559 2487 mortuus·

2610 2525 2729 2587 que
2756 2505 2987 2587 fuerit:
3029 2506 3345 2572 moriendo
3377 2506 3691 2604 morietur·
3696 2526 4057 2605 percussor,
4101 2505 4420 2573 homicida
4450 2511 4560 2572 est:

2598 2591 4163 2776 mfflcmaiff'miffiifflmfflfflss
4198 2611 4560 2745 ‘immi-³⁶

2610 2762 2933 2843 impulerit
2973 2784 3147 2843 eum,
3203 2764 3299 2829 vel
3329 2765 3667 2845 proiecerat
3707 2764 3779 2830 in
3820 2785 3961 2829 eum
4018 2764 4290 2846 quodvis
4332 2766 4557 2831 instuc-

2608 2854 2879 2914 mentum
2938 2847 3170 2931 absque
3226 2850 3504 2927 insidiis,
3594 2849 3697 2915 23.
3757 2852 3897 2915 Aut
3951 2852 4231 2933 quemvis
4290 2850 4559 2939 lapidem

2609 2954 2730 3016 quo
2773 2936 3084 3002 moriatur
3125 2956 3307 3017 quem
3355 2936 3546 3018 prius
3600 2956 3727 3001 non
3779 2936 4049 3013 videbat,
4109 2941 4167 3003 et
4204 2937 4430 3003 cadere
4478 2937 4560 3019 fe-

2608 3020 2759 3087 cerit
2800 3039 2994 3102 super
3025 3020 3210 3089 illum
3251 3027 3650 3105 mortuusque
3688 3023 3919 3106 fuerit,
3977 3028 4036 3088 et
4090 3024 4227 3106 ipse
4272 3043 4398 3090 non
4438 3025 4559 3090 orat

2614 3109 2673 3173 ei
2710 3107 3011 3173 inimicus
3029 3158 3043 3187 ,
3104 3128 3300 3191 neque
3342 3109 3677 3190 quaerebat
3715 3108 3957 3176 malum
3991 3110 4148 3189 eius,
4235 3110 4346 3175 24.
4395 3110 4559 3176 Tunc

2609 3192 2916 3260 iudicabit
2956 3195 3343 3280 conyreqatio
3384 3196 3547 3260 inter
3576 3215 4011 3277 percussorem
4051 3201 4111 3261 et
4134 3197 4559 3279 propinquum

2608 3280 2947 3363 sanquinis
2987 3281 3325 3346 secundum
3364 3281 3611 3347 iudicia
3664 3283 3810 3348 ista.
3900 3280 4005 3347 25.
4063 3276 4152 3347 Et
4206 3287 4383 3349 eruet
4434 3301 4559 3349 con·

2605 3366 2884 3449 qreqatio
2936 3364 3312 3433 homicidam
3353 3388 3387 3432 e
3441 3386 3638 3432 manu
3687 3367 4038 3451 propinqui
4092 3367 4461 3453 sanquinis,
4509 3369 4558 3433 d
4599 3381 4607 3388 '

2607 3452 2841 3516 reverti
2878 3450 3068 3533 faciet
3125 3472 3265 3517 eum
3319 3454 3706 3536 conqreqatio
3760 3455 3848 3521 ad
3900 3454 4114 3519 urbem
4168 3455 4414 3539 refuqii
4463 3452 4557 3520 sui

2608 3539 2696 3604 ad
2739 3556 2929 3618 quam
2980 3538 3369 3621 confuqerat:
3414 3537 3843 3622 habitabitque
3880 3539 3952 3606 in
3995 3559 4071 3605 ea
4117 3539 4310 3608 donec
4342 3540 4557 3607 moria-

2606 3628 2715 3689 tur
2755 3622 3046 3689 sacerdos
3099 3644 3368 3707 maynus
3429 3625 3543 3706 qui
3605 3631 3832 3691 unctus
3872 3630 3963 3690 est
4013 3624 4138 3691 oleo
4192 3626 4552 3692 sanctitatis.

2608 3710 2714 3776 26.
2768 3709 2944 3790 Quod
2984 3709 3047 3775 si
3085 3710 3449 3793 eqrediendo
3493 3730 3779 3794 eqressus
3830 3710 4028 3793 fuerit
4075 3711 4394 3779 homicida
4447 3717 4553 3776 ter·

2608 3796 2854 3861 minum
2895 3795 3078 3861 urbis
3119 3796 3359 3880 refuqii
3399 3798 3509 3862 sui
3550 3797 3636 3863 ad
3677 3817 3871 3879 quam
3903 3797 4298 3881 confuqerat:
4340 3798 4443 3863 27.
4478 3795 4555 3862 Et

2609 3881 2916 3947 invenerit
2991 3901 3133 3947 eum
3200 3883 3605 3964 propinquus
3680 3885 4018 3967 sanquinis
4093 3889 4276 3950 extra
4351 3883 4552 3949 temti-

2610 3987 2765 4034 num
2804 3966 2987 4033 urbis
3025 3967 3263 4051 refuqii
3304 3969 3422 4045 sui,
3471 3973 3655 4051 atque
3697 3969 3987 4035 occiderit
4017 3969 4425 4053 propinquus
4456 3968 4554 4034 ille

2609 4054 3022 4119 homicidam:
3061 4075 3185 4119 non
3226 4054 3346 4120 erit
3385 4053 3685 4121 obnoxius
3727 4057 3934 4120 morti.
4024 4054 4129 4120 28.
4177 4054 4267 4121 In
4322 4056 4553 4121 civitate

2608 4140 2775 4205 enim
2830 4139 3068 4223 refuqii
3120 4139 3228 4205 sui
3282 4139 3588 4206 habitabit
3655 4141 3848 4207 donec
3910 4142 4222 4207 moriatur
4277 4140 4555 4208 sacerdos

2610 4245 2904 4308 maqnus:
2960 4229 3369 4308 posteaquam
3419 4231 3629 4327 autem
3682 4231 3966 4328 mor-tuus
4012 4227 4210 4310 fuerit
4272 4227 4553 4328 sacerdos

2609 4331 3123 4463 Zangwieswffl
3178 4310 3804 4464 erunthqg‘tbmssssbi?
3828 4399 3900 4464 in
3968 4333 4304 4464 statutss'is
4338 4396 4551 4465 mccii

2599 4504 2723 4567 per
2775 4483 3196 4566 yenerationes
3262 4490 3536 4563 vestras,
3591 4485 3662 4550 in
3720 4484 4008 4551 omnibus
4072 4484 4548 4551 habitationibus

2608 4571 2850 4635 vestris.
2941 4568 3043 4634 30.
3096 4569 3456 4653 Quicunque
3492 4571 3876 4652 percusserit
3929 4571 4233 4654 alim,
4276 4573 4367 4638 ad
4420 4590 4547 4635 ver-

2609 4654 2755 4720 bum
2796 4656 3047 4722 testium
3087 4656 3313 4722 occidet
3353 4657 3759 4723 homicidam:
3804 4656 3976 4723 solus
4017 4658 4186 4722 enim
4224 4659 4403 4723 testis
4435 4673 4548 4721 non

2608 4740 3033 4822 testificabitur
3073 4742 3145 4806 in
3187 4743 3470 4808 animam
3509 4747 3582 4807 ut
3620 4743 3946 4808 moriatur.
4035 4742 4140 4808 31.
4203 4743 4417 4825 Neque
4456 4758 4546 4806 ac·

2606 4828 2851 4908 cipietis
2884 4828 3161 4909 pretium
3202 4849 3329 4911 pro
3391 4828 3611 4893 anima
3666 4828 4010 4896 homicidae
4062 4829 4178 4911 qui
4232 4834 4324 4894 est
4375 4826 4541 4895 scele-

2604 4918 2816 4991 ratuS,
2857 4918 2929 4979 ut
2973 4913 3314 4978 moriatur.-
3367 4915 3479 4979 sed
3523 4915 3840 4980 moriendo
3879 4914 4199 4981 morietur.
4280 4914 4385 4980 32.
4432 4909 4545 4978 Sed

2604 5000 3073 5151 Μ...
3100 5000 3385 5152 m
3530 4999 4408 5154 mausum

2602 5170 2828 5236 cerdos.
2892 5170 2992 5236 33.
3040 5170 3132 5236 Et
3185 5191 3309 5236 non
3348 5171 3647 5254 polluetis
3701 5177 3938 5237 terram
3992 5174 4061 5238 in
4103 5193 4233 5255 qua
4279 5170 4537 5256 fueritis,

2603 5256 2760 5337 quia
2786 5259 3052 5340 sanquis
3077 5258 3192 5323 iste
3216 5257 3459 5338 polluet
3489 5263 3751 5324 terram:
3784 5278 3979 5341 neque
4003 5264 4173 5325 terra
4194 5256 4537 5341 apiacum

2592 5346 2854 5422 propter
2916 5343 3286 5426 sanquinem
3347 5345 3457 5426 qui
3520 5345 3757 5427 effusus
3819 5349 3909 5410 est
3972 5344 4046 5411 in
4113 5365 4188 5414 ea
4253 5344 4534 5424 nisiper
