4867 6150
343 450 463 517 257

342 643 587 706 functos
644 647 908 722 putent:
975 638 1127 722 quia
1181 638 1314 704 tale
1371 638 1723 705 divortium
1791 661 1925 704 non
1991 639 2283 704 admittit

343 728 568 875 Deus,2
594 727 705 808 qui
751 745 887 790 non
942 726 1160 790 minus
1219 724 1428 791 furari
1470 726 1690 792 vetuit
1743 746 1939 809 quam
1988 724 2282 793 occidere

399 832 489 878 ac.
572 862 588 892 ,
626 813 704 876 11
740 862 755 876 .

338 813 400 901 (Ι
507 811 843 974 Deut.)30‚
885 896 983 961 11.
1035 895 1443 980 Praeceptum
1483 898 1594 964 hoo
1634 898 1814 981 quod.
1900 895 2087 962 Haec
2130 917 2282 962 sen-

339 984 537 1051 tentia
594 986 931 1067 proximae
987 983 1221 1048 similis
1265 994 1398 1062 est,
1465 1003 1541 1049 ac
1607 985 1677 1049 in
1737 982 2017 1050 eundem
2077 983 2278 1048 finem

337 1068 570 1136 tendit:
631 1070 843 1153 legem
910 1073 1084 1135 enim
1133 1091 1172 1133 a
1215 1069 1527 1136 facilitate
1570 1069 1984 1136 commendat
2027 1068 2277 1134 Moses:

334 1157 480 1240 quia
517 1177 645 1221 non
684 1157 990 1239 ambages
1028 1155 1131 1221 vel
1168 1157 1539 1239 aenigmata
1573 1156 1708 1222 illic
1731 1167 2051 1240 proponat
2073 1154 2277 1234 Deus,

334 1251 405 1309 ut
443 1263 795 1323 suspensos
841 1250 1064 1306 teneat
1131 1243 1411 1320 animos,
1466 1242 1573 1307 vel
1633 1241 2087 1325 disquisitione
2143 1251 2276 1306 tor-

330 1340 555 1411 queat:
601 1329 717 1394 sed
758 1348 877 1412 pro
921 1337 1115 1410 captu
1159 1327 1447 1411 adeoque
1491 1328 1779 1393 ruditate
1822 1326 2043 1412 populi
2087 1326 2277 1391 fami-

329 1416 575 1480 liariter
620 1414 843 1480 doceat
889 1412 1202 1498 quidquid
1246 1435 1412 1497 opus
1446 1427 1563 1479 est.
1623 1412 1781 1480 Ideo
1817 1413 1994 1498 apud
2029 1412 2273 1477 Isaiam

327 1499 452 1588 (45,
500 1499 628 1587 19).
698 1499 955 1565 ludaeis
998 1498 1348 1583 exprobrat
1393 1498 1565 1584 quod
1602 1501 1672 1564 in
1716 1499 2007 1566 tenebris
2052 1499 2273 1582 vagati

326 1590 473 1664 sint,
521 1608 742 1651 corum
791 1586 1120 1670 pravitate
1163 1596 1229 1650 et
1272 1585 1563 1652 socordia
1596 1587 1839 1653 factum
1884 1606 2058 1650 esse:
2118 1585 2274 1668 quia

323 1693 453 1738 non
498 1675 571 1737 in
617 1672 994 1741 abscondito
1039 1673 1347 1754 loquutus
1390 1682 1567 1753 erat,
1634 1693 1755 1738 nec
1797 1673 2043 1737 frustra
2087 1670 2276 1736 dixe«

321 1770 424 1825 rat
464 1760 703 1825 semini
745 1758 972 1826 Iacob:
1020 1758 1335 1836 Quaerite
1377 1780 1501 1824 me.
1589 1758 1722 1825 Hic
1767 1770 1986 1824 autem
2031 1777 2143 1822 eos
2187 1755 2270 1822 ad

320 1844 702 1912 discendum
747 1846 989 1910 invitat
1034 1846 1279 1910 Moses:
1349 1847 1502 1928 quia
1560 1845 1738 1911 facili
1796 1856 1863 1909 et
1918 1844 2096 1909 clara
2154 1844 2269 1908 do-

317 1932 509 1997 cendi
554 1933 808 1997 ratione
852 1941 1005 1997 ante
1049 1932 1269 1996 oculos
1316 1933 1529 2013 posita
1571 1952 1705 1996 non
1766 1933 1902 1997 sint
1944 1929 2269 2013 perdituri

313 2039 602 2102 operam.
676 2017 939 2083 Scimus
983 2017 1159 2083 enim
1206 2016 1491 2082 desidiae
1535 2018 1968 2101 patrocinium
2007 2015 2159 2080 inde
2195 2025 2297 2080 ut·

314 2104 674 2187 plurimum
721 2103 976 2186 quaeri,
1034 2103 1090 2167 si
1144 2104 1216 2166 in
1272 2102 1466 2167 rebus
1523 2101 1869 2186 profundis
1934 2112 2000 2167 et
2044 2101 2268 2167 arduis

313 2211 601 2276 magnus
646 2189 857 2268 labor,
927 2190 1174 2271 absque
1233 2209 1471 2274 magno
1526 2189 1851 2272 profectu,
1909 2187 2269 2254 sumendus

312 2276 416 2342 sit.
513 2275 671 2341 Ideo
714 2284 913 2360 negat
956 2276 1177 2340 Moses
1222 2275 1433 2359 legem
1478 2296 1620 2341 esse
1664 2275 2010 2341 obscuram
2054 2274 2126 2337 in
2162 2295 2268 2339 cu-

311 2362 413 2427 ius
436 2362 666 2429 studio
689 2375 948 2445 praeter
968 2361 1236 2427 modum
1261 2360 1522 2444 fatigari
1547 2371 1870 2445 oporteat:
1909 2360 2024 2426 sed
2047 2360 2266 2425 Deum

311 2448 446 2515 illic
492 2448 808 2530 explicite
864 2456 931 2513 et
990 2447 1293 2514 distincte
1337 2447 1545 2530 loqui,
1604 2467 1723 2512 nec
1781 2446 1959 2512 aliud
2023 2447 2266 2529 requiri

309 2556 506 2617 quam
561 2542 637 2598 ut
681 2533 1088 2618 diligentiam
1136 2533 1513 2599 adhibeant.
1589 2533 1798 2598 Porro
1843 2534 1935 2597 ita
1977 2531 2109 2596 illis
2144 2531 2268 2596 eri-

307 2621 403 2703 pit
423 2620 848 2705 ignorantiae
867 2628 1303 2703 praetextum,
1348 2620 1501 2702 quia
1535 2621 1603 2684 in
1642 2628 1827 2683 tanta
1862 2619 2008 2684 luce
2046 2638 2266 2683 errare

306 2715 667 2790 nequeant,
733 2707 862 2771 nisi
927 2713 1160 2789 sponte
1218 2705 1668 2780 caecutiendo‚
1738 2705 1838 2770 vel
1906 2700 2267 2771 claudendo

306 2793 558 2858 oculos.
648 2792 841 2858 Unde
896 2795 1097 2857 etiam
1162 2792 1532 2876 colligimus
1576 2811 1769 2875 quam
1815 2792 2017 2875 impie
2061 2789 2265 2855 blate-

302 2887 455 2944 rent
500 2878 802 2961 papistae
845 2879 1240 2961 scripturam
1298 2877 1519 2943 densis
1565 2876 1853 2943 tenebris
1896 2897 2039 2942 esse
2095 2875 2264 2942 obsi·

303 2973 461 3045 tam,
532 2974 599 3028 et
654 2983 850 3048 quam
908 2963 1203 3048 improbe
1259 2963 1343 3028 ab
1401 2964 1542 3029 eius
1597 2984 1895 3043 accessu,
1952 2974 2263 3046 tanquam

300 3050 680 3137 labyrinthi
725 3052 940 3116 nescio
986 3052 1191 3126 cuius,
1236 3049 1495 3135 plebem
1538 3059 1822 3116 arceant.
1914 3049 2114 3116 Certe
2149 3059 2266 3116 aut

302 3137 622 3221 spiritum
689 3148 990 3204 sanctum
1008 3187 1024 3218 ,
1093 3137 1203 3221 qui
1275 3137 1417 3203 eius
1482 3136 1844 3203 claritatem
1919 3145 2264 3220 tantopere

304 3224 568 3302 asserit,
619 3222 941 3288 mendacii
977 3233 1341 3307 coarguant
1370 3233 1645 3306 oportet,
1691 3234 1806 3287 aut
1840 3222 2026 3287 illam
2063 3223 2263 3287 sacri-

303 3309 452 3395 lego
525 3309 825 3377 convicio
894 3310 1238 3375 infamant.
1352 3308 1546 3390 Quod
1626 3310 1683 3374 si
1752 3311 1955 3375 veteri
2023 3309 2263 3392 populo

302 3396 624 3481 adempta
667 3396 790 3460 fuit
831 3397 1186 3476 excusatio,
1233 3396 1360 3462 nisi
1403 3395 1547 3478 lege
1584 3395 1901 3479 magistra
1944 3403 2012 3459 et
2055 3394 2265 3460 direc-

301 3486 467 3548 trice
517 3483 696 3547 viam
742 3490 1015 3562 teneret,
1066 3482 1165 3548 bis
1208 3490 1275 3546 et
1319 3491 1420 3547 ter
1461 3481 1851 3547 damnabilis
1896 3488 1998 3546 est
2042 3489 2264 3546 nostra

301 3568 629 3646 socordia,
676 3568 804 3633 nisi
846 3571 917 3632 in
977 3568 1354 3652 evangelio,
1417 3569 1525 3633 ubi
1572 3566 2081 3632 inaestimabiles
2125 3587 2262 3631 om·

299 3656 407 3719 nis
452 3654 824 3739 sapientiae
869 3653 1212 3720 thesauros
1258 3655 1440 3720 Deus
1485 3655 1759 3736 aperuit,
1816 3664 2136 3736 quantum
2181 3652 2262 3717 ad

299 3739 593 3805 salutem
639 3741 801 3806 satis
843 3750 961 3817 est,
1006 3740 1409 3825 proficimus.
1456 3740 1815 3823 Perperam
1863 3759 2016 3805 vero
2059 3749 2127 3802 et
2160 3738 2262 3802 in-

299 3828 466 3893 scite
516 3828 735 3892 locum
783 3826 960 3892 hunc
1004 3828 1337 3910 sophistae
1373 3827 1699 3909 arripiunt
1733 3825 1814 3890 ad
1852 3824 2259 3909 probandum

299 3912 594 3979 liberum
659 3911 1026 3977 arbitrium.
1127 3913 1344 3997 Negat
1397 3913 1621 3978 Moses
1687 3922 2031 3996 praecepta
2096 3912 2261 3996 legis

295 4020 445 4065 esse
493 4019 702 4081 supra
743 4020 883 4064 nos.
943 3997 1169 4080 Quid?
1220 4005 1324 4064 An
1371 4010 1449 4063 ut
1491 4019 1716 4064 eorum
1759 3998 2127 4065 observatio
2162 3999 2259 4064 vi·

295 4086 490 4152 ribus
538 4086 783 4150 nostris
826 4085 1117 4151 subiecta
1161 4084 1293 4150 sit?
1385 4085 1580 4150 Certe
1641 4085 1804 4150 nihil
1852 4086 1981 4150 tale
2025 4094 2264 4149 sonant

291 4172 545 4236 verba:
609 4191 822 4254 neque
881 4193 963 4235 ex
1021 4171 1164 4236 eius
1233 4171 1508 4236 consilio
1571 4172 1698 4235 rite
1762 4191 2053 4254 expenso
2115 4170 2263 4236 elici

291 4268 522 4340 potest
572 4257 680 4322 hic
724 4278 974 4324 sensus.
1042 4258 1327 4321 Tantum
1375 4256 1549 4320 enim
1596 4255 1876 4322 Iudaeos
1913 4257 2162 4342 animat
2199 4265 2263 4321 et

291 4343 564 4410 alacres
600 4365 742 4409 esse
765 4344 946 4409 iubet
983 4343 1147 4428 legis
1183 4342 1569 4425 discipulos:
1610 4345 1761 4426 quia
1795 4344 1986 4408 facile
2021 4342 2262 4408 intelli·

292 4443 463 4514 gent
512 4428 831 4512 quidquid
877 4451 915 4493 a
960 4430 1102 4494 Deo
1146 4428 1281 4495 illic
1328 4430 1742 4512 praecipitur.
1832 4430 2035 4512 Atqui
2071 4429 2267 4513 longe

293 4516 482 4581 aliud
560 4527 661 4580 est
728 4515 1105 4597 praestandi
1180 4515 1456 4580 facultas
1536 4537 1728 4598 quam
1808 4516 2263 4599 intelligentia.

293 4601 499 4667 Adde
549 4598 720 4684 quod
747 4601 993 4667 Paulus
1036 4600 1255 4686 (Rom.
1299 4601 1400 4681 10,
1445 4599 1513 4688 8)
1556 4602 1769 4667 locum
1806 4601 1987 4666 hunc
2021 4602 2268 4684 optima

293 4691 576 4752 ratione
655 4687 735 4751 ad
795 4687 1212 4770 evangelium
1272 4687 1750 4754 accommodat:
1823 4688 1975 4770 quia
2033 4687 2267 4753 doctri-

292 4795 458 4839 nam
510 4776 726 4856 ipsam
785 4783 1007 4838 mente
1065 4774 1622 4858 comprehendere
1681 4774 1846 4838 nihil
1909 4773 2265 4856 prodesset,

292 4862 431 4926 nisi
476 4859 823 4925 accederet
866 4860 1240 4925 reverentia
1289 4869 1356 4924 et
1403 4862 1576 4926 seria
1629 4859 1973 4926 obediendi
2033 4859 2267 4925 volun-

291 4959 419 5012 tas.
475 4944 709 5013 Sumit
744 4957 965 5012 autem
1003 4968 1120 5030 pro
1156 4946 1470 5022 confesse,
1509 4946 1670 5012 adeo
1716 4967 1842 5012 non
1882 4968 2023 5011 esse
2059 4945 2270 5010 nostri

291 5033 579 5098 arbitrii
636 5042 812 5098 recte
872 5033 1067 5111 velle,
1122 5041 1196 5097 ut
1253 5054 1337 5096 ne
1396 5032 1478 5098 ad
1534 5033 1958 5117 cogitandum
2004 5032 2262 5116 quidem

292 5122 519 5184 simus
569 5118 806 5183 idonei.
895 5118 1090 5184 Unde
1131 5119 1464 5203 sequitur,
1521 5121 1732 5185 iacere
1791 5128 2104 5202 tanquam
2150 5118 2266 5182 fri-

295 5207 537 5270 volum
602 5214 668 5270 et
727 5205 806 5269 de
863 5205 1074 5269 nihilo
1124 5204 1368 5271 dictum
1439 5207 1606 5289 quod
1666 5206 1776 5271 hic
1830 5205 2140 5283 habetur,
2210 5205 2266 5269 si

291 5289 705 5374 simpliciter
748 5292 1063 5374 accipitur
1107 5291 1188 5356 de
1230 5292 1393 5376 lege.
1483 5292 1687 5357 Aliud
1745 5294 1939 5356 etiam
2000 5291 2270 5374 respicit

294 5378 590 5452 Paulus,
655 5378 809 5461 quia
857 5378 966 5442 lex
1012 5376 1368 5460 perfectam
1411 5379 1734 5445 iustitiam
1778 5380 2011 5462 exigit,
2058 5399 2097 5442 a
2152 5397 2264 5441 ne-

517 5477 751 5535 Galvini
776 5495 964 5550 opera.
1039 5481 1157 5537 Vol.
1197 5478 1429 5535 XXIV.

1818 450 2354 518 PRAEFATIO
2390 452 2492 519 IN
2537 453 2886 521 LEGEM.

4208 458 4337 526 258

2386 643 2563 708 mine
2605 644 2982 709 mortalium
3028 663 3218 726 posse
3253 665 3403 710 cum
3447 644 3666 710 fructu
3710 665 3857 711 eam
3894 645 4110 729 recipi.
4159 646 4334 714 Nam

2385 738 2464 793 ut
2507 730 2654 812 quis
2698 727 2842 795 Deo
2885 749 3118 813 parere
3160 729 3443 808 studeat,
3489 730 3682 819 longe
3727 740 3950 797 tamen
3992 752 4254 816 semper
4296 754 4339 800 a

2383 815 2784 897 perfectione
2821 816 3057 881 aberit:
3097 815 3371 900 ideoque
3405 815 3485 882 ad
3523 817 3939 902 evangelium
3968 819 4192 884 venire
4229 840 4344 885 ne-

2383 922 2564 967 cesse
2600 912 2717 983 est,
2754 902 2822 966 in
2859 922 2987 984 quo
3021 901 3284 968 laxatur
3317 903 3497 987 rigor
3533 902 3672 969 ille:
3712 905 3868 988 quia
3889 900 4339 971 intercedente

2385 988 2578 1053 venia
2614 987 2961 1053 obediendi
2998 988 3324 1067 voluntas,
3371 988 3603 1073 plenae
3646 988 4058 1055 obedientiae
4101 991 4338 1069 instar,

2380 1071 2528 1138 Deo
2550 1084 2743 1157 grata
2763 1083 2880 1139 est.
2917 1074 3176 1139 Insistit
3197 1076 3375 1139 enim
3400 1075 3648 1141 Paulus
3672 1076 3744 1140 in
3767 1084 4098 1159 postremo
4109 1097 4334 1155 versu,

2381 1180 2584 1243 prope
2643 1181 2789 1225 esse
2830 1163 3104 1225 verbum
3150 1161 3220 1225 in
3262 1181 3376 1226 ore
3420 1169 3488 1226 et
3532 1159 3744 1242 corde,
3804 1170 3880 1227 ut
3914 1163 4192 1246 populus
4249 1161 4341 1228 il-

2381 1243 2497 1310 lud
2539 1253 2848 1328 praestet.
2937 1244 3071 1310 Iam
3132 1254 3387 1313 constat
3443 1246 3637 1313 corde
3680 1247 4020 1313 hominum
4076 1248 4341 1331 lapidea

2378 1351 2539 1409 esse,
2606 1341 2675 1397 et
2716 1332 3190 1398 contumaciter
3231 1331 3364 1417 legi
3407 1331 3781 1398 adversari:
3836 1334 3911 1398 in
3970 1333 4115 1418 lege
4173 1354 4333 1400 vero

2378 1416 2525 1499 ipsa
2567 1417 2824 1483 literam
2871 1417 3193 1483 duntaxat
3237 1426 3563 1484 mortuam
3607 1429 3676 1484 et
3717 1418 4121 1484 mortiferam
4175 1441 4332 1486 con-

2379 1503 2595 1568 tineri.
2642 1502 2992 1585 Quomodo
3035 1505 3238 1588 igitur
3281 1502 3500 1570 sedem
3538 1505 3607 1569 in
3644 1504 3837 1571 corde
3873 1506 4146 1572 haberet
4189 1506 4336 1570 lite-

2376 1589 2537 1654 ralis
2583 1588 2919 1656 doctrina?
2967 1588 3162 1671 Quod
3208 1590 3266 1656 si
3309 1588 3496 1656 Deus
3538 1591 3774 1673 spiritu
3819 1591 4332 1676 regenerationis

2376 1675 2769 1757 pravitatem
2815 1675 3028 1742 cordis
3072 1676 3378 1760 corrigat,
3437 1696 3513 1740 ac
3556 1676 3861 1742 duritiem
3910 1677 4160 1741 molliat
4206 1678 4332 1745 hoc

2376 1782 2509 1826 non
2554 1761 2721 1846 legis
2766 1771 2868 1827 est
2910 1762 3025 1827 sed
3070 1762 3391 1847 evangelii
3437 1763 3795 1847 proprium.
3864 1762 4119 1828 Deinde
4176 1763 4353 1846 quia-

2372 1847 2447 1912 in
2485 1847 2636 1913 filiis
2664 1849 2810 1928 Dei,
2854 1848 3052 1913 etiam
3089 1870 3173 1913 ex
3207 1868 3335 1931 quo
3371 1848 3653 1932 regeniti
3694 1856 3866 1930 sunt,
3901 1870 4160 1932 semper
4194 1870 4334 1915 ma-

2373 1946 2539 1998 nent
2604 1932 2903 2000 residuae
2969 1937 3185 2001 carnis
3247 1933 3659 2018 cupiditates,
3711 1956 3904 2000 nemo
3964 1935 4330 2019 reperietur

2373 2020 2753 2085 mortalium
2808 2020 2921 2104 qui
2975 2019 3186 2104 legem
3244 2020 3456 2086 faciat.
3557 2020 3641 2085 In
3699 2022 4045 2105 evangelio
4103 2032 4328 2086 autem

2371 2115 2648 2188 paterna
2709 2104 3125 2190 indulgentia
3184 2108 3414 2191 recipit
3474 2107 3655 2173 Deus
3711 2105 3881 2190 quod
3913 2110 3919 2119 ⁴
3950 2127 4082 2173 non
4141 2107 4323 2173 omni

2371 2212 2455 2256 ex
2504 2202 2690 2274 parte
2747 2192 3114 2257 absolutum
3183 2203 3300 2258 est.
3402 2194 3590 2260 Tunc
3649 2194 3855 2277 igitur
3920 2193 4182 2259 demum
4251 2193 4322 2258 in

2368 2276 2567 2343 corda
2606 2287 2954 2362 penetrare
2996 2278 3231 2362 incipit
3274 2278 3547 2345 verbum
3575 2279 3717 2356 Dei,
3764 2287 3831 2344 et
3862 2278 4109 2345 iustum
4148 2280 4320 2347 fruc·

2372 2371 2514 2427 tum
2557 2364 2625 2428 in
2672 2364 2808 2428 vita
2852 2362 3166 2446 proferre,
3218 2365 3326 2431 ubi
3363 2364 3672 2430 Christus
3722 2384 3872 2430 cum
3917 2365 4155 2447 spiritu
4202 2385 4322 2430 suo

2370 2458 2439 2514 et
2474 2450 2766 2534 gratuita
2802 2451 2996 2516 venia
3033 2450 3322 2534 affulget.
3370 2451 3604 2535 Itaque
3642 2451 3980 2517 verissime
4002 2449 4332 2518 concludit

2369 2535 2620 2602 Paulus
2676 2536 2801 2600 hoc
2860 2557 3002 2602 esse
3058 2535 3331 2601 verbum
3388 2537 3537 2602 fidei
3599 2536 3772 2620 quod
3840 2537 3914 2602 in
3987 2536 4330 2622 evangelio

2369 2621 2815 2704 praedicatur:
2884 2623 3038 2705 quia
3097 2643 3218 2688 nec
3276 2623 3629 2689 efficaciter
3688 2623 3795 2687 lex
3861 2622 4128 2689 adducit
4187 2624 4330 2688 Deo

2373 2707 2693 2786 homines,
2752 2716 2821 2773 et
2862 2709 3005 2773 eius
3051 2707 3421 2774 observatio
3463 2718 3733 2794 propter
3776 2730 4110 2774 summum
4156 2710 4331 2792 rigo-

2369 2815 2509 2858 rem
2557 2806 2657 2859 est
2699 2793 3141 2877 impossibilis.
3232 2794 3379 2860 Hoc
3423 2805 3644 2860 autem
3690 2794 3847 2859 novi
3891 2793 4171 2860 foederis
4215 2815 4332 2879 pe·

2370 2880 2617 2946 culiare
2661 2890 2761 2945 est
2808 2879 3212 2957 beneficium,
3259 2880 3472 2963 legem
3517 2880 3710 2947 scribi
3758 2881 3826 2945 in
3884 2880 4217 2960 cordibus,
4267 2887 4334 2944 et

2367 2964 2732 3032 visceribus
2796 2967 3109 3049 insculpi:
3183 2964 3418 3031 deinde
3484 2967 3733 3031 remitti
3790 2986 4091 3033 severam
4145 2965 4331 3030 illam

2370 3052 2801 3127 exactionem,
2849 3074 2932 3117 ne
2976 3053 3144 3118 vitia
3187 3052 3421 3136 quibus
3465 3051 3680 3119 adhuc
3724 3051 4026 3119 laborant
4080 3049 4331 3134 fideles,

2369 3138 2705 3206 obstaculo
2763 3139 2900 3203 sint
2958 3138 3308 3221 quominus
3351 3141 3495 3205 Deo
3539 3139 3798 3224 placeat
3839 3138 4074 3204 mutila
4118 3149 4188 3204 et
4231 3137 4332 3203 di-

2370 3225 2572 3290 midia
2617 3246 2842 3290 eorum
2888 3224 3280 3290 obedientia.

2940 3600 3058 3667 Ex
3105 3602 3411 3669 LEVI'I'.
3457 3602 3767 3710 XXVII..

2540 3775 2645 3840 34.
2693 3774 2869 3840 Haeo
2900 3779 3238 3857 praecepta
3295 3793 3455 3857 quae
3503 3774 3824 3856 praecepit
3866 3770 4100 3839 Iehova
4150 3770 4332 3839 Mosi

2365 3864 2454 3929 ad
2493 3860 2667 3942 filios
2712 3861 2921 3926 Israel
2965 3861 3037 3925 in
3080 3866 3279 3926 monte
3317 3859 3527 3926 Sinai.

3075 4254 3206 4320 Ex
3252 4252 3521 4319 Duum.
3568 4251 3622 4317 1.

2548 4430 2604 4493 1.
2666 4424 2841 4493 Haec
2881 4431 3025 4491 sunt
3067 4425 3251 4491 verba
3294 4444 3455 4506 quae
3496 4424 3785 4505 loquutus
3829 4426 3920 4487 est
3963 4419 4176 4486 Moses
4242 4422 4330 4488 ad

2368 4535 2609 4582 omnem
2654 4512 2955 4578 Israelem
2995 4517 3180 4577 trans
3214 4510 3554 4576 Iordanem
3593 4510 3667 4573 in
3708 4509 3961 4585 deserto,
4012 4508 4077 4572 in
4108 4507 4329 4588 plani-

2370 4602 2472 4682 tie,
2516 4622 2549 4666 e
2590 4600 2832 4683 regione
2878 4597 3075 4681 Suph,
3118 4600 3281 4662 inter
3310 4596 3534 4661 Paran
3575 4599 3631 4659 et
3658 4593 3950 4675 Thophel‚
3995 4598 4051 4659 et
4086 4594 4330 4676 Laban,

2371 4694 2429 4752 et
2472 4685 2815 4765 Haseroth,
2876 4691 2933 4751 et
2981 4683 3293 4751 Dizahab.
3398 4682 3457 4747 2.
3516 4681 3812 4748 Undeoim
3853 4681 3992 4747 dies
4047 4685 4193 4744 sunt
4250 4682 4328 4747 ab

2373 4773 2601 4851 Horeb,
2647 4771 2897 4836 itineris
2929 4769 3157 4837 montis
3205 4768 3367 4845 Seir,
3426 4787 3623 4848 usque
3666 4768 3752 4833 ad
3799 4766 3998 4832 Gades
4040 4763 4323 4833 Barnea.

2370 4860 2430 4924 3.
2481 4858 2643 4924 Fuit
2697 4864 2904 4923 autem
2960 4855 3438 4939 quadrayesimo
3480 4874 3679 4930 anno,
3738 4852 4061 4918 undecimo
4100 4872 4326 4930 mense,

2356 4946 2581 5027 prima
2622 4946 2871 5020 mensis,
2908 4944 3202 5024 loquutus
3234 4945 3324 5006 est
3346 4939 3559 5006 Moses
3594 4940 3680 5004 ad
3703 4938 3873 5020 filios
3897 4937 4110 5003 Israel
4141 4938 4326 5002 iuxta

2369 5033 2585 5098 omnia
2626 5050 2784 5111 quae
2818 5033 3221 5111 praeceperat
3244 5026 3474 5092 Iehova
3517 5028 3578 5091 ei
3620 5027 3706 5091 ad
3736 5026 3895 5090 illos
3964 5023 4024 5087 4.
4076 5021 4327 5088 Postea-

2369 5138 2559 5198 quam
2613 5120 3018 5196 percusserat
3087 5112 3288 5179 Sehon
3349 5133 3556 5196 reyem
3618 5109 4148 5177 Emorrhaeorum
4212 5110 4325 5191 qui

2369 5201 2686 5268 habitabat
2727 5202 2798 5267 in
2842 5200 3111 5275 Hesbon,
3156 5205 3214 5265 et
3264 5198 3357 5282 09
3397 5219 3598 5282 reyem
3632 5197 3881 5272 Basan,
3925 5195 4037 5276 qui
4078 5194 4324 5261 habita-

2369 5290 2474 5354 bat
2506 5290 2573 5353 in
2598 5286 2902 5352 Astaroth
2935 5288 3006 5351 in
3027 5284 3247 5351 Edrei.
3320 5283 3378 5350 5.
3426 5286 3636 5350 Trans
3672 5281 4031 5378 Iordanem·
4047 5281 4117 5344 in
4151 5286 4326 5348 terra

2373 5374 2567 5441 Moab
2613 5375 2838 5456 incepit
2873 5372 3082 5438 Moses
3125 5371 3471 5452 explanare
3513 5370 3698 5453 leyen
3740 5368 3916 5445 hanc,
3961 5365 4233 5433 dwendo.

3860 5467 3926 5521 17
