4867 6150
383 463 513 530 329

382 657 523 722 eius
577 657 688 738 qui
731 654 1069 738 profundit
1114 657 1365 737 fluxum
1403 677 1593 723 suum
1608 708 1624 735 ,
1681 657 1815 722 sive
1868 658 1955 722 sit
1993 658 2332 738 masculae,

381 744 514 809 sive
550 743 809 825 femina,
855 747 912 807 et
945 743 1074 807 viri
1115 743 1227 824 qui
1269 744 1594 809 dormierit
1634 763 1776 808 oum
1816 744 2162 809 immunda.

554 912 616 978 2.
677 908 1127 994 Unusquisque,
1185 934 1381 996 quum
1423 934 1626 980 semen
1683 915 1823 980 eius
1875 915 2110 995 defluet.
2199 917 2329 984 Hic

383 998 515 1065 alia
551 1018 797 1081 genera
831 1001 1462 1065 contaminationum
1501 1002 1783 1084 attingit,
1837 1003 1904 1066 in
1945 1002 2180 1085 quibus
2223 1024 2328 1068 re-

380 1084 666 1169 quiritur
723 1085 1011 1150 solennis
1061 1088 1386 1171 purgatio.
1478 1087 1575 1152 Ac
1630 1088 1840 1170 primo
1900 1087 2085 1154 docet
2152 1091 2329 1153 viros

379 1170 584 1254 pollui
643 1172 911 1236 seminis
969 1171 1189 1237 fluxu:
1258 1173 1368 1254 qui
1433 1171 1729 1237 bifariam
1791 1173 2143 1256 contingit,
2218 1175 2326 1241 vel

380 1278 580 1341 quum
626 1277 846 1321 semen
886 1258 1099 1338 ipsum
1145 1256 1378 1323 ebullit
1422 1278 1538 1341 per
1574 1259 1919 1337 somnium,
1965 1260 2071 1325 vel
2124 1282 2324 1344 quum

377 1342 692 1427 paulatim
764 1342 1070 1423 distillat,
1133 1364 1217 1408 ex
1291 1345 1515 1409 morbo
1590 1345 1701 1428 qui
1759 1345 2034 1411 Graecis
2088 1345 2327 1412 dicitur

375 1428 690 1514 γονόρῤοια.
728 1429 961 1494 Posset
982 1428 1242 1511 quidem
1269 1431 1479 1513 aptari
1506 1430 1666 1495 haec
1688 1429 2016 1514 appendix
2041 1429 2145 1518 (ut
2159 1430 2326 1518 dixi)

375 1516 456 1581 ad
493 1515 845 1597 septimum
883 1529 1321 1597 praeceptum,
1357 1517 1510 1599 quia
1540 1517 1800 1582 videtur
1837 1516 1942 1580 hic
1976 1520 2188 1583 omnis
2223 1519 2325 1582 in-

374 1602 726 1684 temperies
766 1601 1053 1665 libidinis
1089 1600 1416 1667 damnari:
1463 1623 1697 1669 verum
1737 1603 1793 1669 si
1828 1605 2092 1686 propius
2114 1614 2326 1669 atten-

376 1686 626 1759 dimus,
684 1687 790 1751 lex
850 1686 1179 1769 generalis
1226 1697 1328 1752 est
1371 1686 1451 1752 de
1507 1686 1779 1755 colenda
1821 1691 2137 1771 puritate,
2201 1711 2325 1756 nee

378 1772 461 1838 ad
502 1772 705 1838 solam
749 1772 1132 1855 pudicitiam
1188 1773 1498 1857 restringi
1557 1773 1766 1839 dehet.
1856 1775 2098 1840 Fluxio
2147 1777 2320 1840 enim

374 1880 460 1925 ex
505 1858 730 1923 morbo
775 1870 840 1922 et
876 1857 1241 1935 debilitate,
1289 1860 1414 1924 nisi
1458 1869 1794 1926 eontracta
1838 1863 1923 1924 sit
1962 1883 2043 1925 ex
2088 1861 2321 1925 immo-

375 1944 520 2010 dico
575 1945 840 2009 veneris
898 1966 1055 2021 usu,
1115 1944 1283 2009 nihil
1341 1965 1689 2011 commune
1745 1947 1947 2012 habet
1988 1968 2136 2012 cum
2184 1945 2325 2011 libi-

377 2031 528 2094 dine
572 2050 872 2096 venerea.
960 2029 1105 2095 Iam
1165 2030 1336 2114 quod
1394 2030 1589 2114 paulo
1655 2042 1803 2114 post
1844 2032 2184 2098 subiicitur
2241 2033 2321 2098 de

372 2117 731 2181 menstruis
788 2115 1175 2191 mulierum,
1234 2114 1509 2181 eandem
1559 2116 1756 2182 habet
1799 2119 2121 2183 rationem
2168 2140 2316 2184 cum

375 2203 522 2267 aliis
564 2201 867 2268 sordibus
913 2211 980 2265 et
1023 2203 1560 2285 inquinamentis.
1632 2202 1910 2269 Summa
1952 2205 2155 2288 igitur
2198 2215 2316 2281 est,

373 2289 644 2353 seminis
712 2288 1092 2353 eiectionem
1160 2289 1408 2354 censeri
1469 2289 1644 2353 inter
1700 2290 2092 2373 pollutiones
2151 2311 2316 2373 quae

370 2373 706 2440 Israelitas
748 2375 1061 2439 arcebant
1103 2375 1184 2440 ab
1228 2394 1489 2440 accessu
1533 2375 1955 2456 tabernaculi,
1999 2383 2068 2441 et
2100 2387 2315 2441 exter-

370 2481 458 2525 no
494 2461 617 2525 Dei
667 2459 868 2525 cultu.
955 2459 1243 2543 Ideoque
1286 2480 1547 2543 semper
1591 2460 1873 2526 tenenda
1928 2472 2028 2527 est
2070 2462 2314 2547 regula,

370 2546 683 2611 vitiosum
748 2566 891 2611 esse
955 2544 1270 2629 quidquid
1328 2547 1410 2611 ab
1455 2547 1720 2611 homine
1776 2548 2118 2612 immundo
2172 2568 2317 2631 pro·

368 2632 715 2708 ficiscitur,
763 2652 885 2697 nec
927 2651 1318 2714 quemquam
1362 2653 1432 2697 se
1475 2645 1589 2698 aut
1631 2653 1749 2697 sua
1791 2654 1978 2717 posse
2000 2634 2143 2699 Deo
2187 2635 2313 2699 rite

369 2718 623 2793 offerre,
669 2717 798 2782 nisi
841 2718 950 2799 qui
996 2717 1219 2782 anima
1261 2729 1328 2783 et
1369 2739 1565 2782 carne
1616 2740 1823 2802 purus
1873 2730 1975 2784 est
2023 2740 2097 2785 ac
2140 2720 2310 2784 inte-

368 2822 505 2887 ger.
555 2803 768 2869 Sicuti
804 2803 1054 2868 Paulus
1087 2800 1176 2889 (2.
1201 2804 1351 2869 Cor.
1378 2804 1435 2878 7,
1464 2802 1531 2890 1)
1568 2805 1761 2869 finem
1801 2815 1868 2870 et
1890 2826 2080 2871 usum
2114 2805 2310 2871 huius

367 2889 813 2954 caeremoniae
847 2889 1146 2971 explicat,
1187 2889 1344 2954 dum
1384 2891 1686 2955 hortatur
1721 2890 1945 2956 fideles
1968 2902 2044 2956 ut
2067 2893 2308 2975 recepti

365 2975 438 3038 in
471 2975 865 3057 peculiarem
900 2975 1024 3040 Dei
1061 2977 1373 3058 populum
1406 2976 1733 3042 mundent
1766 2998 1836 3042 se
1873 2980 1954 3041 ab
1990 2980 2169 3042 omni
2205 2981 2307 3042 in-

366 3061 792 3145 quinamento
824 3061 1045 3127 carnis
1080 3074 1148 3127 et
1191 3063 1480 3147 spiritus.
1569 3061 1780 3129 Porro
1819 3064 2306 3130 immunditiem

365 3148 666 3214 contrahi
711 3148 1117 3231 pronunciat,
1162 3169 1293 3213 non
1337 3148 1530 3213 modo
1573 3169 1776 3232 quum
1813 3170 2035 3215 semen
2074 3152 2308 3215 emitti-

365 3241 494 3312 tur,
541 3254 768 3299 verum
815 3233 870 3297 si
907 3245 1232 3298 retentum
1279 3234 1506 3299 fuerit:
1551 3256 1673 3301 nec
1717 3235 2049 3300 hominem
2086 3236 2308 3319 ipsum

364 3320 557 3384 modo
621 3318 839 3384 reddit
901 3320 1347 3398 immundum,
1420 3320 1533 3386 sed
1600 3321 1913 3405 quidquid
1980 3325 2306 3408 attigerit:

363 3414 444 3470 ut
487 3415 659 3483 sunt,
706 3405 929 3482 lectus,
973 3406 1165 3483 sella,
1210 3406 1594 3489 ephippium
1653 3409 1820 3490 equi,
1878 3409 2084 3474 vestis
2141 3423 2309 3474 stra-

364 3490 553 3575 gula:
617 3498 693 3556 ut
736 3493 934 3556 etiam
974 3490 1058 3556 ad
1103 3491 1264 3556 alios
1309 3496 1650 3576 perveniat
1698 3494 2016 3576 contagi0‚
2061 3495 2116 3559 si
2161 3494 2308 3577 quis

362 3576 436 3641 in
480 3576 704 3642 eodem
750 3588 955 3643 strato
996 3577 1292 3658 iacuerit,
1352 3578 1455 3643 vel
1501 3580 1900 3662 equitaverit
1938 3600 2138 3662 super
2181 3581 2308 3646 eis·

363 3662 513 3728 dem
558 3663 901 3746 ephippiis.
985 3663 1089 3728 Ita
1144 3663 1480 3729 horrorem
1515 3664 1809 3729 incutere
1854 3665 2064 3731 voluit
2104 3664 2309 3740 Deus,

361 3769 491 3833 quo
535 3750 746 3832 magis
789 3759 1007 3814 essent
1049 3750 1312 3815 solliciti
1351 3750 1434 3815 ad
1477 3751 1825 3834 fugiendas
1866 3750 2108 3817 sordes.
2174 3753 2308 3818 Ne-

364 3857 490 3919 que
526 3836 700 3900 enim
737 3835 988 3899 crimen
1026 3857 1142 3917 per
1177 3856 1248 3900 se
1284 3836 1665 3902 detestabile
1699 3836 1949 3912 fuisset.
1986 3838 2117 3902 nisi
2150 3860 2308 3922 qua·

363 3931 558 3986 tenus
623 3921 748 3986 hoc
808 3936 1081 3986 externo
1146 3923 1457 3987 exercitio
1525 3923 1632 3987 vel
1699 3921 1988 4006 symbolo
2045 3932 2309 3991 ostensa

363 4007 491 4072 fuit
533 4007 891 4089 spiritualis
926 4007 1201 4089 puritas.
1264 4006 1475 4074 Sicuti
1519 4008 1717 4073 etiam
1756 4009 2021 4074 Psalmo
2065 4010 2152 4075 24
2197 4031 2309 4074 ve·

362 4094 527 4158 ritas
588 4092 781 4157 huius
839 4093 1089 4176 figurae
1154 4093 1569 4159 describitur:
1648 4092 1817 4174 Quis
1873 4094 2181 4161 ascendet
2238 4097 2308 4161 in

362 4187 652 4244 montem
688 4177 1022 4243 Iehovae?
1082 4179 1187 4243 vel
1224 4182 1370 4262 quis
1413 4179 1775 4262 requiescet
1817 4182 1884 4244 in
1930 4183 2308 4248 sanctuario

364 4264 552 4330 eius?
617 4262 909 4329 Mundus
943 4265 1244 4330 manibus
1280 4276 1346 4331 et
1381 4265 1667 4331 mundus
1701 4267 1912 4332 corde.
1973 4268 2154 4351 Ergo
2196 4269 2307 4351 qui

361 4352 433 4416 in
471 4350 740 4417 seminis
774 4351 1065 4415 fluxione
1107 4350 1351 4416 nullius
1385 4351 1616 4434 culpae
1652 4352 1773 4417 sibi
1810 4353 2109 4419 conscius
2145 4363 2307 4435 erat,

363 4436 590 4501 debuit
645 4447 863 4500 tamen
925 4438 1112 4520 signo
1167 4438 1281 4501 illo
1335 4438 1819 4503 commonefieri
1886 4439 1966 4504 de
2032 4449 2308 4505 naturae

361 4544 520 4589 suae
554 4523 950 4604 corruptela:
989 4533 1052 4586 et
1090 4523 1284 4587 simul
1312 4524 1457 4587 aliis
1481 4544 1625 4587 esse
1659 4525 1982 4607 exemplo,
2015 4534 2091 4589 ut
2113 4547 2305 4591 unus·

361 4609 635 4692 quisque
679 4608 960 4674 disceret
1001 4608 1227 4673 sedulo
1270 4610 1391 4675 sibi
1436 4630 1688 4686 cavere,
1729 4614 1885 4692 qnia
1928 4620 2136 4675 totum
2184 4611 2308 4676 hu-

362 4715 629 4759 manum
677 4716 885 4778 genus
931 4705 1202 4777 occupat
1244 4695 1588 4760 vitiositas.
1669 4696 1751 4760 In
1789 4694 2122 4761 ablutione
2158 4719 2306 4780 pro-

360 4780 646 4864 positum
680 4780 804 4844 fuit
850 4780 1003 4845 mali
1038 4780 1429 4845 remedium:
1476 4782 1669 4848 sicuti
1717 4794 1875 4847 nota
1908 4782 2307 4866 ignominiae

360 4865 447 4930 ad
492 4866 958 4948 poenitentiam
1003 4866 1292 4933 adduxit.
1387 4868 1556 4931 Eum
1594 4868 1705 4950 qui
1749 4868 1895 4933 labe
1939 4868 2160 4951 aliqua
2203 4869 2305 4933 in-

359 4953 572 5017 fectus
615 4965 733 5030 est,
780 4952 1093 5034 pudefieri
1141 4952 1422 5035 expedit,
1468 4962 1543 5019 ut
1585 4953 1711 5019 sibi
1762 4954 2133 5037 displiceat:
2190 4954 2302 5019 sed

360 5037 882 5120 desperationem
942 5040 1242 5123 gigneret
1297 5039 1458 5105 mali
1498 5041 1781 5123 cognitio
1828 5042 1954 5106 nisi
1998 5042 2305 5106 adiuncta

360 5145 481 5207 spe
517 5126 762 5189 veniae.
807 5125 987 5206 Ergo
1023 5144 1282 5206 semper
1326 5126 1409 5190 ad
1444 5147 1676 5209 aquam
1713 5127 1983 5191 fuerunt
2025 5125 2307 5211 ablegati

362 5208 606 5293 quibus
672 5211 1039 5274 necessaria
1102 5221 1246 5274 erat
1310 5213 1634 5296 purgatio,
1745 5212 2020 5294 Quoties
2084 5224 2304 5277 autem

360 5297 441 5361 fit.
484 5315 689 5378 aquae
730 5297 1009 5374 menti0‚
1068 5297 1300 5361 subeat
1357 5298 1425 5361 in
1473 5310 1759 5363 mentem
1803 5298 1969 5363 illud
2014 5299 2304 5375 Ioannis,

359 5380 704 5447 Christum
741 5383 997 5448 venisse
1031 5381 1101 5447 in
1134 5402 1304 5466 aqua
1337 5395 1405 5448 et
1436 5385 1756 5469 sanguine
1792 5384 1873 5450 ad
1911 5384 2135 5451 sordes
2170 5405 2306 5450 om·

1848 468 2224 536 PRIMUM
2271 469 2919 538 PRAEOEPTUM.

4256 472 4387 540 330

2440 680 2555 724 nes
2591 658 2970 743 purgandas
3004 667 3072 723 et
3104 658 3465 742 expiandas
3500 656 3587 745 (1.
3626 658 3808 731 Ioan.
3847 659 3907 739 5,
3946 659 4034 748 6).
4116 662 4387 729 Praeter

2440 766 2674 828 aquam
2713 744 2976 809 additur
3011 745 3394 810 sacrificium
3434 767 3516 810 ex
3553 745 3941 824 turturibus,
3990 748 4092 813 vel
4133 747 4386 817 duobus

2437 831 2635 914 pullis
2698 830 3168 897 columbarum.
3281 829 3472 911 Quod
3555 833 3781 897 eodem
3864 834 4096 898 referri
4173 834 4384 918 debet,

2438 938 2671 1000 nempe
2748 916 3105 981 immundis
3185 916 3451 982 aliunde
3517 917 3867 1000 petendam
3932 940 4074 985 esse
4138 942 4380 1006 purga·

2434 1004 2713 1082 tionem,
2777 1023 2972 1085 quam
3039 1001 3303 1067 tandem
3370 1003 3586 1086 adepti
3658 1024 3888 1070 sumus
3962 1005 4211 1072 Christi
4275 1028 4380 1074 sa-

2431 1090 2691 1154 orificio.

2606 1174 2707 1240 19.
2756 1172 2996 1239 Mulier
3035 1178 3241 1238 atatem
3282 1193 3477 1255 quum
3512 1175 3710 1258 fuerit
3742 1176 3960 1255 fluens.
4064 1176 4254 1242 Nunc
4297 1177 4379 1244 de

2430 1260 2814 1326 mulieribus
2858 1260 3077 1342 agitur
3119 1279 3288 1342 quae
3323 1259 3562 1342 duplici
3598 1261 3786 1325 fluxu
3824 1262 4163 1345 sanguinis
4198 1263 4377 1329 labo·

2430 1356 2601 1411 rant.
2690 1346 2860 1410 Nam
2915 1346 3220 1410 omnibus
3277 1345 3410 1410 fere
3464 1367 3580 1427 per
3635 1347 3928 1431 singulos
3972 1369 4234 1415 menses
4276 1370 4376 1414 re-

2428 1432 2635 1496 currit
2678 1430 2880 1519 (unde
2916 1451 3175 1496 menses
3220 1439 3287 1495 et
3332 1430 3696 1519 menstrua)
3740 1443 3809 1497 et
3850 1433 4168 1516 quaedam
4219 1434 4374 1501 hae·

2426 1517 2839 1583 morrhoidas
2902 1517 3268 1601 patiuntur,
3334 1517 3444 1583 vel
3509 1520 3892 1583 continuum
3958 1520 4371 1601 profluvium.

2427 1602 2761 1687 Utrasque
2796 1603 3169 1668 immundas
3204 1624 3345 1668 esse
3382 1604 3796 1686 pronunciat:
3833 1624 3908 1671 ac
3945 1608 4372 1674 menstruosis

2426 1690 2686 1771 quidem
2734 1689 3116 1773 praefigitur
3159 1701 3409 1755 certum
3456 1702 3715 1773 tempus
3757 1691 4204 1773 separationis,
4242 1714 4373 1776 quo

2423 1775 2534 1840 lex
2579 1797 2691 1840 eas
2732 1776 2995 1841 arcebat
3037 1796 3077 1840 a
3120 1793 3475 1859 congressu
3521 1778 3850 1841 virorum:
3895 1779 3952 1842 si
3995 1798 4152 1843 vero
4187 1799 4372 1861 prae-

2428 1868 2529 1926 ter
2573 1882 2820 1927 morem
2868 1861 3182 1926 usitatum
3227 1861 3499 1945 sanguis
3541 1862 3722 1942 fluat,
3767 1862 4068 1927 differtur
4108 1873 4372 1947 tempus

2425 1949 2867 2031 purgationis,
2958 1967 3291 2031 quousque
3366 1947 3707 2013 destiterit.
3819 1947 4015 2015 Unde
4077 1957 4371 2033 apparet,

2424 2033 2492 2097 in
2537 2035 2716 2097 omni
2760 2054 2832 2097 re
2876 2032 3180 2116 pudenda
3223 2035 3621 2116 propositam
3689 2035 3890 2099 fuisse
3933 2033 4198 2100 Iudaeis
4256 2034 4370 2100 ad-

2422 2120 2851 2184 monitionem
2896 2140 3160 2184 suarum
3206 2118 3528 2185 sordium:
3589 2131 3663 2185 ut
3717 2119 3840 2185 hoc
3896 2121 4090 2185 modo
4135 2120 4216 2185 ad
4261 2142 4369 2187 ve-

2422 2205 2803 2270 recundiam
2890 2215 3385 2270 consuescerent
3410 2257 3425 2282 ‚
3506 2213 3573 2270 et
3657 2205 4002 2271 studerent
4075 2206 4368 2289 puritati.

2424 2289 2616 2371 Quod
2679 2291 2876 2356 etiam
2936 2312 3022 2356 ex
3077 2292 3210 2356 fine
3254 2290 3484 2373 capitis
3528 2292 3771 2357 certius
3812 2301 4011 2374 patet,
4056 2290 4167 2356 ubi
4208 2292 4368 2359 dici-

2420 2386 2562 2441 tur:
2611 2375 2932 2461 Separate
2976 2376 3145 2441 filios
3189 2375 3397 2443 Israel
3444 2376 3525 2442 ab
3568 2376 4002 2442 immunditiis
4058 2377 4227 2459 suis,
4282 2399 4366 2444 ne

2420 2464 2820 2540 moriantur,
2930 2463 2986 2529 si
3080 2463 3434 2546 polluerint
3531 2462 4024 2529 tabernaculum
4122 2485 4362 2530 meum.

2417 2547 2755 2629 Breviter,
2812 2549 3114 2631 inquam,
3182 2549 3524 2614 consilium
3580 2569 3774 2613 suum
3834 2549 4016 2614 Deus
4074 2551 4363 2633 exponit,

2417 2646 2492 2699 ut
2536 2635 2748 2700 omnis
2804 2634 3171 2717 profanatio
3214 2633 3409 2718 longe
3467 2655 3508 2699 a
3564 2635 3805 2719 populo
3844 2635 4151 2701 facessat:
4212 2636 4366 2719 quia

2417 2720 2579 2785 velit
2633 2720 2704 2784 in
2758 2723 2895 2786 suis
2960 2718 3316 2786 cultoribus
3391 2722 3617 2803 vigere
3684 2723 4156 2802 sinceritatem,
4242 2741 4365 2788 neo

2414 2806 2588 2871 ferre
2609 2806 2815 2890 possit
2855 2805 3348 2872 tabernaculum
3383 2824 3575 2871 suum
3622 2805 3758 2873 ulla
3800 2806 4060 2874 macula
4093 2805 4361 2874 foedari.

2962 3147 3089 3213 nx
3136 3145 3408 3214 Duum.
3453 3147 3705 3214 xxm
3731 3146 3800 3235 ¹).

2586 3321 2623 3385 1
2645 3319 2717 3407 ²).
2767 3319 2914 3386 Non
2965 3320 3354 3403 inqredietur
3394 3320 3506 3400 qui
3563 3319 3913 3385 contusione
3971 3320 4205 3402 fractos
4246 3325 4358 3385 aut

2412 3406 2718 3474 abscissos
2759 3404 2938 3471 habet
2989 3404 3296 3471 testiculos
3309 3456 3324 3482 ‚
3382 3406 3454 3470 in
3511 3406 4035 3489 conyreyationem
4093 3403 4358 3472 Iehovae

2414 3495 2475 3559 2.
2525 3493 2674 3558 Non
2719 3492 3104 3576 inpredietur
3157 3492 3425 3572 spurius
3477 3493 4006 3576 conqreyationem
4062 3491 4357 3558 Iehovae:

2412 3578 3032 3728 etiamlyeneratione
3069 3576 3310 3644 decima
3352 3597 3477 3643 non
3518 3577 3900 3661 inyredietur
3948 3579 4358 3662 oonyreqatio-

2411 3686 2551 3732 nem
2637 3669 2874 3731 elnonae.

2587 3838 2646 3901 1.
2696 3835 2841 3901 Non
2875 3835 3277 3918 inqrediebur.
3332 3832 3524 3915 Quod
3569 3834 3650 3900 de
3692 3834 3947 3899 mutilis
3991 3843 4056 3900 et
4097 3835 4360 3923 illegiti-

2411 3925 2540 3990 mis
2574 3921 2684 3987 hic
2718 3920 3029 3999 traditur,
3081 3919 3165 3985 ad
3214 3919 3496 3985 eundem
3541 3921 3737 3986 finem
3776 3929 4052 4003 spectat:
4099 3943 4184 3987 ne
4231 3923 4360 3988 Dei

2412 4009 2685 4076 ecclesia
2738 4006 3042 4089 turpibus
3098 4007 3373 4071 maculis
3431 4007 3947 4082 contaminetur,
4010 4016 4204 4090 atque
4264 4010 4359 4074 ita

2412 4094 2849 4162 reverentiam
2926 4113 3110 4158 suam
3186 4092 3448 4157 amittat
3515 4091 3767 4176 religio.
3887 4092 4039 4158 Duo
4114 4115 4357 4177 genera

2412 4181 2749 4246 hominum
2797 4178 3008 4244 reiicit
3051 4177 3272 4242 Moses
3317 4199 3356 4242 a
3399 4186 3590 4243 coetu
3648 4176 3977 4256 fidelium,
4039 4189 4357 4246 castratos

2411 4267 2674 4344 scilicet,
2715 4264 2950 4330 deinde
2993 4265 3268 4346 spurios.
3358 4261 3488 4328 Sed
3552 4277 3902 4344 antequam
3962 4263 4042 4328 de
4100 4288 4171 4331 re
4215 4268 4358 4349 ipsa

2410 4363 2789 4430 tractemus,
2825 4350 3108 4415 tenenda
3142 4359 3242 4415 est
3278 4369 3512 4415 vocum
3550 4347 3860 4415 definitio,
3907 4350 4135 4416 Prima
4168 4372 4359 4434 quae-

2411 4442 2538 4504 stio
2582 4447 2700 4515 est,
2741 4435 2895 4519 quid
2942 4436 3032 4500 sit
3072 4434 3327 4519 ingredi
3371 4435 3436 4498 in
3482 4436 4083 4517 congregationem:
4129 4437 4354 4517 altera,

2411 4524 2567 4609 quid
2610 4523 2698 4588 sit
2740 4522 3104 4588 confractos
3140 4521 3380 4586 habere
3424 4519 3791 4585 testiculos:
3837 4523 4049 4599 tertia,
4088 4524 4355 4606 quinam

2413 4624 2648 4680 vemt:
2683 4629 2846 4692 quos
2880 4607 3204 4673 vertimus
3236 4606 3509 4689 spurios.
3576 4604 3779 4670 Multi
3823 4621 4163 4691 exponunt
4203 4630 4355 4693 pro-

2412 4697 2625 4761 hiberi
2684 4694 2764 4758 ab
2819 4693 3091 4759 ecclesia
3141 4702 3480 4775 utrosque,
3541 4712 3627 4755 ne
3692 4691 4026 4773 publicum
4092 4693 4356 4778 aliquod

2411 4803 2655 4847 munus
2698 4788 3069 4863 capessant:
3113 4778 3245 4857 alii,
3293 4796 3376 4841 ne
3421 4797 3661 4842 uxores
3704 4776 3946 4844 ducant
3980 4801 4063 4845 ex
4106 4783 4357 4846 semine

2409 4867 2754 4934 Abrahae:
2801 4865 2953 4948 quia
2992 4885 3200 4947 neque
3245 4864 3592 4928 honestum
3639 4875 3812 4929 esset
3856 4885 3967 4931 eas
4011 4866 4356 4931 mamzeris

2408 4953 2747 5037 prostitui,
2822 4961 2891 5016 et
2957 4949 3355 5016 effeminatis
3428 4949 3676 5015 nubere
3749 4948 4106 5016 absurdum
4182 4957 4356 5017 esset

2406 5059 2574 5123 quae
2616 5037 2700 5103 ad
2737 5035 3300 5121 multiplicandum
3339 5033 3470 5102 Dei
3504 5035 3816 5118 populum
3853 5049 4108 5102 creatae
4144 5044 4351 5101 erant.

2409 5124 2545 5192 Sed
2604 5123 2769 5189 mihi
2834 5134 3106 5206 utraque
3166 5122 3497 5188 sententia
3539 5121 3779 5205 frigida
3821 5122 4095 5188 videtur.
4181 5123 4353 5188 Nam

2581 5329 2641 5469 ἐξ
2674 5328 2925 5452 ἓαέιιηῖε
2962 5328 3112 5450 {ices
3135 5327 3227 5396 qui
3265 5329 3519 5382 exclnent
3559 5329 3639 5383 les
3675 5329 3919 5384 hommes
3936 5327 4009 5379 du
4026 5327 4353 5381 tabernaclo.

2729 5414 2759 5452 e
2799 5415 2844 5453 r.
2914 5436 2931 5464 ,
3006 5436 3018 5449 .
