<?xml version="1.0" encoding="UTF-8"?>
<!DOCTYPE html PUBLIC "-//W3C//DTD XHTML 1.0 Transitional//EN"
    "http://www.w3.org/TR/xhtml1/DTD/xhtml1-transitional.dtd">
<html xmlns="http://www.w3.org/1999/xhtml" xml:lang="en" lang="en">
 <head>
  <title>
</title>
<meta http-equiv="Content-Type" content="text/html;charset=utf-8" />
  <meta name='ocr-system' content='tesseract 3.04.00' />
  <meta name='ocr-capabilities' content='ocr_page ocr_carea ocr_par ocr_line ocrx_word'/>
</head>
<body>
  <div class='ocr_page' id='page_1' title='image "./ioanniscalvinio04unkngoog_0148.png"; bbox 0 0 4867 6150; ppageno 0'>
   <div class='ocr_carea' id='block_1_1' title="bbox 528 447 651 513">
    <p class='ocr_par' dir='ltr' id='par_1_1' title="bbox 528 447 651 513">
     <span class='ocr_line' id='line_1_1' title="bbox 528 447 651 513; baseline -0.016 0"><span class='ocrx_word' id='word_1_1' title='bbox 528 447 651 513; x_wconf 80' lang='lat'><strong><em>271</em></strong></span> 
     </span>
    </p>
   </div>
   <div class='ocr_carea' id='block_1_2' title="bbox 525 633 2484 1490">
    <p class='ocr_par' dir='ltr' id='par_1_2' title="bbox 525 633 2484 1490">
     <span class='ocr_line' id='line_1_2' title="bbox 706 633 2480 717; baseline -0.001 -18"><span class='ocrx_word' id='word_1_2' title='bbox 706 634 803 701; x_wconf 83' lang='lat'><strong><em>15.</em></strong></span> <span class='ocrx_word' id='word_1_3' title='bbox 857 633 1243 717; x_wconf 68' lang='lat' dir='ltr'><strong><em>Prophetam</em></strong></span> <span class='ocrx_word' id='word_1_4' title='bbox 1306 654 1339 700; x_wconf 85' lang='lat' dir='ltr'><strong><em>e</em></strong></span> <span class='ocrx_word' id='word_1_5' title='bbox 1400 634 1599 698; x_wconf 78' lang='lat' dir='ltr'><strong><em>medio</em></strong></span> <span class='ocrx_word' id='word_1_6' title='bbox 1655 634 1783 713; x_wconf 79' lang='lat' dir='ltr'><strong><em>tui,</em></strong></span> <span class='ocrx_word' id='word_1_7' title='bbox 1848 653 1924 698; x_wconf 74' lang='lat' dir='ltr'><strong><em>ex</em></strong></span> <span class='ocrx_word' id='word_1_8' title='bbox 1970 634 2281 717; x_wconf 78' lang='lat' dir='ltr'><strong><em>fratribus</em></strong></span> <span class='ocrx_word' id='word_1_9' title='bbox 2331 633 2480 712; x_wconf 78' lang='lat' dir='ltr'><strong><em>tuis,</em></strong></span> 
     </span>
     <span class='ocr_line' id='line_1_3' title="bbox 525 717 2482 797; baseline -0.002 -9"><span class='ocrx_word' id='word_1_10' title='bbox 525 723 686 789; x_wconf 79' lang='lat' dir='ltr'><strong><em>sicut</em></strong></span> <span class='ocrx_word' id='word_1_11' title='bbox 740 741 854 797; x_wconf 84' lang='lat' dir='ltr'><strong><em>me,</em></strong></span> <span class='ocrx_word' id='word_1_12' title='bbox 899 718 1223 786; x_wconf 76' lang='lat' dir='ltr'><strong><em>suscitabit</em></strong></span> <span class='ocrx_word' id='word_1_13' title='bbox 1264 719 1378 784; x_wconf 76' lang='lat' dir='ltr'><strong><em>tibi</em></strong></span> <span class='ocrx_word' id='word_1_14' title='bbox 1422 718 1653 784; x_wconf 80' lang='lat' dir='ltr'><strong><em>Iehova</em></strong></span> <span class='ocrx_word' id='word_1_15' title='bbox 1695 717 1875 785; x_wconf 83' lang='lat' dir='ltr'><strong><em>Deus</em></strong></span> <span class='ocrx_word' id='word_1_16' title='bbox 1916 724 2095 784; x_wconf 80' lang='lat' dir='ltr'><strong><em>tuus.-</em></strong></span> <span class='ocrx_word' id='word_1_17' title='bbox 2138 719 2318 785; x_wconf 79' lang='lat' dir='ltr'><strong><em>illum</em></strong></span> <span class='ocrx_word' id='word_1_18' title='bbox 2367 739 2482 784; x_wconf 81' lang='lat' dir='ltr'><strong><em>au-</em></strong></span> 
     </span>
     <span class='ocr_line' id='line_1_4' title="bbox 531 803 2484 887; baseline -0.004 -10"><span class='ocrx_word' id='word_1_19' title='bbox 531 807 753 877; x_wconf 78' lang='lat' dir='ltr'><strong><em>dietis.-</em></strong></span> <span class='ocrx_word' id='word_1_20' title='bbox 840 807 941 872; x_wconf 89' lang='grc'><strong><em>16.</em></strong></span> <span class='ocrx_word' id='word_1_21' title='bbox 1008 805 1359 871; x_wconf 80' lang='lat' dir='ltr'><strong><em>Secundum</em></strong></span> <span class='ocrx_word' id='word_1_22' title='bbox 1418 806 1635 871; x_wconf 74' lang='lat' dir='ltr'><strong><em>omnia</em></strong></span> <span class='ocrx_word' id='word_1_23' title='bbox 1690 824 1850 887; x_wconf 79' lang='lat' dir='ltr'><strong><em>quae</em></strong></span> <span class='ocrx_word' id='word_1_24' title='bbox 1878 805 2124 886; x_wconf 76' lang='lat' dir='ltr'><strong><em>petiisti</em></strong></span> <span class='ocrx_word' id='word_1_25' title='bbox 2164 826 2207 871; x_wconf 91' lang='lat' dir='ltr'><strong><em>a</em></strong></span> <span class='ocrx_word' id='word_1_26' title='bbox 2251 803 2484 871; x_wconf 77' lang='lat' dir='ltr'><strong><em>Iehova</em></strong></span> 
     </span>
     <span class='ocr_line' id='line_1_5' title="bbox 530 890 2484 971; baseline -0.003 -11"><span class='ocrx_word' id='word_1_27' title='bbox 530 894 669 960; x_wconf 87' lang='lat' dir='ltr'><strong><em>Deo</em></strong></span> <span class='ocrx_word' id='word_1_28' title='bbox 714 897 818 958; x_wconf 90' lang='lat' dir='ltr'><strong><em>tuo</em></strong></span> <span class='ocrx_word' id='word_1_29' title='bbox 851 893 919 957; x_wconf 79' lang='lat' dir='ltr'><strong><em>in</em></strong></span> <span class='ocrx_word' id='word_1_30' title='bbox 957 890 1181 971; x_wconf 82' lang='lat' dir='ltr'><strong><em>Horeb,</em></strong></span> <span class='ocrx_word' id='word_1_31' title='bbox 1226 892 1297 956; x_wconf 77' lang='lat' dir='ltr'><strong><em>in</em></strong></span> <span class='ocrx_word' id='word_1_32' title='bbox 1330 890 1431 955; x_wconf 83' lang='lat' dir='ltr'><strong><em>die</em></strong></span> <span class='ocrx_word' id='word_1_33' title='bbox 1465 896 1810 968; x_wconf 72' lang='lat' dir='ltr'><strong><em>conventus,</em></strong></span> <span class='ocrx_word' id='word_1_34' title='bbox 1855 890 2141 956; x_wconf 76' lang='lat' dir='ltr'><strong><em>dicendo:</em></strong></span> <span class='ocrx_word' id='word_1_35' title='bbox 2191 890 2335 955; x_wconf 81' lang='lat' dir='ltr'><strong><em>Non</em></strong></span> <span class='ocrx_word' id='word_1_36' title='bbox 2371 890 2484 955; x_wconf 81' lang='lat' dir='ltr'><strong><em>ad—</em></strong></span> 
     </span>
     <span class='ocr_line' id='line_1_6' title="bbox 525 974 2483 1059; baseline -0.002 -14"><span class='ocrx_word' id='word_1_37' title='bbox 525 979 748 1045; x_wconf 77' lang='lat' dir='ltr'><strong><em>iiciam</em></strong></span> <span class='ocrx_word' id='word_1_38' title='bbox 790 978 1018 1043; x_wconf 80' lang='lat' dir='ltr'><strong><em>audire</em></strong></span> <span class='ocrx_word' id='word_1_39' title='bbox 1058 996 1259 1043; x_wconf 83' lang='lat' dir='ltr'><strong><em>vocem</em></strong></span> <span class='ocrx_word' id='word_1_40' title='bbox 1303 974 1566 1042; x_wconf 71' lang='lat' dir='ltr'><strong><em>Iehovae</em></strong></span> <span class='ocrx_word' id='word_1_41' title='bbox 1608 975 1738 1043; x_wconf 82' lang='lat' dir='ltr'><strong><em>Dei</em></strong></span> <span class='ocrx_word' id='word_1_42' title='bbox 1779 978 1920 1052; x_wconf 83' lang='lat' dir='ltr'><strong><em>mei,</em></strong></span> <span class='ocrx_word' id='word_1_43' title='bbox 1980 981 2036 1042; x_wconf 80' lang='lat' dir='ltr'><strong><em>et</em></strong></span> <span class='ocrx_word' id='word_1_44' title='bbox 2076 977 2280 1059; x_wconf 65' lang='lat' dir='ltr'><strong><em>ionem</em></strong></span> <span class='ocrx_word' id='word_1_45' title='bbox 2318 976 2483 1041; x_wconf 73' lang='lat' dir='ltr'><strong><em>hunc</em></strong></span> 
     </span>
     <span class='ocr_line' id='line_1_7' title="bbox 526 1061 2479 1231; baseline -0.002 -15"><span class='ocrx_word' id='word_1_46' title='bbox 526 1083 1004 1216; x_wconf 54' lang='lat' dir='ltr'><strong><em>Zffi‘ssffi</em></strong></span> <span class='ocrx_word' id='word_1_47' title='bbox 1031 1061 2035 1229; x_wconf 51' lang='grc' dir='ltr'><strong><em>ἘῗὼΒὲηἵΡἭέέῖέἑῖξῖᾰα</em></strong></span> <span class='ocrx_word' id='word_1_48' title='bbox 2049 1061 2315 1231; x_wconf 54' lang='lat' dir='ltr'><strong><em>1022·AE</em></strong></span> <span class='ocrx_word' id='word_1_49' title='bbox 2311 1062 2479 1213; x_wconf 50' lang='lat'><strong><em>2:2⁴1·</em></strong></span> 
     </span>
     <span class='ocr_line' id='line_1_8' title="bbox 531 1169 2480 1317; baseline -0.002 -16"><span class='ocrx_word' id='word_1_50' title='bbox 531 1237 631 1303; x_wconf 90' lang='grc'><strong><em>18.</em></strong></span> <span class='ocrx_word' id='word_1_51' title='bbox 679 1234 1051 1317; x_wconf 79' lang='lat' dir='ltr'><strong><em>Prophetam</em></strong></span> <span class='ocrx_word' id='word_1_52' title='bbox 1090 1234 1400 1300; x_wconf 72' lang='lat' dir='ltr'><strong><em>suscitabo</em></strong></span> <span class='ocrx_word' id='word_1_53' title='bbox 1416 1169 1568 1300; x_wconf 50' lang='lat' dir='ltr'><strong><em>englis</em></strong></span> <span class='ocrx_word' id='word_1_54' title='bbox 1601 1255 1632 1299; x_wconf 87' lang='lat' dir='ltr'><strong><em>e</em></strong></span> <span class='ocrx_word' id='word_1_55' title='bbox 1666 1234 1869 1299; x_wconf 77' lang='lat' dir='ltr'><strong><em>medio</em></strong></span> <span class='ocrx_word' id='word_1_56' title='bbox 1909 1233 2189 1307; x_wconf 77' lang='lat' dir='ltr'><strong><em>fratrum</em></strong></span> <span class='ocrx_word' id='word_1_57' title='bbox 2221 1253 2480 1299; x_wconf 82' lang='lat' dir='ltr'><strong><em>suorum</em></strong></span> 
     </span>
     <span class='ocr_line' id='line_1_9' title="bbox 528 1319 2481 1403; baseline -0.002 -15"><span class='ocrx_word' id='word_1_58' title='bbox 528 1325 690 1388; x_wconf 82' lang='lat' dir='ltr'><strong><em>sicut</em></strong></span> <span class='ocrx_word' id='word_1_59' title='bbox 722 1327 807 1401; x_wconf 84' lang='lat' dir='ltr'><strong><em>te,</em></strong></span> <span class='ocrx_word' id='word_1_60' title='bbox 847 1340 1197 1403; x_wconf 73' lang='lat' dir='ltr'><strong><em>ponamque</em></strong></span> <span class='ocrx_word' id='word_1_61' title='bbox 1230 1320 1418 1384; x_wconf 81' lang='lat' dir='ltr'><strong><em>verba</em></strong></span> <span class='ocrx_word' id='word_1_62' title='bbox 1450 1340 1591 1384; x_wconf 85' lang='lat' dir='ltr'><strong><em>mea</em></strong></span> <span class='ocrx_word' id='word_1_63' title='bbox 1629 1320 1700 1383; x_wconf 78' lang='lat' dir='ltr'><strong><em>iu</em></strong></span> <span class='ocrx_word' id='word_1_64' title='bbox 1732 1340 1837 1385; x_wconf 87' lang='lat' dir='ltr'><strong><em>ore</em></strong></span> <span class='ocrx_word' id='word_1_65' title='bbox 1871 1319 2045 1384; x_wconf 81' lang='lat' dir='ltr'><strong><em>eius:</em></strong></span> <span class='ocrx_word' id='word_1_66' title='bbox 2086 1320 2481 1403; x_wconf 74' lang='lat' dir='ltr'><strong><em>loqueturque</em></strong></span> 
     </span>
     <span class='ocr_line' id='line_1_10' title="bbox 529 1406 1728 1490; baseline -0.004 -15"><span class='ocrx_word' id='word_1_67' title='bbox 529 1409 616 1475; x_wconf 78' lang='lat' dir='ltr'><strong><em>ad</em></strong></span> <span class='ocrx_word' id='word_1_68' title='bbox 657 1427 755 1473; x_wconf 83' lang='lat' dir='ltr'><strong><em>eos</em></strong></span> <span class='ocrx_word' id='word_1_69' title='bbox 796 1426 1195 1490; x_wconf 78' lang='lat' dir='ltr'><strong><em>quaecunque</em></strong></span> <span class='ocrx_word' id='word_1_70' title='bbox 1237 1406 1296 1470; x_wconf 77' lang='lat' dir='ltr'><strong><em>ei</em></strong></span> <span class='ocrx_word' id='word_1_71' title='bbox 1335 1406 1728 1471; x_wconf 81' lang='lat' dir='ltr'><strong><em>mandavero.</em></strong></span> 
     </span>
    </p>
   </div>
   <div class='ocr_carea' id='block_1_3' title="bbox 525 1575 2506 5442">
    <p class='ocr_par' dir='ltr' id='par_1_3' title="bbox 525 1575 2506 5442">
     <span class='ocr_line' id='line_1_11' title="bbox 699 1575 2477 1660; baseline -0.001 -16"><span class='ocrx_word' id='word_1_72' title='bbox 699 1577 802 1644; x_wconf 83' lang='lat'><strong><em>15.</em></strong></span> <span class='ocrx_word' id='word_1_73' title='bbox 853 1575 1228 1659; x_wconf 78' lang='lat' dir='ltr'><strong><em>Prophetam</em></strong></span> <span class='ocrx_word' id='word_1_74' title='bbox 1263 1596 1294 1640; x_wconf 84' lang='lat' dir='ltr'><strong><em>e</em></strong></span> <span class='ocrx_word' id='word_1_75' title='bbox 1325 1576 1545 1641; x_wconf 80' lang='lat' dir='ltr'><strong><em>medio.</em></strong></span> <span class='ocrx_word' id='word_1_76' title='bbox 1593 1575 1740 1643; x_wconf 88' lang='lat' dir='ltr'><strong><em>Hoc</em></strong></span> <span class='ocrx_word' id='word_1_77' title='bbox 1775 1597 1894 1660; x_wconf 89' lang='lat' dir='ltr'><strong><em>per</em></strong></span> <span class='ocrx_word' id='word_1_78' title='bbox 1938 1576 2477 1658; x_wconf 77' lang='lat' dir='ltr'><strong><em>anticipationem</em></strong></span> 
     </span>
     <span class='ocr_line' id='line_1_12' title="bbox 527 1660 2476 1745; baseline -0.002 -14"><span class='ocrx_word' id='word_1_79' title='bbox 527 1665 825 1732; x_wconf 85' lang='lat' dir='ltr'><strong><em>additum</em></strong></span> <span class='ocrx_word' id='word_1_80' title='bbox 860 1674 979 1737; x_wconf 89' lang='grc'><strong>001,</strong></span> <span class='ocrx_word' id='word_1_81' title='bbox 1025 1683 1110 1726; x_wconf 88' lang='grc'><strong><em>00</em></strong></span> <span class='ocrx_word' id='word_1_82' title='bbox 1147 1662 1524 1745; x_wconf 76' lang='lat' dir='ltr'><strong><em>exciperent</em></strong></span> <span class='ocrx_word' id='word_1_83' title='bbox 1543 1660 1904 1741; x_wconf 86' lang='lat' dir='ltr'><strong><em>Israelitae,</em></strong></span> <span class='ocrx_word' id='word_1_84' title='bbox 1943 1662 2230 1728; x_wconf 84' lang='lat' dir='ltr'><strong><em>deterius</em></strong></span> <span class='ocrx_word' id='word_1_85' title='bbox 2252 1683 2476 1729; x_wconf 89' lang='lat' dir='ltr'><strong><em>secum</em></strong></span> 
     </span>
     <span class='ocr_line' id='line_1_13' title="bbox 529 1747 2476 1836; baseline -0.001 -19"><span class='ocrx_word' id='word_1_86' title='bbox 529 1752 640 1836; x_wconf 87' lang='lat' dir='ltr'><strong><em>agi</em></strong></span> <span class='ocrx_word' id='word_1_87' title='bbox 705 1771 903 1834; x_wconf 89' lang='lat' dir='ltr'><strong><em>quam</em></strong></span> <span class='ocrx_word' id='word_1_88' title='bbox 951 1768 1100 1813; x_wconf 92' lang='lat' dir='ltr'><strong><em>cum</em></strong></span> <span class='ocrx_word' id='word_1_89' title='bbox 1167 1748 1369 1812; x_wconf 87' lang='lat' dir='ltr'><strong><em>totius</em></strong></span> <span class='ocrx_word' id='word_1_90' title='bbox 1416 1747 1647 1812; x_wconf 90' lang='lat' dir='ltr'><strong><em>mundi</em></strong></span> <span class='ocrx_word' id='word_1_91' title='bbox 1701 1749 1979 1832; x_wconf 89' lang='lat' dir='ltr'><strong><em>populis.</em></strong></span> <span class='ocrx_word' id='word_1_92' title='bbox 2080 1748 2245 1814; x_wconf 83' lang='lat' dir='ltr'><strong><em>Fuit</em></strong></span> <span class='ocrx_word' id='word_1_93' title='bbox 2300 1750 2476 1815; x_wconf 91' lang='lat' dir='ltr'><strong><em>enim</em></strong></span> 
     </span>
     <span class='ocr_line' id='line_1_14' title="bbox 528 1831 2477 1920; baseline -0.002 -15"><span class='ocrx_word' id='word_1_94' title='bbox 528 1858 788 1920; x_wconf 80' lang='lat' dir='ltr'><strong><em>semper</em></strong></span> <span class='ocrx_word' id='word_1_95' title='bbox 853 1831 950 1920; x_wconf 90' lang='lat' dir='ltr'><strong><em>(et</em></strong></span> <span class='ocrx_word' id='word_1_96' title='bbox 1014 1832 1278 1917; x_wconf 90' lang='lat' dir='ltr'><strong><em>quidem</em></strong></span> <span class='ocrx_word' id='word_1_97' title='bbox 1347 1831 1606 1920; x_wconf 86' lang='lat' dir='ltr'><strong><em>merito)</em></strong></span> <span class='ocrx_word' id='word_1_98' title='bbox 1673 1834 2029 1918; x_wconf 87' lang='lat' dir='ltr'><strong><em>singularis</em></strong></span> <span class='ocrx_word' id='word_1_99' title='bbox 2107 1835 2263 1900; x_wconf 90' lang='lat' dir='ltr'><strong><em>boni</em></strong></span> <span class='ocrx_word' id='word_1_100' title='bbox 2336 1834 2477 1901; x_wconf 93' lang='lat' dir='ltr'><strong><em>loco</em></strong></span> 
     </span>
     <span class='ocr_line' id='line_1_15' title="bbox 527 1917 2479 2001; baseline -0.002 -12"><span class='ocrx_word' id='word_1_101' title='bbox 527 1923 829 1990; x_wconf 91' lang='lat' dir='ltr'><strong><em>habitum</em></strong></span> <span class='ocrx_word' id='word_1_102' title='bbox 895 1941 1041 1986; x_wconf 89' lang='lat' dir='ltr'><strong><em>cum</em></strong></span> <span class='ocrx_word' id='word_1_103' title='bbox 1109 1917 1252 1984; x_wconf 89' lang='lat' dir='ltr'><strong><em>Deo</em></strong></span> <span class='ocrx_word' id='word_1_104' title='bbox 1306 1920 1816 2001; x_wconf 90' lang='lat' dir='ltr'><strong><em>communicare,</em></strong></span> <span class='ocrx_word' id='word_1_105' title='bbox 1889 1921 2083 1987; x_wconf 89' lang='lat' dir='ltr'><strong><em>sicuti</em></strong></span> <span class='ocrx_word' id='word_1_106' title='bbox 2143 1920 2309 1984; x_wconf 89' lang='lat' dir='ltr'><strong><em>nihil</em></strong></span> <span class='ocrx_word' id='word_1_107' title='bbox 2376 1929 2479 1985; x_wconf 89' lang='lat' dir='ltr'><strong><em>est</em></strong></span> 
     </span>
     <span class='ocr_line' id='line_1_16' title="bbox 525 2004 2477 2093; baseline -0.003 -18"><span class='ocrx_word' id='word_1_108' title='bbox 525 2007 894 2093; x_wconf 87' lang='lat' dir='ltr'><strong><em>optabilius.</em></strong></span> <span class='ocrx_word' id='word_1_109' title='bbox 982 2004 1366 2070; x_wconf 86' lang='lat' dir='ltr'><strong><em>Invaluerat</em></strong></span> <span class='ocrx_word' id='word_1_110' title='bbox 1420 2014 1639 2070; x_wconf 90' lang='lat' dir='ltr'><strong><em>autem</em></strong></span> <span class='ocrx_word' id='word_1_111' title='bbox 1680 2006 1931 2088; x_wconf 89' lang='lat' dir='ltr'><strong><em>opinio,</em></strong></span> <span class='ocrx_word' id='word_1_112' title='bbox 1993 2006 2260 2091; x_wconf 83' lang='lat' dir='ltr'><strong><em>magicis</em></strong></span> <span class='ocrx_word' id='word_1_113' title='bbox 2316 2006 2477 2070; x_wconf 91' lang='lat' dir='ltr'><strong><em>arti-</em></strong></span> 
     </span>
     <span class='ocr_line' id='line_1_17' title="bbox 526 2091 2476 2245; baseline -0.002 -85"><span class='ocrx_word' id='word_1_114' title='bbox 526 2095 667 2173; x_wconf 89' lang='lat' dir='ltr'><strong><em>bus,</em></strong></span> <span class='ocrx_word' id='word_1_115' title='bbox 728 2092 1109 2177; x_wconf 84' lang='lat' dir='ltr'><strong><em>Pythonum</em></strong></span> <span class='ocrx_word' id='word_1_116' title='bbox 1169 2091 1534 2174; x_wconf 80' lang='lat' dir='ltr'><strong><em>responsis,</em></strong></span> <span class='ocrx_word' id='word_1_117' title='bbox 1604 2091 1877 2157; x_wconf 89' lang='lat' dir='ltr'><strong><em>scientia</em></strong></span> <span class='ocrx_word' id='word_1_118' title='bbox 1932 2091 2302 2245; x_wconf 60' lang='lat' dir='ltr'><strong><em>augurandi</em></strong></span> <span class='ocrx_word' id='word_1_119' title='bbox 2359 2092 2476 2157; x_wconf 90' lang='lat' dir='ltr'><strong><em>ho-</em></strong></span> 
     </span>
     <span class='ocr_line' id='line_1_18' title="bbox 528 2176 2479 2261; baseline -0.002 -15"><span class='ocrx_word' id='word_1_120' title='bbox 528 2183 740 2246; x_wconf 79' lang='lat' dir='ltr'><strong><em>min‘es</em></strong></span> <span class='ocrx_word' id='word_1_121' title='bbox 807 2178 887 2243; x_wconf 89' lang='lat' dir='ltr'><strong><em>ad</em></strong></span> <span class='ocrx_word' id='word_1_122' title='bbox 957 2178 1170 2241; x_wconf 91' lang='lat' dir='ltr'><strong><em>Deum</em></strong></span> <span class='ocrx_word' id='word_1_123' title='bbox 1240 2176 1513 2260; x_wconf 87' lang='lat' dir='ltr'><strong><em>propius</em></strong></span> <span class='ocrx_word' id='word_1_124' title='bbox 1574 2177 1898 2244; x_wconf 77' lang='lat' dir='ltr'><strong><em>accedere.</em></strong></span> <span class='ocrx_word' id='word_1_125' title='bbox 2064 2199 2250 2244; x_wconf 91' lang='lat' dir='ltr'><strong><em>ecum</em></strong></span> <span class='ocrx_word' id='word_1_126' title='bbox 2322 2198 2479 2261; x_wconf 85' lang='lat' dir='ltr'><strong><em>ergo</em></strong></span> 
     </span>
     <span class='ocr_line' id='line_1_19' title="bbox 529 2261 2481 2348; baseline -0.002 -16"><span class='ocrx_word' id='word_1_127' title='bbox 529 2267 702 2333; x_wconf 87' lang='lat' dir='ltr'><strong><em>male</em></strong></span> <span class='ocrx_word' id='word_1_128' title='bbox 760 2265 868 2348; x_wconf 85' lang='lat' dir='ltr'><strong><em>agi</em></strong></span> <span class='ocrx_word' id='word_1_129' title='bbox 913 2273 1310 2345; x_wconf 78' lang='lat' dir='ltr'><strong><em>conquestus</em></strong></span> <span class='ocrx_word' id='word_1_130' title='bbox 1377 2261 1608 2327; x_wconf 87' lang='lat' dir='ltr'><strong><em>fuisset</em></strong></span> <span class='ocrx_word' id='word_1_131' title='bbox 1673 2264 1953 2348; x_wconf 89' lang='lat' dir='ltr'><strong><em>populus</em></strong></span> <span class='ocrx_word' id='word_1_132' title='bbox 1996 2264 2224 2341; x_wconf 86' lang='lat' dir='ltr'><strong><em>Israel,</em></strong></span> <span class='ocrx_word' id='word_1_133' title='bbox 2276 2264 2329 2329; x_wconf 92' lang='grc'><strong><em>01</em></strong></span> <span class='ocrx_word' id='word_1_134' title='bbox 2398 2263 2481 2328; x_wconf 88' lang='grc'><strong><em>00</em></strong></span> 
     </span>
     <span class='ocr_line' id='line_1_20' title="bbox 528 2349 2475 2431; baseline -0.002 -13"><span class='ocrx_word' id='word_1_135' title='bbox 528 2351 832 2418; x_wconf 90' lang='lat' dir='ltr'><strong><em>omnibus</em></strong></span> <span class='ocrx_word' id='word_1_136' title='bbox 900 2349 1235 2414; x_wconf 84' lang='lat' dir='ltr'><strong><em>vaticiniis</em></strong></span> <span class='ocrx_word' id='word_1_137' title='bbox 1306 2357 1374 2411; x_wconf 89' lang='lat' dir='ltr'><strong><em>et</em></strong></span> <span class='ocrx_word' id='word_1_138' title='bbox 1438 2350 1772 2431; x_wconf 83' lang='lat' dir='ltr'><strong><em>responsis</em></strong></span> <span class='ocrx_word' id='word_1_139' title='bbox 1850 2350 2077 2416; x_wconf 86' lang='lat' dir='ltr'><strong><em>fuisset</em></strong></span> <span class='ocrx_word' id='word_1_140' title='bbox 2151 2350 2475 2415; x_wconf 89' lang='lat' dir='ltr'><strong><em>exclusus.</em></strong></span> 
     </span>
     <span class='ocr_line' id='line_1_21' title="bbox 526 2433 2476 2519; baseline -0.003 -15"><span class='ocrx_word' id='word_1_141' title='bbox 526 2438 705 2504; x_wconf 90' lang='lat' dir='ltr'><strong><em>Huic</em></strong></span> <span class='ocrx_word' id='word_1_142' title='bbox 777 2434 1225 2519; x_wconf 90' lang='lat' dir='ltr'><strong><em>querimoniae</em></strong></span> <span class='ocrx_word' id='word_1_143' title='bbox 1291 2433 1398 2498; x_wconf 80' lang='lat' dir='ltr'><strong><em>vel</em></strong></span> <span class='ocrx_word' id='word_1_144' title='bbox 1465 2433 1811 2500; x_wconf 90' lang='lat' dir='ltr'><strong><em>obiectioni</em></strong></span> <span class='ocrx_word' id='word_1_145' title='bbox 1877 2435 2163 2501; x_wconf 89' lang='lat' dir='ltr'><strong><em>occurrit</em></strong></span> <span class='ocrx_word' id='word_1_146' title='bbox 2236 2437 2476 2513; x_wconf 85' lang='lat' dir='ltr'><strong><em>Moses,</em></strong></span> 
     </span>
     <span class='ocr_line' id='line_1_22' title="bbox 527 2519 2477 2610; baseline -0.002 -20"><span class='ocrx_word' id='word_1_147' title='bbox 527 2522 967 2610; x_wconf 82' lang='lat' dir='ltr'><strong><em>pronuncians</em></strong></span> <span class='ocrx_word' id='word_1_148' title='bbox 1028 2540 1160 2584; x_wconf 93' lang='grc'><strong><em>000</em></strong></span> <span class='ocrx_word' id='word_1_149' title='bbox 1218 2521 1437 2584; x_wconf 87' lang='grc'><strong>011000</strong></span> <span class='ocrx_word' id='word_1_150' title='bbox 1492 2519 1880 2587; x_wconf 79' lang='lat' dir='ltr'><strong><em>familiarem</em></strong></span> <span class='ocrx_word' id='word_1_151' title='bbox 1949 2522 2031 2587; x_wconf 87' lang='lat' dir='ltr'><strong><em>ad</em></strong></span> <span class='ocrx_word' id='word_1_152' title='bbox 2087 2521 2311 2607; x_wconf 22' lang='lat' dir='ltr'><strong><em>‘Deum</em></strong></span> <span class='ocrx_word' id='word_1_153' title='bbox 2371 2543 2477 2587; x_wconf 89' lang='lat' dir='ltr'><strong><em>ac-</em></strong></span> 
     </span>
     <span class='ocr_line' id='line_1_23' title="bbox 528 2606 2478 2690; baseline -0.003 -13"><span class='ocrx_word' id='word_1_154' title='bbox 528 2630 787 2678; x_wconf 89' lang='lat' dir='ltr'><strong><em>cessum</em></strong></span> <span class='ocrx_word' id='word_1_155' title='bbox 832 2606 966 2671; x_wconf 88' lang='lat' dir='ltr'><strong><em>illis</em></strong></span> <span class='ocrx_word' id='word_1_156' title='bbox 1009 2606 1168 2684; x_wconf 91' lang='lat' dir='ltr'><strong><em>fore,</em></strong></span> <span class='ocrx_word' id='word_1_157' title='bbox 1215 2626 1413 2689; x_wconf 91' lang='lat' dir='ltr'><strong><em>quam</em></strong></span> <span class='ocrx_word' id='word_1_158' title='bbox 1457 2607 1515 2671; x_wconf 91' lang='grc'><strong><em>01</em></strong></span> <span class='ocrx_word' id='word_1_159' title='bbox 1551 2607 1766 2689; x_wconf 89' lang='lat' dir='ltr'><strong><em>palam</em></strong></span> <span class='ocrx_word' id='word_1_160' title='bbox 1803 2608 1945 2690; x_wconf 90' lang='lat' dir='ltr'><strong><em>ipse</em></strong></span> <span class='ocrx_word' id='word_1_161' title='bbox 1981 2606 2406 2674; x_wconf 82' lang='lat' dir='ltr'><strong><em>descenderet</em></strong></span> <span class='ocrx_word' id='word_1_162' title='bbox 2441 2629 2478 2672; x_wconf 92' lang='lat' dir='ltr'><strong><em>e</em></strong></span> 
     </span>
     <span class='ocr_line' id='line_1_24' title="bbox 529 2691 2477 2778; baseline -0.002 -17"><span class='ocrx_word' id='word_1_163' title='bbox 529 2695 737 2762; x_wconf 88' lang='lat' dir='ltr'><strong><em>coelo:</em></strong></span> <span class='ocrx_word' id='word_1_164' title='bbox 786 2691 977 2758; x_wconf 90' lang='lat' dir='ltr'><strong><em>modo</em></strong></span> <span class='ocrx_word' id='word_1_165' title='bbox 1014 2702 1259 2757; x_wconf 90' lang='lat' dir='ltr'><strong><em>rectam</em></strong></span> <span class='ocrx_word' id='word_1_166' title='bbox 1296 2691 1474 2756; x_wconf 80' lang='lat' dir='ltr'><strong><em>viam</em></strong></span> <span class='ocrx_word' id='word_1_167' title='bbox 1512 2700 1796 2773; x_wconf 81' lang='lat' dir='ltr'><strong><em>teneant,</em></strong></span> <span class='ocrx_word' id='word_1_168' title='bbox 1844 2702 1912 2758; x_wconf 89' lang='lat' dir='ltr'><strong><em>et</em></strong></span> <span class='ocrx_word' id='word_1_169' title='bbox 1962 2694 2233 2778; x_wconf 88' lang='lat' dir='ltr'><strong><em>ratione,</em></strong></span> <span class='ocrx_word' id='word_1_170' title='bbox 2280 2714 2477 2775; x_wconf 88' lang='lat' dir='ltr'><strong><em>quam</em></strong></span> 
     </span>
     <span class='ocr_line' id='line_1_25' title="bbox 530 2778 2476 2866; baseline -0.002 -20"><span class='ocrx_word' id='word_1_171' title='bbox 530 2782 846 2866; x_wconf 91' lang='lat' dir='ltr'><strong><em>optimam</em></strong></span> <span class='ocrx_word' id='word_1_172' title='bbox 891 2798 1032 2843; x_wconf 88' lang='grc'><strong>0000</strong></span> <span class='ocrx_word' id='word_1_173' title='bbox 1076 2778 1349 2855; x_wconf 87' lang='lat' dir='ltr'><strong><em>censuit,</em></strong></span> <span class='ocrx_word' id='word_1_174' title='bbox 1397 2780 1683 2842; x_wconf 91' lang='lat' dir='ltr'><strong><em>contenti</em></strong></span> <span class='ocrx_word' id='word_1_175' title='bbox 1727 2779 1876 2844; x_wconf 89' lang='lat' dir='ltr'><strong><em>sint.</em></strong></span> <span class='ocrx_word' id='word_1_176' title='bbox 1924 2778 2153 2863; x_wconf 89' lang='lat' dir='ltr'><strong><em>Itaque</em></strong></span> <span class='ocrx_word' id='word_1_177' title='bbox 2196 2780 2476 2863; x_wconf 88' lang='lat' dir='ltr'><strong><em>prophe·</em></strong></span> 
     </span>
     <span class='ocr_line' id='line_1_26' title="bbox 530 2864 2478 2946; baseline -0.001 -13"><span class='ocrx_word' id='word_1_178' title='bbox 530 2869 727 2934; x_wconf 89' lang='lat' dir='ltr'><strong><em>ticam</em></strong></span> <span class='ocrx_word' id='word_1_179' title='bbox 786 2864 1152 2930; x_wconf 79' lang='lat' dir='ltr'><strong><em>doctrinam</em></strong></span> <span class='ocrx_word' id='word_1_180' title='bbox 1210 2884 1331 2946; x_wconf 89' lang='lat' dir='ltr'><strong><em>pro</em></strong></span> <span class='ocrx_word' id='word_1_181' title='bbox 1387 2864 1688 2930; x_wconf 90' lang='lat' dir='ltr'><strong><em>omnibus</em></strong></span> <span class='ocrx_word' id='word_1_182' title='bbox 1755 2865 2044 2945; x_wconf 82' lang='lat' dir='ltr'><strong><em>gentium</em></strong></span> <span class='ocrx_word' id='word_1_183' title='bbox 2091 2866 2478 2932; x_wconf 87' lang='lat' dir='ltr'><strong><em>commentis</em></strong></span> 
     </span>
     <span class='ocr_line' id='line_1_27' title="bbox 531 2948 2476 3035; baseline -0.002 -17"><span class='ocrx_word' id='word_1_184' title='bbox 531 2974 730 3019; x_wconf 89' lang='lat' dir='ltr'><strong><em>unam</em></strong></span> <span class='ocrx_word' id='word_1_185' title='bbox 766 2949 937 3034; x_wconf 87' lang='lat' dir='ltr'><strong><em>apud</em></strong></span> <span class='ocrx_word' id='word_1_186' title='bbox 974 2950 1149 3033; x_wconf 88' lang='lat' dir='ltr'><strong><em>ipsos</em></strong></span> <span class='ocrx_word' id='word_1_187' title='bbox 1195 2949 1421 3033; x_wconf 85' lang='lat' dir='ltr'><strong><em>vigere</em></strong></span> <span class='ocrx_word' id='word_1_188' title='bbox 1464 2948 1666 3016; x_wconf 88' lang='lat' dir='ltr'><strong><em>iubet.</em></strong></span> <span class='ocrx_word' id='word_1_189' title='bbox 1712 2948 1818 3015; x_wconf 88' lang='lat' dir='ltr'><strong><em>Ita</em></strong></span> <span class='ocrx_word' id='word_1_190' title='bbox 1852 2952 2200 3035; x_wconf 87' lang='lat' dir='ltr'><strong><em>significat,</em></strong></span> <span class='ocrx_word' id='word_1_191' title='bbox 2248 2973 2476 3034; x_wconf 90' lang='lat' dir='ltr'><strong><em>quam-</em></strong></span> 
     </span>
     <span class='ocr_line' id='line_1_28' title="bbox 529 3033 2479 3121; baseline -0.003 -14"><span class='ocrx_word' id='word_1_192' title='bbox 529 3040 636 3108; x_wconf 83' lang='lat' dir='ltr'><strong><em>vis</em></strong></span> <span class='ocrx_word' id='word_1_193' title='bbox 680 3059 810 3104; x_wconf 92' lang='lat' dir='ltr'><strong><em>non</em></strong></span> <span class='ocrx_word' id='word_1_194' title='bbox 856 3036 1077 3121; x_wconf 90' lang='lat' dir='ltr'><strong><em>palam</em></strong></span> <span class='ocrx_word' id='word_1_195' title='bbox 1121 3033 1468 3102; x_wconf 87' lang='lat' dir='ltr'><strong><em>descendat</em></strong></span> <span class='ocrx_word' id='word_1_196' title='bbox 1513 3057 1549 3102; x_wconf 92' lang='lat' dir='ltr'><strong><em>e</em></strong></span> <span class='ocrx_word' id='word_1_197' title='bbox 1592 3036 1773 3103; x_wconf 89' lang='lat' dir='ltr'><strong><em>coelo</em></strong></span> <span class='ocrx_word' id='word_1_198' title='bbox 1818 3038 2020 3117; x_wconf 91' lang='lat' dir='ltr'><strong><em>Deus,</em></strong></span> <span class='ocrx_word' id='word_1_199' title='bbox 2062 3039 2195 3105; x_wconf 90' lang='lat' dir='ltr'><strong><em>illis</em></strong></span> <span class='ocrx_word' id='word_1_200' title='bbox 2242 3050 2479 3118; x_wconf 89' lang='lat' dir='ltr'><strong><em>tamen,</em></strong></span> 
     </span>
     <span class='ocr_line' id='line_1_29' title="bbox 529 3120 2481 3212; baseline -0.001 -20"><span class='ocrx_word' id='word_1_201' title='bbox 529 3132 855 3212; x_wconf 90' lang='lat' dir='ltr'><strong><em>quatenus</em></strong></span> <span class='ocrx_word' id='word_1_202' title='bbox 890 3120 1213 3207; x_wconf 83' lang='lat' dir='ltr'><strong><em>expediet,</em></strong></span> <span class='ocrx_word' id='word_1_203' title='bbox 1257 3121 1670 3189; x_wconf 84' lang='lat' dir='ltr'><strong><em>voluntatem</em></strong></span> <span class='ocrx_word' id='word_1_204' title='bbox 1716 3124 1857 3190; x_wconf 90' lang='lat' dir='ltr'><strong><em>eius</em></strong></span> <span class='ocrx_word' id='word_1_205' title='bbox 1901 3133 2164 3204; x_wconf 88' lang='lat' dir='ltr'><strong><em>certam,</em></strong></span> <span class='ocrx_word' id='word_1_206' title='bbox 2206 3135 2272 3190; x_wconf 90' lang='lat' dir='ltr'><strong><em>et</em></strong></span> <span class='ocrx_word' id='word_1_207' title='bbox 2305 3126 2481 3191; x_wconf 89' lang='lat' dir='ltr'><strong><em>clare</em></strong></span> 
     </span>
     <span class='ocr_line' id='line_1_30' title="bbox 532 3209 2485 3293; baseline -0.002 -15"><span class='ocrx_word' id='word_1_208' title='bbox 532 3221 761 3278; x_wconf 91' lang='lat' dir='ltr'><strong><em>notam</em></strong></span> <span class='ocrx_word' id='word_1_209' title='bbox 803 3209 961 3288; x_wconf 89' lang='lat' dir='ltr'><strong><em>fore,</em></strong></span> <span class='ocrx_word' id='word_1_210' title='bbox 1009 3210 1159 3292; x_wconf 90' lang='lat' dir='ltr'><strong><em>quia</em></strong></span> <span class='ocrx_word' id='word_1_211' title='bbox 1201 3230 1319 3292; x_wconf 90' lang='lat' dir='ltr'><strong><em>per</em></strong></span> <span class='ocrx_word' id='word_1_212' title='bbox 1354 3230 1577 3274; x_wconf 83' lang='lat' dir='ltr'><strong><em>servos</em></strong></span> <span class='ocrx_word' id='word_1_213' title='bbox 1621 3232 1772 3274; x_wconf 90' lang='lat' dir='ltr'><strong><em>suos</em></strong></span> <span class='ocrx_word' id='word_1_214' title='bbox 1817 3211 2166 3293; x_wconf 89' lang='lat' dir='ltr'><strong><em>prophetas</em></strong></span> <span class='ocrx_word' id='word_1_215' title='bbox 2203 3210 2485 3276; x_wconf 88' lang='lat' dir='ltr'><strong><em>fideliter</em></strong></span> 
     </span>
     <span class='ocr_line' id='line_1_31' title="bbox 532 3293 2481 3378; baseline -0.001 -15"><span class='ocrx_word' id='word_1_216' title='bbox 532 3320 645 3363; x_wconf 90' lang='grc'><strong><em>000</em></strong></span> <span class='ocrx_word' id='word_1_217' title='bbox 688 3295 961 3362; x_wconf 84' lang='lat' dir='ltr'><strong><em>erudiet.</em></strong></span> <span class='ocrx_word' id='word_1_218' title='bbox 1048 3293 1200 3376; x_wconf 75' lang='lat' dir='ltr'><strong><em>Qua</em></strong></span> <span class='ocrx_word' id='word_1_219' title='bbox 1246 3295 1496 3360; x_wconf 84' lang='lat' dir='ltr'><strong><em>ratione</em></strong></span> <span class='ocrx_word' id='word_1_220' title='bbox 1540 3295 1709 3378; x_wconf 91' lang='lat' dir='ltr'><strong><em>apud</em></strong></span> <span class='ocrx_word' id='word_1_221' title='bbox 1757 3295 1999 3362; x_wconf 88' lang='lat' dir='ltr'><strong><em>Isaiam</em></strong></span> <span class='ocrx_word' id='word_1_222' title='bbox 2043 3298 2146 3377; x_wconf 88' lang='lat'><strong><em>43,</em></strong></span> <span class='ocrx_word' id='word_1_223' title='bbox 2202 3298 2313 3377; x_wconf 88' lang='lat'><strong><em>10,</em></strong></span> <span class='ocrx_word' id='word_1_224' title='bbox 2371 3297 2481 3361; x_wconf 91' lang='lat' dir='ltr'><strong><em>ubi</em></strong></span> 
     </span>
     <span class='ocr_line' id='line_1_32' title="bbox 533 3380 2487 3449; baseline -0.001 -1"><span class='ocrx_word' id='word_1_225' title='bbox 533 3383 850 3448; x_wconf 89' lang='lat' dir='ltr'><strong><em>falsorum</em></strong></span> <span class='ocrx_word' id='word_1_226' title='bbox 895 3380 1167 3445; x_wconf 90' lang='lat' dir='ltr'><strong><em>deorum</em></strong></span> <span class='ocrx_word' id='word_1_227' title='bbox 1214 3381 1520 3446; x_wconf 86' lang='lat' dir='ltr'><strong><em>vaticinia</em></strong></span> <span class='ocrx_word' id='word_1_228' title='bbox 1581 3381 1844 3449; x_wconf 88' lang='lat' dir='ltr'><strong><em>derisit:</em></strong></span> <span class='ocrx_word' id='word_1_229' title='bbox 1907 3382 2225 3449; x_wconf 88' lang='lat' dir='ltr'><strong><em>Israelem</em></strong></span> <span class='ocrx_word' id='word_1_230' title='bbox 2281 3384 2487 3448; x_wconf 89' lang='lat' dir='ltr'><strong><em>nomi-</em></strong></span> 
     </span>
     <span class='ocr_line' id='line_1_33' title="bbox 533 3467 2487 3550; baseline -0.001 -15"><span class='ocrx_word' id='word_1_231' title='bbox 533 3478 653 3535; x_wconf 91' lang='lat' dir='ltr'><strong><em>nat</em></strong></span> <span class='ocrx_word' id='word_1_232' title='bbox 695 3476 933 3532; x_wconf 90' lang='lat' dir='ltr'><strong><em>testem</em></strong></span> <span class='ocrx_word' id='word_1_233' title='bbox 978 3486 1202 3531; x_wconf 87' lang='lat' dir='ltr'><strong><em>suum:</em></strong></span> <span class='ocrx_word' id='word_1_234' title='bbox 1248 3476 1474 3550; x_wconf 89' lang='lat' dir='ltr'><strong><em>utpote</em></strong></span> <span class='ocrx_word' id='word_1_235' title='bbox 1518 3467 1688 3550; x_wconf 89' lang='lat' dir='ltr'><strong><em>apud</em></strong></span> <span class='ocrx_word' id='word_1_236' title='bbox 1736 3489 1926 3550; x_wconf 91' lang='lat' dir='ltr'><strong><em>quem</em></strong></span> <span class='ocrx_word' id='word_1_237' title='bbox 1970 3491 2090 3536; x_wconf 89' lang='grc'><strong><em>000</em></strong></span> <span class='ocrx_word' id='word_1_238' title='bbox 2134 3490 2374 3536; x_wconf 87' lang='grc'><strong>010000</strong></span> <span class='ocrx_word' id='word_1_239' title='bbox 2417 3479 2487 3534; x_wconf 89' lang='grc'><strong><em>01</em></strong></span> 
     </span>
     <span class='ocr_line' id='line_1_34' title="bbox 534 3551 2488 3637; baseline -0.001 -17"><span class='ocrx_word' id='word_1_240' title='bbox 534 3553 835 3620; x_wconf 89' lang='lat' dir='ltr'><strong><em>coelestis</em></strong></span> <span class='ocrx_word' id='word_1_241' title='bbox 870 3551 1230 3637; x_wconf 88' lang='lat' dir='ltr'><strong><em>sapientiae</em></strong></span> <span class='ocrx_word' id='word_1_242' title='bbox 1275 3553 1618 3618; x_wconf 86' lang='lat' dir='ltr'><strong><em>thesauros</em></strong></span> <span class='ocrx_word' id='word_1_243' title='bbox 1665 3553 2070 3637; x_wconf 85' lang='lat' dir='ltr'><strong><em>deposuerat.</em></strong></span> <span class='ocrx_word' id='word_1_244' title='bbox 2165 3555 2488 3620; x_wconf 88' lang='lat' dir='ltr'><strong><em>Videmus</em></strong></span> 
     </span>
     <span class='ocr_line' id='line_1_35' title="bbox 534 3636 2487 3724; baseline -0.001 -18"><span class='ocrx_word' id='word_1_245' title='bbox 534 3641 667 3706; x_wconf 90' lang='lat' dir='ltr'><strong><em>iam</em></strong></span> <span class='ocrx_word' id='word_1_246' title='bbox 715 3638 1047 3722; x_wconf 84' lang='lat' dir='ltr'><strong><em>designari</em></strong></span> <span class='ocrx_word' id='word_1_247' title='bbox 1091 3636 1356 3701; x_wconf 89' lang='lat' dir='ltr'><strong><em>modum</em></strong></span> <span class='ocrx_word' id='word_1_248' title='bbox 1393 3660 1521 3720; x_wconf 92' lang='lat' dir='ltr'><strong><em>quo</em></strong></span> <span class='ocrx_word' id='word_1_249' title='bbox 1551 3640 1728 3704; x_wconf 90' lang='lat' dir='ltr'><strong><em>Deus</em></strong></span> <span class='ocrx_word' id='word_1_250' title='bbox 1761 3640 1903 3705; x_wconf 85' lang='lat' dir='ltr'><strong><em>vult</em></strong></span> <span class='ocrx_word' id='word_1_251' title='bbox 1939 3640 2254 3724; x_wconf 90' lang='lat' dir='ltr'><strong><em>populum</em></strong></span> <span class='ocrx_word' id='word_1_252' title='bbox 2291 3661 2487 3707; x_wconf 91' lang='lat' dir='ltr'><strong><em>suum</em></strong></span> 
     </span>
     <span class='ocr_line' id='line_1_36' title="bbox 535 3723 2486 3810; baseline -0.001 -17"><span class='ocrx_word' id='word_1_253' title='bbox 535 3726 855 3793; x_wconf 87' lang='lat' dir='ltr'><strong><em>sciscitari</em></strong></span> <span class='ocrx_word' id='word_1_254' title='bbox 902 3723 982 3789; x_wconf 91' lang='lat' dir='ltr'><strong><em>de</em></strong></span> <span class='ocrx_word' id='word_1_255' title='bbox 1025 3726 1221 3788; x_wconf 90' lang='lat' dir='ltr'><strong><em>rebus</em></strong></span> <span class='ocrx_word' id='word_1_256' title='bbox 1264 3723 1346 3788; x_wconf 89' lang='lat' dir='ltr'><strong><em>ad</em></strong></span> <span class='ocrx_word' id='word_1_257' title='bbox 1392 3725 1669 3790; x_wconf 87' lang='lat' dir='ltr'><strong><em>salutem</em></strong></span> <span class='ocrx_word' id='word_1_258' title='bbox 1717 3728 2125 3792; x_wconf 88' lang='lat' dir='ltr'><strong><em>necessariis:</em></strong></span> <span class='ocrx_word' id='word_1_259' title='bbox 2185 3726 2355 3810; x_wconf 89' lang='lat' dir='ltr'><strong><em>quod</em></strong></span> <span class='ocrx_word' id='word_1_260' title='bbox 2401 3748 2486 3792; x_wconf 90' lang='lat' dir='ltr'><strong><em>ex</em></strong></span> 
     </span>
     <span class='ocr_line' id='line_1_37' title="bbox 537 3808 2487 3894; baseline -0.002 -15"><span class='ocrx_word' id='word_1_261' title='bbox 537 3814 598 3880; x_wconf 88' lang='grc'><strong><em>8.</em></strong></span> <span class='ocrx_word' id='word_1_262' title='bbox 644 3832 784 3894; x_wconf 88' lang='grc'><strong>000.</strong></span> <span class='ocrx_word' id='word_1_263' title='bbox 830 3808 1043 3874; x_wconf 86' lang='lat' dir='ltr'><strong><em>Isaiae</em></strong></span> <span class='ocrx_word' id='word_1_264' title='bbox 1087 3809 1329 3875; x_wconf 90' lang='lat' dir='ltr'><strong><em>clarius</em></strong></span> <span class='ocrx_word' id='word_1_265' title='bbox 1372 3819 1581 3893; x_wconf 88' lang='lat' dir='ltr'><strong><em>patet:</em></strong></span> <span class='ocrx_word' id='word_1_266' title='bbox 1646 3810 1718 3878; x_wconf 81' lang='lat' dir='ltr'><strong><em>Si</em></strong></span> <span class='ocrx_word' id='word_1_267' title='bbox 1767 3811 2057 3878; x_wconf 87' lang='lat' dir='ltr'><strong><em>dixerint</em></strong></span> <span class='ocrx_word' id='word_1_268' title='bbox 2105 3813 2304 3888; x_wconf 85' lang='lat' dir='ltr'><strong><em>vobis,</em></strong></span> <span class='ocrx_word' id='word_1_269' title='bbox 2370 3814 2487 3879; x_wconf 89' lang='lat' dir='ltr'><strong><em>In-</em></strong></span> 
     </span>
     <span class='ocr_line' id='line_1_38' title="bbox 536 3894 2488 3983; baseline -0.001 -19"><span class='ocrx_word' id='word_1_270' title='bbox 536 3897 776 3983; x_wconf 88' lang='lat' dir='ltr'><strong><em>quirite</em></strong></span> <span class='ocrx_word' id='word_1_271' title='bbox 816 3917 855 3962; x_wconf 91' lang='lat' dir='ltr'><strong><em>a</em></strong></span> <span class='ocrx_word' id='word_1_272' title='bbox 878 3894 1289 3980; x_wconf 81' lang='lat' dir='ltr'><strong><em>Pythonibus</em></strong></span> <span class='ocrx_word' id='word_1_273' title='bbox 1312 3906 1380 3961; x_wconf 91' lang='lat' dir='ltr'><strong><em>et</em></strong></span> <span class='ocrx_word' id='word_1_274' title='bbox 1401 3895 1668 3962; x_wconf 84' lang='lat' dir='ltr'><strong><em>divinis:</em></strong></span> <span class='ocrx_word' id='word_1_275' title='bbox 1718 3919 1936 3963; x_wconf 89' lang='grc'><strong>00000</strong></span> <span class='ocrx_word' id='word_1_276' title='bbox 1960 3899 2237 3982; x_wconf 88' lang='grc'><strong>0000100</strong></span> <span class='ocrx_word' id='word_1_277' title='bbox 2271 3899 2488 3965; x_wconf 87' lang='grc' dir='ltr'><strong>Ῑ)0001</strong></span> 
     </span>
     <span class='ocr_line' id='line_1_39' title="bbox 538 3981 2493 4069; baseline -0.001 -19"><span class='ocrx_word' id='word_1_278' title='bbox 538 4006 732 4051; x_wconf 84' lang='grc'><strong>00010</strong></span> <span class='ocrx_word' id='word_1_279' title='bbox 778 3981 1100 4061; x_wconf 88' lang='grc'><strong>00000101,</strong></span> <span class='ocrx_word' id='word_1_280' title='bbox 1160 4003 1199 4047; x_wconf 92' lang='grc'><strong><em>0</em></strong></span> <span class='ocrx_word' id='word_1_281' title='bbox 1246 3981 1416 4048; x_wconf 84' lang='lat' dir='ltr'><strong><em>vivis</em></strong></span> <span class='ocrx_word' id='word_1_282' title='bbox 1469 3981 1552 4046; x_wconf 90' lang='lat' dir='ltr'><strong><em>ad</em></strong></span> <span class='ocrx_word' id='word_1_283' title='bbox 1596 3984 1931 4049; x_wconf 81' lang='lat' dir='ltr'><strong><em>mortuos?</em></strong></span> <span class='ocrx_word' id='word_1_284' title='bbox 1989 3984 2097 4049; x_wconf 93' lang='lat' dir='ltr'><strong><em>Ad</em></strong></span> <span class='ocrx_word' id='word_1_285' title='bbox 2156 3985 2366 4069; x_wconf 84' lang='lat' dir='ltr'><strong><em>legem</em></strong></span> <span class='ocrx_word' id='word_1_286' title='bbox 2413 3992 2493 4066; x_wconf 62' lang='lat' dir='ltr'><strong><em>{et</em></strong></span> 
     </span>
     <span class='ocr_line' id='line_1_40' title="bbox 540 4067 2491 4154; baseline 0 -18"><span class='ocrx_word' id='word_1_287' title='bbox 540 4070 622 4136; x_wconf 90' lang='lat' dir='ltr'><strong><em>ad</em></strong></span> <span class='ocrx_word' id='word_1_288' title='bbox 665 4068 1133 4135; x_wconf 88' lang='lat' dir='ltr'><strong><em>testimonium.</em></strong></span> <span class='ocrx_word' id='word_1_289' title='bbox 1221 4067 1361 4133; x_wconf 93' lang='lat' dir='ltr'><strong><em>Nec</em></strong></span> <span class='ocrx_word' id='word_1_290' title='bbox 1398 4068 1666 4133; x_wconf 89' lang='lat' dir='ltr'><strong><em>dubium</em></strong></span> <span class='ocrx_word' id='word_1_291' title='bbox 1711 4084 1811 4136; x_wconf 90' lang='lat' dir='ltr'><strong><em>est</em></strong></span> <span class='ocrx_word' id='word_1_292' title='bbox 1854 4070 2010 4154; x_wconf 90' lang='lat' dir='ltr'><strong><em>quin</em></strong></span> <span class='ocrx_word' id='word_1_293' title='bbox 2058 4092 2141 4136; x_wconf 90' lang='lat' dir='ltr'><strong><em>ex</em></strong></span> <span class='ocrx_word' id='word_1_294' title='bbox 2181 4071 2304 4136; x_wconf 91' lang='lat' dir='ltr'><strong><em>hoc</em></strong></span> <span class='ocrx_word' id='word_1_295' title='bbox 2348 4073 2491 4137; x_wconf 91' lang='grc'><strong>1000</strong></span> 
     </span>
     <span class='ocr_line' id='line_1_41' title="bbox 542 4153 2491 4238; baseline 0.001 -17"><span class='ocrx_word' id='word_1_296' title='bbox 542 4156 908 4221; x_wconf 88' lang='lat' dir='ltr'><strong><em>doctrinam</em></strong></span> <span class='ocrx_word' id='word_1_297' title='bbox 976 4153 1156 4219; x_wconf 88' lang='lat' dir='ltr'><strong><em>illam</em></strong></span> <span class='ocrx_word' id='word_1_298' title='bbox 1191 4165 1194 4172; x_wconf 83' lang='grc'><strong><em>’</em></strong></span> <span class='ocrx_word' id='word_1_299' title='bbox 1231 4155 1586 4238; x_wconf 89' lang='lat' dir='ltr'><strong><em>sumpserit</em></strong></span> <span class='ocrx_word' id='word_1_300' title='bbox 1648 4155 1887 4231; x_wconf 83' lang='lat' dir='ltr'><strong><em>Isaiae,</em></strong></span> <span class='ocrx_word' id='word_1_301' title='bbox 1966 4156 2076 4221; x_wconf 92' lang='lat' dir='ltr'><strong><em>ubi</em></strong></span> <span class='ocrx_word' id='word_1_302' title='bbox 2163 4157 2491 4223; x_wconf 89' lang='lat' dir='ltr'><strong><em>damnatis</em></strong></span> 
     </span>
     <span class='ocr_line' id='line_1_42' title="bbox 544 4238 2491 4325; baseline 0.001 -18"><span class='ocrx_word' id='word_1_303' title='bbox 544 4241 871 4307; x_wconf 88' lang='lat' dir='ltr'><strong><em>erroribus</em></strong></span> <span class='ocrx_word' id='word_1_304' title='bbox 915 4261 1075 4322; x_wconf 86' lang='lat' dir='ltr'><strong><em>quos</em></strong></span> <span class='ocrx_word' id='word_1_305' title='bbox 1118 4238 1243 4304; x_wconf 92' lang='lat' dir='ltr'><strong><em>sibi</em></strong></span> <span class='ocrx_word' id='word_1_306' title='bbox 1288 4242 1667 4325; x_wconf 84' lang='lat' dir='ltr'><strong><em>excogitant</em></strong></span> <span class='ocrx_word' id='word_1_307' title='bbox 1709 4243 1946 4307; x_wconf 89' lang='lat' dir='ltr'><strong><em>curiosi</em></strong></span> <span class='ocrx_word' id='word_1_308' title='bbox 1994 4241 2325 4321; x_wconf 90' lang='lat' dir='ltr'><strong><em>homines,</em></strong></span> <span class='ocrx_word' id='word_1_309' title='bbox 2393 4245 2491 4308; x_wconf 90' lang='lat' dir='ltr'><strong><em>iu·</em></strong></span> 
     </span>
     <span class='ocr_line' id='line_1_43' title="bbox 546 4325 2493 4411; baseline 0.001 -19"><span class='ocrx_word' id='word_1_310' title='bbox 546 4326 658 4393; x_wconf 81' lang='lat' dir='ltr'><strong><em>bet</em></strong></span> <span class='ocrx_word' id='word_1_311' title='bbox 699 4327 923 4391; x_wconf 88' lang='lat' dir='ltr'><strong><em>fideles</em></strong></span> <span class='ocrx_word' id='word_1_312' title='bbox 977 4325 1359 4408; x_wconf 89' lang='lat' dir='ltr'><strong><em>simpliciter</em></strong></span> <span class='ocrx_word' id='word_1_313' title='bbox 1416 4329 1497 4391; x_wconf 92' lang='lat' dir='ltr'><strong><em>ad</em></strong></span> <span class='ocrx_word' id='word_1_314' title='bbox 1564 4327 1773 4411; x_wconf 87' lang='lat' dir='ltr'><strong><em>legem</em></strong></span> <span class='ocrx_word' id='word_1_315' title='bbox 1823 4327 2188 4393; x_wconf 88' lang='lat' dir='ltr'><strong><em>attendere:</em></strong></span> <span class='ocrx_word' id='word_1_316' title='bbox 2248 4339 2315 4394; x_wconf 88' lang='lat' dir='ltr'><strong><em>et</em></strong></span> <span class='ocrx_word' id='word_1_317' title='bbox 2371 4328 2493 4394; x_wconf 89' lang='lat' dir='ltr'><strong><em>hac</em></strong></span> 
     </span>
     <span class='ocr_line' id='line_1_44' title="bbox 546 4410 2496 4495; baseline 0.001 -17"><span class='ocrx_word' id='word_1_318' title='bbox 546 4413 837 4478; x_wconf 88' lang='lat' dir='ltr'><strong><em>discendi</em></strong></span> <span class='ocrx_word' id='word_1_319' title='bbox 894 4410 1123 4495; x_wconf 86' lang='lat' dir='ltr'><strong><em>regula</em></strong></span> <span class='ocrx_word' id='word_1_320' title='bbox 1190 4422 1536 4478; x_wconf 89' lang='lat' dir='ltr'><strong><em>contentos</em></strong></span> <span class='ocrx_word' id='word_1_321' title='bbox 1604 4434 1745 4478; x_wconf 91' lang='lat' dir='ltr'><strong><em>esse</em></strong></span> <span class='ocrx_word' id='word_1_322' title='bbox 1811 4412 2024 4493; x_wconf 91' lang='lat' dir='ltr'><strong><em>iubet,</em></strong></span> <span class='ocrx_word' id='word_1_323' title='bbox 2092 4418 2219 4481; x_wconf 90' lang='lat' dir='ltr'><strong><em>nisi</em></strong></span> <span class='ocrx_word' id='word_1_324' title='bbox 2284 4415 2496 4480; x_wconf 84' lang='lat' dir='ltr'><strong><em>velint</em></strong></span> 
     </span>
     <span class='ocr_line' id='line_1_45' title="bbox 547 4498 2495 4585; baseline 0.001 -21"><span class='ocrx_word' id='word_1_325' title='bbox 547 4499 785 4564; x_wconf 88' lang='lat' dir='ltr'><strong><em>misere</em></strong></span> <span class='ocrx_word' id='word_1_326' title='bbox 828 4498 1075 4581; x_wconf 83' lang='lat' dir='ltr'><strong><em>vagari.</em></strong></span> <span class='ocrx_word' id='word_1_327' title='bbox 1158 4498 1333 4564; x_wconf 90' lang='lat' dir='ltr'><strong><em>Hinc</em></strong></span> <span class='ocrx_word' id='word_1_328' title='bbox 1377 4499 1744 4580; x_wconf 84' lang='lat' dir='ltr'><strong><em>colligimus</em></strong></span> <span class='ocrx_word' id='word_1_329' title='bbox 1787 4500 1858 4563; x_wconf 91' lang='lat' dir='ltr'><strong><em>in</em></strong></span> <span class='ocrx_word' id='word_1_330' title='bbox 1904 4502 2170 4566; x_wconf 89' lang='lat' dir='ltr'><strong><em>nomine</em></strong></span> <span class='ocrx_word' id='word_1_331' title='bbox 2214 4502 2495 4585; x_wconf 89' lang='lat' dir='ltr'><strong><em>prophe-</em></strong></span> 
     </span>
     <span class='ocr_line' id='line_1_46' title="bbox 548 4583 2495 4669; baseline 0.001 -20"><span class='ocrx_word' id='word_1_332' title='bbox 548 4598 657 4649; x_wconf 82' lang='lat' dir='ltr'><strong><em>tae</em></strong></span> <span class='ocrx_word' id='word_1_333' title='bbox 700 4604 842 4649; x_wconf 89' lang='lat' dir='ltr'><strong><em>esse</em></strong></span> <span class='ocrx_word' id='word_1_334' title='bbox 885 4583 1231 4666; x_wconf 86' lang='lat' dir='ltr'><strong><em>enallagen</em></strong></span> <span class='ocrx_word' id='word_1_335' title='bbox 1275 4587 1547 4651; x_wconf 90' lang='lat' dir='ltr'><strong><em>numeri.</em></strong></span> <span class='ocrx_word' id='word_1_336' title='bbox 1637 4585 1810 4649; x_wconf 90' lang='lat' dir='ltr'><strong><em>Nam</em></strong></span> <span class='ocrx_word' id='word_1_337' title='bbox 1854 4587 2022 4669; x_wconf 91' lang='lat' dir='ltr'><strong><em>quod</em></strong></span> <span class='ocrx_word' id='word_1_338' title='bbox 2068 4588 2367 4652; x_wconf 90' lang='lat' dir='ltr'><strong><em>nonnulli</em></strong></span> <span class='ocrx_word' id='word_1_339' title='bbox 2414 4586 2495 4651; x_wconf 89' lang='lat' dir='ltr'><strong><em>ad</em></strong></span> 
     </span>
     <span class='ocr_line' id='line_1_47' title="bbox 550 4667 2497 4756; baseline 0.001 -21"><span class='ocrx_word' id='word_1_340' title='bbox 550 4671 762 4749; x_wconf 90' lang='lat' dir='ltr'><strong><em>Iosue,</em></strong></span> <span class='ocrx_word' id='word_1_341' title='bbox 809 4669 919 4735; x_wconf 90' lang='lat' dir='ltr'><strong><em>alii</em></strong></span> <span class='ocrx_word' id='word_1_342' title='bbox 964 4668 1047 4734; x_wconf 90' lang='lat' dir='ltr'><strong><em>ad</em></strong></span> <span class='ocrx_word' id='word_1_343' title='bbox 1091 4667 1442 4734; x_wconf 89' lang='lat' dir='ltr'><strong><em>Ieremiam</em></strong></span> <span class='ocrx_word' id='word_1_344' title='bbox 1489 4672 1927 4754; x_wconf 84' lang='lat' dir='ltr'><strong><em>restringunt,</em></strong></span> <span class='ocrx_word' id='word_1_345' title='bbox 1978 4694 2243 4756; x_wconf 90' lang='lat' dir='ltr'><strong><em>prorsus</em></strong></span> <span class='ocrx_word' id='word_1_346' title='bbox 2288 4672 2497 4739; x_wconf 91' lang='lat' dir='ltr'><strong><em>insul-</em></strong></span> 
     </span>
     <span class='ocr_line' id='line_1_48' title="bbox 551 4755 2500 4842; baseline 0 -20"><span class='ocrx_word' id='word_1_347' title='bbox 551 4778 697 4822; x_wconf 89' lang='lat' dir='ltr'><strong><em>sum</em></strong></span> <span class='ocrx_word' id='word_1_348' title='bbox 743 4766 876 4821; x_wconf 85' lang='lat' dir='ltr'><strong><em>est:</em></strong></span> <span class='ocrx_word' id='word_1_349' title='bbox 922 4755 1181 4837; x_wconf 91' lang='lat' dir='ltr'><strong><em>quando</em></strong></span> <span class='ocrx_word' id='word_1_350' title='bbox 1227 4755 1332 4820; x_wconf 91' lang='lat' dir='ltr'><strong><em>hic</em></strong></span> <span class='ocrx_word' id='word_1_351' title='bbox 1368 4756 1447 4821; x_wconf 88' lang='lat' dir='ltr'><strong><em>de</em></strong></span> <span class='ocrx_word' id='word_1_352' title='bbox 1483 4758 1791 4822; x_wconf 90' lang='lat' dir='ltr'><strong><em>continuo</em></strong></span> <span class='ocrx_word' id='word_1_353' title='bbox 1827 4757 2153 4842; x_wconf 87' lang='lat' dir='ltr'><strong><em>regendae</em></strong></span> <span class='ocrx_word' id='word_1_354' title='bbox 2190 4760 2500 4824; x_wconf 88' lang='lat' dir='ltr'><strong><em>eeclesiae</em></strong></span> 
     </span>
     <span class='ocr_line' id='line_1_49' title="bbox 534 4841 2500 4927; baseline 0.002 -20"><span class='ocrx_word' id='word_1_355' title='bbox 534 4848 779 4907; x_wconf 89' lang='lat' dir='ltr'><strong><em>&#39;tenore</em></strong></span> <span class='ocrx_word' id='word_1_356' title='bbox 824 4841 1082 4906; x_wconf 90' lang='lat' dir='ltr'><strong><em>disserit</em></strong></span> <span class='ocrx_word' id='word_1_357' title='bbox 1128 4841 1383 4920; x_wconf 86' lang='lat' dir='ltr'><strong><em>Moses,</em></strong></span> <span class='ocrx_word' id='word_1_358' title='bbox 1439 4864 1572 4907; x_wconf 89' lang='lat' dir='ltr'><strong><em>non</em></strong></span> <span class='ocrx_word' id='word_1_359' title='bbox 1616 4855 1834 4908; x_wconf 88' lang='lat' dir='ltr'><strong><em>autem</em></strong></span> <span class='ocrx_word' id='word_1_360' title='bbox 1883 4845 2114 4909; x_wconf 85' lang='lat' dir='ltr'><strong><em>recitat</em></strong></span> <span class='ocrx_word' id='word_1_361' title='bbox 2168 4845 2323 4927; x_wconf 88' lang='lat' dir='ltr'><strong><em>quid</em></strong></span> <span class='ocrx_word' id='word_1_362' title='bbox 2369 4847 2500 4910; x_wconf 88' lang='lat' dir='ltr'><strong><em>fac-</em></strong></span> 
     </span>
     <span class='ocr_line' id='line_1_50' title="bbox 552 4924 2504 5012; baseline 0.001 -19"><span class='ocrx_word' id='word_1_363' title='bbox 552 4937 744 4994; x_wconf 87' lang='lat' dir='ltr'><strong><em>turus</em></strong></span> <span class='ocrx_word' id='word_1_364' title='bbox 802 4929 887 4991; x_wconf 85' lang='lat' dir='ltr'><strong><em>sit</em></strong></span> <span class='ocrx_word' id='word_1_365' title='bbox 945 4924 1129 4992; x_wconf 89' lang='lat' dir='ltr'><strong><em>Deus</em></strong></span> <span class='ocrx_word' id='word_1_366' title='bbox 1190 4927 1271 4991; x_wconf 90' lang='lat' dir='ltr'><strong><em>ad</em></strong></span> <span class='ocrx_word' id='word_1_367' title='bbox 1345 4929 1537 4994; x_wconf 87' lang='lat' dir='ltr'><strong><em>breve</em></strong></span> <span class='ocrx_word' id='word_1_368' title='bbox 1604 4941 1877 5012; x_wconf 89' lang='lat' dir='ltr'><strong><em>tempus.</em></strong></span> <span class='ocrx_word' id='word_1_369' title='bbox 1979 4930 2202 4994; x_wconf 91' lang='lat' dir='ltr'><strong><em>Nihilo</em></strong></span> <span class='ocrx_word' id='word_1_370' title='bbox 2264 4932 2504 4996; x_wconf 83' lang='lat' dir='ltr'><strong><em>rectior</em></strong></span> 
     </span>
     <span class='ocr_line' id='line_1_51' title="bbox 554 5014 2506 5096; baseline 0.001 -17"><span class='ocrx_word' id='word_1_371' title='bbox 554 5024 655 5079; x_wconf 90' lang='grc'><strong><em>001</em></strong></span> <span class='ocrx_word' id='word_1_372' title='bbox 715 5034 937 5079; x_wconf 91' lang='lat' dir='ltr'><strong><em>eorum</em></strong></span> <span class='ocrx_word' id='word_1_373' title='bbox 997 5014 1323 5077; x_wconf 88' lang='lat' dir='ltr'><strong><em>sententia</em></strong></span> <span class='ocrx_word' id='word_1_374' title='bbox 1387 5015 1497 5096; x_wconf 92' lang='lat' dir='ltr'><strong><em>qui</em></strong></span> <span class='ocrx_word' id='word_1_375' title='bbox 1554 5017 1842 5096; x_wconf 88' lang='lat' dir='ltr'><strong><em>praecise</em></strong></span> <span class='ocrx_word' id='word_1_376' title='bbox 1901 5014 1982 5080; x_wconf 90' lang='lat' dir='ltr'><strong><em>de</em></strong></span> <span class='ocrx_word' id='word_1_377' title='bbox 2054 5017 2190 5082; x_wconf 91' lang='lat' dir='ltr'><strong><em>solo</em></strong></span> <span class='ocrx_word' id='word_1_378' title='bbox 2235 5016 2506 5081; x_wconf 87' lang='lat' dir='ltr'><strong><em>Christo</em></strong></span> 
     </span>
     <span class='ocr_line' id='line_1_52' title="bbox 555 5098 2504 5184; baseline 0.001 -19"><span class='ocrx_word' id='word_1_379' title='bbox 555 5101 901 5184; x_wconf 88' lang='lat' dir='ltr'><strong><em>accipiunt.</em></strong></span> <span class='ocrx_word' id='word_1_380' title='bbox 992 5099 1162 5163; x_wconf 89' lang='lat' dir='ltr'><strong><em>Nam</em></strong></span> <span class='ocrx_word' id='word_1_381' title='bbox 1208 5098 1368 5164; x_wconf 89' lang='lat' dir='ltr'><strong><em>illud</em></strong></span> <span class='ocrx_word' id='word_1_382' title='bbox 1416 5100 1582 5182; x_wconf 91' lang='lat' dir='ltr'><strong><em>quod</em></strong></span> <span class='ocrx_word' id='word_1_383' title='bbox 1631 5100 1767 5166; x_wconf 85' lang='lat' dir='ltr'><strong><em>dixi</em></strong></span> <span class='ocrx_word' id='word_1_384' title='bbox 1814 5100 1943 5167; x_wconf 89' lang='lat' dir='ltr'><strong><em>Dei</em></strong></span> <span class='ocrx_word' id='word_1_385' title='bbox 2000 5103 2345 5168; x_wconf 90' lang='lat' dir='ltr'><strong><em>consilium</em></strong></span> <span class='ocrx_word' id='word_1_386' title='bbox 2407 5115 2504 5167; x_wconf 89' lang='lat' dir='ltr'><strong><em>te-</em></strong></span> 
     </span>
     <span class='ocr_line' id='line_1_53' title="bbox 557 5185 2503 5269; baseline 0.002 -20"><span class='ocrx_word' id='word_1_387' title='bbox 557 5208 712 5250; x_wconf 90' lang='lat' dir='ltr'><strong><em>nere</em></strong></span> <span class='ocrx_word' id='word_1_388' title='bbox 747 5186 1078 5263; x_wconf 87' lang='lat' dir='ltr'><strong><em>convenit,</em></strong></span> <span class='ocrx_word' id='word_1_389' title='bbox 1117 5207 1246 5250; x_wconf 93' lang='grc'><strong><em>000</em></strong></span> <span class='ocrx_word' id='word_1_390' title='bbox 1285 5185 1567 5267; x_wconf 89' lang='lat' dir='ltr'><strong><em>relinqui</em></strong></span> <span class='ocrx_word' id='word_1_391' title='bbox 1604 5185 1867 5252; x_wconf 86' lang='lat' dir='ltr'><strong><em>Iudaeis</em></strong></span> <span class='ocrx_word' id='word_1_392' title='bbox 1903 5189 2410 5269; x_wconf 88' lang='lat' dir='ltr'><strong><em>excusationem,</em></strong></span> <span class='ocrx_word' id='word_1_393' title='bbox 2448 5190 2503 5253; x_wconf 90' lang='lat' dir='ltr'><strong><em>ei</em></strong></span> 
     </span>
     <span class='ocr_line' id='line_1_54' title="bbox 556 5271 2505 5357; baseline 0.002 -20"><span class='ocrx_word' id='word_1_394' title='bbox 556 5271 639 5337; x_wconf 86' lang='lat' dir='ltr'><strong><em>ad</em></strong></span> <span class='ocrx_word' id='word_1_395' title='bbox 676 5272 1017 5357; x_wconf 79' lang='lat' dir='ltr'><strong><em>Pythonos</em></strong></span> <span class='ocrx_word' id='word_1_396' title='bbox 1064 5272 1169 5335; x_wconf 82' lang='lat' dir='ltr'><strong><em>vel</em></strong></span> <span class='ocrx_word' id='word_1_397' title='bbox 1225 5293 1449 5355; x_wconf 84' lang='lat' dir='ltr'><strong><em>magos</em></strong></span> <span class='ocrx_word' id='word_1_398' title='bbox 1504 5271 1860 5351; x_wconf 86' lang='lat' dir='ltr'><strong><em>declinent,</em></strong></span> <span class='ocrx_word' id='word_1_399' title='bbox 1907 5273 2061 5355; x_wconf 89' lang='lat' dir='ltr'><strong><em>quia</em></strong></span> <span class='ocrx_word' id='word_1_400' title='bbox 2106 5273 2286 5340; x_wconf 90' lang='lat' dir='ltr'><strong><em>Deus</em></strong></span> <span class='ocrx_word' id='word_1_401' title='bbox 2332 5297 2505 5339; x_wconf 91' lang='lat' dir='ltr'><strong><em>nuu-</em></strong></span> 
     </span>
     <span class='ocr_line' id='line_1_55' title="bbox 556 5356 2505 5442; baseline 0.001 -20"><span class='ocrx_word' id='word_1_402' title='bbox 556 5378 748 5441; x_wconf 92' lang='lat' dir='ltr'><strong><em>quam</em></strong></span> <span class='ocrx_word' id='word_1_403' title='bbox 808 5379 916 5423; x_wconf 90' lang='lat' dir='ltr'><strong><em>eos</em></strong></span> <span class='ocrx_word' id='word_1_404' title='bbox 974 5356 1285 5424; x_wconf 85' lang='lat' dir='ltr'><strong><em>destituet</em></strong></span> <span class='ocrx_word' id='word_1_405' title='bbox 1342 5360 1681 5442; x_wconf 88' lang='lat' dir='ltr'><strong><em>prophetis</em></strong></span> <span class='ocrx_word' id='word_1_406' title='bbox 1723 5369 1790 5424; x_wconf 87' lang='lat' dir='ltr'><strong><em>et</em></strong></span> <span class='ocrx_word' id='word_1_407' title='bbox 1825 5359 2216 5426; x_wconf 88' lang='lat' dir='ltr'><strong><em>doctoribus.</em></strong></span> <span class='ocrx_word' id='word_1_408' title='bbox 2308 5361 2505 5442; x_wconf 75' lang='lat' dir='ltr'><strong><em>Quod</em></strong></span> 
     </span>
    </p>
   </div>
   <div class='ocr_carea' id='block_1_4' title="bbox 1998 440 3066 511">
    <p class='ocr_par' dir='ltr' id='par_1_4' title="bbox 1998 440 3066 511">
     <span class='ocr_line' id='line_1_56' title="bbox 1998 440 3066 511; baseline -0.003 -1"><span class='ocrx_word' id='word_1_409' title='bbox 1998 443 2374 511; x_wconf 83' lang='lat' dir='ltr'>PRIMUM</span> <span class='ocrx_word' id='word_1_410' title='bbox 2418 440 3066 508; x_wconf 80' lang='lat' dir='ltr'><strong><em>PRAECEP&#39;PUM.</em></strong></span> 
     </span>
    </p>
   </div>
   <div class='ocr_carea' id='block_1_5' title="bbox 2523 652 2568 5423">
    <p class='ocr_par' dir='ltr' id='par_1_5' title="bbox 2523 652 2568 5423">
     <span class='ocr_line' id='line_1_57' title="bbox 2523 652 2568 5423; baseline 0 0"><span class='ocrx_word' id='word_1_411' title='bbox 2523 652 2568 5423; x_wconf 95' lang='lat' dir='ltr'><strong><em> </em></strong></span> 
     </span>
    </p>
   </div>
   <div class='ocr_carea' id='block_1_6' title="bbox 4407 435 4518 504">
    <p class='ocr_par' dir='ltr' id='par_1_6' title="bbox 4407 435 4518 504">
     <span class='ocr_line' id='line_1_58' title="bbox 4407 435 4518 504; baseline 0.018 -2"><span class='ocrx_word' id='word_1_412' title='bbox 4407 435 4518 504; x_wconf 76' lang='lat'><strong><em>272</em></strong></span> 
     </span>
    </p>
   </div>
   <div class='ocr_carea' id='block_1_7' title="bbox 2579 627 4552 5444">
    <p class='ocr_par' dir='ltr' id='par_1_7' title="bbox 2579 627 4552 5444">
     <span class='ocr_line' id='line_1_59' title="bbox 2584 627 4518 710; baseline -0.002 -14"><span class='ocrx_word' id='word_1_413' title='bbox 2584 632 2642 697; x_wconf 91' lang='lat' dir='ltr'><strong><em>ei</em></strong></span> <span class='ocrx_word' id='word_1_414' title='bbox 2686 630 2769 695; x_wconf 90' lang='lat' dir='ltr'><strong><em>ad</em></strong></span> <span class='ocrx_word' id='word_1_415' title='bbox 2815 631 3025 695; x_wconf 90' lang='lat' dir='ltr'><strong><em>solum</em></strong></span> <span class='ocrx_word' id='word_1_416' title='bbox 3073 629 3418 696; x_wconf 86' lang='lat' dir='ltr'><strong><em>Christum</em></strong></span> <span class='ocrx_word' id='word_1_417' title='bbox 3478 649 3589 693; x_wconf 91' lang='lat' dir='ltr'><strong><em>eos</em></strong></span> <span class='ocrx_word' id='word_1_418' title='bbox 3642 627 4041 710; x_wconf 83' lang='lat' dir='ltr'><strong><em>ablegasset,</em></strong></span> <span class='ocrx_word' id='word_1_419' title='bbox 4099 627 4164 690; x_wconf 88' lang='lat' dir='ltr'><strong><em>in</em></strong></span> <span class='ocrx_word' id='word_1_420' title='bbox 4229 635 4518 709; x_wconf 87' lang='lat' dir='ltr'><strong><em>promptu</em></strong></span> 
     </span>
     <span class='ocr_line' id='line_1_60' title="bbox 2584 712 4520 799; baseline -0.002 -17"><span class='ocrx_word' id='word_1_421' title='bbox 2584 729 2727 782; x_wconf 88' lang='lat' dir='ltr'><strong><em>erat</em></strong></span> <span class='ocrx_word' id='word_1_422' title='bbox 2770 716 3104 799; x_wconf 85' lang='lat' dir='ltr'><strong><em>exceptio,</em></strong></span> <span class='ocrx_word' id='word_1_423' title='bbox 3164 712 3404 780; x_wconf 90' lang='lat' dir='ltr'><strong><em>durum</em></strong></span> <span class='ocrx_word' id='word_1_424' title='bbox 3446 734 3591 779; x_wconf 88' lang='lat' dir='ltr'><strong><em>esee</em></strong></span> <span class='ocrx_word' id='word_1_425' title='bbox 3625 734 3745 797; x_wconf 91' lang='lat' dir='ltr'><strong><em>per</em></strong></span> <span class='ocrx_word' id='word_1_426' title='bbox 3788 712 3915 778; x_wconf 92' lang='lat' dir='ltr'><strong><em>duo</em></strong></span> <span class='ocrx_word' id='word_1_427' title='bbox 3958 732 4285 777; x_wconf 91' lang='lat' dir='ltr'><strong><em>annorum</em></strong></span> <span class='ocrx_word' id='word_1_428' title='bbox 4330 712 4520 779; x_wconf 88' lang='lat' dir='ltr'><strong><em>millia</em></strong></span> 
     </span>
     <span class='ocr_line' id='line_1_61' title="bbox 2582 799 4520 886; baseline -0.003 -16"><span class='ocrx_word' id='word_1_429' title='bbox 2582 823 2807 870; x_wconf 85' lang='lat' dir='ltr'><strong><em>carere</em></strong></span> <span class='ocrx_word' id='word_1_430' title='bbox 2850 801 3190 886; x_wconf 87' lang='lat' dir='ltr'><strong><em>prophetis</em></strong></span> <span class='ocrx_word' id='word_1_431' title='bbox 3232 814 3299 866; x_wconf 88' lang='lat' dir='ltr'><strong><em>et</em></strong></span> <span class='ocrx_word' id='word_1_432' title='bbox 3342 799 3870 866; x_wconf 85' lang='lat' dir='ltr'><strong><em>revelationibus.</em></strong></span> <span class='ocrx_word' id='word_1_433' title='bbox 3932 799 4071 865; x_wconf 89' lang='lat' dir='ltr'><strong><em>Nec</em></strong></span> <span class='ocrx_word' id='word_1_434' title='bbox 4107 799 4340 863; x_wconf 87' lang='lat' dir='ltr'><strong><em>firmae</em></strong></span> <span class='ocrx_word' id='word_1_435' title='bbox 4380 809 4520 864; x_wconf 89' lang='lat' dir='ltr'><strong><em>sunt</em></strong></span> 
     </span>
     <span class='ocr_line' id='line_1_62' title="bbox 2583 882 4551 970; baseline -0.002 -16"><span class='ocrx_word' id='word_1_436' title='bbox 2583 888 2751 954; x_wconf 85' lang='lat' dir='ltr'><strong><em>duae</em></strong></span> <span class='ocrx_word' id='word_1_437' title='bbox 2794 887 2948 953; x_wconf 90' lang='lat' dir='ltr'><strong><em>illae</em></strong></span> <span class='ocrx_word' id='word_1_438' title='bbox 2991 889 3274 953; x_wconf 88' lang='lat' dir='ltr'><strong><em>rationes</em></strong></span> <span class='ocrx_word' id='word_1_439' title='bbox 3310 885 3545 970; x_wconf 87' lang='lat' dir='ltr'><strong><em>quibus</em></strong></span> <span class='ocrx_word' id='word_1_440' title='bbox 3580 884 3897 951; x_wconf 88' lang='lat' dir='ltr'><strong><em>insistunt</em></strong></span> <span class='ocrx_word' id='word_1_441' title='bbox 3931 882 4217 969; x_wconf 88' lang='lat' dir='ltr'><strong><em>quidam,</em></strong></span> <span class='ocrx_word' id='word_1_442' title='bbox 4263 885 4551 967; x_wconf 64' lang='lat' dir='ltr'><strong><em>prophe.</em></strong></span> 
     </span>
     <span class='ocr_line' id='line_1_63' title="bbox 2582 970 4521 1040; baseline -0.002 0"><span class='ocrx_word' id='word_1_443' title='bbox 2582 988 2719 1040; x_wconf 86' lang='lat' dir='ltr'><strong><em>tam</em></strong></span> <span class='ocrx_word' id='word_1_444' title='bbox 2784 974 2889 1038; x_wconf 91' lang='grc'><strong><em>001</em></strong></span> <span class='ocrx_word' id='word_1_445' title='bbox 2949 973 3400 1039; x_wconf 90' lang='lat' dir='ltr'><strong><em>testimonium</em></strong></span> <span class='ocrx_word' id='word_1_446' title='bbox 3455 970 3671 1037; x_wconf 87' lang='lat' dir='ltr'><strong><em>reddit</em></strong></span> <span class='ocrx_word' id='word_1_447' title='bbox 3730 971 3948 1036; x_wconf 85' lang='lat' dir='ltr'><strong><em>Moses</em></strong></span> <span class='ocrx_word' id='word_1_448' title='bbox 4006 970 4521 1037; x_wconf 87' lang='lat' dir='ltr'><strong><em>excellentiorem</em></strong></span> 
     </span>
     <span class='ocr_line' id='line_1_64' title="bbox 2582 1055 4521 1144; baseline -0.002 -18"><span class='ocrx_word' id='word_1_449' title='bbox 2582 1082 2723 1126; x_wconf 91' lang='lat' dir='ltr'><strong><em>esse</em></strong></span> <span class='ocrx_word' id='word_1_450' title='bbox 2782 1080 2900 1126; x_wconf 90' lang='grc'><strong><em>000</em></strong></span> <span class='ocrx_word' id='word_1_451' title='bbox 2958 1080 3273 1144; x_wconf 89' lang='lat' dir='ltr'><strong><em>praecone</em></strong></span> <span class='ocrx_word' id='word_1_452' title='bbox 3293 1109 3307 1135; x_wconf 97' lang='lat'><strong><em>,</em></strong></span> <span class='ocrx_word' id='word_1_453' title='bbox 3376 1056 3611 1122; x_wconf 89' lang='lat' dir='ltr'><strong><em>deinde</em></strong></span> <span class='ocrx_word' id='word_1_454' title='bbox 3671 1077 3800 1120; x_wconf 92' lang='lat' dir='ltr'><strong><em>non</em></strong></span> <span class='ocrx_word' id='word_1_455' title='bbox 3847 1076 4037 1140; x_wconf 90' lang='lat' dir='ltr'><strong><em>posse</em></strong></span> <span class='ocrx_word' id='word_1_456' title='bbox 4079 1055 4208 1121; x_wconf 89' lang='lat' dir='ltr'><strong><em>hoc</em></strong></span> <span class='ocrx_word' id='word_1_457' title='bbox 4250 1055 4521 1141; x_wconf 84' lang='lat' dir='ltr'><strong><em>elogium</em></strong></span> 
     </span>
     <span class='ocr_line' id='line_1_65' title="bbox 2582 1142 4521 1230; baseline -0.003 -18"><span class='ocrx_word' id='word_1_458' title='bbox 2582 1146 2792 1230; x_wconf 88' lang='lat' dir='ltr'><strong><em>aptari</em></strong></span> <span class='ocrx_word' id='word_1_459' title='bbox 2830 1145 3166 1212; x_wconf 84' lang='lat' dir='ltr'><strong><em>veteribus</em></strong></span> <span class='ocrx_word' id='word_1_460' title='bbox 3203 1143 3558 1228; x_wconf 89' lang='lat' dir='ltr'><strong><em>prophetie,</em></strong></span> <span class='ocrx_word' id='word_1_461' title='bbox 3596 1142 3845 1208; x_wconf 89' lang='lat' dir='ltr'><strong><em>similes</em></strong></span> <span class='ocrx_word' id='word_1_462' title='bbox 3879 1142 4080 1208; x_wconf 87' lang='lat' dir='ltr'><strong><em>fuisse</em></strong></span> <span class='ocrx_word' id='word_1_463' title='bbox 4107 1142 4294 1219; x_wconf 78' lang='lat' dir='ltr'><strong><em>Mosi,</em></strong></span> <span class='ocrx_word' id='word_1_464' title='bbox 4335 1163 4521 1224; x_wconf 90' lang='lat' dir='ltr'><strong><em>quum</em></strong></span> 
     </span>
     <span class='ocr_line' id='line_1_66' title="bbox 2583 1227 4523 1313; baseline -0.002 -16"><span class='ocrx_word' id='word_1_465' title='bbox 2583 1231 2740 1297; x_wconf 89' lang='lat' dir='ltr'><strong><em>alibi</em></strong></span> <span class='ocrx_word' id='word_1_466' title='bbox 2763 1231 3019 1298; x_wconf 89' lang='lat' dir='ltr'><strong><em>dicatur</em></strong></span> <span class='ocrx_word' id='word_1_467' title='bbox 3057 1230 3312 1295; x_wconf 91' lang='lat' dir='ltr'><strong><em>nullum</em></strong></span> <span class='ocrx_word' id='word_1_468' title='bbox 3350 1229 3632 1295; x_wconf 90' lang='lat' dir='ltr'><strong><em>similem</em></strong></span> <span class='ocrx_word' id='word_1_469' title='bbox 3659 1239 3882 1311; x_wconf 89' lang='lat' dir='ltr'><strong><em>postea</em></strong></span> <span class='ocrx_word' id='word_1_470' title='bbox 3904 1231 4273 1294; x_wconf 86' lang='lat' dir='ltr'><strong><em>surrexisse</em></strong></span> <span class='ocrx_word' id='word_1_471' title='bbox 4309 1227 4523 1313; x_wconf 87' lang='lat' dir='ltr'><strong><em>(Dent.</em></strong></span> 
     </span>
     <span class='ocr_line' id='line_1_67' title="bbox 2582 1312 4526 1405; baseline -0.003 -21"><span class='ocrx_word' id='word_1_472' title='bbox 2582 1317 2840 1405; x_wconf 86' lang='lat'><strong><em>34,10).</em></strong></span> <span class='ocrx_word' id='word_1_473' title='bbox 2886 1317 3118 1401; x_wconf 87' lang='lat' dir='ltr'><strong><em>Neque</em></strong></span> <span class='ocrx_word' id='word_1_474' title='bbox 3153 1317 3331 1381; x_wconf 91' lang='lat' dir='ltr'><strong><em>enim</em></strong></span> <span class='ocrx_word' id='word_1_475' title='bbox 3366 1315 3728 1399; x_wconf 89' lang='lat' dir='ltr'><strong><em>quidquam</em></strong></span> <span class='ocrx_word' id='word_1_476' title='bbox 3752 1312 4006 1381; x_wconf 88' lang='lat' dir='ltr'><strong><em>decedit</em></strong></span> <span class='ocrx_word' id='word_1_477' title='bbox 4030 1336 4112 1379; x_wconf 88' lang='lat' dir='ltr'><strong><em>ex</em></strong></span> <span class='ocrx_word' id='word_1_478' title='bbox 4148 1315 4289 1380; x_wconf 90' lang='lat' dir='ltr'><strong><em>eius</em></strong></span> <span class='ocrx_word' id='word_1_479' title='bbox 4326 1313 4526 1399; x_wconf 81' lang='lat' dir='ltr'><strong><em>digni-</em></strong></span> 
     </span>
     <span class='ocr_line' id='line_1_68' title="bbox 2581 1400 4523 1486; baseline -0.001 -19"><span class='ocrx_word' id='word_1_480' title='bbox 2581 1416 2734 1484; x_wconf 90' lang='lat' dir='ltr'><strong><em>tate,</em></strong></span> <span class='ocrx_word' id='word_1_481' title='bbox 2770 1407 2824 1469; x_wconf 89' lang='lat' dir='ltr'><strong><em>si</em></strong></span> <span class='ocrx_word' id='word_1_482' title='bbox 2852 1404 3016 1469; x_wconf 91' lang='grc'><strong>01100</strong></span> <span class='ocrx_word' id='word_1_483' title='bbox 3039 1403 3142 1467; x_wconf 87' lang='lat' dir='ltr'><strong><em>vel</em></strong></span> <span class='ocrx_word' id='word_1_484' title='bbox 3163 1423 3354 1486; x_wconf 90' lang='lat' dir='ltr'><strong><em>pares</em></strong></span> <span class='ocrx_word' id='word_1_485' title='bbox 3377 1401 3482 1467; x_wconf 87' lang='lat' dir='ltr'><strong><em>vel</em></strong></span> <span class='ocrx_word' id='word_1_486' title='bbox 3507 1401 3796 1466; x_wconf 88' lang='lat' dir='ltr'><strong><em>minores</em></strong></span> <span class='ocrx_word' id='word_1_487' title='bbox 3819 1400 4254 1478; x_wconf 90' lang='lat' dir='ltr'><strong><em>commendet,</em></strong></span> <span class='ocrx_word' id='word_1_488' title='bbox 4299 1409 4376 1466; x_wconf 92' lang='lat' dir='ltr'><strong><em>ut</em></strong></span> <span class='ocrx_word' id='word_1_489' title='bbox 4418 1422 4523 1465; x_wconf 91' lang='lat' dir='ltr'><strong><em>au·</em></strong></span> 
     </span>
     <span class='ocr_line' id='line_1_69' title="bbox 2581 1485 4524 1572; baseline -0.002 -17"><span class='ocrx_word' id='word_1_490' title='bbox 2581 1489 2866 1565; x_wconf 88' lang='lat' dir='ltr'><strong><em>diantur,</em></strong></span> <span class='ocrx_word' id='word_1_491' title='bbox 2917 1490 3291 1572; x_wconf 90' lang='lat' dir='ltr'><strong><em>quicunque</em></strong></span> <span class='ocrx_word' id='word_1_492' title='bbox 3339 1507 3380 1551; x_wconf 90' lang='lat' dir='ltr'><strong><em>a</em></strong></span> <span class='ocrx_word' id='word_1_493' title='bbox 3429 1485 3569 1553; x_wconf 91' lang='lat' dir='ltr'><strong><em>Deo</em></strong></span> <span class='ocrx_word' id='word_1_494' title='bbox 3619 1486 3805 1552; x_wconf 89' lang='lat' dir='ltr'><strong><em>missi</em></strong></span> <span class='ocrx_word' id='word_1_495' title='bbox 3850 1485 4122 1553; x_wconf 83' lang='lat' dir='ltr'><strong><em>fuerint.</em></strong></span> <span class='ocrx_word' id='word_1_496' title='bbox 4212 1485 4405 1568; x_wconf 76' lang='lat' dir='ltr'><strong><em>Quod</em></strong></span> <span class='ocrx_word' id='word_1_497' title='bbox 4448 1487 4524 1552; x_wconf 85' lang='lat' dir='ltr'><strong><em>ad</em></strong></span> 
     </span>
     <span class='ocr_line' id='line_1_70' title="bbox 2579 1572 4527 1658; baseline -0.002 -16"><span class='ocrx_word' id='word_1_498' title='bbox 2579 1575 3132 1658; x_wconf 87' lang='lat' dir='ltr'><strong><em>comparationem</em></strong></span> <span class='ocrx_word' id='word_1_499' title='bbox 3186 1582 3467 1657; x_wconf 90' lang='lat' dir='ltr'><strong><em>spectat,</em></strong></span> <span class='ocrx_word' id='word_1_500' title='bbox 3528 1594 3663 1638; x_wconf 89' lang='lat' dir='ltr'><strong><em>uon</em></strong></span> <span class='ocrx_word' id='word_1_501' title='bbox 3717 1593 3977 1655; x_wconf 88' lang='lat' dir='ltr'><strong><em>semper</em></strong></span> <span class='ocrx_word' id='word_1_502' title='bbox 4044 1572 4168 1637; x_wconf 90' lang='grc'><strong>1100</strong></span> <span class='ocrx_word' id='word_1_503' title='bbox 4210 1573 4527 1657; x_wconf 83' lang='grc'><strong>1101110010</strong></span> 
     </span>
     <span class='ocr_line' id='line_1_71' title="bbox 2584 1657 4520 1744; baseline -0.002 -16"><span class='ocrx_word' id='word_1_504' title='bbox 2584 1661 2773 1729; x_wconf 85' lang='lat' dir='ltr'><strong><em>Sicut</em></strong></span> <span class='ocrx_word' id='word_1_505' title='bbox 2816 1669 3084 1726; x_wconf 86' lang='lat' dir='ltr'><strong><em>notatur</em></strong></span> <span class='ocrx_word' id='word_1_506' title='bbox 3123 1660 3499 1744; x_wconf 87' lang='lat' dir='ltr'><strong><em>aequalitas.</em></strong></span> <span class='ocrx_word' id='word_1_507' title='bbox 3589 1657 3841 1724; x_wconf 87' lang='lat' dir='ltr'><strong><em>Verum</em></strong></span> <span class='ocrx_word' id='word_1_508' title='bbox 3889 1659 4095 1742; x_wconf 86' lang='lat' dir='ltr'><strong><em>igitur</em></strong></span> <span class='ocrx_word' id='word_1_509' title='bbox 4135 1670 4235 1724; x_wconf 84' lang='lat' dir='ltr'><strong><em>est</em></strong></span> <span class='ocrx_word' id='word_1_510' title='bbox 4273 1658 4520 1725; x_wconf 89' lang='lat' dir='ltr'><strong><em>nullum</em></strong></span> 
     </span>
     <span class='ocr_line' id='line_1_72' title="bbox 2579 1744 4523 1833; baseline -0.002 -20"><span class='ocrx_word' id='word_1_511' title='bbox 2579 1747 2970 1833; x_wconf 88' lang='lat' dir='ltr'><strong><em>prophetam</em></strong></span> <span class='ocrx_word' id='word_1_512' title='bbox 3012 1747 3213 1812; x_wconf 90' lang='lat' dir='ltr'><strong><em>fuisse</em></strong></span> <span class='ocrx_word' id='word_1_513' title='bbox 3257 1748 3430 1812; x_wconf 89' lang='lat' dir='ltr'><strong><em>sicut</em></strong></span> <span class='ocrx_word' id='word_1_514' title='bbox 3471 1744 3726 1823; x_wconf 87' lang='lat' dir='ltr'><strong><em>Mosen,</em></strong></span> <span class='ocrx_word' id='word_1_515' title='bbox 3770 1764 4008 1828; x_wconf 90' lang='lat' dir='ltr'><strong><em>nempe</em></strong></span> <span class='ocrx_word' id='word_1_516' title='bbox 4051 1745 4165 1828; x_wconf 91' lang='lat' dir='ltr'><strong><em>qui</em></strong></span> <span class='ocrx_word' id='word_1_517' title='bbox 4208 1765 4330 1827; x_wconf 89' lang='lat' dir='ltr'><strong><em>par</em></strong></span> <span class='ocrx_word' id='word_1_518' title='bbox 4358 1754 4523 1810; x_wconf 90' lang='grc'><strong>00001</strong></span> 
     </span>
     <span class='ocr_line' id='line_1_73' title="bbox 2580 1829 4523 1915; baseline -0.002 -15"><span class='ocrx_word' id='word_1_519' title='bbox 2580 1833 2884 1900; x_wconf 89' lang='lat' dir='ltr'><strong><em>omnibus</em></strong></span> <span class='ocrx_word' id='word_1_520' title='bbox 2928 1833 3173 1910; x_wconf 88' lang='lat' dir='ltr'><strong><em>modis,</em></strong></span> <span class='ocrx_word' id='word_1_521' title='bbox 3232 1831 3337 1897; x_wconf 86' lang='lat' dir='ltr'><strong><em>vel</em></strong></span> <span class='ocrx_word' id='word_1_522' title='bbox 3383 1833 3451 1896; x_wconf 91' lang='grc'><strong><em>10</em></strong></span> <span class='ocrx_word' id='word_1_523' title='bbox 3497 1851 3627 1914; x_wconf 88' lang='grc'><strong>(100</strong></span> <span class='ocrx_word' id='word_1_524' title='bbox 3670 1829 4002 1915; x_wconf 84' lang='lat' dir='ltr'><strong><em>fulgerent</em></strong></span> <span class='ocrx_word' id='word_1_525' title='bbox 4046 1840 4268 1896; x_wconf 88' lang='grc'><strong>100100</strong></span> <span class='ocrx_word' id='word_1_526' title='bbox 4314 1830 4523 1897; x_wconf 86' lang='lat' dir='ltr'><strong><em>dotes:</em></strong></span> 
     </span>
     <span class='ocr_line' id='line_1_74' title="bbox 2580 1915 4524 1996; baseline -0.002 -10"><span class='ocrx_word' id='word_1_527' title='bbox 2580 1920 2694 1986; x_wconf 91' lang='lat' dir='ltr'><strong><em>sed</em></strong></span> <span class='ocrx_word' id='word_1_528' title='bbox 2750 1940 2885 1985; x_wconf 93' lang='lat' dir='ltr'><strong><em>non</em></strong></span> <span class='ocrx_word' id='word_1_529' title='bbox 2951 1920 3172 1984; x_wconf 90' lang='lat' dir='ltr'><strong><em>minus</em></strong></span> <span class='ocrx_word' id='word_1_530' title='bbox 3240 1938 3463 1983; x_wconf 83' lang='lat' dir='ltr'><strong><em>verum</em></strong></span> <span class='ocrx_word' id='word_1_531' title='bbox 3533 1925 3665 1996; x_wconf 88' lang='lat' dir='ltr'><strong><em>est,</em></strong></span> <span class='ocrx_word' id='word_1_532' title='bbox 3731 1915 3933 1982; x_wconf 87' lang='lat' dir='ltr'><strong><em>fuisse</em></strong></span> <span class='ocrx_word' id='word_1_533' title='bbox 3997 1937 4225 1982; x_wconf 88' lang='grc'><strong>001000</strong></span> <span class='ocrx_word' id='word_1_534' title='bbox 4282 1917 4524 1983; x_wconf 80' lang='lat' dir='ltr'><strong><em>similes</em></strong></span> 
     </span>
     <span class='ocr_line' id='line_1_75' title="bbox 2582 2000 4524 2088; baseline -0.002 -16"><span class='ocrx_word' id='word_1_535' title='bbox 2582 2004 2790 2072; x_wconf 84' lang='lat' dir='ltr'><strong><em>Mosi:</em></strong></span> <span class='ocrx_word' id='word_1_536' title='bbox 2871 2004 3024 2088; x_wconf 91' lang='lat' dir='ltr'><strong><em>quia</em></strong></span> <span class='ocrx_word' id='word_1_537' title='bbox 3099 2004 3279 2070; x_wconf 92' lang='lat' dir='ltr'><strong><em>Deus</em></strong></span> <span class='ocrx_word' id='word_1_538' title='bbox 3353 2005 3664 2069; x_wconf 88' lang='lat' dir='ltr'><strong><em>continua</em></strong></span> <span class='ocrx_word' id='word_1_539' title='bbox 3743 2003 4153 2069; x_wconf 89' lang='lat' dir='ltr'><strong><em>successione</em></strong></span> <span class='ocrx_word' id='word_1_540' title='bbox 4235 2000 4524 2069; x_wconf 89' lang='lat' dir='ltr'><strong><em>doctores</em></strong></span> 
     </span>
     <span class='ocr_line' id='line_1_76' title="bbox 2581 2087 4523 2173; baseline 0 -19"><span class='ocrx_word' id='word_1_541' title='bbox 2581 2092 2894 2158; x_wconf 87' lang='lat' dir='ltr'><strong><em>ecclesiae</em></strong></span> <span class='ocrx_word' id='word_1_542' title='bbox 2960 2111 3119 2155; x_wconf 91' lang='lat' dir='ltr'><strong><em>suae</em></strong></span> <span class='ocrx_word' id='word_1_543' title='bbox 3185 2090 3496 2173; x_wconf 87' lang='lat' dir='ltr'><strong><em>praefecit</em></strong></span> <span class='ocrx_word' id='word_1_544' title='bbox 3560 2087 3673 2171; x_wconf 92' lang='lat' dir='ltr'><strong><em>qui</em></strong></span> <span class='ocrx_word' id='word_1_545' title='bbox 3734 2087 3906 2154; x_wconf 88' lang='lat' dir='ltr'><strong><em>idem</em></strong></span> <span class='ocrx_word' id='word_1_546' title='bbox 3966 2110 4210 2154; x_wconf 90' lang='lat' dir='ltr'><strong><em>munus</em></strong></span> <span class='ocrx_word' id='word_1_547' title='bbox 4253 2088 4523 2154; x_wconf 86' lang='lat' dir='ltr'><strong><em>obirent.</em></strong></span> 
     </span>
     <span class='ocr_line' id='line_1_77' title="bbox 2581 2174 4527 2261; baseline -0.001 -19"><span class='ocrx_word' id='word_1_548' title='bbox 2581 2177 2734 2260; x_wconf 75' lang='lat' dir='ltr'><strong><em>Quo</em></strong></span> <span class='ocrx_word' id='word_1_549' title='bbox 2777 2177 3063 2261; x_wconf 85' lang='lat' dir='ltr'><strong><em>pertinet-</em></strong></span> <span class='ocrx_word' id='word_1_550' title='bbox 3108 2175 3304 2253; x_wconf 89' lang='lat' dir='ltr'><strong><em>illud,</em></strong></span> <span class='ocrx_word' id='word_1_551' title='bbox 3360 2176 3469 2239; x_wconf 90' lang='lat' dir='ltr'><strong><em>lex</em></strong></span> <span class='ocrx_word' id='word_1_552' title='bbox 3534 2184 3603 2238; x_wconf 88' lang='lat' dir='ltr'><strong><em>et</em></strong></span> <span class='ocrx_word' id='word_1_553' title='bbox 3645 2174 3999 2258; x_wconf 88' lang='lat' dir='ltr'><strong><em>prophetae</em></strong></span> <span class='ocrx_word' id='word_1_554' title='bbox 4043 2195 4253 2257; x_wconf 89' lang='lat' dir='ltr'><strong><em>usque</em></strong></span> <span class='ocrx_word' id='word_1_555' title='bbox 4297 2175 4382 2240; x_wconf 90' lang='lat' dir='ltr'><strong><em>ad</em></strong></span> <span class='ocrx_word' id='word_1_556' title='bbox 4424 2175 4527 2240; x_wconf 90' lang='lat' dir='ltr'><strong><em>Io·</em></strong></span> 
     </span>
     <span class='ocr_line' id='line_1_78' title="bbox 2580 2260 4526 2349; baseline -0.001 -21"><span class='ocrx_word' id='word_1_557' title='bbox 2580 2263 2873 2328; x_wconf 86' lang='lat' dir='ltr'><strong><em>hannem</em></strong></span> <span class='ocrx_word' id='word_1_558' title='bbox 2918 2273 3037 2329; x_wconf 90' lang='grc'><strong>010.</strong></span> <span class='ocrx_word' id='word_1_559' title='bbox 3082 2261 3300 2349; x_wconf 75' lang='grc'><strong>(111011.</strong></span> <span class='ocrx_word' id='word_1_560' title='bbox 3350 2261 3452 2338; x_wconf 92' lang='grc'><strong><em>11,</em></strong></span> <span class='ocrx_word' id='word_1_561' title='bbox 3492 2260 3573 2325; x_wconf 89' lang='grc'><strong><em>13</em></strong></span> <span class='ocrx_word' id='word_1_562' title='bbox 3618 2270 3685 2325; x_wconf 91' lang='grc'><strong><em>01</em></strong></span> <span class='ocrx_word' id='word_1_563' title='bbox 3726 2261 3889 2326; x_wconf 88' lang='lat' dir='ltr'><strong><em>Luc.</em></strong></span> <span class='ocrx_word' id='word_1_564' title='bbox 3939 2261 4040 2342; x_wconf 85' lang='lat'><strong><em>16,</em></strong></span> <span class='ocrx_word' id='word_1_565' title='bbox 4089 2260 4215 2348; x_wconf 91' lang='grc'><strong>16),</strong></span> <span class='ocrx_word' id='word_1_566' title='bbox 4276 2261 4393 2326; x_wconf 88' lang='grc'><strong><em>001</em></strong></span> <span class='ocrx_word' id='word_1_567' title='bbox 4436 2262 4526 2327; x_wconf 83' lang='lat' dir='ltr'><strong><em>vi·</em></strong></span> 
     </span>
     <span class='ocr_line' id='line_1_79' title="bbox 2580 2346 4528 2431; baseline -0.002 -18"><span class='ocrx_word' id='word_1_568' title='bbox 2580 2348 2810 2414; x_wconf 88' lang='lat' dir='ltr'><strong><em>demus</em></strong></span> <span class='ocrx_word' id='word_1_569' title='bbox 2874 2349 3037 2414; x_wconf 88' lang='lat' dir='ltr'><strong><em>alios</em></strong></span> <span class='ocrx_word' id='word_1_570' title='bbox 3105 2348 3274 2413; x_wconf 85' lang='lat' dir='ltr'><strong><em>Mosi</em></strong></span> <span class='ocrx_word' id='word_1_571' title='bbox 3354 2346 3664 2412; x_wconf 89' lang='lat' dir='ltr'><strong><em>substitui</em></strong></span> <span class='ocrx_word' id='word_1_572' title='bbox 3730 2356 4042 2429; x_wconf 87' lang='lat' dir='ltr'><strong><em>tanquam</em></strong></span> <span class='ocrx_word' id='word_1_573' title='bbox 4107 2346 4396 2431; x_wconf 80' lang='lat' dir='ltr'><strong><em>collegas</em></strong></span> <span class='ocrx_word' id='word_1_574' title='bbox 4461 2348 4528 2411; x_wconf 91' lang='lat' dir='ltr'><strong><em>in</em></strong></span> 
     </span>
     <span class='ocr_line' id='line_1_80' title="bbox 2581 2431 4526 2519; baseline -0.002 -19"><span class='ocrx_word' id='word_1_575' title='bbox 2581 2435 3010 2519; x_wconf 81' lang='lat' dir='ltr'><strong><em>gubernanda</em></strong></span> <span class='ocrx_word' id='word_1_576' title='bbox 3064 2433 3369 2512; x_wconf 88' lang='lat' dir='ltr'><strong><em>ecclesia,</em></strong></span> <span class='ocrx_word' id='word_1_577' title='bbox 3433 2452 3641 2514; x_wconf 89' lang='lat' dir='ltr'><strong><em>usque</em></strong></span> <span class='ocrx_word' id='word_1_578' title='bbox 3697 2433 3776 2496; x_wconf 84' lang='lat' dir='ltr'><strong><em>ad</em></strong></span> <span class='ocrx_word' id='word_1_579' title='bbox 3842 2431 4089 2499; x_wconf 86' lang='lat' dir='ltr'><strong><em>Christi</em></strong></span> <span class='ocrx_word' id='word_1_580' title='bbox 4152 2432 4526 2499; x_wconf 85' lang='lat' dir='ltr'><strong><em>adventum.</em></strong></span> 
     </span>
     <span class='ocr_line' id='line_1_81' title="bbox 2580 2518 4531 2604; baseline -0.002 -18"><span class='ocrx_word' id='word_1_581' title='bbox 2580 2521 2980 2604; x_wconf 75' lang='lat' dir='ltr'><strong><em>Quanquam</em></strong></span> <span class='ocrx_word' id='word_1_582' title='bbox 3026 2522 3186 2586; x_wconf 89' lang='lat' dir='ltr'><strong><em>scite</em></strong></span> <span class='ocrx_word' id='word_1_583' title='bbox 3229 2519 3473 2584; x_wconf 86' lang='lat' dir='ltr'><strong><em>Petrus</em></strong></span> <span class='ocrx_word' id='word_1_584' title='bbox 3518 2528 3584 2582; x_wconf 91' lang='lat' dir='ltr'><strong><em>et</em></strong></span> <span class='ocrx_word' id='word_1_585' title='bbox 3627 2518 3947 2584; x_wconf 89' lang='lat' dir='ltr'><strong><em>concinna</em></strong></span> <span class='ocrx_word' id='word_1_586' title='bbox 4004 2518 4305 2604; x_wconf 83' lang='lat' dir='ltr'><strong><em>analogia</em></strong></span> <span class='ocrx_word' id='word_1_587' title='bbox 4352 2521 4531 2584; x_wconf 86' lang='lat' dir='ltr'><strong><em>testi·</em></strong></span> 
     </span>
     <span class='ocr_line' id='line_1_82' title="bbox 2581 2602 4528 2691; baseline -0.002 -18"><span class='ocrx_word' id='word_1_588' title='bbox 2581 2608 2877 2673; x_wconf 89' lang='lat' dir='ltr'><strong><em>monium</em></strong></span> <span class='ocrx_word' id='word_1_589' title='bbox 2935 2607 3061 2672; x_wconf 90' lang='grc'><strong>1100</strong></span> <span class='ocrx_word' id='word_1_590' title='bbox 3107 2604 3188 2670; x_wconf 90' lang='lat' dir='ltr'><strong><em>ad</em></strong></span> <span class='ocrx_word' id='word_1_591' title='bbox 3234 2604 3572 2671; x_wconf 85' lang='lat' dir='ltr'><strong><em>Christum</em></strong></span> <span class='ocrx_word' id='word_1_592' title='bbox 3610 2602 4055 2669; x_wconf 88' lang='lat' dir='ltr'><strong><em>accommodat</em></strong></span> <span class='ocrx_word' id='word_1_593' title='bbox 4088 2603 4264 2691; x_wconf 82' lang='lat' dir='ltr'><strong><em>(Act.</em></strong></span> <span class='ocrx_word' id='word_1_594' title='bbox 4304 2605 4367 2685; x_wconf 86' lang='lat'><strong><em>3,</em></strong></span> <span class='ocrx_word' id='word_1_595' title='bbox 4408 2603 4528 2691; x_wconf 87' lang='lat'><strong><em>18),</em></strong></span> 
     </span>
     <span class='ocr_line' id='line_1_83' title="bbox 2582 2688 4533 2773; baseline -0.001 -15"><span class='ocrx_word' id='word_1_596' title='bbox 2582 2695 2713 2758; x_wconf 87' lang='grc'><strong><em>000</em></strong></span> <span class='ocrx_word' id='word_1_597' title='bbox 2750 2704 2823 2759; x_wconf 90' lang='grc'><strong><em>01</em></strong></span> <span class='ocrx_word' id='word_1_598' title='bbox 2856 2692 3165 2758; x_wconf 85' lang='lat' dir='ltr'><strong><em>excludat</em></strong></span> <span class='ocrx_word' id='word_1_599' title='bbox 3188 2691 3471 2773; x_wconf 88' lang='lat' dir='ltr'><strong><em>reliquos</em></strong></span> <span class='ocrx_word' id='word_1_600' title='bbox 3494 2689 3621 2754; x_wconf 92' lang='lat' dir='ltr'><strong><em>Dei</em></strong></span> <span class='ocrx_word' id='word_1_601' title='bbox 3650 2710 3894 2767; x_wconf 83' lang='lat' dir='ltr'><strong><em>servos,</em></strong></span> <span class='ocrx_word' id='word_1_602' title='bbox 3939 2688 4054 2756; x_wconf 88' lang='lat' dir='ltr'><strong><em>sed</em></strong></span> <span class='ocrx_word' id='word_1_603' title='bbox 4078 2701 4153 2755; x_wconf 90' lang='grc'><strong><em>01</em></strong></span> <span class='ocrx_word' id='word_1_604' title='bbox 4187 2691 4533 2756; x_wconf 86' lang='grc'><strong>0(10100001</strong></span> 
     </span>
     <span class='ocr_line' id='line_1_84' title="bbox 2581 2774 4532 2860; baseline -0.003 -15"><span class='ocrx_word' id='word_1_605' title='bbox 2581 2778 2877 2859; x_wconf 88' lang='grc' dir='ltr'><strong>Ιο(10000,</strong></span> <span class='ocrx_word' id='word_1_606' title='bbox 2914 2780 2969 2843; x_wconf 89' lang='grc'><strong><em>01</em></strong></span> <span class='ocrx_word' id='word_1_607' title='bbox 3005 2778 3298 2844; x_wconf 89' lang='grc'><strong>101101101</strong></span> <span class='ocrx_word' id='word_1_608' title='bbox 3322 2775 3644 2852; x_wconf 82' lang='lat' dir='ltr'><strong><em>Christus,</em></strong></span> <span class='ocrx_word' id='word_1_609' title='bbox 3683 2774 3881 2841; x_wconf 91' lang='lat' dir='ltr'><strong><em>simul</em></strong></span> <span class='ocrx_word' id='word_1_610' title='bbox 3915 2776 4248 2860; x_wconf 88' lang='lat' dir='ltr'><strong><em>repudiari</em></strong></span> <span class='ocrx_word' id='word_1_611' title='bbox 4286 2778 4412 2844; x_wconf 89' lang='lat' dir='ltr'><strong><em>hoc</em></strong></span> <span class='ocrx_word' id='word_1_612' title='bbox 4434 2778 4532 2841; x_wconf 91' lang='lat' dir='ltr'><strong><em>in-</em></strong></span> 
     </span>
     <span class='ocr_line' id='line_1_85' title="bbox 2581 2859 4531 2946; baseline -0.002 -15"><span class='ocrx_word' id='word_1_613' title='bbox 2581 2865 2986 2931; x_wconf 86' lang='lat' dir='ltr'><strong><em>aestimabile</em></strong></span> <span class='ocrx_word' id='word_1_614' title='bbox 3032 2865 3156 2929; x_wconf 90' lang='lat' dir='ltr'><strong><em>Dei</em></strong></span> <span class='ocrx_word' id='word_1_615' title='bbox 3202 2863 3610 2929; x_wconf 86' lang='lat' dir='ltr'><strong><em>beneficium.</em></strong></span> <span class='ocrx_word' id='word_1_616' title='bbox 3702 2859 3814 2928; x_wconf 88' lang='lat' dir='ltr'><strong><em>Sic</em></strong></span> <span class='ocrx_word' id='word_1_617' title='bbox 3856 2863 4030 2927; x_wconf 90' lang='lat' dir='ltr'><strong><em>enim</em></strong></span> <span class='ocrx_word' id='word_1_618' title='bbox 4079 2862 4326 2928; x_wconf 90' lang='lat' dir='ltr'><strong><em>donum</em></strong></span> <span class='ocrx_word' id='word_1_619' title='bbox 4387 2884 4531 2946; x_wconf 91' lang='lat' dir='ltr'><strong><em>pro·</em></strong></span> 
     </span>
     <span class='ocr_line' id='line_1_86' title="bbox 2582 2947 4532 3034; baseline -0.002 -18"><span class='ocrx_word' id='word_1_620' title='bbox 2582 2953 2843 3034; x_wconf 86' lang='lat' dir='ltr'><strong><em>phetiae</em></strong></span> <span class='ocrx_word' id='word_1_621' title='bbox 2888 2952 3104 3034; x_wconf 83' lang='lat' dir='ltr'><strong><em>viguit</em></strong></span> <span class='ocrx_word' id='word_1_622' title='bbox 3145 2951 3215 3014; x_wconf 90' lang='lat' dir='ltr'><strong><em>in</em></strong></span> <span class='ocrx_word' id='word_1_623' title='bbox 3262 2948 3500 3032; x_wconf 90' lang='lat' dir='ltr'><strong><em>populo</em></strong></span> <span class='ocrx_word' id='word_1_624' title='bbox 3551 2950 3749 3011; x_wconf 84' lang='lat' dir='ltr'><strong><em>veteri</em></strong></span> <span class='ocrx_word' id='word_1_625' title='bbox 3798 2960 3865 3012; x_wconf 88' lang='lat' dir='ltr'><strong><em>et</em></strong></span> <span class='ocrx_word' id='word_1_626' title='bbox 3906 2947 4184 3015; x_wconf 89' lang='lat' dir='ltr'><strong><em>subinde</em></strong></span> <span class='ocrx_word' id='word_1_627' title='bbox 4229 2949 4346 3014; x_wconf 89' lang='lat' dir='ltr'><strong><em>alii</em></strong></span> <span class='ocrx_word' id='word_1_628' title='bbox 4392 2950 4532 3013; x_wconf 88' lang='lat' dir='ltr'><strong><em>aliis</em></strong></span> 
     </span>
     <span class='ocr_line' id='line_1_87' title="bbox 2583 3034 4533 3120; baseline -0.001 -18"><span class='ocrx_word' id='word_1_629' title='bbox 2583 3036 2787 3103; x_wconf 87' lang='lat' dir='ltr'><strong><em>additi</em></strong></span> <span class='ocrx_word' id='word_1_630' title='bbox 2823 3047 2981 3103; x_wconf 90' lang='lat' dir='ltr'><strong><em>sunt</em></strong></span> <span class='ocrx_word' id='word_1_631' title='bbox 3016 3036 3333 3117; x_wconf 90' lang='lat' dir='ltr'><strong><em>doctores,</em></strong></span> <span class='ocrx_word' id='word_1_632' title='bbox 3369 3043 3447 3100; x_wconf 91' lang='lat' dir='ltr'><strong><em>ut</em></strong></span> <span class='ocrx_word' id='word_1_633' title='bbox 3479 3044 3631 3099; x_wconf 85' lang='lat' dir='ltr'><strong><em>ante</em></strong></span> <span class='ocrx_word' id='word_1_634' title='bbox 3655 3034 3904 3100; x_wconf 85' lang='lat' dir='ltr'><strong><em>Christi</em></strong></span> <span class='ocrx_word' id='word_1_635' title='bbox 3940 3034 4300 3101; x_wconf 84' lang='lat' dir='ltr'><strong><em>adventum</em></strong></span> <span class='ocrx_word' id='word_1_636' title='bbox 4340 3056 4533 3120; x_wconf 87' lang='lat' dir='ltr'><strong><em>quae·</em></strong></span> 
     </span>
     <span class='ocr_line' id='line_1_88' title="bbox 2585 3119 4534 3206; baseline -0.001 -17"><span class='ocrx_word' id='word_1_637' title='bbox 2585 3124 2737 3190; x_wconf 89' lang='lat' dir='ltr'><strong><em>dam</em></strong></span> <span class='ocrx_word' id='word_1_638' title='bbox 2765 3124 2962 3189; x_wconf 88' lang='lat' dir='ltr'><strong><em>fuerit</em></strong></span> <span class='ocrx_word' id='word_1_639' title='bbox 2995 3122 3406 3205; x_wconf 86' lang='lat' dir='ltr'><strong><em>interruptio.</em></strong></span> <span class='ocrx_word' id='word_1_640' title='bbox 3453 3119 3611 3186; x_wconf 91' lang='lat' dir='ltr'><strong><em>Ideo</em></strong></span> <span class='ocrx_word' id='word_1_641' title='bbox 3633 3120 3703 3184; x_wconf 90' lang='grc'><strong><em>10</em></strong></span> <span class='ocrx_word' id='word_1_642' title='bbox 3729 3121 3900 3185; x_wconf 86' lang='grc'><strong>111011</strong></span> <span class='ocrx_word' id='word_1_643' title='bbox 3921 3120 4348 3205; x_wconf 88' lang='lat' dir='ltr'><strong><em>dissipatione</em></strong></span> <span class='ocrx_word' id='word_1_644' title='bbox 4373 3142 4534 3206; x_wconf 86' lang='lat' dir='ltr'><strong><em>quae</em></strong></span> 
     </span>
     <span class='ocr_line' id='line_1_89' title="bbox 2584 3206 4537 3291; baseline -0.001 -15"><span class='ocrx_word' id='word_1_645' title='bbox 2584 3212 2866 3276; x_wconf 88' lang='lat' dir='ltr'><strong><em>reditum</em></strong></span> <span class='ocrx_word' id='word_1_646' title='bbox 2920 3210 3000 3275; x_wconf 90' lang='lat' dir='ltr'><strong><em>ab</em></strong></span> <span class='ocrx_word' id='word_1_647' title='bbox 3037 3208 3269 3275; x_wconf 86' lang='lat' dir='ltr'><strong><em>exsilio</em></strong></span> <span class='ocrx_word' id='word_1_648' title='bbox 3306 3206 3684 3291; x_wconf 83' lang='lat' dir='ltr'><strong><em>babylonico</em></strong></span> <span class='ocrx_word' id='word_1_649' title='bbox 3720 3219 3994 3290; x_wconf 86' lang='lat' dir='ltr'><strong><em>sequuta</em></strong></span> <span class='ocrx_word' id='word_1_650' title='bbox 4030 3223 4130 3272; x_wconf 88' lang='lat' dir='ltr'><strong><em>est</em></strong></span> <span class='ocrx_word' id='word_1_651' title='bbox 4163 3218 4537 3291; x_wconf 84' lang='lat' dir='ltr'><strong><em>queruntur</em></strong></span> 
     </span>
     <span class='ocr_line' id='line_1_90' title="bbox 2586 3293 4535 3377; baseline -0.001 -16"><span class='ocrx_word' id='word_1_652' title='bbox 2586 3297 2810 3363; x_wconf 88' lang='lat' dir='ltr'><strong><em>fideles</em></strong></span> <span class='ocrx_word' id='word_1_653' title='bbox 2858 3298 2930 3360; x_wconf 92' lang='lat' dir='ltr'><strong><em>in</em></strong></span> <span class='ocrx_word' id='word_1_654' title='bbox 2967 3296 3231 3361; x_wconf 89' lang='lat' dir='ltr'><strong><em>Psalmo</em></strong></span> <span class='ocrx_word' id='word_1_655' title='bbox 3280 3295 3472 3377; x_wconf 82' lang='lat' dir='ltr'><strong><em>signa</em></strong></span> <span class='ocrx_word' id='word_1_656' title='bbox 3515 3313 3636 3358; x_wconf 90' lang='lat' dir='ltr'><strong><em>sua</em></strong></span> <span class='ocrx_word' id='word_1_657' title='bbox 3685 3293 3817 3357; x_wconf 90' lang='lat' dir='ltr'><strong><em>iam</em></strong></span> <span class='ocrx_word' id='word_1_658' title='bbox 3864 3313 3992 3358; x_wconf 92' lang='lat' dir='ltr'><strong><em>nou</em></strong></span> <span class='ocrx_word' id='word_1_659' title='bbox 4044 3296 4371 3377; x_wconf 87' lang='lat' dir='ltr'><strong><em>conspici,</em></strong></span> <span class='ocrx_word' id='word_1_660' title='bbox 4418 3316 4535 3360; x_wconf 91' lang='lat' dir='ltr'><strong><em>nec</em></strong></span> 
     </span>
     <span class='ocr_line' id='line_1_91' title="bbox 2588 3376 4536 3466; baseline -0.002 -17"><span class='ocrx_word' id='word_1_661' title='bbox 2588 3394 2850 3449; x_wconf 90' lang='lat' dir='ltr'><strong><em>exstare</em></strong></span> <span class='ocrx_word' id='word_1_662' title='bbox 2895 3382 3176 3464; x_wconf 90' lang='lat' dir='ltr'><strong><em>amplius</em></strong></span> <span class='ocrx_word' id='word_1_663' title='bbox 3219 3380 3607 3464; x_wconf 87' lang='lat' dir='ltr'><strong><em>prophetam</em></strong></span> <span class='ocrx_word' id='word_1_664' title='bbox 3652 3376 3856 3465; x_wconf 85' lang='lat' dir='ltr'><strong><em>(Psal.</em></strong></span> <span class='ocrx_word' id='word_1_665' title='bbox 3903 3379 4005 3459; x_wconf 85' lang='lat'><strong><em>74,</em></strong></span> <span class='ocrx_word' id='word_1_666' title='bbox 4049 3379 4137 3466; x_wconf 85' lang='lat'><strong><em>9).</em></strong></span> <span class='ocrx_word' id='word_1_667' title='bbox 4226 3380 4310 3446; x_wconf 89' lang='lat' dir='ltr'><strong><em>In</em></strong></span> <span class='ocrx_word' id='word_1_668' title='bbox 4360 3382 4536 3447; x_wconf 89' lang='lat' dir='ltr'><strong><em>hunc</em></strong></span> 
     </span>
     <span class='ocr_line' id='line_1_92' title="bbox 2587 3465 4537 3548; baseline -0.002 -13"><span class='ocrx_word' id='word_1_669' title='bbox 2587 3471 2792 3535; x_wconf 90' lang='lat' dir='ltr'><strong><em>finem</em></strong></span> <span class='ocrx_word' id='word_1_670' title='bbox 2850 3469 3149 3533; x_wconf 89' lang='lat' dir='ltr'><strong><em>hortatur</em></strong></span> <span class='ocrx_word' id='word_1_671' title='bbox 3202 3465 3569 3532; x_wconf 85' lang='lat' dir='ltr'><strong><em>Malachiae</em></strong></span> <span class='ocrx_word' id='word_1_672' title='bbox 3612 3465 3687 3545; x_wconf 88' lang='lat'><strong><em>4,</em></strong></span> <span class='ocrx_word' id='word_1_673' title='bbox 3745 3466 3807 3544; x_wconf 84' lang='lat'><strong><em>4,</em></strong></span> <span class='ocrx_word' id='word_1_674' title='bbox 3853 3466 4165 3548; x_wconf 90' lang='lat' dir='ltr'><strong><em>populum</em></strong></span> <span class='ocrx_word' id='word_1_675' title='bbox 4211 3477 4287 3531; x_wconf 89' lang='lat' dir='ltr'><strong><em>ut</em></strong></span> <span class='ocrx_word' id='word_1_676' title='bbox 4323 3488 4537 3533; x_wconf 89' lang='lat' dir='ltr'><strong><em>recor·</em></strong></span> 
     </span>
     <span class='ocr_line' id='line_1_93' title="bbox 2590 3550 4539 3638; baseline -0.001 -18"><span class='ocrx_word' id='word_1_677' title='bbox 2590 3556 2785 3621; x_wconf 88' lang='lat' dir='ltr'><strong><em>detur</em></strong></span> <span class='ocrx_word' id='word_1_678' title='bbox 2829 3554 2994 3638; x_wconf 85' lang='lat' dir='ltr'><strong><em>legis</em></strong></span> <span class='ocrx_word' id='word_1_679' title='bbox 3039 3554 3227 3619; x_wconf 88' lang='lat' dir='ltr'><strong><em>datae</em></strong></span> <span class='ocrx_word' id='word_1_680' title='bbox 3263 3554 3330 3615; x_wconf 93' lang='lat' dir='ltr'><strong><em>in</em></strong></span> <span class='ocrx_word' id='word_1_681' title='bbox 3377 3550 3618 3616; x_wconf 89' lang='lat' dir='ltr'><strong><em>Horeb.</em></strong></span> <span class='ocrx_word' id='word_1_682' title='bbox 3710 3552 3797 3615; x_wconf 81' lang='lat' dir='ltr'><strong><em>Et</em></strong></span> <span class='ocrx_word' id='word_1_683' title='bbox 3841 3552 4153 3618; x_wconf 90' lang='lat' dir='ltr'><strong><em>continuo</em></strong></span> <span class='ocrx_word' id='word_1_684' title='bbox 4198 3564 4348 3635; x_wconf 89' lang='lat' dir='ltr'><strong><em>post</em></strong></span> <span class='ocrx_word' id='word_1_685' title='bbox 4392 3553 4539 3619; x_wconf 88' lang='lat' dir='ltr'><strong><em>sub·</em></strong></span> 
     </span>
     <span class='ocr_line' id='line_1_94' title="bbox 2588 3637 4535 3722; baseline -0.001 -15"><span class='ocrx_word' id='word_1_686' title='bbox 2588 3643 2761 3707; x_wconf 83' lang='lat' dir='ltr'><strong><em>iicit:</em></strong></span> <span class='ocrx_word' id='word_1_687' title='bbox 2808 3641 2999 3719; x_wconf 88' lang='lat' dir='ltr'><strong><em>Ecce,</em></strong></span> <span class='ocrx_word' id='word_1_688' title='bbox 3043 3640 3234 3703; x_wconf 90' lang='lat' dir='ltr'><strong><em>mitto</em></strong></span> <span class='ocrx_word' id='word_1_689' title='bbox 3258 3638 3475 3702; x_wconf 80' lang='lat' dir='ltr'><strong><em>Elium</em></strong></span> <span class='ocrx_word' id='word_1_690' title='bbox 3523 3637 3929 3722; x_wconf 88' lang='lat' dir='ltr'><strong><em>prophetam,</em></strong></span> <span class='ocrx_word' id='word_1_691' title='bbox 3976 3651 4094 3702; x_wconf 89' lang='lat' dir='ltr'><strong><em>etc.</em></strong></span> <span class='ocrx_word' id='word_1_692' title='bbox 4139 3660 4215 3705; x_wconf 92' lang='grc'><strong><em>00</em></strong></span> <span class='ocrx_word' id='word_1_693' title='bbox 4258 3641 4318 3704; x_wconf 91' lang='grc'><strong><em>01</em></strong></span> <span class='ocrx_word' id='word_1_694' title='bbox 4366 3639 4535 3705; x_wconf 88' lang='grc'><strong>(1100·</strong></span> 
     </span>
     <span class='ocr_line' id='line_1_95' title="bbox 2589 3723 4537 3807; baseline -0.002 -13"><span class='ocrx_word' id='word_1_695' title='bbox 2589 3740 2693 3794; x_wconf 88' lang='grc'><strong><em>101</em></strong></span> <span class='ocrx_word' id='word_1_696' title='bbox 2735 3729 2980 3793; x_wconf 89' lang='grc'><strong>1001010</strong></span> <span class='ocrx_word' id='word_1_697' title='bbox 3027 3735 3285 3807; x_wconf 90' lang='lat' dir='ltr'><strong><em>tempus</em></strong></span> <span class='ocrx_word' id='word_1_698' title='bbox 3327 3744 3455 3806; x_wconf 91' lang='lat' dir='ltr'><strong><em>quo</em></strong></span> <span class='ocrx_word' id='word_1_699' title='bbox 3499 3723 3844 3806; x_wconf 83' lang='lat' dir='ltr'><strong><em>perfectior</em></strong></span> <span class='ocrx_word' id='word_1_700' title='bbox 3886 3723 4348 3791; x_wconf 88' lang='lat' dir='ltr'><strong><em>manifestetur</em></strong></span> <span class='ocrx_word' id='word_1_701' title='bbox 4391 3724 4537 3791; x_wconf 89' lang='lat' dir='ltr'><strong><em>doc-</em></strong></span> 
     </span>
     <span class='ocr_line' id='line_1_96' title="bbox 2591 3808 4539 3893; baseline -0.002 -15"><span class='ocrx_word' id='word_1_702' title='bbox 2591 3816 2800 3891; x_wconf 76' lang='lat' dir='ltr'><strong><em>trina,</em></strong></span> <span class='ocrx_word' id='word_1_703' title='bbox 2866 3821 2934 3877; x_wconf 89' lang='lat' dir='ltr'><strong><em>et</em></strong></span> <span class='ocrx_word' id='word_1_704' title='bbox 2998 3811 3117 3876; x_wconf 92' lang='lat' dir='ltr'><strong><em>lux</em></strong></span> <span class='ocrx_word' id='word_1_705' title='bbox 3173 3809 3430 3893; x_wconf 91' lang='lat' dir='ltr'><strong><em>plenior</em></strong></span> <span class='ocrx_word' id='word_1_706' title='bbox 3484 3808 3815 3893; x_wconf 82' lang='lat' dir='ltr'><strong><em>affulgeat.</em></strong></span> <span class='ocrx_word' id='word_1_707' title='bbox 3906 3809 4083 3875; x_wconf 86' lang='lat' dir='ltr'><strong><em>Vere</em></strong></span> <span class='ocrx_word' id='word_1_708' title='bbox 4139 3811 4323 3875; x_wconf 89' lang='lat' dir='ltr'><strong><em>euim</em></strong></span> <span class='ocrx_word' id='word_1_709' title='bbox 4385 3812 4539 3879; x_wconf 88' lang='lat' dir='ltr'><strong><em>dicit</em></strong></span> 
     </span>
     <span class='ocr_line' id='line_1_97' title="bbox 2595 3893 4538 3983; baseline -0.001 -18"><span class='ocrx_word' id='word_1_710' title='bbox 2595 3898 2949 3982; x_wconf 87' lang='lat' dir='ltr'><strong><em>Apostolus</em></strong></span> <span class='ocrx_word' id='word_1_711' title='bbox 2992 3894 3188 3983; x_wconf 89' lang='lat' dir='ltr'><strong><em>(Heb.</em></strong></span> <span class='ocrx_word' id='word_1_712' title='bbox 3239 3896 3296 3975; x_wconf 86' lang='lat'><strong><em>1,</em></strong></span> <span class='ocrx_word' id='word_1_713' title='bbox 3344 3894 3408 3982; x_wconf 92' lang='lat'><strong><em>1)</em></strong></span> <span class='ocrx_word' id='word_1_714' title='bbox 3452 3911 3645 3977; x_wconf 88' lang='lat' dir='ltr'><strong><em>saepe</em></strong></span> <span class='ocrx_word' id='word_1_715' title='bbox 3690 3895 3843 3959; x_wconf 91' lang='lat' dir='ltr'><strong><em>olim</em></strong></span> <span class='ocrx_word' id='word_1_716' title='bbox 3871 3893 4086 3961; x_wconf 90' lang='lat' dir='ltr'><strong><em>Deum</em></strong></span> <span class='ocrx_word' id='word_1_717' title='bbox 4131 3907 4200 3961; x_wconf 89' lang='lat' dir='ltr'><strong><em>et</em></strong></span> <span class='ocrx_word' id='word_1_718' title='bbox 4235 3897 4538 3980; x_wconf 89' lang='lat' dir='ltr'><strong><em>pluribus</em></strong></span> 
     </span>
     <span class='ocr_line' id='line_1_98' title="bbox 2593 3979 4538 4066; baseline -0.001 -16"><span class='ocrx_word' id='word_1_719' title='bbox 2593 3985 2804 4051; x_wconf 89' lang='lat' dir='ltr'><strong><em>modis</em></strong></span> <span class='ocrx_word' id='word_1_720' title='bbox 2850 3984 3186 4066; x_wconf 90' lang='lat' dir='ltr'><strong><em>loquutum</em></strong></span> <span class='ocrx_word' id='word_1_721' title='bbox 3235 3982 3435 4046; x_wconf 86' lang='lat' dir='ltr'><strong><em>fuisse</em></strong></span> <span class='ocrx_word' id='word_1_722' title='bbox 3502 3979 3796 4062; x_wconf 90' lang='lat' dir='ltr'><strong><em>patribus</em></strong></span> <span class='ocrx_word' id='word_1_723' title='bbox 3842 4002 3958 4063; x_wconf 90' lang='lat' dir='ltr'><strong><em>per</em></strong></span> <span class='ocrx_word' id='word_1_724' title='bbox 4001 3983 4382 4065; x_wconf 89' lang='lat' dir='ltr'><strong><em>prophetas:</em></strong></span> <span class='ocrx_word' id='word_1_725' title='bbox 4445 3995 4538 4048; x_wconf 88' lang='lat' dir='ltr'><strong><em>ta·</em></strong></span> 
     </span>
     <span class='ocr_line' id='line_1_99' title="bbox 2595 4066 4539 4149; baseline -0.001 -13"><span class='ocrx_word' id='word_1_726' title='bbox 2595 4093 2748 4136; x_wconf 90' lang='lat' dir='ltr'><strong><em>men</em></strong></span> <span class='ocrx_word' id='word_1_727' title='bbox 2794 4070 3105 4137; x_wconf 89' lang='lat' dir='ltr'><strong><em>extremis</em></strong></span> <span class='ocrx_word' id='word_1_728' title='bbox 3149 4067 3376 4132; x_wconf 90' lang='lat' dir='ltr'><strong><em>diebus</em></strong></span> <span class='ocrx_word' id='word_1_729' title='bbox 3422 4066 3759 4149; x_wconf 83' lang='lat' dir='ltr'><strong><em>loquutum</em></strong></span> <span class='ocrx_word' id='word_1_730' title='bbox 3806 4067 4005 4134; x_wconf 91' lang='grc'><strong>101000</strong></span> <span class='ocrx_word' id='word_1_731' title='bbox 4049 4069 4239 4133; x_wconf 88' lang='grc'><strong>00010</strong></span> <span class='ocrx_word' id='word_1_732' title='bbox 4284 4071 4357 4134; x_wconf 89' lang='grc'><strong><em>10</em></strong></span> <span class='ocrx_word' id='word_1_733' title='bbox 4395 4070 4539 4135; x_wconf 88' lang='grc'><strong>001·</strong></span> 
     </span>
     <span class='ocr_line' id='line_1_100' title="bbox 2596 4153 4543 4243; baseline -0.002 -21"><span class='ocrx_word' id='word_1_734' title='bbox 2596 4157 2818 4243; x_wconf 86' lang='lat' dir='ltr'><strong><em>genito</em></strong></span> <span class='ocrx_word' id='word_1_735' title='bbox 2863 4155 3017 4221; x_wconf 90' lang='lat' dir='ltr'><strong><em>filio.</em></strong></span> <span class='ocrx_word' id='word_1_736' title='bbox 3112 4155 3201 4219; x_wconf 90' lang='lat' dir='ltr'><strong><em>Et</em></strong></span> <span class='ocrx_word' id='word_1_737' title='bbox 3259 4166 3437 4218; x_wconf 89' lang='lat' dir='ltr'><strong><em>certe</em></strong></span> <span class='ocrx_word' id='word_1_738' title='bbox 3493 4153 3829 4217; x_wconf 88' lang='lat' dir='ltr'><strong><em>exoriente</em></strong></span> <span class='ocrx_word' id='word_1_739' title='bbox 3870 4155 4195 4237; x_wconf 82' lang='lat' dir='ltr'><strong><em>evangelii</em></strong></span> <span class='ocrx_word' id='word_1_740' title='bbox 4244 4154 4543 4222; x_wconf 89' lang='lat' dir='ltr'><strong><em>doctrina</em></strong></span> 
     </span>
     <span class='ocr_line' id='line_1_101' title="bbox 2596 4239 4543 4326; baseline -0.002 -16"><span class='ocrx_word' id='word_1_741' title='bbox 2596 4243 2958 4326; x_wconf 88' lang='lat' dir='ltr'><strong><em>completus</em></strong></span> <span class='ocrx_word' id='word_1_742' title='bbox 2994 4240 3116 4307; x_wconf 88' lang='grc'><strong>1011</strong></span> <span class='ocrx_word' id='word_1_743' title='bbox 3160 4240 3491 4307; x_wconf 83' lang='grc' dir='ltr'><strong>(1001110οο</strong></span> <span class='ocrx_word' id='word_1_744' title='bbox 3528 4239 3946 4323; x_wconf 86' lang='lat' dir='ltr'><strong><em>propheticae</em></strong></span> <span class='ocrx_word' id='word_1_745' title='bbox 3988 4261 4239 4319; x_wconf 91' lang='lat' dir='ltr'><strong><em>cursus,</em></strong></span> <span class='ocrx_word' id='word_1_746' title='bbox 4286 4243 4443 4325; x_wconf 87' lang='lat' dir='ltr'><strong><em>quia</em></strong></span> <span class='ocrx_word' id='word_1_747' title='bbox 4474 4243 4543 4306; x_wconf 90' lang='lat' dir='ltr'><strong><em>in</em></strong></span> 
     </span>
     <span class='ocr_line' id='line_1_102' title="bbox 2598 4325 4543 4408; baseline -0.001 -13"><span class='ocrx_word' id='word_1_748' title='bbox 2598 4330 2878 4396; x_wconf 89' lang='lat' dir='ltr'><strong><em>solidum</em></strong></span> <span class='ocrx_word' id='word_1_749' title='bbox 2924 4326 3227 4393; x_wconf 90' lang='lat' dir='ltr'><strong><em>exhibuit</em></strong></span> <span class='ocrx_word' id='word_1_750' title='bbox 3273 4325 3458 4391; x_wconf 89' lang='lat' dir='ltr'><strong><em>Deus</em></strong></span> <span class='ocrx_word' id='word_1_751' title='bbox 3503 4325 3674 4408; x_wconf 91' lang='lat' dir='ltr'><strong><em>quod</em></strong></span> <span class='ocrx_word' id='word_1_752' title='bbox 3735 4325 3839 4390; x_wconf 90' lang='lat' dir='ltr'><strong><em>hic</em></strong></span> <span class='ocrx_word' id='word_1_753' title='bbox 3894 4326 4244 4408; x_wconf 84' lang='lat' dir='ltr'><strong><em>promittit.</em></strong></span> <span class='ocrx_word' id='word_1_754' title='bbox 4339 4328 4543 4393; x_wconf 86' lang='lat' dir='ltr'><strong><em>Adeo-</em></strong></span> 
     </span>
     <span class='ocr_line' id='line_1_103' title="bbox 2598 4409 4544 4499; baseline -0.001 -20"><span class='ocrx_word' id='word_1_755' title='bbox 2598 4437 2724 4499; x_wconf 90' lang='lat' dir='ltr'><strong><em>que</em></strong></span> <span class='ocrx_word' id='word_1_756' title='bbox 2766 4413 2833 4479; x_wconf 91' lang='lat' dir='ltr'><strong><em>id</em></strong></span> <span class='ocrx_word' id='word_1_757' title='bbox 2876 4415 3118 4497; x_wconf 85' lang='lat' dir='ltr'><strong><em>passim</em></strong></span> <span class='ocrx_word' id='word_1_758' title='bbox 3179 4412 3408 4476; x_wconf 87' lang='lat' dir='ltr'><strong><em>tritum</em></strong></span> <span class='ocrx_word' id='word_1_759' title='bbox 3468 4411 3627 4488; x_wconf 87' lang='lat' dir='ltr'><strong><em>fuit,</em></strong></span> <span class='ocrx_word' id='word_1_760' title='bbox 3686 4420 3764 4474; x_wconf 89' lang='lat' dir='ltr'><strong><em>ut</em></strong></span> <span class='ocrx_word' id='word_1_761' title='bbox 3815 4409 4233 4477; x_wconf 85' lang='lat' dir='ltr'><strong><em>Samaritana</em></strong></span> <span class='ocrx_word' id='word_1_762' title='bbox 4290 4433 4544 4497; x_wconf 90' lang='lat' dir='ltr'><strong><em>quoque</em></strong></span> 
     </span>
     <span class='ocr_line' id='line_1_104' title="bbox 2600 4497 4548 4581; baseline -0.002 -16"><span class='ocrx_word' id='word_1_763' title='bbox 2600 4502 2835 4565; x_wconf 88' lang='lat' dir='ltr'><strong><em>mulier</em></strong></span> <span class='ocrx_word' id='word_1_764' title='bbox 2887 4498 3131 4565; x_wconf 88' lang='lat' dir='ltr'><strong><em>diceret</em></strong></span> <span class='ocrx_word' id='word_1_765' title='bbox 3177 4509 3527 4563; x_wconf 83' lang='lat' dir='ltr'><strong><em>venturum</em></strong></span> <span class='ocrx_word' id='word_1_766' title='bbox 3574 4519 3716 4561; x_wconf 88' lang='grc'><strong>0000</strong></span> <span class='ocrx_word' id='word_1_767' title='bbox 3760 4497 4074 4562; x_wconf 87' lang='grc' dir='ltr'><strong>Μο001001</strong></span> <span class='ocrx_word' id='word_1_768' title='bbox 4119 4498 4229 4581; x_wconf 90' lang='grc'><strong><em>001</em></strong></span> <span class='ocrx_word' id='word_1_769' title='bbox 4288 4500 4548 4565; x_wconf 87' lang='grc'><strong>(1000101</strong></span> 
     </span>
     <span class='ocr_line' id='line_1_105' title="bbox 2601 4582 4546 4672; baseline -0.002 -20"><span class='ocrx_word' id='word_1_770' title='bbox 2601 4587 2822 4652; x_wconf 88' lang='grc'><strong>001010</strong></span> <span class='ocrx_word' id='word_1_771' title='bbox 2883 4584 3097 4672; x_wconf 91' lang='lat' dir='ltr'><strong><em>(Ioan.</em></strong></span> <span class='ocrx_word' id='word_1_772' title='bbox 3161 4585 3224 4661; x_wconf 91' lang='lat'><strong><em>4,</em></strong></span> <span class='ocrx_word' id='word_1_773' title='bbox 3290 4583 3420 4671; x_wconf 82' lang='lat'><strong><em>25).</em></strong></span> <span class='ocrx_word' id='word_1_774' title='bbox 3532 4582 3682 4663; x_wconf 75' lang='lat' dir='ltr'><strong><em>Quo</em></strong></span> <span class='ocrx_word' id='word_1_775' title='bbox 3747 4583 4035 4665; x_wconf 89' lang='lat' dir='ltr'><strong><em>pertinet</em></strong></span> <span class='ocrx_word' id='word_1_776' title='bbox 4099 4584 4270 4666; x_wconf 91' lang='lat' dir='ltr'><strong><em>quod</em></strong></span> <span class='ocrx_word' id='word_1_777' title='bbox 4339 4606 4546 4668; x_wconf 89' lang='lat' dir='ltr'><strong><em>nuper</em></strong></span> 
     </span>
     <span class='ocr_line' id='line_1_106' title="bbox 2600 4667 4545 4753; baseline -0.001 -14"><span class='ocrx_word' id='word_1_778' title='bbox 2600 4673 2797 4740; x_wconf 88' lang='lat' dir='ltr'><strong><em>citavi</em></strong></span> <span class='ocrx_word' id='word_1_779' title='bbox 2857 4672 2936 4736; x_wconf 89' lang='lat' dir='ltr'><strong><em>de</em></strong></span> <span class='ocrx_word' id='word_1_780' title='bbox 2996 4672 3279 4736; x_wconf 88' lang='lat' dir='ltr'><strong><em>transitu</em></strong></span> <span class='ocrx_word' id='word_1_781' title='bbox 3339 4692 3380 4734; x_wconf 89' lang='lat' dir='ltr'><strong><em>a</em></strong></span> <span class='ocrx_word' id='word_1_782' title='bbox 3434 4668 3577 4752; x_wconf 86' lang='lat' dir='ltr'><strong><em>lege</em></strong></span> <span class='ocrx_word' id='word_1_783' title='bbox 3630 4678 3695 4732; x_wconf 93' lang='lat' dir='ltr'><strong><em>et</em></strong></span> <span class='ocrx_word' id='word_1_784' title='bbox 3739 4667 4075 4752; x_wconf 88' lang='lat' dir='ltr'><strong><em>prophetie</em></strong></span> <span class='ocrx_word' id='word_1_785' title='bbox 4133 4671 4217 4734; x_wconf 90' lang='lat' dir='ltr'><strong><em>ad</em></strong></span> <span class='ocrx_word' id='word_1_786' title='bbox 4262 4692 4545 4753; x_wconf 82' lang='lat' dir='ltr'><strong><em>evange·</em></strong></span> 
     </span>
     <span class='ocr_line' id='line_1_107' title="bbox 2602 4755 4549 4837; baseline -0.001 -13"><span class='ocrx_word' id='word_1_787' title='bbox 2602 4760 2784 4824; x_wconf 88' lang='lat' dir='ltr'><strong><em>lium.</em></strong></span> <span class='ocrx_word' id='word_1_788' title='bbox 2873 4757 3067 4825; x_wconf 90' lang='lat' dir='ltr'><strong><em>Unde</em></strong></span> <span class='ocrx_word' id='word_1_789' title='bbox 3110 4756 3473 4832; x_wconf 88' lang='lat' dir='ltr'><strong><em>conficitur,</em></strong></span> <span class='ocrx_word' id='word_1_790' title='bbox 3542 4755 3875 4836; x_wconf 88' lang='lat' dir='ltr'><strong><em>aptissime</em></strong></span> <span class='ocrx_word' id='word_1_791' title='bbox 3920 4757 4288 4837; x_wconf 88' lang='lat' dir='ltr'><strong><em>expositum</em></strong></span> <span class='ocrx_word' id='word_1_792' title='bbox 4350 4759 4549 4822; x_wconf 82' lang='lat' dir='ltr'><strong><em>fuisse</em></strong></span> 
     </span>
     <span class='ocr_line' id='line_1_108' title="bbox 2604 4839 4547 4911; baseline -0.002 0"><span class='ocrx_word' id='word_1_793' title='bbox 2604 4868 2644 4911; x_wconf 88' lang='lat' dir='ltr'><strong><em>a</em></strong></span> <span class='ocrx_word' id='word_1_794' title='bbox 2692 4847 2892 4910; x_wconf 88' lang='lat' dir='ltr'><strong><em>Petro</em></strong></span> <span class='ocrx_word' id='word_1_795' title='bbox 2937 4845 3153 4909; x_wconf 90' lang='lat' dir='ltr'><strong><em>locum</em></strong></span> <span class='ocrx_word' id='word_1_796' title='bbox 3198 4843 3374 4907; x_wconf 92' lang='lat' dir='ltr'><strong><em>hunc</em></strong></span> <span class='ocrx_word' id='word_1_797' title='bbox 3422 4840 3500 4905; x_wconf 89' lang='lat' dir='ltr'><strong><em>de</em></strong></span> <span class='ocrx_word' id='word_1_798' title='bbox 3545 4840 3831 4906; x_wconf 88' lang='lat' dir='ltr'><strong><em>Christo.</em></strong></span> <span class='ocrx_word' id='word_1_799' title='bbox 3913 4839 4059 4905; x_wconf 91' lang='lat' dir='ltr'><strong><em>Nisi</em></strong></span> <span class='ocrx_word' id='word_1_800' title='bbox 4104 4842 4281 4906; x_wconf 91' lang='lat' dir='ltr'><strong><em>enim</em></strong></span> <span class='ocrx_word' id='word_1_801' title='bbox 4327 4842 4547 4909; x_wconf 90' lang='lat' dir='ltr'><strong><em>Deum</em></strong></span> 
     </span>
     <span class='ocr_line' id='line_1_109' title="bbox 2606 4925 4547 5012; baseline -0.001 -17"><span class='ocrx_word' id='word_1_802' title='bbox 2606 4930 2925 4996; x_wconf 88' lang='lat' dir='ltr'><strong><em>mendacii</em></strong></span> <span class='ocrx_word' id='word_1_803' title='bbox 2983 4950 3256 5012; x_wconf 86' lang='lat' dir='ltr'><strong><em>arguere</em></strong></span> <span class='ocrx_word' id='word_1_804' title='bbox 3316 4925 3565 4991; x_wconf 83' lang='lat' dir='ltr'><strong><em>vellent</em></strong></span> <span class='ocrx_word' id='word_1_805' title='bbox 3623 4925 3883 5003; x_wconf 90' lang='lat' dir='ltr'><strong><em>Iudaei,</em></strong></span> <span class='ocrx_word' id='word_1_806' title='bbox 3950 4948 4215 4993; x_wconf 84' lang='lat' dir='ltr'><strong><em>necesse</em></strong></span> <span class='ocrx_word' id='word_1_807' title='bbox 4280 4930 4411 4992; x_wconf 81' lang='grc'><strong>1011</strong></span> <span class='ocrx_word' id='word_1_808' title='bbox 4468 4930 4547 4994; x_wconf 86' lang='lat' dir='ltr'><strong><em>ad</em></strong></span> 
     </span>
     <span class='ocr_line' id='line_1_110' title="bbox 2605 5013 4547 5099; baseline -0.002 -16"><span class='ocrx_word' id='word_1_809' title='bbox 2605 5038 2717 5083; x_wconf 88' lang='lat' dir='ltr'><strong><em>eos</em></strong></span> <span class='ocrx_word' id='word_1_810' title='bbox 2774 5016 3115 5081; x_wconf 81' lang='lat' dir='ltr'><strong><em>Christum</em></strong></span> <span class='ocrx_word' id='word_1_811' title='bbox 3183 5013 3538 5096; x_wconf 88' lang='lat' dir='ltr'><strong><em>respicere,</em></strong></span> <span class='ocrx_word' id='word_1_812' title='bbox 3625 5033 3741 5094; x_wconf 90' lang='lat' dir='ltr'><strong><em>per</em></strong></span> <span class='ocrx_word' id='word_1_813' title='bbox 3806 5013 3988 5078; x_wconf 89' lang='lat' dir='ltr'><strong><em>cuius</em></strong></span> <span class='ocrx_word' id='word_1_814' title='bbox 4064 5034 4332 5078; x_wconf 89' lang='lat' dir='ltr'><strong><em>manum</em></strong></span> <span class='ocrx_word' id='word_1_815' title='bbox 4400 5035 4547 5099; x_wconf 89' lang='lat' dir='ltr'><strong><em>pro—</em></strong></span> 
     </span>
     <span class='ocr_line' id='line_1_111' title="bbox 2607 5098 4548 5171; baseline -0.002 -4"><span class='ocrx_word' id='word_1_816' title='bbox 2607 5106 2809 5167; x_wconf 88' lang='lat' dir='ltr'><strong><em>missa</em></strong></span> <span class='ocrx_word' id='word_1_817' title='bbox 2852 5112 2996 5167; x_wconf 89' lang='grc'><strong>0101</strong></span> <span class='ocrx_word' id='word_1_818' title='bbox 3030 5111 3095 5165; x_wconf 84' lang='grc'><strong><em>01</em></strong></span> <span class='ocrx_word' id='word_1_819' title='bbox 3131 5100 3467 5165; x_wconf 83' lang='grc' dir='ltr'><strong>(1001110οθ</strong></span> <span class='ocrx_word' id='word_1_820' title='bbox 3508 5098 3848 5171; x_wconf 85' lang='grc'><strong>0100111100,</strong></span> <span class='ocrx_word' id='word_1_821' title='bbox 3895 5110 3963 5163; x_wconf 89' lang='grc'><strong><em>01</em></strong></span> <span class='ocrx_word' id='word_1_822' title='bbox 3997 5119 4213 5162; x_wconf 86' lang='grc'><strong>101001</strong></span> <span class='ocrx_word' id='word_1_823' title='bbox 4252 5103 4548 5166; x_wconf 89' lang='lat' dir='ltr'><strong><em>omnium</em></strong></span> 
     </span>
     <span class='ocr_line' id='line_1_112' title="bbox 2606 5184 4547 5270; baseline -0.001 -17"><span class='ocrx_word' id='word_1_824' title='bbox 2606 5188 3016 5254; x_wconf 82' lang='lat' dir='ltr'><strong><em>instauratio.</em></strong></span> <span class='ocrx_word' id='word_1_825' title='bbox 3108 5186 3374 5250; x_wconf 89' lang='lat' dir='ltr'><strong><em>Pridem</em></strong></span> <span class='ocrx_word' id='word_1_826' title='bbox 3420 5184 3936 5249; x_wconf 87' lang='lat' dir='ltr'><strong><em>destituebantur</em></strong></span> <span class='ocrx_word' id='word_1_827' title='bbox 3991 5184 4325 5267; x_wconf 86' lang='lat' dir='ltr'><strong><em>prophetis</em></strong></span> <span class='ocrx_word' id='word_1_828' title='bbox 4387 5206 4547 5270; x_wconf 91' lang='lat' dir='ltr'><strong><em>quos</em></strong></span> 
     </span>
     <span class='ocr_line' id='line_1_113' title="bbox 2610 5270 4550 5352; baseline -0.001 -15"><span class='ocrx_word' id='word_1_829' title='bbox 2610 5283 2886 5341; x_wconf 89' lang='lat' dir='ltr'><strong><em>testatus</em></strong></span> <span class='ocrx_word' id='word_1_830' title='bbox 2952 5276 3162 5337; x_wconf 78' lang='lat' dir='ltr'><strong><em>fuerat</em></strong></span> <span class='ocrx_word' id='word_1_831' title='bbox 3229 5273 3449 5337; x_wconf 86' lang='lat' dir='ltr'><strong><em>Moses</em></strong></span> <span class='ocrx_word' id='word_1_832' title='bbox 3514 5291 3847 5352; x_wconf 86' lang='lat' dir='ltr'><strong><em>nunquam</em></strong></span> <span class='ocrx_word' id='word_1_833' title='bbox 3928 5271 4091 5352; x_wconf 90' lang='lat' dir='ltr'><strong><em>ipsis</em></strong></span> <span class='ocrx_word' id='word_1_834' title='bbox 4158 5270 4407 5348; x_wconf 83' lang='lat' dir='ltr'><strong><em>defore,</em></strong></span> <span class='ocrx_word' id='word_1_835' title='bbox 4486 5281 4550 5337; x_wconf 88' lang='lat' dir='ltr'><strong><em>et</em></strong></span> 
     </span>
     <span class='ocr_line' id='line_1_114' title="bbox 2610 5355 4552 5444; baseline -0.002 -19"><span class='ocrx_word' id='word_1_836' title='bbox 2610 5381 2772 5443; x_wconf 90' lang='lat' dir='ltr'><strong><em>quos</em></strong></span> <span class='ocrx_word' id='word_1_837' title='bbox 2816 5358 3203 5444; x_wconf 88' lang='lat' dir='ltr'><strong><em>promiserat</em></strong></span> <span class='ocrx_word' id='word_1_838' title='bbox 3260 5357 3588 5440; x_wconf 85' lang='lat' dir='ltr'><strong><em>legitimos</em></strong></span> <span class='ocrx_word' id='word_1_839' title='bbox 3643 5357 3781 5420; x_wconf 90' lang='lat' dir='ltr'><strong><em>fore</em></strong></span> <span class='ocrx_word' id='word_1_840' title='bbox 3837 5355 4169 5422; x_wconf 86' lang='lat' dir='ltr'><strong><em>ministros</em></strong></span> <span class='ocrx_word' id='word_1_841' title='bbox 4226 5357 4552 5423; x_wconf 85' lang='lat' dir='ltr'><strong><em>retinendi</em></strong></span> 
     </span>
    </p>
   </div>
   <div class='ocr_carea' id='block_1_8' title="bbox 4816 5571 4825 6100">
    <p class='ocr_par' dir='ltr' id='par_1_8' title="bbox 4816 5571 4825 6100">
     <span class='ocr_line' id='line_1_115' title="bbox 4816 5571 4825 6100; baseline 0 0"><span class='ocrx_word' id='word_1_842' title='bbox 4816 5571 4825 6100; x_wconf 95' lang='lat' dir='ltr'><strong><em> </em></strong></span> 
     </span>
    </p>
   </div>
  </div>
 </body>
</html>
