4867 6150
371 448 495 517 517

371 659 542 722 rege,
586 636 716 701 alia
758 655 798 700 a
841 635 1175 702 sacerdote
1219 634 1491 702 victima
1534 636 1855 720 exigitur,
1902 637 2032 702 alia
2073 657 2230 703 vero
2275 659 2315 702 a

370 724 668 807 privatis,
713 721 826 787 ubi
869 722 1029 787 item
1074 743 1442 807 pauperum
1486 720 1768 788 habetur
1809 723 1997 802 ratio,
2041 743 2127 787 ne
2168 724 2315 807 pari

369 819 637 892 sumptu
703 818 1064 892 graventur
1128 829 1253 891 quo
1319 806 1579 874 divites.
1694 808 1945 874 Verum
2012 810 2168 891 quia
2229 831 2314 874 ex

367 903 680 963 contextu
726 894 973 978 patebit
1017 913 1152 958 non
1195 914 1421 959 omnes
1464 894 1874 977 ignorantiae
1916 896 2165 978 species
2206 893 2315 962 hic

365 1003 509 1049 com
557 980 848 1058 rehendi,
885 978 1239 1046 videndum
1276 990 1376 1045 est
1407 978 1564 1063 quid
1600 979 1816 1045 valeat
1850 1001 2088 1046 nomen
2127 995 2313 1060 nutv,

365 1089 493 1152 quo
581 1087 868 1133 errorem
912 1067 1130 1150 potius
1187 1085 1383 1148 quam
1444 1067 1887 1150 ignorantiam
1954 1068 2312 1132 transferre

361 1154 644 1237 placuit:
691 1154 846 1236 quia
888 1173 1022 1217 non
1068 1173 1147 1217 ea
1189 1152 1424 1217 delicta
1465 1150 1777 1234 intelligit
1812 1153 2030 1217 Moses
2073 1153 2311 1236 quibus

360 1240 801 1323 illaqueamur
864 1238 1118 1322 decepti
1175 1239 1389 1321 specie
1446 1237 1638 1317 recti,
1698 1247 1774 1302 ut
1830 1248 2134 1321 putemus
2193 1261 2313 1304 nos

360 1347 507 1391 esse
565 1336 755 1391 extra
814 1326 1109 1408 culpam:
1167 1324 1281 1389 sed
1340 1344 1508 1406 quae
1565 1344 1699 1387 nou
1755 1322 2192 1389 observantur
2234 1335 2311 1390 ut

360 1413 658 1477 animum
716 1418 1047 1494 pungant:
1109 1420 1223 1475 aut
1275 1410 1497 1492 lapsus
1542 1407 1820 1489 subitos,
1875 1410 2033 1475 dum
2090 1411 2310 1477 carnis

357 1498 717 1563 infirmitas
760 1497 1081 1562 rationem
1128 1507 1196 1561 et
1236 1497 1551 1561 iudicium
1596 1495 1689 1559 ita
1731 1497 2007 1561 suffocat
2051 1508 2127 1561 ut
2169 1516 2308 1562 cae-

356 1585 570 1650 cutiat
635 1594 951 1666 peccator.
1056 1581 1162 1646 De
1230 1583 1357 1647 hoc
1414 1602 1653 1668 genere
1706 1580 1998 1664 loquitur
2052 1583 2306 1648 Paulus

354 1667 539 1755 (Gal.
601 1670 659 1746 6,
723 1668 806 1755 1),
869 1668 1024 1734 dum
1080 1669 1261 1734 iubet
1314 1669 1384 1733 in
1444 1667 1678 1750 spiritu
1719 1667 2011 1732 lenitatis
2068 1669 2305 1752 corrigi

357 1757 664 1821 homines
706 1755 819 1838 qui
862 1757 1319 1838 praeoccupati
1361 1755 1607 1819 fuerint
1649 1753 1720 1816 in
1760 1753 1977 1836 aliquo
2036 1754 2302 1820 delicto:

353 1843 514 1923 quia
559 1863 686 1906 non
731 1861 844 1906 eos
885 1840 1198 1925 intelligit
1239 1841 1353 1923 qui
1408 1839 1579 1904 bona
1620 1836 1844 1924 (quam
1913 1839 2169 1925 vocant)
2213 1841 2309 1906 in-

354 1929 653 1993 tentione
715 1927 1070 2004 falluntur,
1138 1927 1240 1992 vel
1310 1925 1516 1992 stulta
1568 1926 1786 2007 potius
1830 1926 2136 2007 opinione
2158 1977 2172 2003 ‚
2232 1936 2309 1992 ut

350 2015 485 2080 sibi
508 2013 679 2080 male
712 2013 956 2080 conscii
992 2034 1125 2078 non
1160 2013 1328 2078 sint:
1372 2010 1489 2077 sed
1524 2012 1634 2093 qui
1670 2011 1890 2077 carnis
1924 2013 2307 2077 infirmitate

349 2101 704 2179 labuntur,
763 2109 830 2165 et
883 2120 1046 2183 quos
1102 2098 1310 2165 Satan
1366 2099 1504 2164 suis
1559 2097 1815 2162 insidiis
1873 2096 2307 2180 deprehendit

348 2189 678 2266 incautos,
723 2185 832 2251 vel
876 2194 1051 2253 certe
1087 2206 1221 2250 non
1258 2182 1802 2250 animadvertunt
1836 2204 1958 2248 sua
1992 2183 2185 2261 mala,
2233 2194 2308 2249 ut

348 2273 584 2339 statim
627 2270 983 2337 adhibeant
1024 2270 1402 2339 remedium.
1493 2268 1571 2333 Id
1617 2268 1857 2333 clarius
1911 2271 2305 2351 perspicitur

349 2382 437 2426 ex
488 2358 908 2424 distinctione
951 2379 1117 2440 quae
1160 2358 1428 2440 ponitur
1466 2355 1709 2421 Psalm.
1760 2354 1859 2420 19.
1908 2356 2015 2420 8111
2062 2354 2302 2437 David,

345 2455 699 2529 postquam
745 2465 1040 2511 errorum
1099 2445 1360 2510 veniam
1426 2441 1813 2524 deprecatus
1857 2451 1987 2522 est,
2056 2444 2222 2524 petit
2266 2465 2305 2508 a

341 2531 678 2615 superbiis
735 2531 994 2614 integer
1051 2529 1319 2595 servari.
1411 2527 1780 2593 Antithesis
1833 2527 2009 2593 inter
2066 2540 2301 2597 mwnw

343 2629 416 2684 et
463 2628 601 2686 ῦῆτ
645 2616 931 2685 ostendit
973 2637 1227 2682 errores
1260 2614 1480 2682 vocari
1526 2612 1765 2679 delicta
1807 2614 2135 2696 quaelibet
2166 2617 2304 2698 qui-

343 2705 478 2770 hus
536 2703 721 2769 nulla
773 2702 999 2769 subest
1061 2702 1380 2768 scelerata
1442 2709 1671 2765 contra
1715 2701 1934 2764 Deum
1977 2702 2299 2784 superbia.

345 2789 552 2872 Quod
598 2789 788 2856 dicit:
841 2787 913 2855 Si
972 2789 1191 2853 anima
1232 2785 1600 2871 peccaverit
1642 2785 1724 2850 ab
1766 2786 2070 2852 omnibus
2111 2809 2302 2870 prae-

342 2874 591 2959 ceptis,
659 2875 827 2940 dura
889 2884 991 2940 est
1048 2875 1369 2956 loquutio:
1435 2880 1629 2953 atque
1683 2872 1830 2937 ideo
1889 2870 1973 2936 ad
2037 2886 2304 2955 peccata

344 2961 728 3028 omissionis
778 2960 1039 3045 quidam
1086 2962 1398 3026 referunt.
1485 2957 1631 3041 Ego
1675 2966 1894 3025 autem
1940 2958 2301 3041 simplicius

343 3048 788 3131 interpretor:
848 3046 920 3115 Si
980 3046 1350 3131 peccaverit
1407 3043 1792 3110 declinando
1838 3067 1878 3108 a
1921 3047 2301 3130 praeceptis,

343 3135 466 3201 vel
506 3135 566 3199 si
609 3134 765 3217 quid
810 3134 1098 3199 alienum
1141 3153 1182 3198 a
1223 3131 1587 3216 praeceptis
1628 3132 2042 3197 commiserit.

529 3221 591 3286 3.
663 3221 738 3286 Si
797 3221 1087 3287 sacerdos
1147 3224 1385 3285 unctus.
1497 3216 1691 3282 Nunc
1751 3216 2066 3283 discernit
2127 3219 2308 3284 inter

344 3327 700 3393 personas:
751 3318 817 3371 et
870 3307 1103 3388 incipit
1145 3327 1183 3371 a
1240 3323 1498 3370 summo
1558 3303 1889 3385 pontifice,
1956 3306 2066 3387 qui
2124 3306 2302 3370 solus

343 3395 778 3478 praecipuum
823 3394 1085 3475 insigne
1128 3410 1351 3457 sacrae
1394 3389 1724 3454 unctionis
1782 3393 2112 3475 gestabat,
2175 3393 2302 3457 nisi

345 3480 439 3547 de
486 3490 625 3544 toto
668 3479 897 3544 ordine
955 3478 1270 3561 palmario
1329 3496 1588 3541 sumere
1644 3475 1862 3541 libeat.
1950 3475 2301 3543 Probabile

346 3577 579 3632 tamen
640 3575 773 3642 est,
833 3564 914 3629 ad
975 3586 1182 3629 unum
1237 3562 1567 3645 restringi.
1659 3560 1806 3642 Quo
1861 3564 2303 3646 praestantior

344 3661 504 3719 erat
546 3652 690 3716 eius
733 3650 1039 3734 dignitas,
1087 3671 1163 3715 eo
1207 3649 1455 3714 maiore
1498 3646 1713 3712 studio
1757 3648 2110 3731 composita
2156 3671 2299 3716 esse

342 3738 582 3804 debuit
647 3738 790 3801 eius
856 3737 996 3801 vita
1060 3735 1142 3801 ad
1208 3733 1586 3817 exemplum
1655 3736 2030 3800 sanctitatis.
2134 3735 2300 3800 Erat

342 3825 577 3907 imago
623 3821 895 3900 Christi,
940 3832 1009 3887 et
1049 3822 1215 3906 legis
1253 3821 1381 3885 Dei
1426 3820 1778 3901 interpres:
1823 3841 1981 3904 ergo
2025 3842 2193 3903 quae
2228 3823 2297 3886 18

342 3910 502 3976 81118
544 3909 906 3975 ι81818111118
939 3909 1173 3974 fuisset
1215 3907 1586 3984 infirmitas,
1631 3906 1899 3988 gravius
1934 3908 2004 3971 in
2042 3926 2120 3971 eo
2157 3917 2301 3973 erat

343 3995 909 4078 reprehensibilis.
998 3995 1185 4060 Haec
1243 3993 1412 4058 ratio
1469 4003 1571 4057 est
1627 4013 1746 4057 cur
1798 3993 2043 4059 maiore
2082 3993 2302 4059 hostia

344 4085 574 4165 ipsum
638 4080 833 4147 litare
895 4081 1278 4163 oportuerit.
1381 4079 1738 4144 Caeterum
1802 4078 1868 4143 id
1935 4078 2153 4161 aliqua
2216 4101 2299 4145 ex

338 4175 544 4252 parte
587 4167 912 4251 pertinuit
954 4166 1039 4232 ad
1084 4187 1310 4231 omnes
1352 4165 1658 4242 Levitae,
1726 4173 2051 4246 quatenus
2110 4165 2298 4231 electi

336 4254 618 4320 fuerant
672 4254 743 4318 in
801 4273 1059 4319 sacrum
1115 4251 1431 4319 ordinem.
1520 4251 1611 4315 Et
1667 4249 1861 4315 hodie
1917 4251 2300 4317 extenditur

336 4339 433 4406 ad
492 4361 721 4406 omnes
779 4339 1087 4406 ecclesiae
1160 4338 1499 4404 ministros
1556 4356 1633 4402 ac
1684 4347 1979 4418 pastores
2035 4358 2169 4403 non
2225 4347 2301 4403 ut

341 4426 544 4493 vituli
599 4426 1046 4492 immolatione
1104 4446 1175 4490 se
1231 4422 1596 4500 redimant,
1657 4420 1774 4486 sed
1828 4432 1904 4487 ut
1961 4424 2087 4489 sibi
2152 4423 2297 4488 dili-

338 4513 618 4597 gentius
682 4522 960 4579 caveant
1021 4511 1102 4577 ab
1159 4510 1340 4577 omni
1399 4517 1691 4593 peccato,
1746 4518 1814 4573 et
1870 4509 1950 4573 ad
2008 4510 2295 4575 studium

339 4599 617 4684 pietatis
670 4601 882 4683 magis
940 4599 1071 4664 sint
1129 4595 1389 4663 intenti.
1477 4594 1849 4674 Particula,
1919 4593 2295 4661 Secundum

338 4686 664 4751 delictum
731 4685 986 4768 populi,
1049 4691 1264 4766 potest
1328 4680 1531 4747 etiam
1572 4681 1780 4746 verti:
1842 4681 1925 4745 ad
1964 4682 2295 4762 delictum,

331 4772 538 4855 quasi
580 4770 825 4838 diceret
867 4772 1118 4848 Moses,
1163 4767 1565 4835 sacerdotem
1608 4766 1937 4850 peccando
1980 4769 2297 4851 populum

337 4857 525 4923 malo
588 4858 888 4940 exemplo
957 4876 1390 4937 corrumpere.
1495 4852 1829 4934 Quoniam
1893 4853 2088 4920 sicuti
2154 4854 2297 4919 vita

338 4945 496 5010 eius
538 4944 772 5028 regula
815 4952 916 5009 est
959 4945 1062 5027 pie
1104 4941 1405 5023 iusteque
1445 4938 1730 5020 vivendi,
1774 4942 1866 5004 ita
1913 4940 2073 5005 vitia
2111 4960 2295 5006 occa·

339 5031 604 5096 sionem
663 5029 931 5096 errandi
986 5029 1132 5095 aliis
1181 5025 1530 5110 praebent.
1637 5025 2012 5109 Simplicior
2076 5037 2296 5091 tamen

337 5125 456 5182 est
497 5136 729 5182 sensus
773 5137 966 5200 quem
1023 5121 1334 5195 sequutus
1392 5132 1571 5178 sum:
1630 5113 1931 5196 quamvis
1988 5113 2295 5178 delictum

337 5200 711 5269 sacerdotis
752 5203 865 5268 vul
957 5223 1026 5266 re
1065 5199 1169 5276 sit,
1216 5199 1512 5264 muneris
1553 5207 1775 5263 tamen
1811 5211 2112 5282 respectu
2147 5218 2296 5283 gra-

344 5286 506 5352 vius
539 5309 684 5353 esse
728 5297 795 5352 et
838 5311 876 5354 o
921 5289 1190 5352 noxium
1228 5284 1463 5349 maiori
1506 5305 1776 5369 poenae.

529 5373 590 5440 5.
638 5375 1038 5457 Accipietque
1077 5370 1363 5436 sacerdos
1402 5377 1642 5437 unctus.
1712 5370 1906 5453 Quod
1952 5370 2032 5437 de
2076 5392 2296 5456 asper·

1778 445 2290 516 SECUNDUM
2333 447 2980 517 PRAECEP'I'UM.

4233 452 4365 519 518

2418 637 2603 704 sione
2647 638 2986 722 sanguinis
3032 637 3135 702 vel
3179 638 3496 704 effusione
3542 639 3648 703 hic
3692 640 3995 719 traditur,
4045 640 4124 705 de
4169 643 4367 726 adipe

2416 725 2613 791 etiam
2658 732 2726 789 et
2759 723 3027 790 renibus
3063 723 3418 802 adolendis,
3463 745 3808 789 commune
3843 727 3990 792 aliis
4026 730 4363 796 sacrificiis

2415 832 2559 877 esse
2601 811 2762 875 satis
2818 817 3048 875 notum
3103 820 3222 874 est.
3310 810 3401 875 Et
3457 811 3815 876 similitudo
3875 834 4041 896 quae
4095 813 4363 879 additur

2416 917 2590 962 nono
2632 917 2857 975 versu,
2916 896 3075 961 satis
3131 894 3417 960 ostendit
3458 897 3732 961 eandem
3777 897 4054 963 formam
4098 900 4169 964 18
4214 901 4363 968 81118

2411 983 2620 1048 fnisse
2696 989 3044 1048 servatam.
3154 980 3406 1045 Verum
3485 983 3640 1065 quia
3717 983 4071 1049 absurdum
4150 986 4362 1053 videri

2413 1078 2690 1152 poterat,
2738 1065 3139 1134 sacerdotem
3184 1069 3295 1149 qui
3345 1089 3494 1133 reus
3537 1082 3696 1148 erat,
3742 1090 3961 1135 coram
3985 1071 4128 1136 Deo
4164 1074 4359 1154 prod-

2414 1158 2512 1221 ire
2556 1154 2636 1219 ad
2684 1153 3017 1219 obeundas
3072 1152 3619 1220 reconciliationis
3662 1164 3916 1237 partes,
3978 1167 4055 1221 ut
4098 1158 4359 1225 dubita-

2414 1242 2577 1307 tioni
2635 1240 2893 1305 obviam
2950 1240 3190 1318 iretur,
3251 1239 3630 1323 diligentius
3686 1241 3950 1325 singula
4004 1244 4361 1325 praescribi

2411 1328 2717 1410 oportuit.
2783 1324 3102 1406 Quamvis
3138 1345 3296 1408 ergo
3331 1325 3647 1409 indignus
3681 1335 3858 1392 esset
3890 1349 4171 1409 accessu,
4205 1331 4361 1413 quia

2411 1424 2636 1477 tamen
2679 1410 3075 1476 inviolabilis
3111 1422 3254 1475 erat
3287 1412 3395 1476 lex
3431 1412 3792 1492 sacerdotii,
3834 1413 3915 1478 ad
3952 1414 4359 1481 functionem

2411 1519 2599 1565 suam
2643 1495 3041 1562 admittitur:
3088 1518 3298 1579 neque
3355 1498 3532 1561 enim
3576 1498 3674 1563 fas
3726 1508 3868 1564 erat
3922 1500 4147 1583 plures
4203 1521 4356 1567 con-

2409 1585 2599 1650 stitui
2642 1583 3050 1648 mediatores.
3120 1583 3301 1668 Ergo
3336 1592 3413 1647 ut
3449 1584 3597 1666 plus
3632 1586 4042 1651 reverentiae
4084 1587 4361 1654 haberet

2407 1670 2639 1755 legalis
2702 1669 2905 1747 ritus,
2990 1688 3108 1733 nec
3174 1668 3376 1733 alium
3459 1670 4007 1736 reconciliationis
4085 1673 4356 1739 modum

2407 1765 2799 1840 quaererent
2856 1754 3188 1833 homines,
3248 1755 3529 1839 gratiam
3573 1777 3761 1821 suam
3819 1759 4130 1839 praetulit
4175 1761 4359 1825 Deus

2409 1841 2763 1908 sacerdotis
2785 1840 3032 1922 culpae.
3102 1838 3389 1924 Sparsus
3425 1850 3647 1906 autem
3683 1842 3813 1907 fuit
3847 1845 4119 1926 sanguis
4141 1867 4357 1911 coram

2409 1929 2691 2004 Iehova‚
2760 1937 2836 1991 ut
2891 1927 3173 1992 disceret
3233 1926 3511 2009 populus
3568 1928 4034 1995 immolationis
4088 1942 4361 2014 aspectu

2409 2016 2543 2099 tegi
2594 2034 2670 2078 ac
2713 2012 2975 2094 sepeliri
3016 2020 3313 2095 peccata,
3374 2034 3457 2077 ne
3501 2012 3571 2077 iu
3617 2016 4006 2080 memoriam
4049 2021 4360 2083 venirent

2409 2121 2632 2168 881818
2653 2098 2828 2163 Deo:
2875 2098 3163 2181 reliquus
3199 2107 3418 2163 autem
3456 2100 3728 2182 sanguis
3764 2113 3865 2166 est
3910 2103 4092 2169 fusus
4137 2125 4358 2169 coram

2408 2186 2625 2264 altari,
2671 2187 2827 2268 quia
2869 2205 3053 2250 sacer
3087 2193 3249 2262 818ι,
3295 2184 3568 2268 ideoque
3602 2186 3873 2251 minime
3911 2187 4177 2253 decebat
4210 2202 4358 2255 tan-

2409 2293 2605 2357 quam
2648 2272 2996 2355 profanum
3040 2269 3166 2335 alio
3211 2270 3456 2353 proiici.

2585 2358 2684 2424 13.
2749 2357 2925 2438 Quod
2984 2357 3046 2421 si
3099 2362 3226 2422 tota
3280 2377 3614 2440 synayoya.
3704 2355 3891 2421 Idem
3960 2360 4357 2426 sacrificium

2408 2443 2583 2529 quod
2648 2443 2971 2509 sacerdoti
3032 2443 3399 2508 iniunctum
3457 2444 3582 2507 fuit
3639 2464 3678 2507 a
3736 2444 3973 2527 populo
4035 2446 4355 2530 exigitur:

2407 2531 2565 2615 quia
2621 2538 2835 2594 totum
2878 2549 3112 2611 corpus
3156 2528 3688 2611 repraesentabat
3744 2532 3858 2612 qui
3902 2531 4194 2596 omnium
4239 2554 4355 2598 no·

2409 2618 2590 2682 mine
2645 2613 3143 2698 ingrediebatur
3208 2615 3657 2680 sanctuarium
3719 2626 3795 2680 ut
3858 2629 4084 2682 omn'es
4147 2618 4358 2685 tribus

2405 2724 2630 2770 coram
2676 2701 2818 2766 Deo
2863 2702 3138 2766 sisteret.
3206 2699 3492 2765 Videtur
3536 2701 3801 2783 quidem
3845 2701 4005 2767 haec
4044 2705 4358 2787 ignoran-

2405 2791 2537 2854 tiae
2571 2788 2818 2872 species
2855 2787 3116 2852 diversa
3149 2806 3190 2851 a
3223 2787 3558 2868 superiore
3603 2788 3847 2851 notari:
3896 2789 4048 2871 qnia
4081 2789 4355 2855 dicitur:

2405 2877 2762 2942 Peccatum
2808 2874 2866 2937 si
2909 2873 3192 2938 latuerit.
3283 2871 3431 2956 Ego
3477 2882 3700 2938 tamen
3753 2873 4032 2939 arbitror
4075 2876 4359 2941 infirmi-

2407 2970 2577 3027 tates
2621 2956 3080 3042 comprehendi
3126 2956 3211 3023 ad
3254 2978 3415 3040 quas
3458 2979 3651 3040 saepe
3695 2961 4023 3043 contingit
4056 2960 4357 3026 homines

2407 3048 2491 3114 ad
2536 3058 2794 3131 tempus
2841 3046 3184 3111 caecutire.
3275 3044 3468 3125 Quod
3525 3046 3698 3109 enim
3746 3047 3881 3110 suis
3938 3046 4120 3111 vitiis
4163 3048 4356 3113 multi

2404 3134 2842 3212 obdormiunt,
2879 3132 3025 3196 ideo
3061 3133 3138 3196 fit
3172 3133 3325 3213 quia
3363 3153 3493 3197 non
3531 3130 3934 3197 descendunt
3956 3133 4025 3195 in
4056 3136 4353 3217 seipsos:

2407 3243 2559 3286 nam
2616 3221 2672 3284 si
2728 3218 2930 3301 probe
2987 3218 3453 3282 examinarent
3506 3239 3627 3282 sua
3690 3217 3898 3296 facta,
3967 3221 4188 3284 statim
4242 3242 4354 3286 eos

2405 3305 2805 3373 conscientia
2849 3313 3188 3387 pungeret.
3281 3304 3506 3369 Potest
3559 3304 3767 3387 igitur
3823 3304 3966 3368 fiori
4026 3315 4100 3369 ut
4143 3316 4353 3372 totum

2405 3392 2718 3477 populum
2764 3391 2974 3474 fugiat
3018 3389 3267 3473 peccati
3324 3390 3633 3472 cognitio,
3699 3389 3855 3454 dum
3901 3390 4020 3455 sibi
4070 3393 4350 3457 nimium

2401 3478 2703 3561 indulget
2755 3496 2830 3541 ac
2889 3475 3238 3542 blanditur.
3333 3474 3582 3541 Sensus
3635 3497 3792 3560 ergo
3847 3487 3977 3540 est:
4026 3475 4350 3557 Quamvis

2405 3565 2627 3630 nullus
2671 3562 2827 3627 mali
2875 3583 3106 3628 sensus
3150 3562 3231 3626 ab
3277 3562 3466 3626 initio
3526 3583 3638 3626 eos
3695 3561 3997 3626 sollicitet
4051 3563 4134 3627 ad
4194 3584 4343 3643 poe-

2402 3650 2780 3727 nitentiam,
2827 3649 2885 3715 si
2927 3656 3155 3730 postea
3197 3647 3639 3732 expergefacti
3681 3648 3926 3712 fuerint
3969 3658 4043 3712 ut
4083 3649 4344 3732 culpam

2403 3755 2758 3820 agnoscere
2777 3735 3117 3816 incipiant,
3158 3734 3373 3798 Deum
3399 3734 3733 3799 sacrificiis
3757 3733 4151 3816 placandum
4177 3753 4353 3800 esse:

2401 3830 2660 3907 poterat
2703 3822 2877 3885 enim
2923 3820 3168 3903 alioqui
3213 3820 3491 3904 populus
3534 3821 4066 3904 integumentum
4110 3819 4233 3885 sibi
4271 3843 4355 3886 ex

2404 3928 2622 3973 errore
2665 3907 2896 3972 facere.

2576 3993 2677 4057 22.
2742 3992 2819 4058 Si
2863 3993 3161 4075 princeps
3205 3993 3572 4074 peccaverit.
3659 3991 4045 4075 Principum
4101 4013 4356 4075 quoque

2404 4079 2658 4144 delictis
2700 4079 3074 4161 iniungitur
3131 4078 3479 4161 peculiaris
3536 4079 3841 4160 expiatio.
3929 4079 4075 4143 Etsi
4137 4091 4355 4144 autem

2402 4165 2721 4250 singulari
2780 4185 3053 4229 numero
3106 4165 3470 4248 principem
3533 4164 3858 4242 nominat,
3917 4164 4071 4247 quia
4129 4173 4353 4230 tamen

2401 4252 2514 4317 lex
2558 4250 2850 4317 nondum
2894 4252 3107 4334 posita
3151 4261 3294 4316 erat
3338 4259 3409 4316 ut
3455 4271 3622 4314 uuus
3680 4249 4005 4333 quispiam
4061 4249 4355 4315 domina·

2402 4348 2621 4418 retur,
2678 4336 2853 4402 haud
2915 4335 3111 4401 dubie
3169 4335 3366 4402 duces
3422 4348 3488 4400 et
3546 4338 3757 4419 capita
3801 4334 4135 4419 designat,
4202 4338 4357 4418 quia

2401 4425 2616 4508 magis
2675 4432 2908 4489 nocent
2963 4423 3157 4488 malis
3211 4422 3532 4505 exemplis
3598 4422 3708 4504 qui
3774 4430 4088 4504 praesunt
4155 4442 4352 4505 quam

2402 4510 2648 4594 privati
2694 4510 3009 4574 homines.
3079 4508 3157 4574 Si
3194 4509 3341 4592 quis
3376 4529 3533 4592 ergo
3573 4529 3656 4572 ex
3692 4506 4012 4573 iudicibus
4055 4515 4124 4573 et
4163 4528 4353 4591 prae-

2402 4597 2590 4662 fectis
2637 4617 2752 4679 per
2796 4615 3086 4660 errorem
3122 4595 3503 4678 deliquerat,
3549 4593 3801 4659 minore
3837 4593 4097 4675 quidem
4137 4594 4354 4660 hostia

2403 4681 2678 4765 defungi
2699 4683 2912 4763 potuit
2946 4701 3141 4764 quam
3176 4680 3478 4747 sacerdos
3514 4679 3617 4745 vel
3652 4680 3961 4763 populus:
4000 4679 4354 4746 discrimen

2403 4778 2622 4833 tamen
2670 4768 3002 4850 privatum
3044 4767 3222 4832 inter
3265 4768 3442 4851 ipsos
3478 4766 3619 4841 fuit,
3666 4766 3834 4849 quod
3873 4766 3942 4830 hi
3978 4785 4209 4848 capras
4246 4765 4351 4831 vel

2402 4875 2594 4932 oves,
2656 4852 2766 4918 ille
2826 4872 2983 4918 vero
3027 4852 3284 4918 hircum
3330 4853 3693 4918 masculum
3745 4851 4096 4918 offerebat:
4155 4851 4353 4932 idque

2403 4949 2479 5006 ut
2520 4940 2731 5023 magis
2766 4939 3038 5004 sollicite
3071 4960 3271 5022 puros
3309 4960 3381 5004 se
3416 4948 3807 5004 conservent
3841 4939 3923 5003 ab
3957 4938 4135 5003 omni
4180 4957 4356 5002 noxa

2400 5027 2775 5109 quicunque
2817 5035 3163 5108 praesunt,
3218 5027 3329 5109 qui
3375 5025 3617 5107 alioqui
3662 5024 3919 5090 delitias
3964 5023 4089 5089 sibi
4135 5024 4351 5088 facere

2399 5112 2639 5191 solent,
2707 5132 2781 5177 ac
2848 5111 2902 5176 si
2967 5110 3237 5177 honoris
3304 5111 3547 5195 gradus
3601 5110 3750 5194 plus
3792 5109 4096 5175 licentiae
4143 5108 4349 5175 daret.

2399 5198 2532 5264 Ubi
2576 5199 2931 5263 vertimus:
2980 5195 3057 5263 Si
3102 5197 3483 5274 innotuerit,
3533 5218 3664 5263 non
3699 5197 4120 5263 consentiunt
4152 5197 4354 5261 inter·

2398 5291 2638 5368 pretes.
2728 5283 3004 5365 Proprie
3060 5294 3162 5348 est
3219 5282 3615 5350 disiunctiva
3657 5282 3986 5365 particula
4027 5281 4184 5360 Vel,
4235 5280 4349 5346 sed

2400 5391 2566 5455 quae
2644 5368 2977 5434 interdum
3043 5370 3503 5436 conditionalis
3567 5369 3714 5435 vice
3778 5368 4075 5451 ponitur:
4155 5367 4357 5433 sicuti

3834 5467 3942 5523 33·
