4867 6150
315 438 433 508 557

316 628 620 715 populum
679 632 910 706 suuni,
970 627 1127 711 quia
1180 627 1248 693 in
1308 646 1534 692 eorum
1581 635 1759 692 terra
1802 626 2264 711 peregrinatus

317 716 415 783 sit.
493 712 655 778 Fuit
699 714 874 778 enim
921 712 1255 780 barbaries
1300 722 1366 778 et
1409 712 1787 777 immanitas
1830 710 2265 795 inhospitalis,

315 802 586 867 miseros
643 798 930 866 advenas
996 800 1396 882 opprimere,
1465 798 1578 881 qui
1643 799 1712 863 in
1771 816 1999 863 eorum
2066 797 2264 863 fidem

316 887 761 969 confugerant.
847 883 979 951 Sed
1026 887 1210 952 Deus
1255 886 1543 969 primum
1587 886 1959 969 ingressum
2006 883 2112 948 bic
2161 905 2264 948 re-

315 972 533 1056 spicit:
604 970 799 1036 sicuti
864 970 1039 1054 apud
1098 971 1340 1037 Isaiam
1403 968 1534 1057 (52,
1580 968 1668 1056 4),
1726 970 1842 1035 ubi
1899 968 2264 1054 Aegyptios

314 1058 608 1144 Assyriis
654 1077 1075 1141 comparans,
1120 1055 1278 1123 dicit
1320 1057 1649 1122 latronum
1695 1076 1875 1121 more
1919 1055 2039 1122 hos
2083 1075 2264 1140 gras-

314 1142 446 1210 sari
478 1144 549 1207 in
585 1142 896 1226 populum
936 1163 1149 1223 suum,
1185 1142 1332 1208 illos
1368 1163 1526 1209 vero
1561 1163 1695 1206 non
1734 1142 1877 1208 sine
1961 1150 2261 1207 raetextu

313 1230 513 1296 fuisse
538 1227 931 1295 dominatos:
970 1229 1122 1312 quia
1159 1229 1440 1312 populus
1461 1228 1618 1294 illuc
1652 1237 1886 1311 sponte
1955 1226 2261 1293 escende-

314 1323 433 1382 rat.
482 1313 806 1395 Quamvis
843 1336 1000 1397 ergo
1027 1313 1311 1380 violento
1344 1313 1619 1397 imperio
1656 1312 1927 1398 indigne
1970 1335 2052 1397 op
2102 1312 2265 1379 ressi

314 1400 557 1467 fuerint
592 1399 952 1479 Israelitae,
1006 1400 1147 1465 vult
1189 1410 1409 1466 tamen
1434 1401 1623 1467 Deus
1660 1408 1849 1465 vetus
1873 1400 2036 1466 bene
2088 1400 2261 1465 cium

316 1487 398 1553 ab
454 1485 589 1551 illis
650 1487 945 1571 agnosci:
1000 1484 1174 1570 quod
1232 1486 1454 1551 levata
1495 1486 1622 1551 fuit
1663 1506 1890 1550 eorum
1933 1485 2155 1569 inopia
2199 1493 2266 1550 et

316 1574 555 1650 fames,
614 1579 681 1637 et
756 1570 1063 1656 inquilini
1119 1572 1404 1656 benigne
1477 1572 1735 1655 excepti
1800 1572 2071 1654 fuerint,
2136 1592 2264 1654 quo

312 1670 605 1743 tempore
648 1657 901 1724 incolae
944 1657 1263 1725 Chanaan
1307 1656 1527 1722 inedia
1571 1657 1897 1741 peribant.

950 2000 1082 2066 EX
1127 1999 1398 2067 DEUT.
1444 1998 1676 2067 XVII.

470 2173 535 2239 2.
579 2171 657 2239 Si
700 2173 985 2238 inventus
1025 2172 1225 2255 fuerit
1257 2174 1327 2237 in
1360 2171 1563 2238 medio
1603 2173 1719 2249 tui,
1767 2172 1836 2236 in
1870 2191 2004 2238 una
2035 2175 2255 2252 porta-

303 2280 444 2326 rum
499 2264 793 2334 tuae-mn,
850 2278 1012 2341 quas
1067 2257 1297 2325 Iehova
1354 2257 1535 2324 Deus
1591 2262 1739 2324 tuus
1794 2257 1901 2322 dat
1957 2256 2097 2336 tibi,
2156 2257 2259 2322 vir

304 2347 433 2413 sive
475 2344 710 2412 mulier
750 2345 865 2428 qui
905 2344 1122 2427 fecerit
1177 2344 1424 2411 malum
1467 2345 1539 2409 in
1581 2342 1776 2411 oculis
1818 2342 2084 2409 Iehovae
2127 2341 2257 2408 Dei

301 2433 412 2510 tui,
456 2432 548 2499 ad
587 2429 1167 2515 transmediendum
1197 2435 1458 2512 pactum
1514 2430 1684 2495 eius:
1736 2429 1798 2495 3.
1846 2426 2162 2510 Iveritque
2201 2433 2256 2495 et

301 2519 561 2587 coluerit
609 2518 754 2584 deos
801 2517 1069 2583 alienos:
1127 2521 1184 2583 et
1214 2516 1576 2582 adoraverit
1616 2536 1733 2594 eoa,
1776 2514 1966 2583 solem
2007 2521 2120 2581 aut
2155 2514 2253 2580 lu-

300 2625 473 2681 m,
535 2608 650 2670 aut
704 2603 1068 2669 universum
1123 2603 1457 2669 exercitum
1514 2601 1824 2669 coelorum
1838 2650 1856 2681 ,
1923 2600 2094 2683 quod
2149 2620 2254 2685 eqo

300 2708 421 2761 non
441 2688 777 2773 praecepi:
824 2688 885 2753 4.
911 2686 1003 2753 Et
1022 2690 1388 2754 nunciatum
1415 2688 1612 2771 fuerit
1644 2688 1777 2768 tibi,
1820 2687 2256 2769 audiamque.-

298 2780 440 2843 temc
469 2774 675 2859 probe
717 2775 1038 2857 inquires.-
1080 2779 1136 2841 et
1176 2794 1323 2851 ecce,
1380 2775 1442 2839 si
1495 2794 1681 2840 verus
1722 2778 1780 2839 et
1817 2779 2019 2841 certus
2056 2772 2257 2856 fuerit

301 2883 530 2943 sermo,
591 2867 650 2928 et
702 2861 872 2943 facta
926 2860 1123 2943 fuerit
1177 2859 1551 2925 abominatio
1593 2859 1743 2926 haec
1783 2860 1854 2924 in
1892 2858 2134 2939 Israel,
2189 2858 2251 2924 ὃ.

302 2947 555 3017 Educet·
594 2946 808 3013 virum
838 2945 1040 3023 illum
1085 2951 1197 3011 aut
1235 2945 1559 3012 mulierem
1597 2946 1795 3020 illam,
1850 2946 1963 3028 qui
2003 2946 2254 3010 commi·

301 3036 503 3102 serint
557 3033 819 3117 facinus
875 3031 1046 3101 illud
1077 3052 1359 3113 pravum
1402 3031 1489 3098 ad
1515 3036 1748 3114 *portas
1787 3036 1966 3110 tuae,
2021 3032 2256 3117 viv-mn„

302 3127 408 3188 aut
449 3120 801 3199 mulierem,
861 3124 916 3184 et
960 3119 1177 3185 obruas
1234 3138 1335 3184 eos
1393 3117 1715 3202 lapidibus
1756 3119 1941 3185 donec
1980 3120 2253 3184 morian·

298 3212 404 3274 tur
426 3207 496 3295 ¹).
590 3204 865 3271 Ibidem.
928 3205 985 3270 7.
1033 3203 1275 3271 Manus
1314 3205 1565 3270 testium
1596 3204 1808 3289 primo
1841 3206 1961 3270 erit
2000 3205 2073 3271 in
2114 3225 2257 3271 ewm

300 3294 383 3360 ad
423 3291 823 3360 occidendum
864 3292 1095 3375 ipsunt,
1153 3296 1211 3357 et
1243 3310 1474 3357 manus
1501 3289 1736 3373 populi
1757 3295 2010 3373 postea.-
2052 3295 2255 3357 exter-

300 3378 704 3461 minutisque
743 3377 984 3445 maliem
1026 3398 1059 3444 e
1100 3376 1301 3444 medio
1341 3377 1457 3445 tui.

470 3552 534 3618 2.
588 3549 666 3615 Si
698 3551 1001 3618 invevztus.
1090 3549 1224 3618 Hic
1278 3548 1506 3615 eadem
1573 3547 1888 3614 statuitur
1930 3569 2139 3632 poena
2181 3549 2255 3613 in

299 3637 705 3715 idololatras,
750 3637 853 3701 cui
898 3637 1081 3719 prius
1127 3635 1400 3701 subiecti
1439 3635 1706 3700 fuerunt
1749 3641 2114 3717 apostatae:
2160 3634 2256 3699 ita

298 3724 646 3808 utriusque
690 3722 937 3805 peccati
973 3722 1411 3805 transgressio
1431 3721 1663 3804 capitis
1697 3740 1908 3803 poena
1942 3720 2250 3786 sancitur.

297 3810 493 3878 Unde
564 3809 961 3892 colligimus,
1028 3828 1161 3873 non
1221 3808 1438 3872 minus
1499 3828 1703 3891 grave
1761 3805 1976 3872 scelus
2030 3827 2249 3873 coram

298 3896 442 3966 Deo
498 3895 789 3971 censeri,
845 3894 1061 3960 cultus
1110 3894 1254 3958 eius
1300 3893 1534 3959 vitiare
1577 3892 1816 3959 crassis
1863 3901 1930 3957 et
1971 3893 2251 3976 impuris

251 4035 259 4048 ,
297 3980 892 4065 superstitionibus,
929 4001 1123 4064 quam
1149 3979 1366 4062 palam
1391 3986 1457 4044 et
1485 4001 1568 4045 ex
1605 3977 1899 4062 professo
1934 4000 1972 4044 a
2009 3980 2252 4062 pietate

300 4065 677 4134 desciscere.
745 4065 905 4131 Ideo
940 4064 1113 4150 apud
1153 4065 1561 4132 Ezechielem
1600 4065 1731 4151 (20,
1767 4062 1897 4152 39),
1941 4064 2251 4132 valedicit

296 4151 587 4228 Indaeis,
623 4161 691 4218 et
712 4153 894 4235 quasi
932 4174 1045 4219 eos
1081 4154 1481 4236 emancipat,
1526 4160 1598 4217 ut
1633 4162 1789 4218 eant
1822 4151 2064 4236 singuli
2083 4159 2252 4303 (post

295 4237 473 4305 idola
508 4260 651 4322 sua,
695 4238 954 4322 quando
997 4259 1132 4304 non
1175 4237 1472 4305 contenti
1515 4246 1670 4304 sunt
1713 4259 1791 4304 eo
1835 4237 1992 4303 solo.
2142 4257 2248 4301 ae·

298 4333 516 4391 terum
598 4325 697 4391 ita
775 4322 1026 4409 rigidus
1091 4334 1192 4391 est
1257 4344 1505 4408 poenae
1565 4333 1830 4391 exactor
1897 4323 2116 4403 Deus,
2176 4332 2250 4388 ut

297 4410 813 4495 praecipitanter
856 4411 1012 4476 ferri
1055 4409 1367 4478 iudicium
1407 4410 1589 4475 nolit.
1659 4409 1846 4476 Haec
1882 4408 1966 4475 ad
2009 4408 2248 4476 severi-

300 4507 503 4562 tatem
552 4497 912 4581 pertinent,
974 4506 1046 4563 ut
1091 4507 1226 4568 tam
1284 4495 1520 4561 mulier
1565 4516 1757 4579 quam
1810 4496 1909 4562 vir
1953 4517 1989 4561 e
2032 4495 2246 4561 medio

298 4583 637 4662 tollantur,
661 4591 737 4648 ut
760 4592 933 4648 totus
957 4584 1232 4668 populus
1255 4582 1337 4647 ad
1360 4603 1469 4648 eos
1491 4581 1875 4665 lapidandos
1897 4583 2244 4666 conspiret,

299 4678 376 4734 ut
429 4669 702 4734 tollatur
757 4668 1004 4736 malum
1062 4692 1099 4736 e
1153 4668 1367 4735 medio
1415 4677 1664 4746 terrae,
1723 4691 1805 4734 ne
1849 4667 2246 4734 abominatio

298 4763 572 4820 maneat
595 4753 823 4820 inulta.
873 4754 1240 4821 Moderatio
1264 4764 1485 4820 autem
1523 4755 1896 4839 opponitur,
1941 4763 2012 4819 ut
2047 4754 2246 4838 probe

299 4840 654 4923 inquirant,
698 4861 817 4906 nec
841 4840 1129 4907 iudicent
1151 4842 1276 4908 nisi
1312 4863 1385 4907 re
1405 4840 1572 4906 bene
1602 4852 1963 4924 comperta:
2012 4839 2248 4905 deinde

299 4934 380 4990 ut
413 4926 711 5010 legitima
740 4928 828 4992 sit
850 4927 1162 5009 probatio,
1201 4947 1319 4992 nec
1340 4948 1490 4991 eum
1530 4926 1641 5009 qui
1677 4935 2021 4992 accusatur
2051 4926 2248 4991 unius

300 5010 590 5078 hominis
657 5011 900 5078 delatio
966 5013 1312 5097 opprimat.
1402 5012 1586 5096 Ergo
1651 5033 1784 5077 non
1854 5011 1998 5079 vult
2063 5011 2247 5077 Deus

300 5097 420 5163 zeli
468 5108 817 5181 praetextu
854 5098 1099 5165 iudices
1143 5098 1622 5166 inconsiderate
1666 5096 1943 5163 fundere
1980 5098 2246 5182 sangui-

299 5303 739 5429 οααᾶ)ἠξᾱέῡὲιέ
765 5303 902 5359 1563
937 5305 1129 5373 mina,
1162 5320 1276 5358 non
1309 5319 1439 5358 vero
1470 5307 1796 5360 recentiores
1827 5319 1997 5373 neque
2036 5302 2248 5370 Gallus,

535 5392 552 5427 1
656 5415 668 5428 .
738 5413 753 5428 0

1677 434 2192 505 SECUNDUM
2237 433 2888 504 PRAECEP'I'UM.

4195 439 4329 507 558

2372 643 2559 689 nem:
2604 622 2720 689 sed
2767 624 2873 691 ubi
2919 627 3275 709 praecessit
3319 632 3576 692 matura
3614 629 3916 713 cognitiO,
3962 637 4041 694 ut
4079 629 4327 713 plecta-

2370 722 2482 775 tur
2531 711 2869 777 maleficus
2918 732 3034 794 pro
3084 711 3274 778 modo
3321 711 3560 778 delicti.
3650 714 4005 781 Portarum
4052 717 4325 783 nomine

2369 796 2565 862 urbes
2613 796 2911 881 designat
2943 795 3390 880 συνεκδοχικῶς.
3446 799 3692 865 Terrae
3727 822 3884 866 vero
3924 801 4113 867 datae
4134 822 4320 868 men-

2371 885 2620 947 tionem
2656 883 2832 962 facit,
2878 904 2961 948 ne
3007 885 3151 949 Deo
3195 885 3332 950 sint
3373 885 3614 968 ingrati
3661 886 3726 950 in
3774 908 3852 952 ca
3894 887 4325 970 profananda.

2371 967 2689 1033 Criminis
2733 990 2885 1034 vero
2919 969 3327 1036 atrocitatem
3365 981 3576 1035 notat:
3625 971 3917 1039 vocando
3952 984 4320 1059 transgres-

2369 1054 2620 1120 sionem
2676 1053 2958 1120 foederis
3019 1055 3179 1121 Dei:
3243 1077 3318 1123 ac
3362 1057 3416 1121 si
3464 1056 3707 1123 diecret
3743 1057 4133 1144 foedifragos
4176 1081 4323 1127 esse

2370 1141 2744 1223 quicunque
2781 1139 2864 1205 ad
2900 1141 3076 1207 idola
3113 1140 3465 1209 declinant.
3532 1141 3704 1208 Nam
3751 1152 3818 1210 et
3862 1145 3990 1227 fur,
4033 1154 4101 1210 et
4142 1167 4315 1212 scor·

2370 1236 2564 1302 tator,
2601 1237 2665 1291 et
2704 1227 3015 1309 ebriosus,
3049 1236 3119 1292 et
3161 1228 3405 1294 similes
3443 1238 3628 1295 trans
3711 1230 4016 1295 ediuntur
4052 1232 4319 1315 quidem

2369 1313 2617 1396 legem:
2666 1312 2775 1377 sed
2815 1315 2967 1396 quia
3004 1334 3134 1379 non
3186 1337 3255 1379 se
3292 1335 3558 1398 prorsus
3593 1335 3633 1380 a
3659 1318 3882 1382 ienant
3925 1337 3965 1382 a
3990 1316 4142 1400 Deo,
4184 1338 4316 1383 non

2369 1408 2704 1482 ponuntur
2744 1399 2812 1463 in
2850 1398 2972 1465 hoc
2994 1398 3241 1466 ordine.
3290 1401 3593 1484 Denique
3628 1423 3757 1467 non
3784 1402 4169 1486 simpliciter
4209 1403 4321 1468 hic
4403 1402 4413 1409 ’

2368 1484 2644 1567 punitur
2703 1485 3045 1568 impietas,
3106 1485 3219 1552 sed
3275 1486 3552 1569 perfidia
3654 1508 3738 1552 ua
3792 1487 4116 1554 deseritur
4159 1511 4317 1555 vera

2369 1570 2625 1654 religio,
2670 1580 3016 1654 postquam
3054 1571 3200 1637 Deo
3252 1594 3490 1638 nomen
3530 1508 3855 1639 dederunt
3888 1575 4204 1655 homines,
4249 1583 4318 1640 et

2369 1677 2440 1722 se
2483 1657 2755 1739 professi
2791 1665 2949 1723 sunt
2993 1658 3129 1723 fore
3176 1680 3258 1722 ex
3303 1658 3442 1724 eius
3478 1660 3733 1743 populo.
3795 1659 3987 1742 Quod
4027 1660 4318 1727 secundo

2370 1742 2721 1825 repetitur:
2782 1740 2944 1809 Sive
2994 1744 3135 1822 vir„
3177 1744 3318 1810 sive
3361 1745 3627 1825 mulier,
3685 1746 3927 1812 certius
3970 1748 4319 1812 confirmat

2369 1827 2544 1910 quod
2588 1826 2760 1892 dixi:
2819 1829 3117 1912 quamvis
3175 1830 3245 1894 in
3306 1850 3469 1895 sexu
3530 1830 3836 1897 muliebri
3880 1832 4134 1916 culpam
4194 1855 4315 1898 ex·

2367 1921 2595 1979 tenuet
2651 1913 3036 1995 infirmitas,
3091 1914 3215 1981 hac
3275 1923 3496 1982 tamen
3552 1918 3621 1983 in
3670 1926 3858 2000 parte
3902 1939 4030 1983 non
4076 1917 4314 1985 debere

2363 1998 2652 2082 ignosci,
2697 2001 2806 2066 ubi
2850 1999 3094 2068 directe
3137 2001 3423 2068 violatur
3466 2002 3593 2068 Dei
3638 2003 3874 2070 cultus.
3961 2004 4109 2070 Etsi
4151 2025 4313 2070 vero

2365 2093 2625 2151 tantum
2674 2086 2749 2150 fit
2795 2086 3044 2153 mentio
3090 2086 3246 2153 solis
3291 2098 3355 2153 et
3401 2088 3596 2154 lunae
3641 2095 3707 2154 et
3763 2089 4102 2157 stellarum
4126 2142 4140 2168 ,
4203 2111 4311 2157 ea-

2365 2169 2512 2236 dem
2570 2180 2672 2236 est
2713 2171 2846 2237 ima
2896 2173 3073 2237 ‘num
3123 2174 3307 2240 ratio.
3388 2172 3533 2240 Imo
3579 2196 3709 2258 quo
3753 2176 4008 2260 turpior
4052 2184 4154 2243 est
4194 2176 4313 2242 im·

2362 2257 2572 2340 pietas
2652 2267 2836 2323 trans
2865 2280 3010 2325 erre
3068 2258 3197 2325 Dei
3264 2260 3583 2325 honorem
3655 2261 3736 2326 ad
3803 2273 4093 2327 mortuos
4150 2262 4312 2348 lapi-

2361 2342 2498 2424 des,
2543 2343 2648 2410 vel
2686 2352 2971 2426 truncos,
3013 2365 3209 2429 quam
3248 2345 3329 2411 ad
3367 2345 3590 2411 stellas
3626 2349 3695 2411 in
3731 2347 3967 2429 quibus
4012 2347 4310 2414 divinum

2359 2428 2606 2513 aliquid
2666 2429 2976 2515 refulget,
3035 2452 3113 2497 eo
3168 2432 3379 2517 magis
3424 2433 3842 2499 detestabiles
3886 2442 4043 2500 sunt
4085 2436 4197 2517 qui
4239 2455 4310 2501 se

2361 2514 2760 2601 demergunt
2802 2518 2873 2582 in
2920 2525 3181 2583 tantum
3226 2526 3583 2601 stuporem.

2529 2602 2590 2669 4.
2643 2602 2821 2669 Tunc
2864 2603 3058 2684 probe
3110 2605 3411 2686 inquires.
3500 2603 3891 2688 Quanquam
3950 2606 4311 2673 moderatio

2356 2687 2487 2753 ista
2543 2685 2625 2753 ad
2687 2698 3096 2770 praesentem
3142 2708 3405 2755 causam
3452 2691 3758 2771 refertur,
3821 2692 4043 2776 vigere
4088 2699 4310 2760 tamen

2358 2794 2615 2856 semper
2661 2773 2852 2841 debet
2893 2775 2963 2840 in
3007 2773 3280 2853 iudicio,
3341 2796 3426 2841 ne
3467 2775 3623 2859 quid
3668 2776 3895 2843 durius
3939 2786 4168 2845 contra
4211 2779 4308 2843 in-

2359 2860 2594 2925 noxios
2659 2868 3009 2926 statuatur.
3098 2860 3360 2926 Rursus
3419 2864 3734 2928 memoria
3790 2862 4143 2929 tenendum
4207 2872 4307 2930 est

2360 2944 2531 3029 quod
2582 2945 2738 3012 alibi
2787 2944 2946 3025 dixi,
2984 2966 3121 3011 non
3157 2955 3412 3013 tantum
3452 2947 3560 3013 hic
3595 2947 3883 3015 cohiberi
3919 2948 4184 3027 iudices,
4222 2972 4306 3016 ne

2359 3032 2748 3116 praecipites
2790 3030 3091 3099 ferantur
3136 3033 3215 3099 ad
3263 3031 3738 3114 damnandum,
3791 3033 3900 3100 sed
3950 3036 4144 3101 etiam
4188 3035 4304 3102 sti-

2361 3118 2630 3195 mulari,
2691 3140 2775 3184 ne
2832 3139 2939 3187 res
2983 3119 3251 3203 cognitu
3289 3119 3689 3186 necessarias
3733 3120 4000 3205 ignavia
4040 3122 4146 3188 vel
4190 3144 4307 3188 ne-

2361 3203 2683 3304 gligentia
2717 3213 3151 3290 praetereant.
3220 3204 3434 3290 Saepe
3469 3205 3644 3271 enim
3681 3216 3941 3274 cessant
3973 3208 4042 3271 in
4073 3208 4305 3284 officie,

2407 3311 2519 3356 uia
2581 3290 2866 3358 libenter
2924 3291 3309 3359 connivent:
3372 3302 3570 3375 atque
3616 3293 3707 3357 ita
3761 3293 4090 3362 evanescit
4132 3292 4306 3377 quod

2360 3375 2609 3460 hquido
2677 3384 2934 3460 poterat
3004 3385 3338 3458 constare,
3411 3379 3467 3443 si
3527 3377 3909 3463 diligentius
3971 3380 4305 3463 inquirere

2359 3463 2622 3547 gravati
2694 3484 2826 3528 non
2899 3470 3146 3540 essent.
3234 3462 3386 3529 Non
3452 3463 3593 3531 vult
3627 3465 3829 3549 igitur
3877 3484 3988 3530 eos
4047 3477 4304 3549 torpere

2358 3550 2566 3627 Deus,
2610 3556 2677 3614 et
2733 3548 3035 3616 sinistros
3083 3570 3379 3616 rumores
3420 3569 3541 3633 pro
3598 3550 3808 3618 nihilo
3866 3549 4133 3629 ducere,
4188 3548 4305 3616 sed

2357 3634 2584 3701 sedulo
2639 3633 2721 3699 de
2776 3633 2970 3701 rebus
3008 3635 3252 3701 auditis
3293 3636 3644 3717 sciscitari,
3699 3657 3783 3702 ne
3825 3635 4000 3719 quod
4042 3644 4305 3702 maneat

2357 3720 2757 3805 impunitum
2817 3721 3089 3788 crimen.
3189 3721 3439 3788 Eadem
3494 3732 3595 3788 est
3647 3722 3815 3787 ratio
3871 3724 3940 3787 in
3995 3722 4301 3788 testibus:

2357 3827 2512 3872 nam
2560 3816 2634 3872 ut
2667 3807 2970 3889 iniquum
3006 3816 3180 3875 esset
3207 3829 3291 3875 ex
3336 3828 3493 3875 voce
3537 3815 3650 3873 aut
3691 3808 3904 3874 relatu
3947 3808 4141 3875 unius
4186 3808 4301 3874 ho·

2357 3893 2559 3958 minis
2603 3893 3076 3978 pronunciare,
3135 3895 3230 3958 ita
3271 3894 3331 3959 si
3374 3893 3505 3959 duo
3550 3905 3664 3960 aut
3706 3901 3843 3961 tres
3883 3913 4016 3960 non
4060 3894 4304 3960 suffici-

2358 3984 2507 4058 ant,
2566 3978 2786 4046 nullus
2844 3980 2969 4045 erit
3023 3979 3326 4064 litigandi
3384 3978 3555 4046 finis.
3644 3979 3849 4046 Recte
3903 4001 4061 4066 ergo
4119 3980 4304 4047 Deus

2358 4074 2712 4148 utrumque
2754 4064 3084 4132 ,iudicibus
3129 4066 3569 4150 praescripsit,
3631 4088 3717 4131 ne
3761 4077 4006 4132 temere
4050 4064 4305 4131 creduli

2353 4151 2508 4230 sint,
2543 4159 2612 4216 et
2653 4159 2877 4217 tamen
2920 4154 3209 4219 contenti
3253 4151 3388 4219 sint
3428 4152 3722 4236 legitimo
3768 4152 4034 4218 testium
4078 4150 4303 4217 modo:

2354 4258 2588 4303 verum
2648 4236 2775 4303 hoc
2831 4236 2986 4304 alibi
3046 4237 3259 4305 fusius
3323 4238 3733 4318 tractabitur,
3778 4259 4015 4321 nempe
4055 4245 4190 4303 tam
4234 4239 4303 4303 in

2350 4332 2540 4389 sexto
2584 4344 2783 4407 quam
2828 4324 3189 4407 penultimo
3232 4332 3598 4407 praecepto.

2526 4410 2584 4476 7.
2629 4409 2875 4476 Manus
2917 4411 3164 4477 testium
3192 4411 3430 4491 prime.
3499 4409 3650 4475 Non
3688 4410 3802 4476 abs
3849 4430 3918 4473 re
3955 4409 4305 4476 sceleratos

2349 4495 2534 4561 Deus
2576 4495 2857 4563 interfici
2904 4495 3116 4563 voluit
3158 4516 3387 4561 eorum
3431 4514 3626 4560 manu
3691 4515 3965 4579 quorum
4014 4495 4305 4560 testimo-

2350 4581 2462 4647 nio
2523 4580 2816 4648 damnati
2874 4591 3113 4649 essent.
3214 4582 3616 4648 Carnificum
3672 4602 3833 4649 usus
3891 4603 4020 4648 non
4063 4580 4194 4647 fuit
4237 4582 4303 4646 in

2352 4668 2560 4733 veteri
2620 4668 2889 4751 populo,
2946 4690 3075 4752 quo
3109 4668 3317 4734 maior
3359 4673 3530 4733 esset
3575 4666 3645 4731 in
3692 4667 4032 4753 exigendis
4076 4668 4306 4751 poenis

2350 4752 2616 4838 religiO,
2689 4753 3041 4829 modestia,
3124 4762 3191 4820 et
3248 4752 3637 4818 reverentia.
3727 4752 4033 4821 'Postibus
4086 4763 4304 4818 autem

2349 4840 2639 4905 maxime
2685 4839 2805 4906 has
2849 4850 3069 4923 partes
3104 4839 3463 4916 mandavit,
3512 4840 3661 4922 quia
3707 4840 4062 4906 multorum
4108 4838 4304 4904 nimis

2354 4923 2606 4991 lubrica
2662 4937 2765 4991 est
2821 4927 3081 5011 lingua,
3141 4949 3223 4992 ne
3281 4925 3494 4991 dicam
3555 4925 3796 5004 futilis,
3856 4935 3931 4990 ut
3990 4923 4302 4989 audacter

2351 5032 2513 5077 voce
2561 5012 2861 5096 iugulare
2907 5035 3038 5079 non
3085 5012 3387 5079 dubitent
3428 5032 3621 5094 quem
3667 5034 3797 5077 non
3844 5010 4159 5077 auderent
4204 5008 4301 5073 di-

2399 5097 2492 5163 ito
2528 5098 2872 5183 attingere.
2941 5099 3287 5182 Optimum
3326 5118 3483 5182 ergo
3522 5097 3676 5164 huie
3710 5098 3962 5163 levitati
4000 5115 4300 5160 coercen-

2349 5119 2473 5248 dae
2549 5184 2912 5251 remedium
2990 5185 3149 5264 fuit,
3229 5206 3363 5251 non
3431 5183 3782 5250 admittere
3850 5181 4296 5248 testimonium

2353 5268 2586 5346 ullius,
2658 5270 2784 5335 nisi
2828 5270 2911 5336 ad
2955 5271 3450 5355 exsequendum
3494 5269 3806 5335 iudicium
3856 5274 4085 5355 parata
4129 5279 4301 5333 esset

2350 5375 2604 5422 manus.
2691 5357 2909 5424 Triste
2964 5357 3227 5441 quidem
3287 5365 3480 5440 atque
3544 5353 3942 5421 horrendum
4002 5352 4301 5437 supplicii
