4867 6150
559 453 687 522 16¹1

560 643 733 714 haec
777 645 1031 708 timoris
1076 654 1142 707 et
1198 642 1607 708 reverentiae
1664 643 1791 707 fuit
1830 644 2126 726 probatio
2186 665 2320 708 non
2376 644 2523 727 plus

567 742 882 815 appetere
938 750 1136 812 quam
1193 727 1504 808 dabatur,
1560 726 1677 793 sed
1737 727 1989 794 diurnis
2044 729 2310 795 cibariis
2369 751 2523 796 eon-

567 826 796 883 tentos
854 836 1031 895 esse,
1089 824 1285 897 atque
1335 817 1429 879 ita
1485 813 1772 899 pendere
1816 835 1856 879 a
1897 814 2028 880 Dei
2087 816 2523 899 providentia.

571 904 750 970 Mihi
794 902 974 984 prior
1018 922 1248 966 sensus
1292 900 1504 985 magis
1549 900 1824 979 arridet,
1893 922 2085 984 quem
2133 901 2367 966 melius
2412 925 2527 967 ex-

571 987 864 1073 primere
909 998 1182 1053 conatus
1226 1007 1370 1053 sum
1417 1008 1613 1070 quam
1659 1007 1740 1055 ex
1787 987 1934 1052 aliis
1977 995 2174 1070 queat
2216 987 2525 1072 intelligi.

576 1075 790 1140 Porro
830 1070 908 1138 de
953 1074 1215 1137 nomine
1251 1072 1416 1157 legis
1455 1093 1717 1137 movere
1751 1077 2271 1139 controversiam
2308 1096 2528 1156 super-

578 1179 864 1227 vacuum
928 1170 1055 1223 est:
1123 1157 1277 1240 quia
1342 1160 1448 1223 lex
1515 1156 1616 1244 (ut
1671 1159 1867 1241 paulo
1922 1169 2070 1243 post
2135 1158 2530 1246 videbimus)

579 1245 900 1328 accipitur
937 1265 1053 1327 pro
1087 1242 1278 1309 modo
1314 1255 1430 1309 aut
1473 1243 1702 1327 regula
1744 1245 1847 1327 pie
1890 1246 2191 1328 iusteque
2235 1246 2527 1312 vivendi.

582 1331 1024 1415 Cogniturum
1090 1349 1248 1414 ergo
1314 1351 1385 1396 se
1451 1329 1610 1395 dicit
1670 1351 1757 1395 an
1825 1331 2112 1397 habeant
2179 1331 2249 1395 in
2309 1332 2530 1397 animo

578 1417 794 1500 ipsum
841 1415 1073 1496 colere,
1117 1436 1315 1499 seque
1359 1415 1678 1481 subiicere
1723 1416 1866 1482 eius
1904 1417 2194 1500 imperio.
2264 1419 2340 1484 Si
2385 1421 2530 1501 quis

578 1511 803 1568 tamen
849 1502 1153 1584 amplecti
1190 1501 1377 1566 malit
1413 1502 1697 1567 alterum
1732 1522 2035 1583 sensum,
2097 1504 2356 1569 fruatur
2412 1525 2531 1587 per

579 1608 688 1654 me
731 1608 853 1652 sue
898 1588 1155 1652 iudicio.

754 1672 812 1738 5.
874 1674 961 1738 In
1013 1674 1118 1738 die
1172 1676 1378 1739 autem
1435 1679 1623 1740 sexte.
1726 1673 1903 1756 Quia
1961 1696 2117 1740 mox
2183 1675 2531 1742 subiicitur

580 1759 887 1825 sabbathi
951 1759 1232 1838 mentio,
1311 1760 1578 1842 quidam
1645 1759 1727 1825 ad
1793 1761 1934 1826 eius
2000 1761 2528 1829 observationem

581 1847 992 1927 restringunt
1046 1844 1216 1928 quod
1276 1843 1523 1911 dictum
1574 1856 1675 1911 est
1734 1846 1814 1911 de
1868 1847 2043 1931 lege,
2103 1860 2295 1931 atque
2348 1847 2529 1914 hunc

584 1951 852 1996 sensum
875 1930 1163 2009 eliciunt,
1199 1931 1420 1996 Deum
1458 1932 1689 1998 fecisse
1723 1933 2087 2015 periculum
2124 1955 2212 1998 an
2247 1934 2528 2017 populus

580 2018 869 2100 quietem
934 2017 1211 2100 septimo
1276 2038 1529 2101 quoque
1596 2016 1703 2083 die
1768 2029 2179 2104 praeceptam
2248 2020 2529 2085 fideliter

581 2103 848 2181 coleret,
897 2102 1070 2186 quod
1113 2104 1405 2168 ieiunum
1452 2112 1569 2168 est.
1658 2104 2015 2188 Postquam
2076 2118 2296 2172 autem
2341 2107 2528 2172 Deus

580 2187 894 2253 diurnum
939 2190 1189 2255 vietum
1235 2190 1371 2254 suis
1428 2188 1759 2272 promisit,
1818 2212 1994 2257 nune
2051 2190 2232 2256 addit
2290 2213 2526 2276 excep·

579 2275 855 2340 tionem:
938 2295 1170 2358 nempe
1243 2285 1319 2340 ut
1383 2275 1488 2340 die
1551 2287 1740 2341 sexto
1806 2297 2132 2343 summam
2200 2276 2526 2362 duplicem

580 2359 925 2443 colligant,
985 2381 1061 2427 ac
1115 2360 1450 2425 dimidiam
1508 2376 1760 2445 partem
1821 2373 2146 2446 reponant
2203 2365 2275 2427 in
2336 2386 2525 2431 usum

578 2445 901 2511 sabbathi.
964 2444 1070 2511 Ita
1104 2468 1175 2512 re
1210 2449 1353 2530 ipsa
1397 2447 1536 2513 dies
1579 2449 1898 2532 septimus
1943 2461 2359 2517 consecratus
2399 2450 2528 2515 fuit

582 2546 736 2596 ante
815 2530 1024 2615 legem
1106 2533 1604 2618 promulgatam.
1723 2533 2120 2618 Quanquam
2198 2538 2523 2601 incertum

579 2630 682 2682 est
725 2638 808 2681 an
854 2619 1039 2700 quies
1082 2620 1214 2683 iam
1267 2634 1421 2683 ante
1464 2640 1503 2682 a
1547 2620 1842 2702 patribus
1888 2625 2233 2688 observata
2297 2623 2522 2688 fuerit:

581 2703 754 2851 qupd
815 2701 1146 2785 probabile
1213 2704 1501 2770 videtur:
1584 2705 1664 2770 de
1730 2729 1856 2792 quo
1935 2719 2152 2773 tamen
2226 2728 2525 2793 pugnare

583 2807 672 2854 60
700 2810 808 2853 nm.

753 2875 812 2940 6.
858 2872 948 2939 Et
1000 2876 1169 2941 dixit
1213 2875 1422 2943 Moses
1478 2882 1535 2943 et
1575 2876 1859 2943 Aharon.
1950 2877 2140 2960 Quod
2211 2879 2525 2962 populum

583 2957 813 3025 dicunt
868 2963 1321 3044 cogniturum,
1367 2965 1497 3028 Dei
1540 2985 1682 3028 esse
1726 2985 1889 3049 opus
1942 2970 2192 3030 exitum
2250 2986 2443 3029 suum
2489 2986 2525 3029 6

580 3054 759 3113 terra
801 3046 1111 3133 Aegypti,
1155 3048 1395 3133 impiae
1439 3048 1921 3133 exprobrationi
1967 3052 2351 3136 opponitur,
2396 3074 2527 3135 qua

581 3142 979 3217 conquestus
1045 3134 1260 3200 fuerat
1322 3158 1392 3202 se
1458 3136 1791 3220 proditum
1857 3138 2057 3203 fuisse
2115 3158 2151 3202 a
2212 3139 2397 3204 Mose
2457 3146 2526 3203 et

582 3218 876 3299 Abaton,
922 3219 1180 3304 quando
1220 3223 1291 3288 in
1333 3224 1664 3289 desertum
1708 3221 2027 3290 adductus
2072 3225 2300 3290 fuerat.
2390 3224 2523 3289 Re·

580 3305 906 3387 spondent
963 3327 1151 3391 ergo,
1193 3305 1412 3373 Deum
1460 3308 1675 3391 palam
1741 3313 2068 3375 facturum
2113 3332 2183 3376 se
2227 3322 2524 3376 autorem

581 3409 725 3455 esse
769 3390 1203 3474 liberationis,
1245 3413 1328 3459 ne
1372 3395 1655 3478 amplius
1698 3396 2062 3479 obstreperi
2105 3398 2239 3462 sint
2292 3407 2526 3463 contra

581 3474 722 3541 eius
767 3478 1123 3543 ministros.
1205 3479 1350 3545 Etsi
1396 3494 1615 3546 autem
1656 3481 1884 3547 subest
1924 3483 2095 3548 acris
2138 3483 2523 3566 obiurgatio,

580 3564 933 3630 coniuncta
996 3574 1097 3630 est
1160 3573 1378 3630 tamen
1443 3588 1594 3633 cum
1659 3569 2094 3651 promissione
2172 3570 2525 3634 continuae

578 3650 849 3797 {ratius
908 3649 1287 3716 Admonent
1330 3647 1535 3730 enim,
1583 3652 1706 3719 1106
1750 3654 1987 3720 effectu
2032 3654 2375 3738 probatum
2420 3656 2522 3731 iri,

651 3753 803 3799 eum
848 3736 1047 3801 fuisse
1090 3735 1409 3802 Israelitis
1468 3737 1698 3805 ducem
1744 3750 1810 3805 et
1860 3741 2305 3806 liberatorem:
2368 3742 2526 3823 quia

581 3838 781 3904 opera
823 3844 1136 3887 manuum
1181 3844 1448 3889 suarum
1485 3827 1720 3890 mutila
1769 3847 1899 3891 non
1952 3825 2210 3892 deserit.
2293 3826 2520 3892 Conti-

579 3907 806 3972 nuatio
848 3909 1068 3991 itaque
1112 3909 1361 3992 gratiae
1404 3910 1722 3990 ostendit,
1770 3913 2047 3976 eundem
2100 3913 2348 3989 Deum,
2409 3913 2522 3996 qui

584 3992 893 4058 virtutem
940 4015 1127 4059 suam
1172 3998 1611 4079 prosequitur,
1658 3997 1738 4061 ab
1783 3998 1974 4062 initio
2018 4000 2305 4080 coepisse
2349 3998 2521 4081 quod

576 4078 645 4142 in
704 4079 903 4145 finem
963 4103 1164 4164 usque
1224 4082 1522 4164 perducit
1567 4079 1765 4169 (Psal.
1833 4084 1975 4163 138,
2035 4083 2122 4170 8).
2212 4084 2520 4168 Cognitio

572 4167 952 4248 vespertina
988 4169 1267 4232 refertur
1302 4167 1386 4231 ad
1420 4170 1809 4247 coturnices,
1832 4170 1902 4234 in
1927 4171 2164 4252 quibus
2186 4171 2518 4252 specimen

573 4248 777 4315 edidit
842 4251 1027 4318 Deus
1105 4254 1374 4318 virtutis
1438 4276 1628 4319 suae:
1712 4256 1826 4320 sed
1892 4257 2045 4339 quia
2121 4256 2521 4322 luculentius

573 4337 891 4419 postridie
936 4339 1191 4404 refulsit
1234 4341 1300 4403 in
1348 4360 1520 4420 man,
1565 4341 1720 4406 dicit
1758 4342 1974 4407 Moses
2017 4363 2213 4407 mane
2258 4342 2519 4408 visuros

574 4420 852 4505 gloriam
878 4425 1165 4490 Domini.
1235 4424 1486 4491 Verum
1524 4447 1609 4491 ne
1643 4427 1842 4492 huius
1876 4428 2128 4511 gratiae
2173 4437 2518 4512 praetextu

575 4527 648 4571 se
689 4507 867 4591 ipsos
913 4508 1354 4591 demulceant,
1401 4513 1651 4597 sibique
1696 4512 2049 4580 adulentur
2092 4514 2161 4578 in
2206 4536 2326 4580 sua
2365 4535 2518 4597 pra·

578 4592 816 4676 vitate,
861 4593 1170 4662 admonet
1212 4619 1344 4662 non
1390 4599 1530 4665 dari
1578 4599 1702 4664 hoc
1744 4620 1971 4665 eorum
2028 4602 2344 4684 peccatis,
2401 4600 2517 4666 sed

574 4677 795 4744 Deum
844 4681 966 4746 1106
1008 4683 1199 4748 modo
1243 4693 1495 4750 certare
1539 4707 1685 4751 cum
1743 4705 2049 4768 perversa
2096 4707 2321 4751 eorum
2364 4708 2516 4752 con·

576 4767 889 4833 tumacia:
938 4789 1013 4834 ae
1055 4769 1111 4833 si
1168 4768 1415 4834 diceret
1455 4772 1909 4854 appariturum
1958 4771 2091 4837 illis
2143 4773 2384 4851 Deum,
2442 4783 2520 4837 ut

572 4851 647 4915 in
692 4852 945 4937 fulgore
989 4856 1212 4921 vultus
1256 4857 1397 4921 eius
1442 4860 1844 4941 impietatem
1903 4878 2088 4922 suam
2155 4867 2518 4937 cernentes,

575 4938 842 5005 tandem
924 4940 1294 5024 pudefiant,
1373 4956 1441 5007 et
1503 4944 1795 5009 sentiant
1858 4943 2253 5029 sacrilegum
2319 4944 2520 5010 fuisse

576 5026 940 5090 tumultum
998 5047 1126 5110 quo
1170 5027 1389 5093 Deum
1443 5029 1762 5110 impetere
1820 5032 1961 5095 ausi
2028 5046 2201 5095 sunt.
2289 5033 2391 5096 Ac
2439 5052 2520 5095 ne

578 5112 1116 5195 tergiversentur‚
1155 5115 1306 5197 quia
1341 5114 1606 5181 nonnisi
1641 5119 1858 5197 ipsum
1886 5117 2114 5182 Mosen
2152 5126 2217 5181 et
2240 5117 2519 5181 Aharon

576 5199 872 5282 aggressi
916 5200 1211 5278 fuerant,
1271 5221 1538 5266 causam
1592 5200 1807 5266 reddit
1862 5224 1980 5267 cur
2041 5203 2215 5284 ipsos
2276 5202 2519 5267 bellum

575 5302 729 5347 cum
784 5282 929 5350 Deo
994 5286 1275 5370 gessisse
1339 5286 1763 5369 pronunciet:
1832 5308 2096 5370 nempe,
2164 5289 2317 5372 quia
2380 5298 2520 5353 tam

569 5368 737 5451 ipse,
782 5392 979 5455 quam
1022 5373 1244 5453 frater,
1291 5393 1502 5457 neque
1536 5393 1607 5438 66
1640 5372 1818 5455 ipsos
1853 5373 2267 5457 ingesserint,
2303 5393 2522 5458 neque

1715 452 2459 523 COMMENTARIUS
2502 453 2604 520 IN
2646 452 2951 521 EXODI
2994 451 3192 520 OAP.
3236 452 3430 521 XVI.

4443 455 4549 520 168

2629 640 2759 707 sibi·
2831 642 3186 726 quidquam
3266 642 3669 726 sumpserint
3738 641 4092 726 proprium.
4181 642 4326 707 Hoc
4402 644 4559 708 enim

2627 741 2869 793 sonant
2913 728 3141 794 verba:
3202 728 3379 809 Quid
3428 748 3688 810 sumus,
3747 738 3820 792 ut
3864 729 4291 793 murmuretis
4347 738 4558 796 contra

2631 812 2796 879 nos?
2841 834 2916 880 ac
2960 816 3015 879 61
3066 826 3337 897 negaret
3379 814 3504 879 61111
3547 813 3900 897 quidquam
3939 836 3978 879 a
4016 814 4157 879 Deo
4208 824 4560 897 separatum

2630 920 2790 965 esse.
2900 899 3248 966 Caeterum
3316 918 3517 983 quum
3586 900 3706 965 1106
3770 899 4144 965 testimonio
4214 921 4286 965 66
4346 901 4560 983 probet

2631 984 2890 1052 fidelem
2948 987 3150 1052 fuisse
3207 987 3336 1052 Dei
3392 1006 3693 1062 servum,
3754 986 4119 1070 colligimus
4186 986 4395 1051 nullos
4449 986 4561 1052 sibi

2629 1073 2773 1137 iure
2841 1072 3175 1137 vindicare
3242 1073 3557 1137 honorem
3622 1071 3693 1136 in
3759 1071 4062 1152 ecclesia,
4152 1081 4228 1136 ut
4297 1071 4556 1155 legitimi

2636 1167 2925 1241 pastores
2990 1169 3413 1236 censeantur,
3483 1158 3611 1222 nisi
3675 1158 3785 1240 qui
3849 1168 3919 1222 et
3981 1155 4299 1222 divinitus
4363 1160 4561 1224 vocati

2632 1257 2804 1322 sunt,
2853 1253 2926 1309 ut
2950 1245 3165 1309 Deum
3211 1243 3500 1309 habeant
3543 1245 3837 1308 muneris
3882 1244 3983 1308 661
4041 1254 4333 1308 autorem
4379 1255 4443 1309 et
4483 1266 4558 1309 ex

2632 1351 2702 1394 se
2766 1330 2927 1413 ipsis
2994 1330 3157 1394 nihil
3200 1330 3571 1413 proferunt,
3640 1328 3756 1395 sed
3823 1340 4079 1394 tantum
4124 1341 4558 1412 exsequuntur

2633 1416 2803 1498 quod
2862 1416 2987 1481 sibi
3044 1414 3427 1481 mandatum
3487 1430 3605 1480 est.
3698 1413 3910 1482 Sicuti
3972 1415 4135 1480 tales
4192 1417 4413 1499 sperni
4456 1436 4560 1481 ne-

2631 1512 2882 1584 queunt
2904 1503 3146 1585 absque
3171 1502 3297 1567 Dei
3320 1501 3582 1578 iniuria,
3618 1502 3807 1566 cuius
3842 1521 4188 1584 personam
4210 1504 4554 1569 sustinent:

2631 1588 2724 1651 ita
2779 1589 2892 1671 qui
2959 1609 3075 1671 pro
3140 1588 3410 1653 libidine
3472 1586 3828 1671 imperium
3897 1597 4239 1667 exercent,
4283 1590 4556 1655 inaniter

2632 1674 2959 1756 simplices
3005 1676 3312 1739 territant
3356 1674 3483 1740 Dei
3529 1674 3827 1749 nomine,
3879 1693 4083 1756 quum
4130 1695 4252 1757 pro
4298 1677 4559 1742 veritate

2631 1758 2927 1825 fallacem
2996 1759 3251 1825 larvam
3316 1758 3641 1824 obiicient.
3752 1757 4047 1825 Octavus
4113 1780 4348 1827 versus
4404 1763 4558 1827 nihil

2632 1856 2889 1927 praeter
2943 1846 3416 1928 expositionem
3471 1844 3766 1910 eiusdem
3823 1845 4188 1910 sententiae
4245 1850 4556 1914 continet:

2629 1931 2760 1995 nisi
2802 1930 2972 2014 quod
3018 1933 3416 1997 coniunctim
3462 1931 3619 1995 dicit
3677 1951 3983 1997 sensuros
4028 1951 4170 1996 esse
4214 1934 4560 2015 Israelitas,

2629 2024 2975 2100 postquam
3020 2038 3295 2099 vespere
3347 2017 3628 2082 saturati
3682 2018 3927 2082 fuerint
3983 2037 4209 2091 earne,
4265 2031 4338 2084 et
4381 2041 4559 2086 mane

2630 2103 2823 2168 datus
2877 2103 3079 2168 fuerit
3135 2105 3355 2185 panis,
3418 2103 3635 2168 Deum
3680 2123 3824 2168 esse
3882 2124 4073 2169 suum
4134 2103 4564 2173 liberatorem.

2628 2187 2888 2254 Deinde
2923 2189 3285 2254 antithesin
3322 2189 3658 2272 exprimit:
3707 2189 3769 2254 N
3774 2208 3856 2253 on
3882 2194 4315 2257 murmuratis
4352 2206 4568 2258 contra

2629 2295 2763 2355 nos,
2806 2274 2923 2341 sed
2968 2285 3197 2341 eontra
3242 2273 3480 2339 Deum.

2798 2446 2857 2512 9.
2902 2440 2991 2512 Et
3023 2446 3191 2512 dixit
3212 2444 3422 2511 Moses
3455 2447 3540 2512 ad
3577 2445 3873 2512 Aharon:
3916 2446 4046 2511 Dic
4087 2449 4175 2514 ad
4212 2451 4568 2516 universum

2624 2537 2854 2597 coetum
2882 2533 3158 2613 filiorum
3180 2532 3421 2598 Israel.-
3465 2533 3754 2599 Accedite
3788 2535 3856 2599 in
3890 2540 4272 2615 conspectum
4293 2537 4568 2614 Iehovae,

2629 2620 2784 2699 quia
2816 2619 3061 2684 audivit
3096 2620 3622 2683 murmurationes
3656 2625 3915 2685 vestras.
3965 2620 4064 2685 10.
4105 2621 4195 2686 Et
4224 2623 4468 2705 factum
4487 2628 4570 2689 est

2630 2724 2820 2785 quum
2854 2705 3198 2786 loqueretur
3219 2703 3485 2770 Aharon
3518 2705 3604 2769 ad
3632 2705 3998 2771 universum
4031 2712 4262 2773 coetum
4298 2709 4570 2789 filiorum

2632 2790 2872 2867 Israel,
2916 2795 2986 2855 ut
3026 2792 3400 2873 respicerent
3441 2811 3663 2856 versus
3694 2790 4031 2856 desertum:
4072 2798 4128 2858 et
4169 2813 4299 2858 ecce
4316 2844 4333 2874 ,
4373 2794 4568 2878 yzoria

2633 2875 2899 2941 Iehovae
2941 2878 3241 2959 apparuit
3283 2876 3356 2940 in
3397 2877 3574 2941 nube.
3644 2877 3745 2942 11.
3794 2877 4120 2960 Loquutus
4157 2881 4329 2944 euim
4370 2882 4569 2960 fuerat

2634 2962 2861 3027 Iehova
2882 2964 2968 3028 ad
2995 2961 3235 3040 Mosen,
3271 2962 3561 3028 dicendo:
3628 2962 3728 3027 12.
3771 2966 4015 3029 Audivi
4048 2969 4569 3033 murmurationes

2626 3047 2903 3130 liliorum
2940 3047 3182 3115 Israel.-
3225 3046 3534 3131 alloquere
3576 3069 3694 3130 eos,
3741 3050 4022 3116 dicendo.-
4066 3050 4243 3117 Inter
4283 3073 4569 3135 vesperas

2629 3136 2951 3201 comedetis
2990 3155 3274 3212 carnem,
3321 3140 3377 3200 et
3422 3155 3605 3200 mane
3638 3135 4083 3202 saturabimini
4115 3159 4289 3219 pane
4307 3164 4328 3203 .·
4370 3143 4571 3222 itaque

2629 3222 2835 3286 scietis
2866 3222 3030 3303 quod
3073 3241 3180 3305 690
3224 3222 3351 3285 sim
3385 3220 3613 3287 Iehova
3647 3221 3827 3287 Deus
3867 3228 4081 3289 vester.
4159 3224 4259 3289 13.
4310 3225 4570 3291 Factum

2629 3312 2719 3371 est
2774 3328 2914 3390 erqo
2951 3327 3203 3388 vespere
3262 3311 3334 3370 ut
3397 3308 3745 3373 ascenderet
3807 3311 4096 3374 coturnix
4112 3360 4127 3389 ‚
4193 3315 4251 3375 et
4314 3314 4570 3394 operiret

2628 3398 2856 3472 castra,
2891 3412 3076 3458 mane
3109 3397 3314 3458 autem
3348 3399 3501 3458 esset
3532 3393 3846 3460 descensio
3878 3397 4047 3460 roris
4080 3397 4317 3461 circum
4349 3404 4567 3464 castra.

2631 3477 2728 3542 14.
2767 3478 2856 3543 Et
2889 3498 3084 3562 quum
3119 3485 3493 3545 evanesceret
3525 3481 3835 3545 descensio
3865 3483 4054 3557 roris,
4092 3502 4218 3548 6666
4250 3484 4321 3548 in
4361 3505 4568 3567 super-

2621 3565 2762 3646 ficie
2794 3565 3018 3632 deserti
3050 3567 3364 3631 minutum
3396 3567 3752 3644 rotundum,
3788 3568 4098 3633 minutum
4118 3571 4308 3649 quasi
4339 3572 4568 3651 pruina

2625 3670 2816 3732 super
2858 3656 3110 3717 terram.
3202 3651 3302 3716 15.
3349 3650 3439 3717 Et
3480 3653 3754 3718 videntes
3805 3651 3934 3733 filii
3979 3653 4222 3735 Israel,
4278 3656 4571 3722 dixenmt

2625 3738 2888 3817 quisque
2940 3738 3028 3802 ad
3071 3739 3443 3818 proximum
3498 3758 3716 3803 suum.-
3769 3738 3893 3804 Est
3950 3760 4116 3806 man.
4205 3739 4572 3809 Nesciebant

2624 3824 2789 3887 enim
2848 3824 3000 3904 quid
3058 3829 3231 3889 esset.
3337 3823 3427 3888 Et
3478 3825 3644 3888 dixit
3703 3822 3912 3891 Moses
3965 3826 4052 3890 ad
4101 3845 4236 3892 eos.-
4296 3827 4428 3895 Hic
4488 3832 4568 3894 est

2612 3910 2814 3991 panis
2855 3929 3038 3990 quem
3079 3910 3248 3975 dedit
3282 3909 3514 3974 Iehova
3554 3909 3727 3975 vobis
3769 3912 4217 3979 comedendum.
4287 3915 4392 3980 16.
4439 3913 4567 3980 Hoc

2623 4000 2714 4060 est
2788 3997 3051 4062 edictum
3127 3997 3290 4076 914οἀ
3352 3996 3617 4060 mandat
3681 3996 3948 4062 Iehova:
4017 3998 4301 4083 Colliyite
4365 4022 4445 4066 ecc
4504 4020 4568 4066 eo

2621 4083 2883 4162 quisque
2924 4082 2995 4146 in
3035 4100 3396 4147 mensuram
3449 4082 3651 4147 victus
3693 4084 3798 4147 sui
3853 4082 4064 4149 11011161·
4080 4135 4096 4161 ,
4155 4104 4281 4166 pro
4325 4106 4568 4152 summa

2620 4168 2869 4232 numeri
2901 4169 3267 4232 animarum
3299 4172 3684 4233 vestrarum.-
3717 4170 3978 4251 quisque
3999 4190 4128 4251 pro
4160 4171 4249 4237 iis
4284 4174 4400 4254 9141
4432 4176 4569 4238 sunt

2623 4255 2694 4318 in
2754 4252 3144 4318 tabernaculo
3198 4273 3314 4319 suo
3366 4254 3845 4336 accipite.17.
3902 4257 4110 4337 Atque
4160 4257 4255 4323 ita
4300 4259 4571 4340 fecerunt

2617 4338 2746 4420 filii
2791 4338 3000 4404 Israel
3043 4344 3101 4404 et
3140 4338 3507 4422 colleyerunt
3521 4389 3537 4419 ,
3581 4340 3702 4404 alii
3743 4341 4006 4406 multum
4021 4393 4037 4421 ,
4090 4342 4209 4408 alii
4251 4347 4565 4428 exiyuum.

2627 4425 2725 4491 18.
2773 4424 2862 4489 Et
2895 4444 3087 4506 quum
3128 4428 3494 4491 metirentur
3520 4445 3646 4506 per
3687 4425 3925 4506 homer,
3981 4448 4110 4492 non
4153 4430 4474 4496 excedebat
4513 4430 4569 4493 is

2619 4512 2733 4593 qui
2772 4511 3037 4576 multum
3080 4512 3400 4595 colleyerat
3414 4561 3429 4591 ,
3482 4532 3590 4577 1166
3630 4514 3847 4578 minus
3888 4513 4146 4579 habebat
4186 4516 4299 4597 qui
4330 4535 4569 4596 parum

2620 4597 2974 4681 colleyerat:
3033 4599 3294 4680 quisque
3336 4599 3421 4663 ad
3462 4617 3829 4664 mensuram
3869 4601 4068 4667 victus
4100 4603 4207 4666 sui
4247 4601 4557 4685 colliyebat

2791 4768 2850 4834 9.
2890 4767 2977 4832 Et
3010 4770 3179 4835 dixit
3201 4769 3411 4835 Moses
3446 4771 3530 4835 ad
3555 4770 3859 4837 Akaron:
3901 4772 4031 4839 Dic
4065 4772 4152 4837 ad
4186 4773 4560 4838 universim.

2622 4855 2771 4921 Non
2817 4855 3086 4921 dubium
3127 4868 3226 4921 est
3271 4856 3431 4938 quin
3477 4877 3621 4922 reos
3656 4857 3811 4922 citet
3853 4858 3935 4922 ad
3959 4857 4088 4923 Dei
4127 4858 4449 4924 tribunal:
4494 4878 4564 4924 ae

2622 4944 2677 5008 si
2704 4942 2948 5007 diceret
2984 4962 3093 5006 606
3129 4942 3284 5019 falli,
3322 4942 3381 5007 61
3415 4942 3798 5008 existiment
3831 4943 4162 5010 occultum
4197 4966 4340 5010 esse
4376 4963 4564 5010 suum

2623 5049 2943 5094 murmur.
3043 5027 3306 5092 Interea
3370 5036 3590 5094 tamen
3645 5028 3881 5095 alludit
3945 5030 4028 5094 ad
4093 5031 4333 5096 nubem
4401 5048 4562 5114 quae

2623 5114 2881 5182 visibile
2934 5123 3076 5179 erat
3133 5113 3506 5199 symbolum
3564 5116 3972 5197 praesentiae
4016 5116 4178 5182 Dei:
4236 5127 4433 5200 atque
4474 5118 4563 5180 ita

2622 5200 2976 5283 exprobrat
3028 5199 3161 5264 illis
3216 5198 3575 5265 socordiam
3596 5249 3612 5277 ,
3677 5202 3849 5284 quod
3916 5222 4052 5267 non
4118 5200 4562 5269 dubitaverint

2622 5285 2841 5353 Deum
2905 5298 3044 5350 tam
3109 5286 3547 5369 propinquum
3570 5338 3584 5365 ,
3642 5297 3710 5352 et
3775 5288 3887 5372 qui
3953 5309 4164 5373 paene
4227 5288 4359 5354 illis
4423 5295 4562 5354 erat

2624 5383 2779 5441 ante
2822 5372 3061 5450 oculos,
3108 5372 3442 5439 lacessere.
3523 5373 3749 5439 Primo
3791 5375 3999 5459 igitur
4041 5372 4402 5440 notandum
4443 5382 4557 5453 est,
