<?xml version="1.0" encoding="UTF-8"?>
<!DOCTYPE html PUBLIC "-//W3C//DTD XHTML 1.0 Transitional//EN"
    "http://www.w3.org/TR/xhtml1/DTD/xhtml1-transitional.dtd">
<html xmlns="http://www.w3.org/1999/xhtml" xml:lang="en" lang="en">
 <head>
  <title>
</title>
<meta http-equiv="Content-Type" content="text/html;charset=utf-8" />
  <meta name='ocr-system' content='tesseract 3.04.00' />
  <meta name='ocr-capabilities' content='ocr_page ocr_carea ocr_par ocr_line ocrx_word'/>
</head>
<body>
  <div class='ocr_page' id='page_1' title='image "./ioanniscalvinio04unkngoog_0125.png"; bbox 0 0 4867 6150; ppageno 0'>
   <div class='ocr_carea' id='block_1_1' title="bbox 325 453 442 523">
    <p class='ocr_par' dir='ltr' id='par_1_1' title="bbox 325 453 442 523">
     <span class='ocr_line' id='line_1_1' title="bbox 325 453 442 523; baseline -0.051 0"><span class='ocrx_word' id='word_1_1' title='bbox 325 453 442 523; x_wconf 79' lang='lat'><strong>221</strong></span> 
     </span>
    </p>
   </div>
   <div class='ocr_carea' id='block_1_2' title="bbox 267 646 2272 5467">
    <p class='ocr_par' dir='ltr' id='par_1_2' title="bbox 327 646 2272 989">
     <span class='ocr_line' id='line_1_2' title="bbox 328 646 2267 728; baseline -0.002 -14"><span class='ocrx_word' id='word_1_2' title='bbox 328 647 635 714; x_wconf 82' lang='lat' dir='ltr'><strong>fruuntur</strong></span> <span class='ocrx_word' id='word_1_3' title='bbox 698 666 941 728; x_wconf 90' lang='lat' dir='ltr'><strong>omnes,</strong></span> <span class='ocrx_word' id='word_1_4' title='bbox 1009 657 1124 713; x_wconf 87' lang='lat' dir='ltr'><strong>aut</strong></span> <span class='ocrx_word' id='word_1_5' title='bbox 1187 648 1548 728; x_wconf 88' lang='lat' dir='ltr'><strong>vilescunt,</strong></span> <span class='ocrx_word' id='word_1_6' title='bbox 1606 655 1722 713; x_wconf 90' lang='lat' dir='ltr'><strong>aut</strong></span> <span class='ocrx_word' id='word_1_7' title='bbox 1784 655 1959 712; x_wconf 87' lang='lat' dir='ltr'><strong>certe</strong></span> <span class='ocrx_word' id='word_1_8' title='bbox 2026 646 2267 713; x_wconf 89' lang='lat' dir='ltr'><strong>iustam</strong></span> 
     </span>
     <span class='ocr_line' id='line_1_3' title="bbox 328 731 2269 817; baseline 0 -21"><span class='ocrx_word' id='word_1_9' title='bbox 328 731 596 817; x_wconf 79' lang='lat' dir='ltr'><strong>gloriam</strong></span> <span class='ocrx_word' id='word_1_10' title='bbox 661 754 794 797; x_wconf 92' lang='lat' dir='ltr'><strong>non</strong></span> <span class='ocrx_word' id='word_1_11' title='bbox 860 733 1190 799; x_wconf 79' lang='lat' dir='ltr'><strong>obtinent:</strong></span> <span class='ocrx_word' id='word_1_12' title='bbox 1257 735 1428 817; x_wconf 93' lang='lat' dir='ltr'><strong>quod</strong></span> <span class='ocrx_word' id='word_1_13' title='bbox 1481 742 1700 799; x_wconf 88' lang='lat' dir='ltr'><strong>autem</strong></span> <span class='ocrx_word' id='word_1_14' title='bbox 1761 732 2095 816; x_wconf 88' lang='lat' dir='ltr'><strong>singulare</strong></span> <span class='ocrx_word' id='word_1_15' title='bbox 2149 740 2269 813; x_wconf 88' lang='lat' dir='ltr'><strong>est,</strong></span> 
     </span>
     <span class='ocr_line' id='line_1_4' title="bbox 327 817 2272 902; baseline -0.001 -18"><span class='ocrx_word' id='word_1_16' title='bbox 327 817 537 902; x_wconf 88' lang='lat' dir='ltr'><strong>magis</strong></span> <span class='ocrx_word' id='word_1_17' title='bbox 578 827 678 882; x_wconf 88' lang='lat' dir='ltr'><strong>est</strong></span> <span class='ocrx_word' id='word_1_18' title='bbox 733 819 1178 901; x_wconf 89' lang='lat' dir='ltr'><strong>conspicuum.</strong></span> <span class='ocrx_word' id='word_1_19' title='bbox 1267 820 1473 885; x_wconf 91' lang='lat' dir='ltr'><strong>Porro</strong></span> <span class='ocrx_word' id='word_1_20' title='bbox 1528 840 1648 902; x_wconf 89' lang='lat' dir='ltr'><strong>pro</strong></span> <span class='ocrx_word' id='word_1_21' title='bbox 1705 820 2002 886; x_wconf 85' lang='lat' dir='ltr'><strong>confesso</strong></span> <span class='ocrx_word' id='word_1_22' title='bbox 2068 818 2272 885; x_wconf 87' lang='lat' dir='ltr'><strong>sumit</strong></span> 
     </span>
     <span class='ocr_line' id='line_1_5' title="bbox 328 904 2270 989; baseline -0.002 -18"><span class='ocrx_word' id='word_1_23' title='bbox 328 905 563 982; x_wconf 79' lang='lat' dir='ltr'><strong>Moses,</strong></span> <span class='ocrx_word' id='word_1_24' title='bbox 608 905 999 970; x_wconf 76' lang='lat' dir='ltr'><strong>naturaliter</strong></span> <span class='ocrx_word' id='word_1_25' title='bbox 1044 904 1211 970; x_wconf 90' lang='lat' dir='ltr'><strong>nihil</strong></span> <span class='ocrx_word' id='word_1_26' title='bbox 1269 907 1473 972; x_wconf 88' lang='lat' dir='ltr'><strong>fuisse</strong></span> <span class='ocrx_word' id='word_1_27' title='bbox 1530 908 1598 970; x_wconf 90' lang='lat' dir='ltr'><strong>in</strong></span> <span class='ocrx_word' id='word_1_28' title='bbox 1646 905 1884 989; x_wconf 91' lang='lat' dir='ltr'><strong>populo</strong></span> <span class='ocrx_word' id='word_1_29' title='bbox 1928 905 2077 985; x_wconf 91' lang='lat' dir='ltr'><strong>illo,</strong></span> <span class='ocrx_word' id='word_1_30' title='bbox 2141 925 2270 987; x_wconf 93' lang='lat' dir='ltr'><strong>quo</strong></span> 
     </span>
    </p>

    <p class='ocr_par' dir='ltr' id='par_1_3' title="bbox 411 988 2270 1073">
     <span class='ocr_line' id='line_1_6' title="bbox 411 988 2270 1073; baseline 0 -19"><span class='ocrx_word' id='word_1_31' title='bbox 411 988 539 1055; x_wconf 89' lang='lat' dir='ltr'><strong>tior</strong></span> <span class='ocrx_word' id='word_1_32' title='bbox 583 999 757 1055; x_wconf 86' lang='lat' dir='ltr'><strong>esset</strong></span> <span class='ocrx_word' id='word_1_33' title='bbox 797 991 937 1056; x_wconf 88' lang='lat' dir='ltr'><strong>eius</strong></span> <span class='ocrx_word' id='word_1_34' title='bbox 979 991 1260 1056; x_wconf 89' lang='lat' dir='ltr'><strong>conditio</strong></span> <span class='ocrx_word' id='word_1_35' title='bbox 1296 993 1400 1056; x_wconf 88' lang='lat' dir='ltr'><strong>vel</strong></span> <span class='ocrx_word' id='word_1_36' title='bbox 1438 989 1744 1058; x_wconf 85' lang='lat' dir='ltr'><strong>nobilior:</strong></span> <span class='ocrx_word' id='word_1_37' title='bbox 1790 1013 1871 1056; x_wconf 94' lang='lat' dir='ltr'><strong>ex</strong></span> <span class='ocrx_word' id='word_1_38' title='bbox 1909 1011 2035 1073; x_wconf 91' lang='lat' dir='ltr'><strong>quo</strong></span> <span class='ocrx_word' id='word_1_39' title='bbox 2070 992 2270 1055; x_wconf 85' lang='lat' dir='ltr'><strong>infert</strong></span> 
     </span>
    </p>

    <p class='ocr_par' dir='ltr' id='par_1_4' title="bbox 325 1075 2271 1573">
     <span class='ocr_line' id='line_1_7' title="bbox 393 1075 2271 1160; baseline 0.001 -21"><span class='ocrx_word' id='word_1_40' title='bbox 393 1096 469 1140; x_wconf 87' lang='lat' dir='ltr'><strong>eo</strong></span> <span class='ocrx_word' id='word_1_41' title='bbox 512 1096 640 1140; x_wconf 91' lang='lat' dir='ltr'><strong>non</strong></span> <span class='ocrx_word' id='word_1_42' title='bbox 685 1076 882 1141; x_wconf 88' lang='lat' dir='ltr'><strong>aliam</strong></span> <span class='ocrx_word' id='word_1_43' title='bbox 952 1077 1147 1142; x_wconf 82' lang='lat' dir='ltr'><strong>fuisse</strong></span> <span class='ocrx_word' id='word_1_44' title='bbox 1204 1099 1465 1144; x_wconf 92' lang='lat' dir='ltr'><strong>causam</strong></span> <span class='ocrx_word' id='word_1_45' title='bbox 1533 1098 1653 1144; x_wconf 92' lang='lat' dir='ltr'><strong>cur</strong></span> <span class='ocrx_word' id='word_1_46' title='bbox 1717 1079 1892 1159; x_wconf 90' lang='lat' dir='ltr'><strong>ipsos</strong></span> <span class='ocrx_word' id='word_1_47' title='bbox 1956 1075 2271 1160; x_wconf 79' lang='lat' dir='ltr'><strong>deligeret</strong></span> 
     </span>
     <span class='ocr_line' id='line_1_8' title="bbox 327 1161 2267 1244; baseline 0.001 -18"><span class='ocrx_word' id='word_1_48' title='bbox 327 1182 517 1244; x_wconf 92' lang='lat' dir='ltr'><strong>quam</strong></span> <span class='ocrx_word' id='word_1_49' title='bbox 584 1182 833 1226; x_wconf 90' lang='lat' dir='ltr'><strong>meram</strong></span> <span class='ocrx_word' id='word_1_50' title='bbox 905 1161 1339 1229; x_wconf 86' lang='lat' dir='ltr'><strong>dilectionem.</strong></span> <span class='ocrx_word' id='word_1_51' title='bbox 1441 1164 1619 1229; x_wconf 90' lang='lat' dir='ltr'><strong>Alibi</strong></span> <span class='ocrx_word' id='word_1_52' title='bbox 1681 1176 1900 1228; x_wconf 89' lang='lat' dir='ltr'><strong>autem</strong></span> <span class='ocrx_word' id='word_1_53' title='bbox 1962 1163 2267 1238; x_wconf 82' lang='lat' dir='ltr'><strong>diximus,</strong></span> 
     </span>
     <span class='ocr_line' id='line_1_9' title="bbox 328 1246 2270 1332; baseline -0.001 -19"><span class='ocrx_word' id='word_1_54' title='bbox 328 1246 448 1313; x_wconf 84' lang='lat' dir='ltr'><strong>boo</strong></span> <span class='ocrx_word' id='word_1_55' title='bbox 491 1268 711 1312; x_wconf 89' lang='lat' dir='ltr'><strong>amore</strong></span> <span class='ocrx_word' id='word_1_56' title='bbox 754 1246 1010 1314; x_wconf 88' lang='lat' dir='ltr'><strong>excludi</strong></span> <span class='ocrx_word' id='word_1_57' title='bbox 1054 1250 1159 1315; x_wconf 86' lang='lat' dir='ltr'><strong>vel</strong></span> <span class='ocrx_word' id='word_1_58' title='bbox 1201 1249 1529 1315; x_wconf 86' lang='lat' dir='ltr'><strong>exinaniri</strong></span> <span class='ocrx_word' id='word_1_59' title='bbox 1574 1247 1883 1332; x_wconf 90' lang='lat' dir='ltr'><strong>quidquid</strong></span> <span class='ocrx_word' id='word_1_60' title='bbox 1921 1271 1961 1313; x_wconf 90' lang='lat' dir='ltr'><strong>a</strong></span> <span class='ocrx_word' id='word_1_61' title='bbox 1996 1270 2067 1313; x_wconf 89' lang='lat' dir='ltr'><strong>se</strong></span> <span class='ocrx_word' id='word_1_62' title='bbox 2111 1248 2270 1329; x_wconf 89' lang='lat' dir='ltr'><strong>ipsis</strong></span> 
     </span>
     <span class='ocr_line' id='line_1_10' title="bbox 326 1332 2267 1418; baseline 0 -20"><span class='ocrx_word' id='word_1_63' title='bbox 326 1333 561 1399; x_wconf 87' lang='lat' dir='ltr'><strong>afferre</strong></span> <span class='ocrx_word' id='word_1_64' title='bbox 607 1332 852 1397; x_wconf 86' lang='lat' dir='ltr'><strong>vellent</strong></span> <span class='ocrx_word' id='word_1_65' title='bbox 896 1333 1212 1401; x_wconf 86' lang='lat' dir='ltr'><strong>homines.</strong></span> <span class='ocrx_word' id='word_1_66' title='bbox 1303 1334 1495 1402; x_wconf 90' lang='lat' dir='ltr'><strong>Unde</strong></span> <span class='ocrx_word' id='word_1_67' title='bbox 1537 1336 1865 1417; x_wconf 90' lang='lat' dir='ltr'><strong>sequitur,</strong></span> <span class='ocrx_word' id='word_1_68' title='bbox 1928 1354 2267 1418; x_wconf 88' lang='lat' dir='ltr'><strong>nunquam</strong></span> 
     </span>
     <span class='ocr_line' id='line_1_11' title="bbox 325 1417 2266 1504; baseline -0.001 -19"><span class='ocrx_word' id='word_1_69' title='bbox 325 1420 484 1485; x_wconf 89' lang='lat' dir='ltr'><strong>satis</strong></span> <span class='ocrx_word' id='word_1_70' title='bbox 526 1427 748 1502; x_wconf 86' lang='lat' dir='ltr'><strong>gratos</strong></span> <span class='ocrx_word' id='word_1_71' title='bbox 794 1417 937 1484; x_wconf 89' lang='lat' dir='ltr'><strong>Deo</strong></span> <span class='ocrx_word' id='word_1_72' title='bbox 982 1421 1121 1486; x_wconf 79' lang='lat' dir='ltr'><strong>fore</strong></span> <span class='ocrx_word' id='word_1_73' title='bbox 1164 1421 1533 1500; x_wconf 67' lang='lat' dir='ltr'><strong>Israeliten,</strong></span> <span class='ocrx_word' id='word_1_74' title='bbox 1595 1422 1707 1504; x_wconf 93' lang='lat' dir='ltr'><strong>qui</strong></span> <span class='ocrx_word' id='word_1_75' title='bbox 1763 1430 2026 1503; x_wconf 87' lang='lat' dir='ltr'><strong>praeter</strong></span> <span class='ocrx_word' id='word_1_76' title='bbox 2071 1421 2266 1485; x_wconf 90' lang='lat' dir='ltr'><strong>meri·</strong></span> 
     </span>
     <span class='ocr_line' id='line_1_12' title="bbox 325 1503 1806 1573; baseline 0.001 -3"><span class='ocrx_word' id='word_1_77' title='bbox 325 1515 465 1570; x_wconf 90' lang='lat' dir='ltr'><strong>tum</strong></span> <span class='ocrx_word' id='word_1_78' title='bbox 511 1514 646 1569; x_wconf 89' lang='lat' dir='ltr'><strong>tam</strong></span> <span class='ocrx_word' id='word_1_79' title='bbox 682 1503 1039 1570; x_wconf 80' lang='lat' dir='ltr'><strong>liberaliter</strong></span> <span class='ocrx_word' id='word_1_80' title='bbox 1080 1506 1163 1572; x_wconf 89' lang='lat' dir='ltr'><strong>ab</strong></span> <span class='ocrx_word' id='word_1_81' title='bbox 1205 1527 1283 1572; x_wconf 91' lang='lat' dir='ltr'><strong>eo</strong></span> <span class='ocrx_word' id='word_1_82' title='bbox 1327 1518 1481 1573; x_wconf 88' lang='lat' dir='ltr'><strong>sunt</strong></span> <span class='ocrx_word' id='word_1_83' title='bbox 1525 1508 1806 1573; x_wconf 87' lang='lat' dir='ltr'><strong>tractati.</strong></span> 
     </span>
    </p>

    <p class='ocr_par' dir='ltr' id='par_1_5' title="bbox 302 1590 2270 3207">
     <span class='ocr_line' id='line_1_13' title="bbox 496 1590 2265 1670; baseline 0 -15"><span class='ocrx_word' id='word_1_84' title='bbox 496 1592 694 1656; x_wconf 91' lang='lat' dir='ltr'><strong>Deut.</strong></span> <span class='ocrx_word' id='word_1_85' title='bbox 735 1591 793 1670; x_wconf 80' lang='lat'><strong>7,</strong></span> <span class='ocrx_word' id='word_1_86' title='bbox 831 1591 891 1658; x_wconf 89' lang='grc'><strong>8.</strong></span> <span class='ocrx_word' id='word_1_87' title='bbox 941 1590 1264 1659; x_wconf 56' lang='lat' dir='ltr'><strong>Oua-todire</strong></span> <span class='ocrx_word' id='word_1_88' title='bbox 1302 1592 1536 1659; x_wconf 79' lang='lat' dir='ltr'><strong>volebat</strong></span> <span class='ocrx_word' id='word_1_89' title='bbox 1575 1594 2015 1659; x_wconf 66' lang='lat' dir='ltr'><strong>iurammm.</strong></span> <span class='ocrx_word' id='word_1_90' title='bbox 2064 1595 2265 1657; x_wconf 89' lang='lat' dir='ltr'><strong>Amo·</strong></span> 
     </span>
     <span class='ocr_line' id='line_1_14' title="bbox 319 1676 2266 1762; baseline -0.001 -19"><span class='ocrx_word' id='word_1_91' title='bbox 319 1695 465 1743; x_wconf 83' lang='lat' dir='ltr'><strong>rem</strong></span> <span class='ocrx_word' id='word_1_92' title='bbox 507 1676 636 1741; x_wconf 92' lang='lat' dir='ltr'><strong>Dei</strong></span> <span class='ocrx_word' id='word_1_93' title='bbox 682 1698 722 1745; x_wconf 89' lang='lat' dir='ltr'><strong>a</strong></span> <span class='ocrx_word' id='word_1_94' title='bbox 763 1677 917 1744; x_wconf 92' lang='lat' dir='ltr'><strong>filiis</strong></span> <span class='ocrx_word' id='word_1_95' title='bbox 952 1679 1032 1743; x_wconf 92' lang='lat' dir='ltr'><strong>ad</strong></span> <span class='ocrx_word' id='word_1_96' title='bbox 1085 1690 1303 1762; x_wconf 89' lang='lat' dir='ltr'><strong>patres</strong></span> <span class='ocrx_word' id='word_1_97' title='bbox 1346 1678 1629 1746; x_wconf 75' lang='lat' dir='ltr'><strong>deducit.</strong></span> <span class='ocrx_word' id='word_1_98' title='bbox 1714 1678 1894 1744; x_wconf 83' lang='lat' dir='ltr'><strong>Suae</strong></span> <span class='ocrx_word' id='word_1_99' title='bbox 1939 1679 2112 1744; x_wconf 90' lang='lat' dir='ltr'><strong>enim</strong></span> <span class='ocrx_word' id='word_1_100' title='bbox 2158 1698 2266 1742; x_wconf 92' lang='lat' dir='ltr'><strong>ae-</strong></span> 
     </span>
     <span class='ocr_line' id='line_1_15' title="bbox 321 1761 2267 1848; baseline 0 -21"><span class='ocrx_word' id='word_1_101' title='bbox 321 1761 482 1827; x_wconf 90' lang='lat' dir='ltr'><strong>tatis</strong></span> <span class='ocrx_word' id='word_1_102' title='bbox 526 1762 826 1829; x_wconf 86' lang='lat' dir='ltr'><strong>homines</strong></span> <span class='ocrx_word' id='word_1_103' title='bbox 870 1762 1343 1847; x_wconf 87' lang='lat' dir='ltr'><strong>alloquebatur,</strong></span> <span class='ocrx_word' id='word_1_104' title='bbox 1404 1786 1604 1848; x_wconf 91' lang='lat' dir='ltr'><strong>quum</strong></span> <span class='ocrx_word' id='word_1_105' title='bbox 1650 1764 1897 1831; x_wconf 89' lang='lat' dir='ltr'><strong>diceret</strong></span> <span class='ocrx_word' id='word_1_106' title='bbox 1937 1765 2084 1830; x_wconf 91' lang='lat' dir='ltr'><strong>ideo</strong></span> <span class='ocrx_word' id='word_1_107' title='bbox 2126 1763 2267 1828; x_wconf 88' lang='lat' dir='ltr'><strong>the-</strong></span> 
     </span>
     <span class='ocr_line' id='line_1_16' title="bbox 317 1850 2270 1934; baseline -0.001 -19"><span class='ocrx_word' id='word_1_108' title='bbox 317 1867 587 1915; x_wconf 84' lang='lat' dir='ltr'><strong>saurum</strong></span> <span class='ocrx_word' id='word_1_109' title='bbox 644 1870 786 1914; x_wconf 89' lang='lat' dir='ltr'><strong>esse</strong></span> <span class='ocrx_word' id='word_1_110' title='bbox 831 1850 956 1915; x_wconf 91' lang='lat' dir='ltr'><strong>Dei</strong></span> <span class='ocrx_word' id='word_1_111' title='bbox 1012 1851 1165 1934; x_wconf 90' lang='lat' dir='ltr'><strong>quia</strong></span> <span class='ocrx_word' id='word_1_112' title='bbox 1221 1853 1395 1934; x_wconf 85' lang='lat' dir='ltr'><strong>ipsos</strong></span> <span class='ocrx_word' id='word_1_113' title='bbox 1441 1851 1787 1917; x_wconf 86' lang='lat' dir='ltr'><strong>dilexerat:</strong></span> <span class='ocrx_word' id='word_1_114' title='bbox 1854 1870 2030 1916; x_wconf 91' lang='lat' dir='ltr'><strong>nunc</strong></span> <span class='ocrx_word' id='word_1_115' title='bbox 2087 1850 2270 1914; x_wconf 87' lang='lat' dir='ltr'><strong>addit</strong></span> 
     </span>
     <span class='ocr_line' id='line_1_17' title="bbox 315 1932 2267 2021; baseline 0.001 -23"><span class='ocrx_word' id='word_1_116' title='bbox 315 1954 452 1999; x_wconf 90' lang='lat' dir='ltr'><strong>non</strong></span> <span class='ocrx_word' id='word_1_117' title='bbox 495 1936 785 2017; x_wconf 88' lang='lat' dir='ltr'><strong>coepisse</strong></span> <span class='ocrx_word' id='word_1_118' title='bbox 831 1956 1005 2001; x_wconf 89' lang='lat' dir='ltr'><strong>nunc</strong></span> <span class='ocrx_word' id='word_1_119' title='bbox 1049 1939 1332 2019; x_wconf 90' lang='lat' dir='ltr'><strong>primum</strong></span> <span class='ocrx_word' id='word_1_120' title='bbox 1381 1958 1491 2003; x_wconf 90' lang='lat' dir='ltr'><strong>eos</strong></span> <span class='ocrx_word' id='word_1_121' title='bbox 1536 1932 1740 2021; x_wconf 83' lang='lat' dir='ltr'><strong>diligi,</strong></span> <span class='ocrx_word' id='word_1_122' title='bbox 1786 1937 1899 2001; x_wconf 89' lang='lat' dir='ltr'><strong>sed</strong></span> <span class='ocrx_word' id='word_1_123' title='bbox 1947 1937 2267 2020; x_wconf 83' lang='lat' dir='ltr'><strong>originem</strong></span> 
     </span>
     <span class='ocr_line' id='line_1_18' title="bbox 315 2020 2265 2106; baseline 0 -22"><span class='ocrx_word' id='word_1_124' title='bbox 315 2022 564 2085; x_wconf 87' lang='lat' dir='ltr'><strong>amoris</strong></span> <span class='ocrx_word' id='word_1_125' title='bbox 608 2042 647 2084; x_wconf 91' lang='lat' dir='ltr'><strong>a</strong></span> <span class='ocrx_word' id='word_1_126' title='bbox 691 2020 988 2104; x_wconf 86' lang='lat' dir='ltr'><strong>patribus</strong></span> <span class='ocrx_word' id='word_1_127' title='bbox 1031 2024 1333 2099; x_wconf 87' lang='lat' dir='ltr'><strong>fluxisse,</strong></span> <span class='ocrx_word' id='word_1_128' title='bbox 1382 2044 1469 2087; x_wconf 82' lang='lat' dir='ltr'><strong>ex</strong></span> <span class='ocrx_word' id='word_1_129' title='bbox 1512 2044 1637 2106; x_wconf 93' lang='lat' dir='ltr'><strong>quo</strong></span> <span class='ocrx_word' id='word_1_130' title='bbox 1685 2022 1869 2087; x_wconf 89' lang='lat' dir='ltr'><strong>Deus</strong></span> <span class='ocrx_word' id='word_1_131' title='bbox 1906 2022 2265 2098; x_wconf 88' lang='lat' dir='ltr'><strong>Abraham,</strong></span> 
     </span>
     <span class='ocr_line' id='line_1_19' title="bbox 313 2104 2265 2191; baseline -0.001 -20"><span class='ocrx_word' id='word_1_132' title='bbox 313 2104 510 2172; x_wconf 90' lang='lat' dir='ltr'><strong>Isaac</strong></span> <span class='ocrx_word' id='word_1_133' title='bbox 555 2119 620 2171; x_wconf 88' lang='lat' dir='ltr'><strong>et</strong></span> <span class='ocrx_word' id='word_1_134' title='bbox 663 2108 859 2172; x_wconf 90' lang='lat' dir='ltr'><strong>Iacob</strong></span> <span class='ocrx_word' id='word_1_135' title='bbox 904 2107 1215 2191; x_wconf 90' lang='lat' dir='ltr'><strong>adoptare</strong></span> <span class='ocrx_word' id='word_1_136' title='bbox 1279 2109 1503 2174; x_wconf 87' lang='lat' dir='ltr'><strong>voluit.</strong></span> <span class='ocrx_word' id='word_1_137' title='bbox 1596 2109 1987 2191; x_wconf 78' lang='lat' dir='ltr'><strong>Quanquam</strong></span> <span class='ocrx_word' id='word_1_138' title='bbox 2050 2118 2265 2174; x_wconf 88' lang='lat' dir='ltr'><strong>autem</strong></span> 
     </span>
     <span class='ocr_line' id='line_1_20' title="bbox 312 2191 2268 2278; baseline 0 -22"><span class='ocrx_word' id='word_1_139' title='bbox 312 2191 477 2256; x_wconf 90' lang='lat' dir='ltr'><strong>inde</strong></span> <span class='ocrx_word' id='word_1_140' title='bbox 512 2193 756 2258; x_wconf 89' lang='lat' dir='ltr'><strong>clarius</strong></span> <span class='ocrx_word' id='word_1_141' title='bbox 789 2194 1052 2274; x_wconf 90' lang='lat' dir='ltr'><strong>evincit,</strong></span> <span class='ocrx_word' id='word_1_142' title='bbox 1091 2204 1386 2278; x_wconf 88' lang='lat' dir='ltr'><strong>posteros</strong></span> <span class='ocrx_word' id='word_1_143' title='bbox 1411 2194 1716 2259; x_wconf 87' lang='lat' dir='ltr'><strong>Abrahae</strong></span> <span class='ocrx_word' id='word_1_144' title='bbox 1752 2196 1918 2259; x_wconf 91' lang='lat' dir='ltr'><strong>nihil</strong></span> <span class='ocrx_word' id='word_1_145' title='bbox 1956 2194 2089 2259; x_wconf 90' lang='lat' dir='ltr'><strong>tale</strong></span> <span class='ocrx_word' id='word_1_146' title='bbox 2125 2213 2268 2258; x_wconf 88' lang='lat' dir='ltr'><strong>esse</strong></span> 
     </span>
     <span class='ocr_line' id='line_1_21' title="bbox 311 2280 2265 2362; baseline 0.001 -20"><span class='ocrx_word' id='word_1_147' title='bbox 311 2280 743 2362; x_wconf 86' lang='lat' dir='ltr'><strong>promeritos,</strong></span> <span class='ocrx_word' id='word_1_148' title='bbox 808 2281 962 2362; x_wconf 88' lang='lat' dir='ltr'><strong>quia</strong></span> <span class='ocrx_word' id='word_1_149' title='bbox 1005 2292 1259 2345; x_wconf 86' lang='lat' dir='ltr'><strong>tantum</strong></span> <span class='ocrx_word' id='word_1_150' title='bbox 1305 2283 1449 2347; x_wconf 92' lang='lat' dir='ltr'><strong>iure</strong></span> <span class='ocrx_word' id='word_1_151' title='bbox 1493 2280 1916 2346; x_wconf 89' lang='lat' dir='ltr'><strong>haereditatis</strong></span> <span class='ocrx_word' id='word_1_152' title='bbox 1961 2281 2097 2344; x_wconf 91' lang='lat' dir='ltr'><strong>sint</strong></span> <span class='ocrx_word' id='word_1_153' title='bbox 2141 2280 2265 2345; x_wconf 90' lang='lat' dir='ltr'><strong>Dei</strong></span> 
     </span>
     <span class='ocr_line' id='line_1_22' title="bbox 308 2364 2269 2447; baseline 0.001 -18"><span class='ocrx_word' id='word_1_154' title='bbox 308 2364 680 2447; x_wconf 87' lang='lat' dir='ltr'><strong>peculium:</strong></span> <span class='ocrx_word' id='word_1_155' title='bbox 718 2366 917 2430; x_wconf 85' lang='lat' dir='ltr'><strong>simul</strong></span> <span class='ocrx_word' id='word_1_156' title='bbox 944 2375 1160 2431; x_wconf 89' lang='lat' dir='ltr'><strong>tamen</strong></span> <span class='ocrx_word' id='word_1_157' title='bbox 1195 2368 1551 2432; x_wconf 89' lang='lat' dir='ltr'><strong>notandum</strong></span> <span class='ocrx_word' id='word_1_158' title='bbox 1590 2378 1709 2442; x_wconf 87' lang='lat' dir='ltr'><strong>est,</strong></span> <span class='ocrx_word' id='word_1_159' title='bbox 1739 2388 1869 2430; x_wconf 92' lang='lat' dir='ltr'><strong>non</strong></span> <span class='ocrx_word' id='word_1_160' title='bbox 1909 2366 2041 2431; x_wconf 89' lang='lat' dir='ltr'><strong>alia</strong></span> <span class='ocrx_word' id='word_1_161' title='bbox 2074 2385 2269 2432; x_wconf 90' lang='lat' dir='ltr'><strong>causa</strong></span> 
     </span>
     <span class='ocr_line' id='line_1_23' title="bbox 311 2448 2270 2535; baseline 0 -20"><span class='ocrx_word' id='word_1_162' title='bbox 311 2448 673 2516; x_wconf 86' lang='lat' dir='ltr'><strong>adductum</strong></span> <span class='ocrx_word' id='word_1_163' title='bbox 733 2453 931 2517; x_wconf 78' lang='lat' dir='ltr'><strong>fuisse</strong></span> <span class='ocrx_word' id='word_1_164' title='bbox 976 2453 1189 2518; x_wconf 91' lang='lat' dir='ltr'><strong>Deum</strong></span> <span class='ocrx_word' id='word_1_165' title='bbox 1237 2475 1433 2535; x_wconf 87' lang='lat' dir='ltr'><strong>quam</strong></span> <span class='ocrx_word' id='word_1_166' title='bbox 1479 2474 1664 2518; x_wconf 89' lang='lat' dir='ltr'><strong>mera</strong></span> <span class='ocrx_word' id='word_1_167' title='bbox 1707 2452 2127 2531; x_wconf 80' lang='lat' dir='ltr'><strong>liberalitate,</strong></span> <span class='ocrx_word' id='word_1_168' title='bbox 2196 2458 2270 2515; x_wconf 90' lang='lat' dir='ltr'><strong>ut</strong></span> 
     </span>
     <span class='ocr_line' id='line_1_24' title="bbox 306 2534 2267 2623; baseline -0.001 -21"><span class='ocrx_word' id='word_1_169' title='bbox 306 2534 633 2602; x_wconf 87' lang='lat' dir='ltr'><strong>Abrahae</strong></span> <span class='ocrx_word' id='word_1_170' title='bbox 676 2550 848 2603; x_wconf 85' lang='lat' dir='ltr'><strong>esset</strong></span> <span class='ocrx_word' id='word_1_171' title='bbox 890 2540 1224 2622; x_wconf 88' lang='lat' dir='ltr'><strong>propitius.</strong></span> <span class='ocrx_word' id='word_1_172' title='bbox 1308 2539 1466 2604; x_wconf 89' lang='lat' dir='ltr'><strong>Ideo</strong></span> <span class='ocrx_word' id='word_1_173' title='bbox 1501 2540 1698 2623; x_wconf 89' lang='lat' dir='ltr'><strong>paulo</strong></span> <span class='ocrx_word' id='word_1_174' title='bbox 1745 2550 1889 2621; x_wconf 90' lang='lat' dir='ltr'><strong>post</strong></span> <span class='ocrx_word' id='word_1_175' title='bbox 1932 2539 2118 2616; x_wconf 88' lang='lat' dir='ltr'><strong>dicet,</strong></span> <span class='ocrx_word' id='word_1_176' title='bbox 2156 2557 2267 2602; x_wconf 89' lang='lat' dir='ltr'><strong>eos</strong></span> 
     </span>
     <span class='ocr_line' id='line_1_25' title="bbox 308 2622 2267 2708; baseline 0.001 -23"><span class='ocrx_word' id='word_1_177' title='bbox 308 2622 421 2705; x_wconf 90' lang='lat' dir='ltr'><strong>qui</strong></span> <span class='ocrx_word' id='word_1_178' title='bbox 487 2633 646 2689; x_wconf 89' lang='lat' dir='ltr'><strong>tunc</strong></span> <span class='ocrx_word' id='word_1_179' title='bbox 704 2636 897 2689; x_wconf 92' lang='lat' dir='ltr'><strong>erant</strong></span> <span class='ocrx_word' id='word_1_180' title='bbox 953 2627 1378 2708; x_wconf 89' lang='lat' dir='ltr'><strong>superstites,</strong></span> <span class='ocrx_word' id='word_1_181' title='bbox 1439 2646 1626 2691; x_wconf 88' lang='lat' dir='ltr'><strong>caros</strong></span> <span class='ocrx_word' id='word_1_182' title='bbox 1684 2646 1827 2690; x_wconf 89' lang='lat' dir='ltr'><strong>esse</strong></span> <span class='ocrx_word' id='word_1_183' title='bbox 1871 2623 2044 2702; x_wconf 88' lang='lat' dir='ltr'><strong>Deo,</strong></span> <span class='ocrx_word' id='word_1_184' title='bbox 2111 2625 2267 2706; x_wconf 91' lang='lat' dir='ltr'><strong>quia</strong></span> 
     </span>
     <span class='ocr_line' id='line_1_26' title="bbox 304 2708 2266 2794; baseline 0.002 -23"><span class='ocrx_word' id='word_1_185' title='bbox 304 2708 706 2791; x_wconf 89' lang='lat' dir='ltr'><strong>iampridem</strong></span> <span class='ocrx_word' id='word_1_186' title='bbox 754 2711 1072 2775; x_wconf 87' lang='lat' dir='ltr'><strong>dilexerat</strong></span> <span class='ocrx_word' id='word_1_187' title='bbox 1114 2732 1338 2776; x_wconf 91' lang='lat' dir='ltr'><strong>eorum</strong></span> <span class='ocrx_word' id='word_1_188' title='bbox 1383 2721 1623 2794; x_wconf 89' lang='lat' dir='ltr'><strong>patres.</strong></span> <span class='ocrx_word' id='word_1_189' title='bbox 1672 2710 1803 2777; x_wconf 85' lang='lat' dir='ltr'><strong>Sed</strong></span> <span class='ocrx_word' id='word_1_190' title='bbox 1849 2732 2026 2775; x_wconf 93' lang='lat' dir='ltr'><strong>nunc</strong></span> <span class='ocrx_word' id='word_1_191' title='bbox 2071 2711 2266 2775; x_wconf 88' lang='lat' dir='ltr'><strong>bene-</strong></span> 
     </span>
     <span class='ocr_line' id='line_1_27' title="bbox 304 2795 2268 2881; baseline 0.001 -22"><span class='ocrx_word' id='word_1_192' title='bbox 304 2795 648 2861; x_wconf 88' lang='lat' dir='ltr'><strong>ficentiam</strong></span> <span class='ocrx_word' id='word_1_193' title='bbox 689 2797 815 2861; x_wconf 89' lang='lat' dir='ltr'><strong>Dei</strong></span> <span class='ocrx_word' id='word_1_194' title='bbox 858 2819 938 2861; x_wconf 90' lang='lat' dir='ltr'><strong>ex</strong></span> <span class='ocrx_word' id='word_1_195' title='bbox 984 2819 1060 2862; x_wconf 85' lang='lat' dir='ltr'><strong>eo</strong></span> <span class='ocrx_word' id='word_1_196' title='bbox 1104 2798 1314 2881; x_wconf 89' lang='lat' dir='ltr'><strong>magis</strong></span> <span class='ocrx_word' id='word_1_197' title='bbox 1357 2797 1789 2875; x_wconf 79' lang='lat' dir='ltr'><strong>commendat,</strong></span> <span class='ocrx_word' id='word_1_198' title='bbox 1834 2796 2005 2878; x_wconf 89' lang='lat' dir='ltr'><strong>quod</strong></span> <span class='ocrx_word' id='word_1_199' title='bbox 2041 2795 2268 2861; x_wconf 86' lang='lat' dir='ltr'><strong>foedus</strong></span> 
     </span>
     <span class='ocr_line' id='line_1_28' title="bbox 305 2882 2270 2964; baseline -0.001 -18"><span class='ocrx_word' id='word_1_200' title='bbox 305 2902 508 2946; x_wconf 84' lang='lat' dir='ltr'><strong>suum</strong></span> <span class='ocrx_word' id='word_1_201' title='bbox 558 2904 596 2947; x_wconf 86' lang='lat' dir='ltr'><strong>a</strong></span> <span class='ocrx_word' id='word_1_202' title='bbox 640 2882 936 2964; x_wconf 86' lang='lat' dir='ltr'><strong>patribus</strong></span> <span class='ocrx_word' id='word_1_203' title='bbox 976 2883 1056 2947; x_wconf 88' lang='lat' dir='ltr'><strong>ad</strong></span> <span class='ocrx_word' id='word_1_204' title='bbox 1094 2883 1264 2948; x_wconf 91' lang='lat' dir='ltr'><strong>filios</strong></span> <span class='ocrx_word' id='word_1_205' title='bbox 1300 2884 1755 2958; x_wconf 79' lang='lat' dir='ltr'><strong>transmiserit,</strong></span> <span class='ocrx_word' id='word_1_206' title='bbox 1804 2895 1877 2947; x_wconf 93' lang='lat' dir='ltr'><strong>ut</strong></span> <span class='ocrx_word' id='word_1_207' title='bbox 1913 2904 1985 2947; x_wconf 89' lang='lat' dir='ltr'><strong>se</strong></span> <span class='ocrx_word' id='word_1_208' title='bbox 2021 2882 2087 2946; x_wconf 93' lang='lat' dir='ltr'><strong>in</strong></span> <span class='ocrx_word' id='word_1_209' title='bbox 2125 2903 2270 2964; x_wconf 91' lang='lat' dir='ltr'><strong>pro-</strong></span> 
     </span>
     <span class='ocr_line' id='line_1_29' title="bbox 304 2967 2269 3035; baseline 0.002 -5"><span class='ocrx_word' id='word_1_210' title='bbox 304 2967 538 3033; x_wconf 86' lang='lat' dir='ltr'><strong>missis</strong></span> <span class='ocrx_word' id='word_1_211' title='bbox 581 2967 786 3033; x_wconf 90' lang='lat' dir='ltr'><strong>fidum</strong></span> <span class='ocrx_word' id='word_1_212' title='bbox 830 2989 906 3034; x_wconf 91' lang='lat' dir='ltr'><strong>ac</strong></span> <span class='ocrx_word' id='word_1_213' title='bbox 952 2989 1249 3034; x_wconf 86' lang='lat' dir='ltr'><strong>veracem</strong></span> <span class='ocrx_word' id='word_1_214' title='bbox 1285 2970 1675 3035; x_wconf 86' lang='lat' dir='ltr'><strong>ostenderet.</strong></span> <span class='ocrx_word' id='word_1_215' title='bbox 1732 2969 1814 3034; x_wconf 93' lang='lat' dir='ltr'><strong>In</strong></span> <span class='ocrx_word' id='word_1_216' title='bbox 1858 2971 1992 3033; x_wconf 92' lang='lat' dir='ltr'><strong>fine</strong></span> <span class='ocrx_word' id='word_1_217' title='bbox 2035 2989 2269 3034; x_wconf 89' lang='lat' dir='ltr'><strong>versus</strong></span> 
     </span>
     <span class='ocr_line' id='line_1_30' title="bbox 302 3051 2268 3139; baseline -0.001 -20"><span class='ocrx_word' id='word_1_218' title='bbox 302 3051 770 3120; x_wconf 89' lang='lat' dir='ltr'><strong>liberationem</strong></span> <span class='ocrx_word' id='word_1_219' title='bbox 849 3055 1068 3138; x_wconf 88' lang='lat' dir='ltr'><strong>populi</strong></span> <span class='ocrx_word' id='word_1_220' title='bbox 1143 3057 1393 3139; x_wconf 87' lang='lat' dir='ltr'><strong>gratiae</strong></span> <span class='ocrx_word' id='word_1_221' title='bbox 1460 3056 1636 3122; x_wconf 90' lang='lat' dir='ltr'><strong>illius</strong></span> <span class='ocrx_word' id='word_1_222' title='bbox 1700 3064 1768 3121; x_wconf 92' lang='lat' dir='ltr'><strong>et</strong></span> <span class='ocrx_word' id='word_1_223' title='bbox 1831 3056 2135 3122; x_wconf 86' lang='lat' dir='ltr'><strong>effectum</strong></span> <span class='ocrx_word' id='word_1_224' title='bbox 2204 3064 2268 3118; x_wconf 90' lang='lat' dir='ltr'><strong>et</strong></span> 
     </span>
     <span class='ocr_line' id='line_1_31' title="bbox 302 3141 1201 3207; baseline 0.001 -1"><span class='ocrx_word' id='word_1_225' title='bbox 302 3141 766 3206; x_wconf 88' lang='lat' dir='ltr'><strong>testimonium</strong></span> <span class='ocrx_word' id='word_1_226' title='bbox 812 3162 953 3206; x_wconf 89' lang='lat' dir='ltr'><strong>esse</strong></span> <span class='ocrx_word' id='word_1_227' title='bbox 999 3142 1201 3207; x_wconf 87' lang='lat' dir='ltr'><strong>docet.</strong></span> 
     </span>
    </p>

    <p class='ocr_par' dir='ltr' id='par_1_6' title="bbox 267 3226 2269 5467">
     <span class='ocr_line' id='line_1_32' title="bbox 486 3226 2269 3310; baseline -0.002 -17"><span class='ocrx_word' id='word_1_228' title='bbox 486 3228 689 3293; x_wconf 90' lang='lat' dir='ltr'><strong>Deut.</strong></span> <span class='ocrx_word' id='word_1_229' title='bbox 739 3228 837 3307; x_wconf 89' lang='lat'><strong>10,</strong></span> <span class='ocrx_word' id='word_1_230' title='bbox 889 3228 989 3293; x_wconf 89' lang='lat'><strong>14.</strong></span> <span class='ocrx_word' id='word_1_231' title='bbox 1048 3227 1531 3306; x_wconf 77' lang='lat' dir='ltr'><strong>Ecce,Iekovae.</strong></span> <span class='ocrx_word' id='word_1_232' title='bbox 1589 3228 1890 3294; x_wconf 80' lang='lat' dir='ltr'><strong>Gratiam</strong></span> <span class='ocrx_word' id='word_1_233' title='bbox 1928 3249 2058 3310; x_wconf 91' lang='lat' dir='ltr'><strong>qua</strong></span> <span class='ocrx_word' id='word_1_234' title='bbox 2104 3226 2269 3291; x_wconf 90' lang='lat' dir='ltr'><strong>vidi-</strong></span> 
     </span>
     <span class='ocr_line' id='line_1_33' title="bbox 297 3313 2263 3396; baseline -0.001 -19"><span class='ocrx_word' id='word_1_235' title='bbox 297 3333 459 3379; x_wconf 88' lang='lat' dir='ltr'><strong>mus</strong></span> <span class='ocrx_word' id='word_1_236' title='bbox 515 3313 830 3396; x_wconf 89' lang='lat' dir='ltr'><strong>populum</strong></span> <span class='ocrx_word' id='word_1_237' title='bbox 871 3315 1014 3379; x_wconf 93' lang='lat' dir='ltr'><strong>Deo</strong></span> <span class='ocrx_word' id='word_1_238' title='bbox 1065 3335 1207 3380; x_wconf 89' lang='lat' dir='ltr'><strong>esse</strong></span> <span class='ocrx_word' id='word_1_239' title='bbox 1244 3314 1619 3395; x_wconf 78' lang='lat' dir='ltr'><strong>devinctum</strong></span> <span class='ocrx_word' id='word_1_240' title='bbox 1675 3335 1906 3379; x_wconf 86' lang='lat' dir='ltr'><strong>rursus</strong></span> <span class='ocrx_word' id='word_1_241' title='bbox 1949 3313 2263 3378; x_wconf 89' lang='lat' dir='ltr'><strong>inculcat:</strong></span> 
     </span>
     <span class='ocr_line' id='line_1_34' title="bbox 298 3398 2267 3482; baseline 0 -19"><span class='ocrx_word' id='word_1_242' title='bbox 298 3400 463 3482; x_wconf 90' lang='lat' dir='ltr'><strong>quia</strong></span> <span class='ocrx_word' id='word_1_243' title='bbox 514 3399 678 3465; x_wconf 90' lang='lat' dir='ltr'><strong>haec</strong></span> <span class='ocrx_word' id='word_1_244' title='bbox 722 3400 1011 3466; x_wconf 86' lang='lat' dir='ltr'><strong>maxime</strong></span> <span class='ocrx_word' id='word_1_245' title='bbox 1062 3401 1297 3467; x_wconf 87' lang='lat' dir='ltr'><strong>efficax</strong></span> <span class='ocrx_word' id='word_1_246' title='bbox 1345 3413 1487 3466; x_wconf 87' lang='lat' dir='ltr'><strong>erat</strong></span> <span class='ocrx_word' id='word_1_247' title='bbox 1543 3401 1910 3466; x_wconf 86' lang='lat' dir='ltr'><strong>observatio</strong></span> <span class='ocrx_word' id='word_1_248' title='bbox 1962 3398 2046 3463; x_wconf 92' lang='lat' dir='ltr'><strong>ad</strong></span> <span class='ocrx_word' id='word_1_249' title='bbox 2088 3398 2267 3481; x_wconf 88' lang='lat' dir='ltr'><strong>ipsos</strong></span> 
     </span>
     <span class='ocr_line' id='line_1_35' title="bbox 293 3484 2267 3570; baseline -0.001 -20"><span class='ocrx_word' id='word_1_250' title='bbox 293 3484 688 3558; x_wconf 89' lang='lat' dir='ltr'><strong>movendos,</strong></span> <span class='ocrx_word' id='word_1_251' title='bbox 736 3499 810 3550; x_wconf 93' lang='lat' dir='ltr'><strong>ut</strong></span> <span class='ocrx_word' id='word_1_252' title='bbox 845 3507 915 3552; x_wconf 91' lang='lat' dir='ltr'><strong>se</strong></span> <span class='ocrx_word' id='word_1_253' title='bbox 952 3487 1347 3570; x_wconf 86' lang='lat' dir='ltr'><strong>redemptori</strong></span> <span class='ocrx_word' id='word_1_254' title='bbox 1384 3487 1804 3569; x_wconf 88' lang='lat' dir='ltr'><strong>subiicerent,</strong></span> <span class='ocrx_word' id='word_1_255' title='bbox 1848 3486 1954 3552; x_wconf 91' lang='lat' dir='ltr'><strong>cui</strong></span> <span class='ocrx_word' id='word_1_256' title='bbox 1990 3506 2059 3550; x_wconf 86' lang='lat' dir='ltr'><strong>se</strong></span> <span class='ocrx_word' id='word_1_257' title='bbox 2096 3496 2267 3549; x_wconf 91' lang='lat' dir='ltr'><strong>totos</strong></span> 
     </span>
     <span class='ocr_line' id='line_1_36' title="bbox 294 3569 2266 3654; baseline -0.001 -18"><span class='ocrx_word' id='word_1_258' title='bbox 294 3580 365 3636; x_wconf 88' lang='lat' dir='ltr'><strong>et</strong></span> <span class='ocrx_word' id='word_1_259' title='bbox 388 3573 626 3638; x_wconf 90' lang='lat' dir='ltr'><strong>omnia</strong></span> <span class='ocrx_word' id='word_1_260' title='bbox 646 3594 765 3637; x_wconf 90' lang='lat' dir='ltr'><strong>sua</strong></span> <span class='ocrx_word' id='word_1_261' title='bbox 803 3570 1039 3639; x_wconf 90' lang='lat' dir='ltr'><strong>debere</strong></span> <span class='ocrx_word' id='word_1_262' title='bbox 1076 3571 1612 3639; x_wconf 86' lang='lat' dir='ltr'><strong>admonebantur.</strong></span> <span class='ocrx_word' id='word_1_263' title='bbox 1658 3573 1882 3637; x_wconf 91' lang='lat' dir='ltr'><strong>Primo</strong></span> <span class='ocrx_word' id='word_1_264' title='bbox 1917 3572 2122 3654; x_wconf 90' lang='lat' dir='ltr'><strong>igitur</strong></span> <span class='ocrx_word' id='word_1_265' title='bbox 2155 3569 2266 3633; x_wconf 91' lang='lat' dir='ltr'><strong>ad-</strong></span> 
     </span>
     <span class='ocr_line' id='line_1_37' title="bbox 290 3660 2268 3744; baseline 0 -23"><span class='ocrx_word' id='word_1_266' title='bbox 290 3669 555 3734; x_wconf 88' lang='lat' dir='ltr'><strong>monet,</strong></span> <span class='ocrx_word' id='word_1_267' title='bbox 617 3679 729 3724; x_wconf 91' lang='lat' dir='ltr'><strong>eos</strong></span> <span class='ocrx_word' id='word_1_268' title='bbox 771 3681 902 3724; x_wconf 90' lang='lat' dir='ltr'><strong>non</strong></span> <span class='ocrx_word' id='word_1_269' title='bbox 950 3660 1215 3743; x_wconf 84' lang='lat' dir='ltr'><strong>propria</strong></span> <span class='ocrx_word' id='word_1_270' title='bbox 1258 3660 1576 3744; x_wconf 89' lang='lat' dir='ltr'><strong>dignitate</strong></span> <span class='ocrx_word' id='word_1_271' title='bbox 1622 3668 1736 3723; x_wconf 88' lang='lat' dir='ltr'><strong>aut</strong></span> <span class='ocrx_word' id='word_1_272' title='bbox 1783 3660 2040 3742; x_wconf 86' lang='lat' dir='ltr'><strong>generis</strong></span> <span class='ocrx_word' id='word_1_273' title='bbox 2085 3678 2268 3740; x_wconf 90' lang='lat' dir='ltr'><strong>prae-</strong></span> 
     </span>
     <span class='ocr_line' id='line_1_38' title="bbox 294 3745 2265 3829; baseline 0.001 -22"><span class='ocrx_word' id='word_1_274' title='bbox 294 3745 567 3808; x_wconf 85' lang='lat' dir='ltr'><strong>stantia</strong></span> <span class='ocrx_word' id='word_1_275' title='bbox 602 3765 643 3809; x_wconf 90' lang='lat' dir='ltr'><strong>a</strong></span> <span class='ocrx_word' id='word_1_276' title='bbox 675 3745 948 3829; x_wconf 90' lang='lat' dir='ltr'><strong>reliquis</strong></span> <span class='ocrx_word' id='word_1_277' title='bbox 984 3745 1266 3825; x_wconf 87' lang='lat' dir='ltr'><strong>differre,</strong></span> <span class='ocrx_word' id='word_1_278' title='bbox 1310 3746 1424 3811; x_wconf 85' lang='lat' dir='ltr'><strong>sed</strong></span> <span class='ocrx_word' id='word_1_279' title='bbox 1470 3748 1619 3829; x_wconf 89' lang='lat' dir='ltr'><strong>quia</strong></span> <span class='ocrx_word' id='word_1_280' title='bbox 1645 3746 1787 3810; x_wconf 88' lang='lat' dir='ltr'><strong>Deo</strong></span> <span class='ocrx_word' id='word_1_281' title='bbox 1813 3745 2129 3828; x_wconf 80' lang='lat' dir='ltr'><strong>placuerit</strong></span> <span class='ocrx_word' id='word_1_282' title='bbox 2156 3765 2265 3808; x_wconf 92' lang='lat' dir='ltr'><strong>eos</strong></span> 
     </span>
     <span class='ocr_line' id='line_1_39' title="bbox 291 3830 2262 3914; baseline 0.001 -20"><span class='ocrx_word' id='word_1_283' title='bbox 291 3830 665 3914; x_wconf 82' lang='lat' dir='ltr'><strong>praeferre,</strong></span> <span class='ocrx_word' id='word_1_284' title='bbox 731 3852 935 3913; x_wconf 89' lang='lat' dir='ltr'><strong>quum</strong></span> <span class='ocrx_word' id='word_1_285' title='bbox 1003 3853 1082 3895; x_wconf 92' lang='lat' dir='ltr'><strong>ex</strong></span> <span class='ocrx_word' id='word_1_286' title='bbox 1151 3852 1357 3913; x_wconf 89' lang='lat' dir='ltr'><strong>aequo</strong></span> <span class='ocrx_word' id='word_1_287' title='bbox 1421 3831 1727 3896; x_wconf 84' lang='lat' dir='ltr'><strong>omnibus</strong></span> <span class='ocrx_word' id='word_1_288' title='bbox 1795 3831 2262 3896; x_wconf 88' lang='lat' dir='ltr'><strong>dominaretur.</strong></span> 
     </span>
     <span class='ocr_line' id='line_1_40' title="bbox 292 3913 2264 4002; baseline 0 -23"><span class='ocrx_word' id='word_1_289' title='bbox 292 3913 408 3980; x_wconf 89' lang='lat' dir='ltr'><strong>Ad</strong></span> <span class='ocrx_word' id='word_1_290' title='bbox 459 3917 737 3983; x_wconf 89' lang='lat' dir='ltr'><strong>verbum</strong></span> <span class='ocrx_word' id='word_1_291' title='bbox 795 3930 928 3982; x_wconf 85' lang='lat' dir='ltr'><strong>est:</strong></span> <span class='ocrx_word' id='word_1_292' title='bbox 996 3917 1401 4002; x_wconf 87' lang='lat' dir='ltr'><strong>Concupivit</strong></span> <span class='ocrx_word' id='word_1_293' title='bbox 1456 3917 1703 3982; x_wconf 89' lang='lat' dir='ltr'><strong>Iehova</strong></span> <span class='ocrx_word' id='word_1_294' title='bbox 1760 3917 1841 3982; x_wconf 89' lang='lat' dir='ltr'><strong>ad</strong></span> <span class='ocrx_word' id='word_1_295' title='bbox 1909 3917 2264 3982; x_wconf 89' lang='lat' dir='ltr'><strong>amandum</strong></span> 
     </span>
     <span class='ocr_line' id='line_1_41' title="bbox 288 4002 2264 4086; baseline 0 -21"><span class='ocrx_word' id='word_1_296' title='bbox 288 4011 538 4084; x_wconf 86' lang='lat' dir='ltr'><strong>patres</strong></span> <span class='ocrx_word' id='word_1_297' title='bbox 583 4010 868 4069; x_wconf 89' lang='lat' dir='ltr'><strong>vestros:</strong></span> <span class='ocrx_word' id='word_1_298' title='bbox 928 4024 1059 4085; x_wconf 89' lang='lat' dir='ltr'><strong>qua</strong></span> <span class='ocrx_word' id='word_1_299' title='bbox 1101 4004 1477 4086; x_wconf 89' lang='lat' dir='ltr'><strong>loquutione</strong></span> <span class='ocrx_word' id='word_1_300' title='bbox 1522 4003 1696 4068; x_wconf 87' lang='lat' dir='ltr'><strong>haud</strong></span> <span class='ocrx_word' id='word_1_301' title='bbox 1745 4002 1937 4067; x_wconf 90' lang='lat' dir='ltr'><strong>dubie</strong></span> <span class='ocrx_word' id='word_1_302' title='bbox 1998 4011 2264 4067; x_wconf 90' lang='lat' dir='ltr'><strong>notatur</strong></span> 
     </span>
     <span class='ocr_line' id='line_1_42' title="bbox 290 4088 2264 4172; baseline 0.001 -21"><span class='ocrx_word' id='word_1_303' title='bbox 290 4108 678 4171; x_wconf 89' lang='lat' dir='ltr'><strong>propensus</strong></span> <span class='ocrx_word' id='word_1_304' title='bbox 734 4090 805 4154; x_wconf 92' lang='lat' dir='ltr'><strong>in</strong></span> <span class='ocrx_word' id='word_1_305' title='bbox 867 4109 1156 4155; x_wconf 91' lang='lat' dir='ltr'><strong>amorem</strong></span> <span class='ocrx_word' id='word_1_306' title='bbox 1225 4091 1527 4156; x_wconf 88' lang='lat' dir='ltr'><strong>affectus:</strong></span> <span class='ocrx_word' id='word_1_307' title='bbox 1597 4090 1767 4172; x_wconf 91' lang='lat' dir='ltr'><strong>quod</strong></span> <span class='ocrx_word' id='word_1_308' title='bbox 1823 4110 1906 4153; x_wconf 90' lang='lat' dir='ltr'><strong>ex</strong></span> <span class='ocrx_word' id='word_1_309' title='bbox 1963 4088 2264 4171; x_wconf 91' lang='lat' dir='ltr'><strong>pluribus</strong></span> 
     </span>
     <span class='ocr_line' id='line_1_43' title="bbox 287 4174 2264 4259; baseline -0.001 -20"><span class='ocrx_word' id='word_1_310' title='bbox 287 4174 512 4239; x_wconf 89' lang='lat' dir='ltr'><strong>etiam</strong></span> <span class='ocrx_word' id='word_1_311' title='bbox 557 4174 719 4241; x_wconf 89' lang='lat' dir='ltr'><strong>locis</strong></span> <span class='ocrx_word' id='word_1_312' title='bbox 781 4175 1091 4259; x_wconf 90' lang='lat' dir='ltr'><strong>colligere</strong></span> <span class='ocrx_word' id='word_1_313' title='bbox 1156 4176 1325 4243; x_wconf 90' lang='lat' dir='ltr'><strong>licet.</strong></span> <span class='ocrx_word' id='word_1_314' title='bbox 1414 4176 1648 4259; x_wconf 89' lang='lat' dir='ltr'><strong>Itaque</strong></span> <span class='ocrx_word' id='word_1_315' title='bbox 1705 4196 1838 4239; x_wconf 88' lang='lat' dir='ltr'><strong>non</strong></span> <span class='ocrx_word' id='word_1_316' title='bbox 1896 4176 2057 4239; x_wconf 90' lang='lat' dir='ltr'><strong>satis</strong></span> <span class='ocrx_word' id='word_1_317' title='bbox 2116 4186 2264 4256; x_wconf 90' lang='lat' dir='ltr'><strong>apte</strong></span> 
     </span>
     <span class='ocr_line' id='line_1_44' title="bbox 283 4259 2264 4344; baseline 0.001 -20"><span class='ocrx_word' id='word_1_318' title='bbox 283 4259 764 4344; x_wconf 81' lang='lat' dir='ltr'><strong>Hieronymus</strong></span> <span class='ocrx_word' id='word_1_319' title='bbox 802 4261 1074 4327; x_wconf 83' lang='lat' dir='ltr'><strong>verbum</strong></span> <span class='ocrx_word' id='word_1_320' title='bbox 1110 4261 1506 4327; x_wconf 86' lang='lat' dir='ltr'><strong>adhaerendi</strong></span> <span class='ocrx_word' id='word_1_321' title='bbox 1552 4262 1787 4344; x_wconf 90' lang='lat' dir='ltr'><strong>posuit.</strong></span> <span class='ocrx_word' id='word_1_322' title='bbox 1869 4260 2088 4343; x_wconf 88' lang='lat' dir='ltr'><strong>Atque</strong></span> <span class='ocrx_word' id='word_1_323' title='bbox 2140 4260 2264 4326; x_wconf 91' lang='lat' dir='ltr'><strong>hoc</strong></span> 
     </span>
     <span class='ocr_line' id='line_1_45' title="bbox 285 4346 2264 4430; baseline -0.002 -17"><span class='ocrx_word' id='word_1_324' title='bbox 285 4347 712 4413; x_wconf 88' lang='lat' dir='ltr'><strong>desiderium</strong></span> <span class='ocrx_word' id='word_1_325' title='bbox 777 4368 906 4430; x_wconf 90' lang='lat' dir='ltr'><strong>quo</strong></span> <span class='ocrx_word' id='word_1_326' title='bbox 971 4347 1176 4414; x_wconf 91' lang='lat' dir='ltr'><strong>libere</strong></span> <span class='ocrx_word' id='word_1_327' title='bbox 1243 4357 1309 4413; x_wconf 86' lang='lat' dir='ltr'><strong>et</strong></span> <span class='ocrx_word' id='word_1_328' title='bbox 1370 4348 1729 4413; x_wconf 90' lang='lat' dir='ltr'><strong>liberaliter</strong></span> <span class='ocrx_word' id='word_1_329' title='bbox 1772 4346 2080 4413; x_wconf 89' lang='lat' dir='ltr'><strong>inductus</strong></span> <span class='ocrx_word' id='word_1_330' title='bbox 2137 4347 2264 4411; x_wconf 88' lang='lat' dir='ltr'><strong>fuit</strong></span> 
     </span>
     <span class='ocr_line' id='line_1_46' title="bbox 282 4433 2260 4516; baseline -0.001 -17"><span class='ocrx_word' id='word_1_331' title='bbox 282 4434 514 4512; x_wconf 83' lang='lat' dir='ltr'><strong>Deus,</strong></span> <span class='ocrx_word' id='word_1_332' title='bbox 561 4434 832 4516; x_wconf 88' lang='lat' dir='ltr'><strong>opponit</strong></span> <span class='ocrx_word' id='word_1_333' title='bbox 877 4434 1095 4502; x_wconf 82' lang='lat' dir='ltr'><strong>Moses</strong></span> <span class='ocrx_word' id='word_1_334' title='bbox 1138 4434 1283 4500; x_wconf 92' lang='lat' dir='ltr'><strong>aliis</strong></span> <span class='ocrx_word' id='word_1_335' title='bbox 1327 4434 1627 4500; x_wconf 89' lang='lat' dir='ltr'><strong>omnibus</strong></span> <span class='ocrx_word' id='word_1_336' title='bbox 1670 4433 1904 4512; x_wconf 89' lang='lat' dir='ltr'><strong>causis,</strong></span> <span class='ocrx_word' id='word_1_337' title='bbox 1966 4455 2048 4498; x_wconf 91' lang='lat' dir='ltr'><strong>ne</strong></span> <span class='ocrx_word' id='word_1_338' title='bbox 2105 4433 2260 4516; x_wconf 91' lang='lat' dir='ltr'><strong>quid</strong></span> 
     </span>
     <span class='ocr_line' id='line_1_47' title="bbox 277 4518 2259 4604; baseline -0.002 -17"><span class='ocrx_word' id='word_1_339' title='bbox 277 4518 517 4587; x_wconf 87' lang='lat' dir='ltr'><strong>Israel</strong></span> <span class='ocrx_word' id='word_1_340' title='bbox 565 4519 687 4584; x_wconf 87' lang='lat' dir='ltr'><strong>sibi</strong></span> <span class='ocrx_word' id='word_1_341' title='bbox 733 4519 836 4584; x_wconf 86' lang='lat' dir='ltr'><strong>vel</strong></span> <span class='ocrx_word' id='word_1_342' title='bbox 882 4519 1177 4603; x_wconf 88' lang='lat' dir='ltr'><strong>patribus</strong></span> <span class='ocrx_word' id='word_1_343' title='bbox 1220 4533 1500 4604; x_wconf 87' lang='lat' dir='ltr'><strong>arroget.</strong></span> <span class='ocrx_word' id='word_1_344' title='bbox 1568 4519 1877 4586; x_wconf 89' lang='lat' dir='ltr'><strong>Notanda</strong></span> <span class='ocrx_word' id='word_1_345' title='bbox 1919 4529 2021 4584; x_wconf 90' lang='lat' dir='ltr'><strong>est</strong></span> <span class='ocrx_word' id='word_1_346' title='bbox 2062 4521 2259 4584; x_wconf 90' lang='lat' dir='ltr'><strong>etiam</strong></span> 
     </span>
     <span class='ocr_line' id='line_1_48' title="bbox 277 4603 2261 4690; baseline -0.001 -20"><span class='ocrx_word' id='word_1_347' title='bbox 277 4603 591 4670; x_wconf 87' lang='lat' dir='ltr'><strong>minoris</strong></span> <span class='ocrx_word' id='word_1_348' title='bbox 635 4614 702 4672; x_wconf 92' lang='lat' dir='ltr'><strong>et</strong></span> <span class='ocrx_word' id='word_1_349' title='bbox 743 4606 1014 4671; x_wconf 90' lang='lat' dir='ltr'><strong>maioris</strong></span> <span class='ocrx_word' id='word_1_350' title='bbox 1058 4607 1480 4690; x_wconf 89' lang='lat' dir='ltr'><strong>comparatio.</strong></span> <span class='ocrx_word' id='word_1_351' title='bbox 1540 4607 1726 4672; x_wconf 91' lang='lat' dir='ltr'><strong>Haec</strong></span> <span class='ocrx_word' id='word_1_352' title='bbox 1770 4605 1947 4671; x_wconf 90' lang='lat' dir='ltr'><strong>enim</strong></span> <span class='ocrx_word' id='word_1_353' title='bbox 1991 4606 2261 4672; x_wconf 90' lang='lat' dir='ltr'><strong>inaesti-</strong></span> 
     </span>
     <span class='ocr_line' id='line_1_49' title="bbox 276 4691 2261 4776; baseline -0.002 -18"><span class='ocrx_word' id='word_1_354' title='bbox 276 4691 569 4758; x_wconf 88' lang='lat' dir='ltr'><strong>mabilis</strong></span> <span class='ocrx_word' id='word_1_355' title='bbox 613 4692 739 4756; x_wconf 84' lang='lat' dir='ltr'><strong>fuit</strong></span> <span class='ocrx_word' id='word_1_356' title='bbox 781 4692 1093 4776; x_wconf 83' lang='lat' dir='ltr'><strong>dignatio,</strong></span> <span class='ocrx_word' id='word_1_357' title='bbox 1139 4694 1334 4768; x_wconf 89' lang='lat' dir='ltr'><strong>coelo&#39;,</strong></span> <span class='ocrx_word' id='word_1_358' title='bbox 1381 4701 1590 4772; x_wconf 90' lang='lat' dir='ltr'><strong>terra,</strong></span> <span class='ocrx_word' id='word_1_359' title='bbox 1659 4712 1882 4758; x_wconf 90' lang='lat' dir='ltr'><strong>eorum</strong></span> <span class='ocrx_word' id='word_1_360' title='bbox 1920 4701 2158 4756; x_wconf 89' lang='lat' dir='ltr'><strong>ornatu</strong></span> <span class='ocrx_word' id='word_1_361' title='bbox 2195 4700 2261 4756; x_wconf 91' lang='lat' dir='ltr'><strong>et</strong></span> 
     </span>
     <span class='ocr_line' id='line_1_50' title="bbox 276 4779 2257 4862; baseline -0.003 -16"><span class='ocrx_word' id='word_1_362' title='bbox 276 4779 514 4861; x_wconf 81' lang='lat' dir='ltr'><strong>copiis</strong></span> <span class='ocrx_word' id='word_1_363' title='bbox 580 4779 883 4845; x_wconf 90' lang='lat' dir='ltr'><strong>omnibus</strong></span> <span class='ocrx_word' id='word_1_364' title='bbox 944 4779 1423 4861; x_wconf 89' lang='lat' dir='ltr'><strong>quodammodo</strong></span> <span class='ocrx_word' id='word_1_365' title='bbox 1490 4780 1891 4862; x_wconf 91' lang='lat' dir='ltr'><strong>praeteritis,</strong></span> <span class='ocrx_word' id='word_1_366' title='bbox 1965 4779 2257 4842; x_wconf 91' lang='lat' dir='ltr'><strong>animum</strong></span> 
     </span>
     <span class='ocr_line' id='line_1_51' title="bbox 276 4863 2260 4948; baseline -0.001 -18"><span class='ocrx_word' id='word_1_367' title='bbox 276 4865 597 4930; x_wconf 85' lang='lat' dir='ltr'><strong>adiicere</strong></span> <span class='ocrx_word' id='word_1_368' title='bbox 662 4865 742 4930; x_wconf 91' lang='lat' dir='ltr'><strong>ad</strong></span> <span class='ocrx_word' id='word_1_369' title='bbox 807 4885 1047 4948; x_wconf 89' lang='lat' dir='ltr'><strong>paucos</strong></span> <span class='ocrx_word' id='word_1_370' title='bbox 1110 4876 1180 4931; x_wconf 91' lang='lat' dir='ltr'><strong>et</strong></span> <span class='ocrx_word' id='word_1_371' title='bbox 1242 4867 1552 4931; x_wconf 89' lang='lat' dir='ltr'><strong>obscuros</strong></span> <span class='ocrx_word' id='word_1_372' title='bbox 1613 4865 1928 4930; x_wconf 87' lang='lat' dir='ltr'><strong>homines.</strong></span> <span class='ocrx_word' id='word_1_373' title='bbox 2039 4863 2260 4946; x_wconf 88' lang='lat' dir='ltr'><strong>Atque</strong></span> 
     </span>
     <span class='ocr_line' id='line_1_52' title="bbox 271 4949 2259 5036; baseline -0.002 -19"><span class='ocrx_word' id='word_1_374' title='bbox 271 4953 422 5018; x_wconf 87' lang='lat' dir='ltr'><strong>huo</strong></span> <span class='ocrx_word' id='word_1_375' title='bbox 472 4949 773 5033; x_wconf 86' lang='lat' dir='ltr'><strong>pertinet</strong></span> <span class='ocrx_word' id='word_1_376' title='bbox 812 4953 1154 5032; x_wconf 87' lang='lat' dir='ltr'><strong>restrictio,</strong></span> <span class='ocrx_word' id='word_1_377' title='bbox 1225 4951 1398 5035; x_wconf 92' lang='lat' dir='ltr'><strong>quod</strong></span> <span class='ocrx_word' id='word_1_378' title='bbox 1444 4972 1602 5036; x_wconf 88' lang='lat' dir='ltr'><strong>prae</strong></span> <span class='ocrx_word' id='word_1_379' title='bbox 1644 4952 1947 5015; x_wconf 89' lang='lat' dir='ltr'><strong>omnibus</strong></span> <span class='ocrx_word' id='word_1_380' title='bbox 2000 4949 2259 5034; x_wconf 88' lang='lat' dir='ltr'><strong>populis</strong></span> 
     </span>
     <span class='ocr_line' id='line_1_53' title="bbox 272 5035 2256 5126; baseline -0.002 -22"><span class='ocrx_word' id='word_1_381' title='bbox 272 5037 524 5106; x_wconf 86' lang='lat' dir='ltr'><strong>solum</strong></span> <span class='ocrx_word' id='word_1_382' title='bbox 583 5035 892 5102; x_wconf 86' lang='lat' dir='ltr'><strong>Abrahae</strong></span> <span class='ocrx_word' id='word_1_383' title='bbox 946 5059 1170 5103; x_wconf 87' lang='lat' dir='ltr'><strong>semen</strong></span> <span class='ocrx_word' id='word_1_384' title='bbox 1222 5038 1511 5122; x_wconf 89' lang='lat' dir='ltr'><strong>elegerit.</strong></span> <span class='ocrx_word' id='word_1_385' title='bbox 1602 5037 1772 5102; x_wconf 90' lang='lat' dir='ltr'><strong>Nam</strong></span> <span class='ocrx_word' id='word_1_386' title='bbox 1818 5050 1902 5126; x_wconf 69' lang='grc' dir='ltr'><strong>ΡἾ</strong></span> <span class='ocrx_word' id='word_1_387' title='bbox 1950 5036 2073 5102; x_wconf 88' lang='lat' dir='ltr'><strong>hoe</strong></span> <span class='ocrx_word' id='word_1_388' title='bbox 2114 5036 2256 5101; x_wconf 90' lang='lat' dir='ltr'><strong>loco</strong></span> 
     </span>
     <span class='ocr_line' id='line_1_54' title="bbox 270 5121 2254 5207; baseline -0.002 -16"><span class='ocrx_word' id='word_1_389' title='bbox 270 5133 388 5191; x_wconf 76' lang='lat' dir='ltr'><strong>est</strong></span> <span class='ocrx_word' id='word_1_390' title='bbox 452 5121 833 5203; x_wconf 83' lang='lat' dir='ltr'><strong>exclusiva,</strong></span> <span class='ocrx_word' id='word_1_391' title='bbox 891 5122 1035 5189; x_wconf 90' lang='lat' dir='ltr'><strong>ideo</strong></span> <span class='ocrx_word' id='word_1_392' title='bbox 1090 5122 1348 5190; x_wconf 90' lang='lat' dir='ltr'><strong>reddidi</strong></span> <span class='ocrx_word' id='word_1_393' title='bbox 1402 5145 1519 5207; x_wconf 91' lang='lat' dir='ltr'><strong>per</strong></span> <span class='ocrx_word' id='word_1_394' title='bbox 1576 5121 2055 5188; x_wconf 89' lang='lat' dir='ltr'><strong>tantummodo:</strong></span> <span class='ocrx_word' id='word_1_395' title='bbox 2126 5123 2254 5187; x_wconf 90' lang='lat' dir='ltr'><strong>nisi</strong></span> 
     </span>
     <span class='ocr_line' id='line_1_55' title="bbox 269 5207 2256 5294; baseline -0.001 -18"><span class='ocrx_word' id='word_1_396' title='bbox 269 5212 467 5276; x_wconf 77' lang='lat' dir='ltr'><strong>forte</strong></span> <span class='ocrx_word' id='word_1_397' title='bbox 523 5210 879 5274; x_wconf 83' lang='lat' dir='ltr'><strong>transferre</strong></span> <span class='ocrx_word' id='word_1_398' title='bbox 912 5209 1130 5290; x_wconf 90' lang='lat' dir='ltr'><strong>libeat,</strong></span> <span class='ocrx_word' id='word_1_399' title='bbox 1173 5211 1373 5294; x_wconf 90' lang='lat' dir='ltr'><strong>atqui,</strong></span> <span class='ocrx_word' id='word_1_400' title='bbox 1420 5211 1546 5289; x_wconf 91' lang='lat' dir='ltr'><strong>vel,</strong></span> <span class='ocrx_word' id='word_1_401' title='bbox 1593 5218 1658 5275; x_wconf 91' lang='lat' dir='ltr'><strong>et</strong></span> <span class='ocrx_word' id='word_1_402' title='bbox 1701 5218 1941 5274; x_wconf 90' lang='lat' dir='ltr'><strong>tamen.</strong></span> <span class='ocrx_word' id='word_1_403' title='bbox 2002 5207 2256 5275; x_wconf 83' lang='lat' dir='ltr'><strong>Sensus</strong></span> 
     </span>
     <span class='ocr_line' id='line_1_56' title="bbox 268 5293 2254 5382; baseline -0.001 -20"><span class='ocrx_word' id='word_1_404' title='bbox 268 5294 574 5382; x_wconf 85' lang='lat' dir='ltr'><strong>quidem</strong></span> <span class='ocrx_word' id='word_1_405' title='bbox 619 5293 835 5361; x_wconf 89' lang='lat' dir='ltr'><strong>clarus</strong></span> <span class='ocrx_word' id='word_1_406' title='bbox 879 5305 995 5376; x_wconf 90' lang='lat' dir='ltr'><strong>est,</strong></span> <span class='ocrx_word' id='word_1_407' title='bbox 1041 5297 1280 5375; x_wconf 91' lang='lat' dir='ltr'><strong>Deum,</strong></span> <span class='ocrx_word' id='word_1_408' title='bbox 1338 5294 1729 5381; x_wconf 86' lang='lat' dir='ltr'><strong>posthabitis</strong></span> <span class='ocrx_word' id='word_1_409' title='bbox 1774 5294 2075 5361; x_wconf 89' lang='lat' dir='ltr'><strong>omnibus</strong></span> <span class='ocrx_word' id='word_1_410' title='bbox 2119 5302 2254 5360; x_wconf 89' lang='lat' dir='ltr'><strong>ter-</strong></span> 
     </span>
     <span class='ocr_line' id='line_1_57' title="bbox 267 5379 2256 5467; baseline -0.003 -14"><span class='ocrx_word' id='word_1_411' title='bbox 267 5406 397 5453; x_wconf 84' lang='lat' dir='ltr'><strong>rae</strong></span> <span class='ocrx_word' id='word_1_412' title='bbox 474 5379 744 5467; x_wconf 89' lang='lat' dir='ltr'><strong>populis</strong></span> <span class='ocrx_word' id='word_1_413' title='bbox 806 5381 1156 5465; x_wconf 88' lang='lat' dir='ltr'><strong>adoptasse</strong></span> <span class='ocrx_word' id='word_1_414' title='bbox 1218 5385 1428 5467; x_wconf 88' lang='lat' dir='ltr'><strong>gratis</strong></span> <span class='ocrx_word' id='word_1_415' title='bbox 1494 5382 1836 5449; x_wconf 90' lang='lat' dir='ltr'><strong>Abraham</strong></span> <span class='ocrx_word' id='word_1_416' title='bbox 1899 5402 2045 5448; x_wconf 94' lang='lat' dir='ltr'><strong>cum</strong></span> <span class='ocrx_word' id='word_1_417' title='bbox 2111 5381 2256 5448; x_wconf 90' lang='lat' dir='ltr'><strong>eius</strong></span> 
     </span>
    </p>
   </div>
   <div class='ocr_carea' id='block_1_3' title="bbox 1780 456 2852 524">
    <p class='ocr_par' dir='ltr' id='par_1_7' title="bbox 1780 456 2852 524">
     <span class='ocr_line' id='line_1_58' title="bbox 1780 456 2852 524; baseline -0.001 0"><span class='ocrx_word' id='word_1_418' title='bbox 1780 457 2319 524; x_wconf 77' lang='lat' dir='ltr'><strong>PRAEFATIO</strong></span> <span class='ocrx_word' id='word_1_419' title='bbox 2364 457 2465 524; x_wconf 90' lang='lat' dir='ltr'><strong>IN</strong></span> <span class='ocrx_word' id='word_1_420' title='bbox 2510 456 2852 523; x_wconf 82' lang='lat' dir='ltr'><strong>LEGEM.</strong></span> 
     </span>
    </p>
   </div>
   <div class='ocr_carea' id='block_1_4' title="bbox 2295 664 2348 5447">
    <p class='ocr_par' dir='ltr' id='par_1_8' title="bbox 2295 664 2348 5447">
     <span class='ocr_line' id='line_1_59' title="bbox 2295 664 2348 5447; baseline 0 0"><span class='ocrx_word' id='word_1_421' title='bbox 2295 664 2348 5447; x_wconf 95' lang='lat' dir='ltr'><strong> </strong></span> 
     </span>
    </p>
   </div>
   <div class='ocr_carea' id='block_1_5' title="bbox 4188 460 4319 526">
    <p class='ocr_par' dir='ltr' id='par_1_9' title="bbox 4188 460 4319 526">
     <span class='ocr_line' id='line_1_60' title="bbox 4188 460 4319 526; baseline 0 0"><span class='ocrx_word' id='word_1_422' title='bbox 4188 460 4319 526; x_wconf 80' lang='lat'><strong>222</strong></span> 
     </span>
    </p>
   </div>
   <div class='ocr_carea' id='block_1_6' title="bbox 2356 647 4377 5466">
    <p class='ocr_par' dir='ltr' id='par_1_10' title="bbox 2369 647 4323 971">
     <span class='ocr_line' id='line_1_61' title="bbox 2372 647 4323 732; baseline 0.001 -19"><span class='ocrx_word' id='word_1_423' title='bbox 2372 668 2632 732; x_wconf 86' lang='lat' dir='ltr'><strong>genere.</strong></span> <span class='ocrx_word' id='word_1_424' title='bbox 2723 647 2952 730; x_wconf 90' lang='lat' dir='ltr'><strong>Neque</strong></span> <span class='ocrx_word' id='word_1_425' title='bbox 3021 647 3197 712; x_wconf 89' lang='lat' dir='ltr'><strong>enim</strong></span> <span class='ocrx_word' id='word_1_426' title='bbox 3240 657 3460 730; x_wconf 88' lang='lat' dir='ltr'><strong>patres</strong></span> <span class='ocrx_word' id='word_1_427' title='bbox 3508 656 3759 712; x_wconf 89' lang='lat' dir='ltr'><strong>tantum</strong></span> <span class='ocrx_word' id='word_1_428' title='bbox 3805 647 4075 715; x_wconf 85' lang='lat' dir='ltr'><strong>dilectos</strong></span> <span class='ocrx_word' id='word_1_429' title='bbox 4120 648 4323 715; x_wconf 87' lang='lat' dir='ltr'><strong>fuisse</strong></span> 
     </span>
     <span class='ocr_line' id='line_1_62' title="bbox 2371 732 4315 818; baseline 0.001 -20"><span class='ocrx_word' id='word_1_430' title='bbox 2371 734 2563 811; x_wconf 92' lang='lat' dir='ltr'><strong>dicit,</strong></span> <span class='ocrx_word' id='word_1_431' title='bbox 2641 732 2756 799; x_wconf 87' lang='lat' dir='ltr'><strong>sed</strong></span> <span class='ocrx_word' id='word_1_432' title='bbox 2835 741 3039 799; x_wconf 91' lang='lat' dir='ltr'><strong>totam</strong></span> <span class='ocrx_word' id='word_1_433' title='bbox 3117 733 3404 799; x_wconf 89' lang='lat' dir='ltr'><strong>sobolem</strong></span> <span class='ocrx_word' id='word_1_434' title='bbox 3495 733 3566 798; x_wconf 91' lang='lat' dir='ltr'><strong>in</strong></span> <span class='ocrx_word' id='word_1_435' title='bbox 3676 754 3902 799; x_wconf 86' lang='lat' dir='ltr'><strong>eorum</strong></span> <span class='ocrx_word' id='word_1_436' title='bbox 3986 735 4315 818; x_wconf 88' lang='lat' dir='ltr'><strong>personis:</strong></span> 
     </span>
     <span class='ocr_line' id='line_1_63' title="bbox 2369 818 4317 969; baseline 0.002 -85"><span class='ocrx_word' id='word_1_437' title='bbox 2369 820 2524 969; x_wconf 59' lang='lat' dir='ltr'><strong>guia</strong></span> <span class='ocrx_word' id='word_1_438' title='bbox 2602 818 2845 902; x_wconf 89' lang='lat' dir='ltr'><strong>alioqui</strong></span> <span class='ocrx_word' id='word_1_439' title='bbox 2926 840 3058 884; x_wconf 91' lang='lat' dir='ltr'><strong>non</strong></span> <span class='ocrx_word' id='word_1_440' title='bbox 3143 818 3499 904; x_wconf 87' lang='lat' dir='ltr'><strong>quadraret</strong></span> <span class='ocrx_word' id='word_1_441' title='bbox 3578 840 3746 902; x_wconf 91' lang='lat' dir='ltr'><strong>quae</strong></span> <span class='ocrx_word' id='word_1_442' title='bbox 3825 821 4120 903; x_wconf 89' lang='lat' dir='ltr'><strong>sequitur</strong></span> <span class='ocrx_word' id='word_1_443' title='bbox 4203 843 4317 887; x_wconf 86' lang='lat' dir='ltr'><strong>ex·</strong></span> 
     </span>
     <span class='ocr_line' id='line_1_64' title="bbox 2417 905 2675 971; baseline 0 0"><span class='ocrx_word' id='word_1_444' title='bbox 2417 905 2675 971; x_wconf 89' lang='lat' dir='ltr'><strong>ortatio.</strong></span> 
     </span>
    </p>

    <p class='ocr_par' dir='ltr' id='par_1_11' title="bbox 2356 988 4377 5208">
     <span class='ocr_line' id='line_1_65' title="bbox 2541 988 4317 1075; baseline 0.001 -19"><span class='ocrx_word' id='word_1_445' title='bbox 2541 990 2738 1057; x_wconf 90' lang='lat' dir='ltr'><strong>Deut.</strong></span> <span class='ocrx_word' id='word_1_446' title='bbox 2807 991 2909 1069; x_wconf 90' lang='lat'><strong>10,</strong></span> <span class='ocrx_word' id='word_1_447' title='bbox 2981 990 3081 1055; x_wconf 88' lang='lat'><strong>16.</strong></span> <span class='ocrx_word' id='word_1_448' title='bbox 3174 988 3613 1056; x_wconf 76' lang='lat' dir='ltr'><strong>Circumcidite</strong></span> <span class='ocrx_word' id='word_1_449' title='bbox 3674 992 3887 1075; x_wconf 62' lang='grc' dir='ltr'><strong>ἐρίων.</strong></span> <span class='ocrx_word' id='word_1_450' title='bbox 3999 991 4106 1058; x_wconf 87' lang='lat' dir='ltr'><strong>Ex</strong></span> <span class='ocrx_word' id='word_1_451' title='bbox 4173 993 4317 1058; x_wconf 93' lang='lat' dir='ltr'><strong>illa-</strong></span> 
     </span>
     <span class='ocr_line' id='line_1_66' title="bbox 2370 1075 4316 1160; baseline 0.002 -19"><span class='ocrx_word' id='word_1_452' title='bbox 2370 1077 2545 1141; x_wconf 89' lang='lat' dir='ltr'><strong>tione</strong></span> <span class='ocrx_word' id='word_1_453' title='bbox 2581 1089 2851 1160; x_wconf 86' lang='lat' dir='ltr'><strong>apparet</strong></span> <span class='ocrx_word' id='word_1_454' title='bbox 2887 1097 3198 1159; x_wconf 91' lang='lat' dir='ltr'><strong>quorsum</strong></span> <span class='ocrx_word' id='word_1_455' title='bbox 3233 1075 3603 1159; x_wconf 90' lang='lat' dir='ltr'><strong>adoptionis</strong></span> <span class='ocrx_word' id='word_1_456' title='bbox 3638 1078 3811 1143; x_wconf 84' lang='lat' dir='ltr'><strong>facta</strong></span> <span class='ocrx_word' id='word_1_457' title='bbox 3833 1078 4029 1143; x_wconf 84' lang='lat' dir='ltr'><strong>fuerit</strong></span> <span class='ocrx_word' id='word_1_458' title='bbox 4049 1080 4316 1159; x_wconf 91' lang='lat' dir='ltr'><strong>mentio,</strong></span> 
     </span>
     <span class='ocr_line' id='line_1_67' title="bbox 2373 1161 4377 1246; baseline 0.002 -19"><span class='ocrx_word' id='word_1_459' title='bbox 2373 1183 2606 1246; x_wconf 88' lang='lat' dir='ltr'><strong>nempe</strong></span> <span class='ocrx_word' id='word_1_460' title='bbox 2650 1174 2726 1228; x_wconf 90' lang='lat' dir='ltr'><strong>ut</strong></span> <span class='ocrx_word' id='word_1_461' title='bbox 2768 1164 3057 1228; x_wconf 89' lang='lat' dir='ltr'><strong>sanctius</strong></span> <span class='ocrx_word' id='word_1_462' title='bbox 3101 1171 3168 1227; x_wconf 90' lang='lat' dir='ltr'><strong>et</strong></span> <span class='ocrx_word' id='word_1_463' title='bbox 3210 1161 3454 1227; x_wconf 89' lang='lat' dir='ltr'><strong>maiore</strong></span> <span class='ocrx_word' id='word_1_464' title='bbox 3496 1161 3712 1228; x_wconf 89' lang='lat' dir='ltr'><strong>studio</strong></span> <span class='ocrx_word' id='word_1_465' title='bbox 3759 1164 3971 1229; x_wconf 91' lang='lat' dir='ltr'><strong>Deum</strong></span> <span class='ocrx_word' id='word_1_466' title='bbox 4031 1165 4320 1231; x_wconf 90' lang='lat' dir='ltr'><strong>colerent</strong></span> <span class='ocrx_word' id='word_1_467' title='bbox 4368 1170 4377 1177; x_wconf 85' lang='grc'><em>“</em></span> 
     </span>
     <span class='ocr_line' id='line_1_68' title="bbox 2370 1246 4320 1334; baseline 0.001 -20"><span class='ocrx_word' id='word_1_468' title='bbox 2370 1249 2618 1328; x_wconf 90' lang='lat' dir='ltr'><strong>Iudaei,</strong></span> <span class='ocrx_word' id='word_1_469' title='bbox 2665 1269 2860 1331; x_wconf 90' lang='lat' dir='ltr'><strong>quem</strong></span> <span class='ocrx_word' id='word_1_470' title='bbox 2908 1258 3043 1313; x_wconf 89' lang='lat' dir='ltr'><strong>tam</strong></span> <span class='ocrx_word' id='word_1_471' title='bbox 3087 1246 3451 1314; x_wconf 85' lang='lat' dir='ltr'><strong>beneficum</strong></span> <span class='ocrx_word' id='word_1_472' title='bbox 3495 1249 3753 1331; x_wconf 89' lang='lat' dir='ltr'><strong>experti</strong></span> <span class='ocrx_word' id='word_1_473' title='bbox 3797 1262 4003 1315; x_wconf 82' lang='lat' dir='ltr'><strong>erant.</strong></span> <span class='ocrx_word' id='word_1_474' title='bbox 4085 1251 4320 1334; x_wconf 85' lang='lat' dir='ltr'><strong>Exigit</strong></span> 
     </span>
     <span class='ocr_line' id='line_1_69' title="bbox 2371 1333 4318 1420; baseline 0.002 -20"><span class='ocrx_word' id='word_1_475' title='bbox 2371 1356 2527 1419; x_wconf 88' lang='lat' dir='ltr'><strong>ergo</strong></span> <span class='ocrx_word' id='word_1_476' title='bbox 2573 1348 2876 1399; x_wconf 90' lang='lat' dir='ltr'><strong>mutuum</strong></span> <span class='ocrx_word' id='word_1_477' title='bbox 2942 1354 3249 1399; x_wconf 88' lang='lat' dir='ltr'><strong>amorem.</strong></span> <span class='ocrx_word' id='word_1_478' title='bbox 3338 1333 3525 1399; x_wconf 87' lang='lat' dir='ltr'><strong>Nihil</strong></span> <span class='ocrx_word' id='word_1_479' title='bbox 3589 1336 3762 1399; x_wconf 91' lang='lat' dir='ltr'><strong>enim</strong></span> <span class='ocrx_word' id='word_1_480' title='bbox 3821 1337 4079 1419; x_wconf 89' lang='lat' dir='ltr'><strong>turpius</strong></span> <span class='ocrx_word' id='word_1_481' title='bbox 4122 1358 4318 1420; x_wconf 89' lang='lat' dir='ltr'><strong>quam</strong></span> 
     </span>
     <span class='ocr_line' id='line_1_70' title="bbox 2372 1419 4317 1504; baseline 0.002 -19"><span class='ocrx_word' id='word_1_482' title='bbox 2372 1443 2504 1486; x_wconf 90' lang='lat' dir='ltr'><strong>non</strong></span> <span class='ocrx_word' id='word_1_483' title='bbox 2552 1421 2782 1485; x_wconf 88' lang='lat' dir='ltr'><strong>testari</strong></span> <span class='ocrx_word' id='word_1_484' title='bbox 2824 1419 3298 1504; x_wconf 88' lang='lat' dir='ltr'><strong>gratitudinem</strong></span> <span class='ocrx_word' id='word_1_485' title='bbox 3344 1421 3449 1502; x_wconf 90' lang='lat' dir='ltr'><strong>pie</strong></span> <span class='ocrx_word' id='word_1_486' title='bbox 3492 1422 3790 1503; x_wconf 89' lang='lat' dir='ltr'><strong>iusteque</strong></span> <span class='ocrx_word' id='word_1_487' title='bbox 3835 1421 4133 1488; x_wconf 87' lang='lat' dir='ltr'><strong>vivendo.</strong></span> <span class='ocrx_word' id='word_1_488' title='bbox 4181 1422 4317 1489; x_wconf 91' lang='lat' dir='ltr'><strong>Sed</strong></span> 
     </span>
     <span class='ocr_line' id='line_1_71' title="bbox 2370 1506 4315 1590; baseline 0.002 -19"><span class='ocrx_word' id='word_1_489' title='bbox 2370 1508 2524 1590; x_wconf 91' lang='lat' dir='ltr'><strong>quia</strong></span> <span class='ocrx_word' id='word_1_490' title='bbox 2571 1514 2807 1571; x_wconf 88' lang='lat' dir='ltr'><strong>natura</strong></span> <span class='ocrx_word' id='word_1_491' title='bbox 2849 1506 3122 1570; x_wconf 91' lang='lat' dir='ltr'><strong>minime</strong></span> <span class='ocrx_word' id='word_1_492' title='bbox 3167 1509 3472 1589; x_wconf 89' lang='lat' dir='ltr'><strong>propensi</strong></span> <span class='ocrx_word' id='word_1_493' title='bbox 3530 1516 3687 1572; x_wconf 86' lang='lat' dir='ltr'><strong>sunt</strong></span> <span class='ocrx_word' id='word_1_494' title='bbox 3731 1516 3848 1571; x_wconf 91' lang='lat' dir='ltr'><strong>aut</strong></span> <span class='ocrx_word' id='word_1_495' title='bbox 3890 1506 4156 1574; x_wconf 89' lang='lat' dir='ltr'><strong>formati</strong></span> <span class='ocrx_word' id='word_1_496' title='bbox 4200 1509 4315 1574; x_wconf 90' lang='lat' dir='ltr'><strong>ho·</strong></span> 
     </span>
     <span class='ocr_line' id='line_1_72' title="bbox 2368 1590 4321 1675; baseline 0.002 -17"><span class='ocrx_word' id='word_1_497' title='bbox 2368 1593 2583 1658; x_wconf 90' lang='lat' dir='ltr'><strong>mines</strong></span> <span class='ocrx_word' id='word_1_498' title='bbox 2644 1592 2725 1657; x_wconf 92' lang='lat' dir='ltr'><strong>ad</strong></span> <span class='ocrx_word' id='word_1_499' title='bbox 2769 1590 2898 1656; x_wconf 92' lang='lat' dir='ltr'><strong>Dei</strong></span> <span class='ocrx_word' id='word_1_500' title='bbox 2959 1593 3373 1675; x_wconf 83' lang='lat' dir='ltr'><strong>obsequium,</strong></span> <span class='ocrx_word' id='word_1_501' title='bbox 3431 1592 3737 1658; x_wconf 82' lang='lat' dir='ltr'><strong>hortatur</strong></span> <span class='ocrx_word' id='word_1_502' title='bbox 3793 1613 3901 1658; x_wconf 90' lang='lat' dir='ltr'><strong>eos</strong></span> <span class='ocrx_word' id='word_1_503' title='bbox 3958 1594 4179 1660; x_wconf 83' lang='lat' dir='ltr'><strong>Moses</strong></span> <span class='ocrx_word' id='word_1_504' title='bbox 4236 1595 4321 1661; x_wconf 87' lang='lat' dir='ltr'><strong>ad</strong></span> 
     </span>
     <span class='ocr_line' id='line_1_73' title="bbox 2370 1678 4320 1766; baseline 0.001 -22"><span class='ocrx_word' id='word_1_505' title='bbox 2370 1680 2475 1744; x_wconf 92' lang='lat' dir='ltr'><strong>sui</strong></span> <span class='ocrx_word' id='word_1_506' title='bbox 2516 1678 3048 1762; x_wconf 87' lang='lat' dir='ltr'><strong>abnegationem,</strong></span> <span class='ocrx_word' id='word_1_507' title='bbox 3105 1690 3302 1760; x_wconf 85' lang='lat' dir='ltr'><strong>atque</strong></span> <span class='ocrx_word' id='word_1_508' title='bbox 3348 1679 3429 1742; x_wconf 92' lang='lat' dir='ltr'><strong>ad</strong></span> <span class='ocrx_word' id='word_1_509' title='bbox 3476 1678 3835 1745; x_wconf 84' lang='lat' dir='ltr'><strong>domandos</strong></span> <span class='ocrx_word' id='word_1_510' title='bbox 3879 1689 3945 1744; x_wconf 91' lang='lat' dir='ltr'><strong>et</strong></span> <span class='ocrx_word' id='word_1_511' title='bbox 3987 1681 4320 1766; x_wconf 88' lang='lat' dir='ltr'><strong>corrigen-</strong></span> 
     </span>
     <span class='ocr_line' id='line_1_74' title="bbox 2372 1763 4323 1833; baseline 0.002 -4"><span class='ocrx_word' id='word_1_512' title='bbox 2372 1766 2489 1830; x_wconf 93' lang='lat' dir='ltr'><strong>dos</strong></span> <span class='ocrx_word' id='word_1_513' title='bbox 2534 1764 2752 1830; x_wconf 89' lang='lat' dir='ltr'><strong>carnis</strong></span> <span class='ocrx_word' id='word_1_514' title='bbox 2796 1763 3085 1830; x_wconf 86' lang='lat' dir='ltr'><strong>affectus.</strong></span> <span class='ocrx_word' id='word_1_515' title='bbox 3177 1764 3344 1828; x_wconf 91' lang='lat' dir='ltr'><strong>Nam</strong></span> <span class='ocrx_word' id='word_1_516' title='bbox 3392 1784 3503 1830; x_wconf 91' lang='lat' dir='ltr'><strong>cor</strong></span> <span class='ocrx_word' id='word_1_517' title='bbox 3547 1764 4014 1830; x_wconf 86' lang='lat' dir='ltr'><strong>circumcidere</strong></span> <span class='ocrx_word' id='word_1_518' title='bbox 4058 1778 4323 1833; x_wconf 89' lang='lat' dir='ltr'><strong>tantun-</strong></span> 
     </span>
     <span class='ocr_line' id='line_1_75' title="bbox 2371 1848 4323 1934; baseline 0.002 -19"><span class='ocrx_word' id='word_1_519' title='bbox 2371 1850 2520 1916; x_wconf 92' lang='lat' dir='ltr'><strong>dem</strong></span> <span class='ocrx_word' id='word_1_520' title='bbox 2568 1851 2743 1917; x_wconf 89' lang='lat' dir='ltr'><strong>valet</strong></span> <span class='ocrx_word' id='word_1_521' title='bbox 2787 1870 2861 1915; x_wconf 91' lang='lat' dir='ltr'><strong>ao</strong></span> <span class='ocrx_word' id='word_1_522' title='bbox 2907 1870 3191 1934; x_wconf 89' lang='lat' dir='ltr'><strong>purgare</strong></span> <span class='ocrx_word' id='word_1_523' title='bbox 3238 1851 3464 1934; x_wconf 90' lang='lat' dir='ltr'><strong>pravis</strong></span> <span class='ocrx_word' id='word_1_524' title='bbox 3509 1848 3994 1933; x_wconf 89' lang='lat' dir='ltr'><strong>cupiditatibus.</strong></span> <span class='ocrx_word' id='word_1_525' title='bbox 4056 1853 4323 1919; x_wconf 87' lang='lat' dir='ltr'><strong>Interea</strong></span> 
     </span>
     <span class='ocr_line' id='line_1_76' title="bbox 2372 1936 4323 2021; baseline 0.001 -18"><span class='ocrx_word' id='word_1_526' title='bbox 2372 1937 2651 2021; x_wconf 85' lang='lat' dir='ltr'><strong>castigat</strong></span> <span class='ocrx_word' id='word_1_527' title='bbox 2692 1936 3092 2019; x_wconf 88' lang='lat' dir='ltr'><strong>superiorem</strong></span> <span class='ocrx_word' id='word_1_528' title='bbox 3137 1956 3363 2002; x_wconf 87' lang='lat' dir='ltr'><strong>corum</strong></span> <span class='ocrx_word' id='word_1_529' title='bbox 3408 1937 3916 2017; x_wconf 84' lang='lat' dir='ltr'><strong>contumaciam,</strong></span> <span class='ocrx_word' id='word_1_530' title='bbox 3983 1939 4094 2003; x_wconf 90' lang='lat' dir='ltr'><strong>ubi</strong></span> <span class='ocrx_word' id='word_1_531' title='bbox 4141 1947 4323 2005; x_wconf 83' lang='lat' dir='ltr'><strong>vetat</strong></span> 
     </span>
     <span class='ocr_line' id='line_1_77' title="bbox 2374 2022 4320 2106; baseline 0.002 -18"><span class='ocrx_word' id='word_1_532' title='bbox 2374 2023 2680 2106; x_wconf 89' lang='lat' dir='ltr'><strong>amplius,</strong></span> <span class='ocrx_word' id='word_1_533' title='bbox 2724 2022 2831 2088; x_wconf 90' lang='lat' dir='ltr'><strong>vel</strong></span> <span class='ocrx_word' id='word_1_534' title='bbox 2876 2022 2945 2086; x_wconf 91' lang='lat' dir='ltr'><strong>in</strong></span> <span class='ocrx_word' id='word_1_535' title='bbox 2989 2034 3360 2106; x_wconf 89' lang='lat' dir='ltr'><strong>posterum,</strong></span> <span class='ocrx_word' id='word_1_536' title='bbox 3420 2024 3588 2089; x_wconf 91' lang='lat' dir='ltr'><strong>dura</strong></span> <span class='ocrx_word' id='word_1_537' title='bbox 3644 2044 3784 2088; x_wconf 90' lang='lat' dir='ltr'><strong>esse</strong></span> <span class='ocrx_word' id='word_1_538' title='bbox 3825 2026 4097 2101; x_wconf 76' lang='lat' dir='ltr'><strong>cervice,</strong></span> <span class='ocrx_word' id='word_1_539' title='bbox 4144 2045 4219 2090; x_wconf 92' lang='lat' dir='ltr'><strong>ac</strong></span> <span class='ocrx_word' id='word_1_540' title='bbox 4263 2025 4320 2091; x_wconf 90' lang='lat' dir='ltr'><strong>si</strong></span> 
     </span>
     <span class='ocr_line' id='line_1_78' title="bbox 2372 2106 4319 2193; baseline 0.002 -19"><span class='ocrx_word' id='word_1_541' title='bbox 2372 2109 2651 2185; x_wconf 89' lang='lat' dir='ltr'><strong>diceret,</strong></span> <span class='ocrx_word' id='word_1_542' title='bbox 2719 2106 2983 2173; x_wconf 90' lang='lat' dir='ltr'><strong>tandem</strong></span> <span class='ocrx_word' id='word_1_543' title='bbox 3050 2106 3417 2173; x_wconf 89' lang='lat' dir='ltr'><strong>exuendam</strong></span> <span class='ocrx_word' id='word_1_544' title='bbox 3485 2131 3628 2175; x_wconf 85' lang='lat' dir='ltr'><strong>esse</strong></span> <span class='ocrx_word' id='word_1_545' title='bbox 3689 2110 3867 2174; x_wconf 91' lang='lat' dir='ltr'><strong>illam</strong></span> <span class='ocrx_word' id='word_1_546' title='bbox 3925 2110 4319 2193; x_wconf 86' lang='lat' dir='ltr'><strong>pravitatem</strong></span> 
     </span>
     <span class='ocr_line' id='line_1_79' title="bbox 2372 2194 4320 2280; baseline 0.002 -21"><span class='ocrx_word' id='word_1_547' title='bbox 2372 2195 2652 2280; x_wconf 89' lang='lat' dir='ltr'><strong>ingenii,</strong></span> <span class='ocrx_word' id='word_1_548' title='bbox 2707 2195 2779 2259; x_wconf 92' lang='lat' dir='ltr'><strong>in</strong></span> <span class='ocrx_word' id='word_1_549' title='bbox 2832 2216 2960 2277; x_wconf 93' lang='lat' dir='ltr'><strong>qua</strong></span> <span class='ocrx_word' id='word_1_550' title='bbox 3019 2195 3219 2262; x_wconf 90' lang='lat' dir='ltr'><strong>nimis</strong></span> <span class='ocrx_word' id='word_1_551' title='bbox 3279 2194 3391 2260; x_wconf 90' lang='lat' dir='ltr'><strong>diu</strong></span> <span class='ocrx_word' id='word_1_552' title='bbox 3433 2195 3898 2261; x_wconf 85' lang='lat' dir='ltr'><strong>obduruerant.</strong></span> <span class='ocrx_word' id='word_1_553' title='bbox 3988 2197 4320 2262; x_wconf 81' lang='lat' dir='ltr'><strong>Tenemus</strong></span> 
     </span>
     <span class='ocr_line' id='line_1_80' title="bbox 2372 2281 4320 2364; baseline 0.001 -17"><span class='ocrx_word' id='word_1_554' title='bbox 2372 2303 2550 2348; x_wconf 91' lang='lat' dir='ltr'><strong>nunc</strong></span> <span class='ocrx_word' id='word_1_555' title='bbox 2594 2281 2942 2348; x_wconf 90' lang='lat' dir='ltr'><strong>consilium</strong></span> <span class='ocrx_word' id='word_1_556' title='bbox 2989 2281 3215 2347; x_wconf 83' lang='lat' dir='ltr'><strong>Mosis.</strong></span> <span class='ocrx_word' id='word_1_557' title='bbox 3304 2281 3474 2346; x_wconf 90' lang='lat' dir='ltr'><strong>Vult</strong></span> <span class='ocrx_word' id='word_1_558' title='bbox 3517 2304 3670 2348; x_wconf 88' lang='lat' dir='ltr'><strong>suos</strong></span> <span class='ocrx_word' id='word_1_559' title='bbox 3727 2283 4074 2364; x_wconf 91' lang='lat' dir='ltr'><strong>populares</strong></span> <span class='ocrx_word' id='word_1_560' title='bbox 4120 2284 4320 2348; x_wconf 93' lang='lat' dir='ltr'><strong>mori-</strong></span> 
     </span>
     <span class='ocr_line' id='line_1_81' title="bbox 2372 2366 4320 2452; baseline 0.001 -19"><span class='ocrx_word' id='word_1_561' title='bbox 2372 2389 2563 2452; x_wconf 88' lang='lat' dir='ltr'><strong>geros</strong></span> <span class='ocrx_word' id='word_1_562' title='bbox 2606 2388 2748 2433; x_wconf 90' lang='lat' dir='ltr'><strong>esse</strong></span> <span class='ocrx_word' id='word_1_563' title='bbox 2790 2367 2934 2431; x_wconf 86' lang='lat' dir='ltr'><strong>Deo</strong></span> <span class='ocrx_word' id='word_1_564' title='bbox 2978 2376 3046 2432; x_wconf 88' lang='lat' dir='ltr'><strong>et</strong></span> <span class='ocrx_word' id='word_1_565' title='bbox 3086 2366 3491 2448; x_wconf 88' lang='lat' dir='ltr'><strong>obedientes,</strong></span> <span class='ocrx_word' id='word_1_566' title='bbox 3556 2389 3596 2433; x_wconf 93' lang='lat' dir='ltr'><strong>a</strong></span> <span class='ocrx_word' id='word_1_567' title='bbox 3651 2389 3778 2451; x_wconf 90' lang='lat' dir='ltr'><strong>quo</strong></span> <span class='ocrx_word' id='word_1_568' title='bbox 3836 2377 3971 2433; x_wconf 90' lang='lat' dir='ltr'><strong>tam</strong></span> <span class='ocrx_word' id='word_1_569' title='bbox 4042 2368 4320 2452; x_wconf 88' lang='lat' dir='ltr'><strong>benigne</strong></span> 
     </span>
     <span class='ocr_line' id='line_1_82' title="bbox 2371 2453 4319 2538; baseline 0 -19"><span class='ocrx_word' id='word_1_570' title='bbox 2371 2454 2709 2538; x_wconf 90' lang='lat' dir='ltr'><strong>provocati</strong></span> <span class='ocrx_word' id='word_1_571' title='bbox 2788 2455 3067 2518; x_wconf 88' lang='lat' dir='ltr'><strong>fuerant.</strong></span> <span class='ocrx_word' id='word_1_572' title='bbox 3187 2453 3319 2520; x_wconf 89' lang='lat' dir='ltr'><strong>Sed</strong></span> <span class='ocrx_word' id='word_1_573' title='bbox 3399 2455 3556 2536; x_wconf 91' lang='lat' dir='ltr'><strong>quia</strong></span> <span class='ocrx_word' id='word_1_574' title='bbox 3631 2454 3951 2520; x_wconf 86' lang='lat' dir='ltr'><strong>hactenus</strong></span> <span class='ocrx_word' id='word_1_575' title='bbox 4021 2456 4319 2537; x_wconf 89' lang='lat' dir='ltr'><strong>iniquam</strong></span> 
     </span>
     <span class='ocr_line' id='line_1_83' title="bbox 2372 2539 4321 2623; baseline 0.001 -18"><span class='ocrx_word' id='word_1_576' title='bbox 2372 2540 2814 2623; x_wconf 88' lang='lat' dir='ltr'><strong>rependerant</strong></span> <span class='ocrx_word' id='word_1_577' title='bbox 2869 2539 3149 2623; x_wconf 88' lang='lat' dir='ltr'><strong>gratiam</strong></span> <span class='ocrx_word' id='word_1_578' title='bbox 3212 2540 3392 2605; x_wconf 90' lang='lat' dir='ltr'><strong>illius</strong></span> <span class='ocrx_word' id='word_1_579' title='bbox 3456 2540 3823 2616; x_wconf 85' lang='lat' dir='ltr'><strong>beneficiis,</strong></span> <span class='ocrx_word' id='word_1_580' title='bbox 3892 2539 4087 2606; x_wconf 89' lang='lat' dir='ltr'><strong>simul</strong></span> <span class='ocrx_word' id='word_1_581' title='bbox 4141 2541 4321 2606; x_wconf 88' lang='lat' dir='ltr'><strong>iubet</strong></span> 
     </span>
     <span class='ocr_line' id='line_1_84' title="bbox 2371 2625 4320 2693; baseline 0.001 -2"><span class='ocrx_word' id='word_1_582' title='bbox 2371 2649 2588 2691; x_wconf 88' lang='lat' dir='ltr'><strong>mores</strong></span> <span class='ocrx_word' id='word_1_583' title='bbox 2652 2627 2720 2691; x_wconf 89' lang='lat' dir='ltr'><strong>in</strong></span> <span class='ocrx_word' id='word_1_584' title='bbox 2789 2625 3021 2692; x_wconf 89' lang='lat' dir='ltr'><strong>melius</strong></span> <span class='ocrx_word' id='word_1_585' title='bbox 3084 2638 3355 2691; x_wconf 88' lang='lat' dir='ltr'><strong>mutare.</strong></span> <span class='ocrx_word' id='word_1_586' title='bbox 3443 2626 3677 2692; x_wconf 91' lang='lat' dir='ltr'><strong>Priore</strong></span> <span class='ocrx_word' id='word_1_587' title='bbox 3739 2637 3958 2692; x_wconf 89' lang='lat' dir='ltr'><strong>autem</strong></span> <span class='ocrx_word' id='word_1_588' title='bbox 4025 2626 4320 2693; x_wconf 90' lang='lat' dir='ltr'><strong>membro</strong></span> 
     </span>
     <span class='ocr_line' id='line_1_85' title="bbox 2372 2712 4320 2796; baseline 0.001 -20"><span class='ocrx_word' id='word_1_589' title='bbox 2372 2712 2606 2777; x_wconf 91' lang='lat' dir='ltr'><strong>alludit</strong></span> <span class='ocrx_word' id='word_1_590' title='bbox 2650 2712 2731 2777; x_wconf 90' lang='lat' dir='ltr'><strong>ad</strong></span> <span class='ocrx_word' id='word_1_591' title='bbox 2778 2714 2975 2776; x_wconf 89' lang='lat' dir='ltr'><strong>ritum</strong></span> <span class='ocrx_word' id='word_1_592' title='bbox 3037 2712 3333 2796; x_wconf 87' lang='lat' dir='ltr'><strong>legalem.</strong></span> <span class='ocrx_word' id='word_1_593' title='bbox 3425 2713 3852 2778; x_wconf 90' lang='lat' dir='ltr'><strong>Oircumcisio</strong></span> <span class='ocrx_word' id='word_1_594' title='bbox 3910 2713 4085 2777; x_wconf 91' lang='lat' dir='ltr'><strong>enim</strong></span> <span class='ocrx_word' id='word_1_595' title='bbox 4132 2713 4320 2795; x_wconf 90' lang='lat' dir='ltr'><strong>quasi</strong></span> 
     </span>
     <span class='ocr_line' id='line_1_86' title="bbox 2373 2799 4321 2882; baseline 0.001 -19"><span class='ocrx_word' id='word_1_596' title='bbox 2373 2799 2664 2863; x_wconf 89' lang='lat' dir='ltr'><strong>solennis</strong></span> <span class='ocrx_word' id='word_1_597' title='bbox 2710 2800 3109 2864; x_wconf 89' lang='lat' dir='ltr'><strong>consecratio</strong></span> <span class='ocrx_word' id='word_1_598' title='bbox 3156 2807 3315 2876; x_wconf 77' lang='lat' dir='ltr'><strong>enat,</strong></span> <span class='ocrx_word' id='word_1_599' title='bbox 3371 2819 3500 2882; x_wconf 90' lang='lat' dir='ltr'><strong>qua</strong></span> <span class='ocrx_word' id='word_1_600' title='bbox 3541 2799 3970 2864; x_wconf 86' lang='lat' dir='ltr'><strong>initiabantur</strong></span> <span class='ocrx_word' id='word_1_601' title='bbox 4010 2799 4321 2864; x_wconf 86' lang='lat' dir='ltr'><strong>Abrahae</strong></span> 
     </span>
     <span class='ocr_line' id='line_1_87' title="bbox 2372 2883 4320 2967; baseline 0.001 -18"><span class='ocrx_word' id='word_1_602' title='bbox 2372 2885 2491 2949; x_wconf 89' lang='lat' dir='ltr'><strong>filii</strong></span> <span class='ocrx_word' id='word_1_603' title='bbox 2555 2885 2625 2947; x_wconf 90' lang='lat' dir='ltr'><strong>in</strong></span> <span class='ocrx_word' id='word_1_604' title='bbox 2672 2884 2798 2948; x_wconf 92' lang='lat' dir='ltr'><strong>Dei</strong></span> <span class='ocrx_word' id='word_1_605' title='bbox 2864 2883 3113 2949; x_wconf 88' lang='lat' dir='ltr'><strong>cultum</strong></span> <span class='ocrx_word' id='word_1_606' title='bbox 3182 2896 3250 2949; x_wconf 91' lang='lat' dir='ltr'><strong>et</strong></span> <span class='ocrx_word' id='word_1_607' title='bbox 3308 2905 3532 2950; x_wconf 89' lang='lat' dir='ltr'><strong>veram</strong></span> <span class='ocrx_word' id='word_1_608' title='bbox 3594 2886 3934 2967; x_wconf 87' lang='lat' dir='ltr'><strong>pietatem,</strong></span> <span class='ocrx_word' id='word_1_609' title='bbox 3997 2896 4064 2949; x_wconf 92' lang='lat' dir='ltr'><strong>et</strong></span> <span class='ocrx_word' id='word_1_610' title='bbox 4121 2885 4320 2950; x_wconf 88' lang='lat' dir='ltr'><strong>simul</strong></span> 
     </span>
     <span class='ocr_line' id='line_1_88' title="bbox 2374 2969 4317 3055; baseline 0.001 -20"><span class='ocrx_word' id='word_1_611' title='bbox 2374 2993 2413 3035; x_wconf 83' lang='lat' dir='ltr'><strong>a</strong></span> <span class='ocrx_word' id='word_1_612' title='bbox 2457 2969 2748 3054; x_wconf 86' lang='lat' dir='ltr'><strong>profanis</strong></span> <span class='ocrx_word' id='word_1_613' title='bbox 2794 2970 3096 3053; x_wconf 90' lang='lat' dir='ltr'><strong>gentibus</strong></span> <span class='ocrx_word' id='word_1_614' title='bbox 3140 2991 3329 3055; x_wconf 90' lang='lat' dir='ltr'><strong>segre</strong></span> <span class='ocrx_word' id='word_1_615' title='bbox 3420 2970 3686 3049; x_wconf 88' lang='lat' dir='ltr'><strong>bantur,</strong></span> <span class='ocrx_word' id='word_1_616' title='bbox 3750 2984 3826 3034; x_wconf 94' lang='lat' dir='ltr'><strong>ut</strong></span> <span class='ocrx_word' id='word_1_617' title='bbox 3868 2983 4087 3035; x_wconf 89' lang='lat' dir='ltr'><strong>essent</strong></span> <span class='ocrx_word' id='word_1_618' title='bbox 4128 2991 4317 3037; x_wconf 88' lang='lat' dir='ltr'><strong>sano-</strong></span> 
     </span>
     <span class='ocr_line' id='line_1_89' title="bbox 2373 3055 4318 3140; baseline 0.001 -18"><span class='ocrx_word' id='word_1_619' title='bbox 2373 3066 2517 3122; x_wconf 90' lang='lat' dir='ltr'><strong>tum</strong></span> <span class='ocrx_word' id='word_1_620' title='bbox 2584 3056 2929 3140; x_wconf 89' lang='lat' dir='ltr'><strong>peculium.</strong></span> <span class='ocrx_word' id='word_1_621' title='bbox 3040 3055 3259 3140; x_wconf 88' lang='lat' dir='ltr'><strong>Atque</strong></span> <span class='ocrx_word' id='word_1_622' title='bbox 3385 3058 3439 3122; x_wconf 86' lang='lat' dir='ltr'><strong>is</strong></span> <span class='ocrx_word' id='word_1_623' title='bbox 3506 3055 3764 3139; x_wconf 88' lang='lat' dir='ltr'><strong>quidem</strong></span> <span class='ocrx_word' id='word_1_624' title='bbox 3827 3055 4221 3123; x_wconf 90' lang='lat' dir='ltr'><strong>rudimentis</strong></span> <span class='ocrx_word' id='word_1_625' title='bbox 4278 3078 4318 3123; x_wconf 91' lang='lat' dir='ltr'><strong>a</strong></span> 
     </span>
     <span class='ocr_line' id='line_1_90' title="bbox 2373 3142 4317 3227; baseline 0 -19"><span class='ocrx_word' id='word_1_626' title='bbox 2373 3143 2654 3227; x_wconf 86' lang='lat' dir='ltr'><strong>pueritia</strong></span> <span class='ocrx_word' id='word_1_627' title='bbox 2719 3142 3007 3207; x_wconf 85' lang='lat' dir='ltr'><strong>imbutos</strong></span> <span class='ocrx_word' id='word_1_628' title='bbox 3074 3164 3216 3208; x_wconf 89' lang='lat' dir='ltr'><strong>esse</strong></span> <span class='ocrx_word' id='word_1_629' title='bbox 3282 3145 3603 3226; x_wconf 89' lang='lat' dir='ltr'><strong>oportuit,</strong></span> <span class='ocrx_word' id='word_1_630' title='bbox 3668 3152 3741 3207; x_wconf 90' lang='lat' dir='ltr'><strong>ut</strong></span> <span class='ocrx_word' id='word_1_631' title='bbox 3806 3164 3890 3208; x_wconf 89' lang='lat' dir='ltr'><strong>ex</strong></span> <span class='ocrx_word' id='word_1_632' title='bbox 3955 3142 4145 3226; x_wconf 88' lang='lat' dir='ltr'><strong>signo</strong></span> <span class='ocrx_word' id='word_1_633' title='bbox 4200 3143 4317 3208; x_wconf 93' lang='lat' dir='ltr'><strong>illo</strong></span> 
     </span>
     <span class='ocr_line' id='line_1_91' title="bbox 2373 3226 4319 3312; baseline 0.001 -18"><span class='ocrx_word' id='word_1_634' title='bbox 2373 3230 2618 3294; x_wconf 84' lang='lat' dir='ltr'><strong>visibili</strong></span> <span class='ocrx_word' id='word_1_635' title='bbox 2686 3227 3013 3295; x_wconf 89' lang='lat' dir='ltr'><strong>discerent</strong></span> <span class='ocrx_word' id='word_1_636' title='bbox 3077 3230 3291 3294; x_wconf 90' lang='lat' dir='ltr'><strong>carnis</strong></span> <span class='ocrx_word' id='word_1_637' title='bbox 3357 3240 3419 3293; x_wconf 92' lang='lat' dir='ltr'><strong>et</strong></span> <span class='ocrx_word' id='word_1_638' title='bbox 3501 3226 3731 3292; x_wconf 90' lang='lat' dir='ltr'><strong>mundi</strong></span> <span class='ocrx_word' id='word_1_639' title='bbox 3808 3229 4319 3312; x_wconf 89' lang='lat' dir='ltr'><strong>inquinamentis</strong></span> 
     </span>
     <span class='ocr_line' id='line_1_92' title="bbox 2373 3314 4318 3381; baseline 0 0"><span class='ocrx_word' id='word_1_640' title='bbox 2373 3315 2892 3381; x_wconf 90' lang='lat' dir='ltr'><strong>renunciandum</strong></span> <span class='ocrx_word' id='word_1_641' title='bbox 2964 3335 3124 3381; x_wconf 86' lang='lat' dir='ltr'><strong>esse.</strong></span> <span class='ocrx_word' id='word_1_642' title='bbox 3235 3316 3450 3380; x_wconf 87' lang='lat' dir='ltr'><strong>Erant</strong></span> <span class='ocrx_word' id='word_1_643' title='bbox 3515 3325 3581 3379; x_wconf 93' lang='lat' dir='ltr'><strong>et</strong></span> <span class='ocrx_word' id='word_1_644' title='bbox 3635 3314 3745 3379; x_wconf 90' lang='lat' dir='ltr'><strong>alii</strong></span> <span class='ocrx_word' id='word_1_645' title='bbox 3803 3314 4318 3381; x_wconf 89' lang='lat' dir='ltr'><strong>circumcisionis</strong></span> 
     </span>
     <span class='ocr_line' id='line_1_93' title="bbox 2372 3399 4314 3484; baseline -0.002 -18"><span class='ocrx_word' id='word_1_646' title='bbox 2372 3403 2572 3467; x_wconf 88' lang='lat' dir='ltr'><strong>fines:</strong></span> <span class='ocrx_word' id='word_1_647' title='bbox 2640 3422 2868 3465; x_wconf 88' lang='lat' dir='ltr'><strong>verum</strong></span> <span class='ocrx_word' id='word_1_648' title='bbox 2923 3399 3030 3467; x_wconf 89' lang='lat' dir='ltr'><strong>hic</strong></span> <span class='ocrx_word' id='word_1_649' title='bbox 3085 3410 3340 3466; x_wconf 85' lang='lat' dir='ltr'><strong>tantum</strong></span> <span class='ocrx_word' id='word_1_650' title='bbox 3396 3400 3478 3465; x_wconf 92' lang='lat' dir='ltr'><strong>de</strong></span> <span class='ocrx_word' id='word_1_651' title='bbox 3523 3400 3697 3465; x_wconf 87' lang='lat' dir='ltr'><strong>vitae</strong></span> <span class='ocrx_word' id='word_1_652' title='bbox 3740 3402 4032 3465; x_wconf 91' lang='lat' dir='ltr'><strong>novitate</strong></span> <span class='ocrx_word' id='word_1_653' title='bbox 4076 3401 4314 3484; x_wconf 90' lang='lat' dir='ltr'><strong>agitur,</strong></span> 
     </span>
     <span class='ocr_line' id='line_1_94' title="bbox 2372 3484 4317 3569; baseline -0.001 -17"><span class='ocrx_word' id='word_1_654' title='bbox 2372 3497 2490 3552; x_wconf 90' lang='lat' dir='ltr'><strong>aut</strong></span> <span class='ocrx_word' id='word_1_655' title='bbox 2524 3486 2996 3569; x_wconf 90' lang='lat' dir='ltr'><strong>resipiscentia.</strong></span> <span class='ocrx_word' id='word_1_656' title='bbox 3055 3487 3278 3568; x_wconf 78' lang='lat' dir='ltr'><strong>Quare</strong></span> <span class='ocrx_word' id='word_1_657' title='bbox 3312 3507 3573 3554; x_wconf 88' lang='lat' dir='ltr'><strong>summa</strong></span> <span class='ocrx_word' id='word_1_658' title='bbox 3607 3495 3726 3564; x_wconf 91' lang='lat' dir='ltr'><strong>est,</strong></span> <span class='ocrx_word' id='word_1_659' title='bbox 3763 3507 3967 3569; x_wconf 90' lang='lat' dir='ltr'><strong>quum</strong></span> <span class='ocrx_word' id='word_1_660' title='bbox 4003 3486 4150 3551; x_wconf 91' lang='lat' dir='ltr'><strong>illos</strong></span> <span class='ocrx_word' id='word_1_661' title='bbox 4192 3484 4317 3551; x_wconf 92' lang='lat' dir='ltr'><strong>sibi</strong></span> 
     </span>
     <span class='ocr_line' id='line_1_95' title="bbox 2372 3571 4316 3657; baseline 0 -20"><span class='ocrx_word' id='word_1_662' title='bbox 2372 3572 2562 3640; x_wconf 91' lang='lat' dir='ltr'><strong>Deus</strong></span> <span class='ocrx_word' id='word_1_663' title='bbox 2603 3573 2875 3657; x_wconf 86' lang='lat' dir='ltr'><strong>elegerit</strong></span> <span class='ocrx_word' id='word_1_664' title='bbox 2918 3574 2988 3637; x_wconf 91' lang='lat' dir='ltr'><strong>in</strong></span> <span class='ocrx_word' id='word_1_665' title='bbox 3034 3573 3366 3656; x_wconf 90' lang='lat' dir='ltr'><strong>populum,</strong></span> <span class='ocrx_word' id='word_1_666' title='bbox 3436 3582 3502 3636; x_wconf 90' lang='lat' dir='ltr'><strong>et</strong></span> <span class='ocrx_word' id='word_1_667' title='bbox 3545 3581 3816 3638; x_wconf 87' lang='lat' dir='ltr'><strong>externo</strong></span> <span class='ocrx_word' id='word_1_668' title='bbox 3860 3571 4159 3655; x_wconf 79' lang='lat' dir='ltr'><strong>symbolo</strong></span> <span class='ocrx_word' id='word_1_669' title='bbox 4202 3593 4316 3637; x_wconf 91' lang='lat' dir='ltr'><strong>eos</strong></span> 
     </span>
     <span class='ocr_line' id='line_1_96' title="bbox 2369 3656 4317 3734; baseline -0.001 -9"><span class='ocrx_word' id='word_1_670' title='bbox 2369 3660 2496 3725; x_wconf 88' lang='lat' dir='ltr'><strong>sibi</strong></span> <span class='ocrx_word' id='word_1_671' title='bbox 2542 3659 2870 3724; x_wconf 84' lang='lat' dir='ltr'><strong>addixerit</strong></span> <span class='ocrx_word' id='word_1_672' title='bbox 2912 3658 2994 3723; x_wconf 90' lang='lat' dir='ltr'><strong>ad</strong></span> <span class='ocrx_word' id='word_1_673' title='bbox 3037 3658 3379 3725; x_wconf 90' lang='lat' dir='ltr'><strong>colendam</strong></span> <span class='ocrx_word' id='word_1_674' title='bbox 3415 3658 3849 3734; x_wconf 89' lang='lat' dir='ltr'><strong>sanctitatem,</strong></span> <span class='ocrx_word' id='word_1_675' title='bbox 3897 3657 4132 3723; x_wconf 90' lang='lat' dir='ltr'><strong>debere</strong></span> <span class='ocrx_word' id='word_1_676' title='bbox 4166 3656 4317 3724; x_wconf 90' lang='lat' dir='ltr'><strong>illos</strong></span> 
     </span>
     <span class='ocr_line' id='line_1_97' title="bbox 2369 3743 4315 3828; baseline -0.001 -17"><span class='ocrx_word' id='word_1_677' title='bbox 2369 3747 2626 3812; x_wconf 90' lang='lat' dir='ltr'><strong>sincere</strong></span> <span class='ocrx_word' id='word_1_678' title='bbox 2691 3754 2759 3810; x_wconf 91' lang='lat' dir='ltr'><strong>et</strong></span> <span class='ocrx_word' id='word_1_679' title='bbox 2822 3766 2896 3809; x_wconf 90' lang='lat' dir='ltr'><strong>re</strong></span> <span class='ocrx_word' id='word_1_680' title='bbox 2938 3745 3081 3828; x_wconf 88' lang='lat' dir='ltr'><strong>ipsa</strong></span> <span class='ocrx_word' id='word_1_681' title='bbox 3137 3745 3411 3827; x_wconf 86' lang='lat' dir='ltr'><strong>probare</strong></span> <span class='ocrx_word' id='word_1_682' title='bbox 3477 3766 3548 3809; x_wconf 90' lang='lat' dir='ltr'><strong>se</strong></span> <span class='ocrx_word' id='word_1_683' title='bbox 3605 3743 3872 3808; x_wconf 84' lang='lat' dir='ltr'><strong>differre</strong></span> <span class='ocrx_word' id='word_1_684' title='bbox 3929 3762 3969 3807; x_wconf 90' lang='lat' dir='ltr'><strong>a</strong></span> <span class='ocrx_word' id='word_1_685' title='bbox 4024 3744 4315 3826; x_wconf 87' lang='lat' dir='ltr'><strong>profanis</strong></span> 
     </span>
     <span class='ocr_line' id='line_1_98' title="bbox 2369 3830 4315 3917; baseline -0.002 -19"><span class='ocrx_word' id='word_1_686' title='bbox 2369 3832 2708 3917; x_wconf 90' lang='lat' dir='ltr'><strong>gentibus:</strong></span> <span class='ocrx_word' id='word_1_687' title='bbox 2777 3832 2929 3913; x_wconf 88' lang='lat' dir='ltr'><strong>quia</strong></span> <span class='ocrx_word' id='word_1_688' title='bbox 2994 3831 3423 3913; x_wconf 87' lang='lat' dir='ltr'><strong>spiritualiter</strong></span> <span class='ocrx_word' id='word_1_689' title='bbox 3486 3851 3618 3895; x_wconf 91' lang='lat' dir='ltr'><strong>non</strong></span> <span class='ocrx_word' id='word_1_690' title='bbox 3684 3830 3904 3907; x_wconf 82' lang='lat' dir='ltr'><strong>minus</strong></span> <span class='ocrx_word' id='word_1_691' title='bbox 3970 3851 4166 3911; x_wconf 91' lang='lat' dir='ltr'><strong>quam</strong></span> <span class='ocrx_word' id='word_1_692' title='bbox 4240 3830 4315 3894; x_wconf 92' lang='lat' dir='ltr'><strong>in</strong></span> 
     </span>
     <span class='ocr_line' id='line_1_99' title="bbox 2368 3914 4313 3983; baseline -0.001 -1"><span class='ocrx_word' id='word_1_693' title='bbox 2368 3938 2567 3983; x_wconf 89' lang='lat' dir='ltr'><strong>carne</strong></span> <span class='ocrx_word' id='word_1_694' title='bbox 2610 3918 2976 3982; x_wconf 90' lang='lat' dir='ltr'><strong>circumcisi</strong></span> <span class='ocrx_word' id='word_1_695' title='bbox 3021 3927 3227 3981; x_wconf 91' lang='lat' dir='ltr'><strong>erant.</strong></span> <span class='ocrx_word' id='word_1_696' title='bbox 3305 3917 3438 3983; x_wconf 86' lang='lat' dir='ltr'><strong>Eos</strong></span> <span class='ocrx_word' id='word_1_697' title='bbox 3481 3916 3658 3981; x_wconf 91' lang='lat' dir='ltr'><strong>enim</strong></span> <span class='ocrx_word' id='word_1_698' title='bbox 3703 3936 3859 3980; x_wconf 90' lang='lat' dir='ltr'><strong>vere</strong></span> <span class='ocrx_word' id='word_1_699' title='bbox 3904 3914 4165 3981; x_wconf 89' lang='lat' dir='ltr'><strong>demum</strong></span> <span class='ocrx_word' id='word_1_700' title='bbox 4205 3915 4313 3980; x_wconf 91' lang='lat' dir='ltr'><strong>Iu·</strong></span> 
     </span>
     <span class='ocr_line' id='line_1_100' title="bbox 2369 4000 4311 4085; baseline -0.003 -15"><span class='ocrx_word' id='word_1_701' title='bbox 2369 4005 2564 4070; x_wconf 90' lang='lat' dir='ltr'><strong>daeos</strong></span> <span class='ocrx_word' id='word_1_702' title='bbox 2599 4024 2742 4069; x_wconf 90' lang='lat' dir='ltr'><strong>esse</strong></span> <span class='ocrx_word' id='word_1_703' title='bbox 2784 4003 3033 4069; x_wconf 90' lang='lat' dir='ltr'><strong>Paulus</strong></span> <span class='ocrx_word' id='word_1_704' title='bbox 3077 4000 3310 4068; x_wconf 87' lang='lat' dir='ltr'><strong>definit</strong></span> <span class='ocrx_word' id='word_1_705' title='bbox 3351 4003 3463 4085; x_wconf 92' lang='lat' dir='ltr'><strong>qui</strong></span> <span class='ocrx_word' id='word_1_706' title='bbox 3507 4003 3688 4066; x_wconf 91' lang='lat' dir='ltr'><strong>intus</strong></span> <span class='ocrx_word' id='word_1_707' title='bbox 3731 4008 3889 4066; x_wconf 87' lang='lat' dir='ltr'><strong>sunt</strong></span> <span class='ocrx_word' id='word_1_708' title='bbox 3931 4001 4311 4081; x_wconf 88' lang='lat' dir='ltr'><strong>circumcisi,</strong></span> 
     </span>
     <span class='ocr_line' id='line_1_101' title="bbox 2368 4085 4312 4173; baseline -0.002 -17"><span class='ocrx_word' id='word_1_709' title='bbox 2368 4101 2438 4156; x_wconf 91' lang='lat' dir='ltr'><strong>et</strong></span> <span class='ocrx_word' id='word_1_710' title='bbox 2501 4092 2571 4155; x_wconf 91' lang='lat' dir='ltr'><strong>in</strong></span> <span class='ocrx_word' id='word_1_711' title='bbox 2630 4088 3022 4167; x_wconf 89' lang='lat' dir='ltr'><strong>abscondito,</strong></span> <span class='ocrx_word' id='word_1_712' title='bbox 3092 4101 3163 4154; x_wconf 89' lang='lat' dir='ltr'><strong>ut</strong></span> <span class='ocrx_word' id='word_1_713' title='bbox 3229 4090 3517 4171; x_wconf 90' lang='lat' dir='ltr'><strong>loquitur</strong></span> <span class='ocrx_word' id='word_1_714' title='bbox 3581 4085 3802 4173; x_wconf 88' lang='lat' dir='ltr'><strong>(Rom.</strong></span> <span class='ocrx_word' id='word_1_715' title='bbox 3860 4086 3921 4163; x_wconf 84' lang='lat'><strong>2,</strong></span> <span class='ocrx_word' id='word_1_716' title='bbox 3967 4086 4109 4173; x_wconf 82' lang='lat'><strong>28):</strong></span> <span class='ocrx_word' id='word_1_717' title='bbox 4177 4107 4312 4152; x_wconf 89' lang='lat' dir='ltr'><strong>non</strong></span> 
     </span>
     <span class='ocr_line' id='line_1_102' title="bbox 2368 4172 4310 4259; baseline -0.002 -17"><span class='ocrx_word' id='word_1_718' title='bbox 2368 4184 2589 4242; x_wconf 87' lang='lat' dir='ltr'><strong>autem</strong></span> <span class='ocrx_word' id='word_1_719' title='bbox 2632 4176 2747 4259; x_wconf 90' lang='lat' dir='ltr'><strong>qui</strong></span> <span class='ocrx_word' id='word_1_720' title='bbox 2797 4185 3051 4240; x_wconf 90' lang='lat' dir='ltr'><strong>tantum</strong></span> <span class='ocrx_word' id='word_1_721' title='bbox 3112 4173 3480 4258; x_wconf 90' lang='lat' dir='ltr'><strong>gloriantur</strong></span> <span class='ocrx_word' id='word_1_722' title='bbox 3535 4172 4046 4239; x_wconf 87' lang='lat' dir='ltr'><strong>circumcisionis</strong></span> <span class='ocrx_word' id='word_1_723' title='bbox 4098 4172 4310 4239; x_wconf 90' lang='lat' dir='ltr'><strong>litera.</strong></span> 
     </span>
     <span class='ocr_line' id='line_1_103' title="bbox 2366 4258 4310 4346; baseline -0.002 -19"><span class='ocrx_word' id='word_1_724' title='bbox 2366 4263 2600 4346; x_wconf 88' lang='lat' dir='ltr'><strong>Itaque</strong></span> <span class='ocrx_word' id='word_1_725' title='bbox 2644 4262 2905 4344; x_wconf 90' lang='lat' dir='ltr'><strong>saepius</strong></span> <span class='ocrx_word' id='word_1_726' title='bbox 2950 4261 3307 4345; x_wconf 89' lang='lat' dir='ltr'><strong>prophetae</strong></span> <span class='ocrx_word' id='word_1_727' title='bbox 3356 4260 3719 4343; x_wconf 81' lang='lat' dir='ltr'><strong>hypocritis</strong></span> <span class='ocrx_word' id='word_1_728' title='bbox 3774 4269 3839 4323; x_wconf 91' lang='lat' dir='ltr'><strong>et</strong></span> <span class='ocrx_word' id='word_1_729' title='bbox 3881 4258 4050 4343; x_wconf 91' lang='lat' dir='ltr'><strong>legis</strong></span> <span class='ocrx_word' id='word_1_730' title='bbox 4094 4268 4310 4324; x_wconf 90' lang='lat' dir='ltr'><strong>trans-</strong></span> 
     </span>
     <span class='ocr_line' id='line_1_104' title="bbox 2366 4345 4311 4433; baseline -0.001 -20"><span class='ocrx_word' id='word_1_731' title='bbox 2366 4347 2775 4433; x_wconf 85' lang='lat' dir='ltr'><strong>gressoribus</strong></span> <span class='ocrx_word' id='word_1_732' title='bbox 2805 4346 3208 4431; x_wconf 89' lang='lat' dir='ltr'><strong>exprobrant</strong></span> <span class='ocrx_word' id='word_1_733' title='bbox 3250 4346 3683 4429; x_wconf 90' lang='lat' dir='ltr'><strong>praeputium,</strong></span> <span class='ocrx_word' id='word_1_734' title='bbox 3725 4352 3794 4409; x_wconf 89' lang='lat' dir='ltr'><strong>et</strong></span> <span class='ocrx_word' id='word_1_735' title='bbox 3819 4345 4311 4413; x_wconf 89' lang='lat' dir='ltr'><strong>incircumcisos</strong></span> 
     </span>
     <span class='ocr_line' id='line_1_105' title="bbox 2366 4430 4312 4518; baseline -0.002 -17"><span class='ocrx_word' id='word_1_736' title='bbox 2366 4444 2624 4511; x_wconf 90' lang='lat' dir='ltr'><strong>vocant,</strong></span> <span class='ocrx_word' id='word_1_737' title='bbox 2670 4435 2969 4518; x_wconf 90' lang='lat' dir='ltr'><strong>quamvis</strong></span> <span class='ocrx_word' id='word_1_738' title='bbox 3013 4434 3277 4517; x_wconf 90' lang='lat' dir='ltr'><strong>signum</strong></span> <span class='ocrx_word' id='word_1_739' title='bbox 3324 4430 3584 4497; x_wconf 84' lang='lat' dir='ltr'><strong>visibile</strong></span> <span class='ocrx_word' id='word_1_740' title='bbox 3618 4433 3688 4495; x_wconf 92' lang='lat' dir='ltr'><strong>in</strong></span> <span class='ocrx_word' id='word_1_741' title='bbox 3725 4451 3923 4497; x_wconf 89' lang='lat' dir='ltr'><strong>carne</strong></span> <span class='ocrx_word' id='word_1_742' title='bbox 3959 4440 4312 4517; x_wconf 87' lang='lat' dir='ltr'><strong>gestarent.</strong></span> 
     </span>
     <span class='ocr_line' id='line_1_106' title="bbox 2366 4517 4310 4599; baseline -0.002 -13"><span class='ocrx_word' id='word_1_743' title='bbox 2366 4522 2445 4586; x_wconf 93' lang='lat' dir='ltr'><strong>In</strong></span> <span class='ocrx_word' id='word_1_744' title='bbox 2492 4541 2767 4599; x_wconf 91' lang='lat' dir='ltr'><strong>summa,</strong></span> <span class='ocrx_word' id='word_1_745' title='bbox 2811 4520 2966 4585; x_wconf 91' lang='lat' dir='ltr'><strong>dum</strong></span> <span class='ocrx_word' id='word_1_746' title='bbox 3002 4519 3253 4585; x_wconf 87' lang='lat' dir='ltr'><strong>hortari</strong></span> <span class='ocrx_word' id='word_1_747' title='bbox 3289 4517 3433 4583; x_wconf 90' lang='lat' dir='ltr'><strong>vult</strong></span> <span class='ocrx_word' id='word_1_748' title='bbox 3475 4525 3551 4582; x_wconf 92' lang='lat' dir='ltr'><strong>ut</strong></span> <span class='ocrx_word' id='word_1_749' title='bbox 3589 4538 3662 4582; x_wconf 92' lang='lat' dir='ltr'><strong>se</strong></span> <span class='ocrx_word' id='word_1_750' title='bbox 3698 4518 3841 4583; x_wconf 91' lang='lat' dir='ltr'><strong>Deo</strong></span> <span class='ocrx_word' id='word_1_751' title='bbox 3884 4519 4310 4597; x_wconf 88' lang='lat' dir='ltr'><strong>sanctificent,</strong></span> 
     </span>
     <span class='ocr_line' id='line_1_107' title="bbox 2365 4603 4311 4688; baseline -0.002 -16"><span class='ocrx_word' id='word_1_752' title='bbox 2365 4607 2796 4672; x_wconf 89' lang='lat' dir='ltr'><strong>ratiocinatur</strong></span> <span class='ocrx_word' id='word_1_753' title='bbox 2840 4627 2878 4671; x_wconf 93' lang='lat' dir='ltr'><strong>a</strong></span> <span class='ocrx_word' id='word_1_754' title='bbox 2923 4615 3160 4671; x_wconf 90' lang='lat' dir='ltr'><strong>natura</strong></span> <span class='ocrx_word' id='word_1_755' title='bbox 3203 4614 3272 4670; x_wconf 88' lang='lat' dir='ltr'><strong>et</strong></span> <span class='ocrx_word' id='word_1_756' title='bbox 3311 4626 3437 4670; x_wconf 92' lang='lat' dir='ltr'><strong>usu</strong></span> <span class='ocrx_word' id='word_1_757' title='bbox 3497 4603 3811 4688; x_wconf 81' lang='lat' dir='ltr'><strong>symboli,</strong></span> <span class='ocrx_word' id='word_1_758' title='bbox 3876 4625 4004 4687; x_wconf 93' lang='lat' dir='ltr'><strong>quo</strong></span> <span class='ocrx_word' id='word_1_759' title='bbox 4046 4606 4311 4687; x_wconf 87' lang='lat' dir='ltr'><strong>profite-</strong></span> 
     </span>
     <span class='ocr_line' id='line_1_108' title="bbox 2363 4689 4313 4774; baseline -0.002 -15"><span class='ocrx_word' id='word_1_760' title='bbox 2363 4692 2607 4759; x_wconf 89' lang='lat' dir='ltr'><strong>bantur</strong></span> <span class='ocrx_word' id='word_1_761' title='bbox 2649 4713 2721 4757; x_wconf 90' lang='lat' dir='ltr'><strong>se</strong></span> <span class='ocrx_word' id='word_1_762' title='bbox 2766 4691 3042 4757; x_wconf 86' lang='lat' dir='ltr'><strong>electum</strong></span> <span class='ocrx_word' id='word_1_763' title='bbox 3068 4689 3218 4756; x_wconf 78' lang='lat' dir='ltr'><strong>&#39;Dei</strong></span> <span class='ocrx_word' id='word_1_764' title='bbox 3263 4689 3597 4774; x_wconf 90' lang='lat' dir='ltr'><strong>populum.</strong></span> <span class='ocrx_word' id='word_1_765' title='bbox 3663 4690 3746 4755; x_wconf 89' lang='lat' dir='ltr'><strong>In</strong></span> <span class='ocrx_word' id='word_1_766' title='bbox 3787 4690 4075 4757; x_wconf 89' lang='lat' dir='ltr'><strong>secundo</strong></span> <span class='ocrx_word' id='word_1_767' title='bbox 4110 4711 4313 4755; x_wconf 91' lang='lat' dir='ltr'><strong>mem·</strong></span> 
     </span>
     <span class='ocr_line' id='line_1_109' title="bbox 2362 4776 4309 4864; baseline -0.002 -19"><span class='ocrx_word' id='word_1_768' title='bbox 2362 4782 2481 4846; x_wconf 89' lang='lat' dir='ltr'><strong>bro</strong></span> <span class='ocrx_word' id='word_1_769' title='bbox 2541 4779 2810 4864; x_wconf 85' lang='lat' dir='ltr'><strong>elegans</strong></span> <span class='ocrx_word' id='word_1_770' title='bbox 2865 4786 2965 4843; x_wconf 90' lang='lat' dir='ltr'><strong>est</strong></span> <span class='ocrx_word' id='word_1_771' title='bbox 3026 4776 3372 4842; x_wconf 91' lang='lat' dir='ltr'><strong>translatio</strong></span> <span class='ocrx_word' id='word_1_772' title='bbox 3427 4797 3466 4841; x_wconf 90' lang='lat' dir='ltr'><strong>a</strong></span> <span class='ocrx_word' id='word_1_773' title='bbox 3518 4777 3725 4843; x_wconf 92' lang='lat' dir='ltr'><strong>bobus</strong></span> <span class='ocrx_word' id='word_1_774' title='bbox 3784 4787 4077 4859; x_wconf 90' lang='lat' dir='ltr'><strong>sumpta,</strong></span> <span class='ocrx_word' id='word_1_775' title='bbox 4142 4797 4309 4859; x_wconf 91' lang='lat' dir='ltr'><strong>quae</strong></span> 
     </span>
     <span class='ocr_line' id='line_1_110' title="bbox 2362 4861 4307 4950; baseline -0.003 -19"><span class='ocrx_word' id='word_1_776' title='bbox 2362 4867 2606 4950; x_wconf 84' lang='lat' dir='ltr'><strong>passim</strong></span> <span class='ocrx_word' id='word_1_777' title='bbox 2653 4863 2955 4930; x_wconf 88' lang='lat' dir='ltr'><strong>occurrit.</strong></span> <span class='ocrx_word' id='word_1_778' title='bbox 3040 4864 3211 4928; x_wconf 90' lang='lat' dir='ltr'><strong>Nam</strong></span> <span class='ocrx_word' id='word_1_779' title='bbox 3267 4863 3420 4946; x_wconf 90' lang='lat' dir='ltr'><strong>quia</strong></span> <span class='ocrx_word' id='word_1_780' title='bbox 3474 4863 3675 4929; x_wconf 90' lang='lat' dir='ltr'><strong>boves</strong></span> <span class='ocrx_word' id='word_1_781' title='bbox 3727 4863 3885 4928; x_wconf 89' lang='lat' dir='ltr'><strong>dum</strong></span> <span class='ocrx_word' id='word_1_782' title='bbox 3930 4861 4095 4928; x_wconf 91' lang='lat' dir='ltr'><strong>colla</strong></span> <span class='ocrx_word' id='word_1_783' title='bbox 4152 4862 4307 4945; x_wconf 89' lang='lat' dir='ltr'><strong>iugo</strong></span> 
     </span>
     <span class='ocr_line' id='line_1_111' title="bbox 2360 4948 4306 5037; baseline -0.001 -22"><span class='ocrx_word' id='word_1_784' title='bbox 2360 4950 2615 5037; x_wconf 88' lang='lat' dir='ltr'><strong>placide</strong></span> <span class='ocrx_word' id='word_1_785' title='bbox 2659 4948 3083 5028; x_wconf 89' lang='lat' dir='ltr'><strong>submittunt,</strong></span> <span class='ocrx_word' id='word_1_786' title='bbox 3143 4948 3343 5031; x_wconf 89' lang='lat' dir='ltr'><strong>probe</strong></span> <span class='ocrx_word' id='word_1_787' title='bbox 3386 4948 3468 5014; x_wconf 92' lang='lat' dir='ltr'><strong>ab</strong></span> <span class='ocrx_word' id='word_1_788' title='bbox 3510 4950 3894 5033; x_wconf 89' lang='lat' dir='ltr'><strong>obsequium</strong></span> <span class='ocrx_word' id='word_1_789' title='bbox 3940 4959 4097 5015; x_wconf 90' lang='lat' dir='ltr'><strong>sunt</strong></span> <span class='ocrx_word' id='word_1_790' title='bbox 4153 4948 4306 5013; x_wconf 92' lang='lat' dir='ltr'><strong>sub-</strong></span> 
     </span>
     <span class='ocr_line' id='line_1_112' title="bbox 2359 5033 4307 5118; baseline -0.002 -14"><span class='ocrx_word' id='word_1_791' title='bbox 2359 5039 2508 5114; x_wconf 86' lang='lat' dir='ltr'><strong>acti,</strong></span> <span class='ocrx_word' id='word_1_792' title='bbox 2556 5037 2762 5103; x_wconf 90' lang='lat' dir='ltr'><strong>durae</strong></span> <span class='ocrx_word' id='word_1_793' title='bbox 2803 5035 3077 5102; x_wconf 89' lang='lat' dir='ltr'><strong>cervicis</strong></span> <span class='ocrx_word' id='word_1_794' title='bbox 3098 5045 3421 5102; x_wconf 89' lang='lat' dir='ltr'><strong>vocantur</strong></span> <span class='ocrx_word' id='word_1_795' title='bbox 3458 5035 3570 5118; x_wconf 91' lang='lat' dir='ltr'><strong>qui</strong></span> <span class='ocrx_word' id='word_1_796' title='bbox 3605 5035 3806 5101; x_wconf 87' lang='lat' dir='ltr'><strong>feroci</strong></span> <span class='ocrx_word' id='word_1_797' title='bbox 3840 5045 3907 5101; x_wconf 90' lang='lat' dir='ltr'><strong>et</strong></span> <span class='ocrx_word' id='word_1_798' title='bbox 3939 5033 4307 5118; x_wconf 81' lang='lat' dir='ltr'><strong>praefracto</strong></span> 
     </span>
     <span class='ocr_line' id='line_1_113' title="bbox 2356 5122 3879 5208; baseline -0.009 -16"><span class='ocrx_word' id='word_1_799' title='bbox 2356 5133 2517 5192; x_wconf 92' lang='lat' dir='ltr'><strong>sunt</strong></span> <span class='ocrx_word' id='word_1_800' title='bbox 2559 5122 2844 5208; x_wconf 87' lang='lat' dir='ltr'><strong>ingenio.</strong></span> <span class='ocrx_word' id='word_1_801' title='bbox 3872 5157 3879 5166; x_wconf 90' lang='lat'><strong>·</strong></span> 
     </span>
    </p>

    <p class='ocr_par' dir='ltr' id='par_1_12' title="bbox 2357 5205 4305 5466">
     <span class='ocr_line' id='line_1_114' title="bbox 2530 5205 4305 5287; baseline -0.003 -12"><span class='ocrx_word' id='word_1_802' title='bbox 2530 5211 2727 5276; x_wconf 88' lang='lat' dir='ltr'><strong>Deut.</strong></span> <span class='ocrx_word' id='word_1_803' title='bbox 2778 5209 2878 5287; x_wconf 91' lang='grc'><strong>10,</strong></span> <span class='ocrx_word' id='word_1_804' title='bbox 2928 5207 3027 5273; x_wconf 84' lang='grc'><strong>17.</strong></span> <span class='ocrx_word' id='word_1_805' title='bbox 3140 5206 3373 5273; x_wconf 72' lang='lat' dir='ltr'><strong>Iehova</strong></span> <span class='ocrx_word' id='word_1_806' title='bbox 3423 5207 3588 5272; x_wconf 79' lang='lat' dir='ltr'><strong>enim</strong></span> <span class='ocrx_word' id='word_1_807' title='bbox 3645 5207 3825 5273; x_wconf 78' lang='lat' dir='ltr'><strong>Deus</strong></span> <span class='ocrx_word' id='word_1_808' title='bbox 3872 5212 4090 5271; x_wconf 81' lang='lat' dir='ltr'><strong>vester.</strong></span> <span class='ocrx_word' id='word_1_809' title='bbox 4201 5205 4305 5270; x_wconf 91' lang='lat' dir='ltr'><strong>Ne</strong></span> 
     </span>
     <span class='ocr_line' id='line_1_115' title="bbox 2357 5290 4304 5377; baseline -0.003 -15"><span class='ocrx_word' id='word_1_810' title='bbox 2357 5297 2722 5363; x_wconf 90' lang='lat' dir='ltr'><strong>doctrinam</strong></span> <span class='ocrx_word' id='word_1_811' title='bbox 2770 5296 2941 5362; x_wconf 91' lang='lat' dir='ltr'><strong>hanc</strong></span> <span class='ocrx_word' id='word_1_812' title='bbox 2984 5291 3407 5377; x_wconf 84' lang='lat' dir='ltr'><strong>vilipendant,</strong></span> <span class='ocrx_word' id='word_1_813' title='bbox 3450 5293 3739 5358; x_wconf 85' lang='lat' dir='ltr'><strong>terribile</strong></span> <span class='ocrx_word' id='word_1_814' title='bbox 3782 5293 3909 5358; x_wconf 91' lang='lat' dir='ltr'><strong>Dei</strong></span> <span class='ocrx_word' id='word_1_815' title='bbox 3953 5290 4304 5373; x_wconf 85' lang='lat' dir='ltr'><strong>imperium</strong></span> 
     </span>
     <span class='ocr_line' id='line_1_116' title="bbox 2357 5377 4301 5466; baseline -0.004 -17"><span class='ocrx_word' id='word_1_816' title='bbox 2357 5382 2490 5449; x_wconf 89' lang='lat' dir='ltr'><strong>illis</strong></span> <span class='ocrx_word' id='word_1_817' title='bbox 2534 5383 2858 5466; x_wconf 88' lang='lat' dir='ltr'><strong>proponit,</strong></span> <span class='ocrx_word' id='word_1_818' title='bbox 2900 5380 3053 5465; x_wconf 91' lang='lat' dir='ltr'><strong>quia</strong></span> <span class='ocrx_word' id='word_1_819' title='bbox 3093 5380 3250 5447; x_wconf 90' lang='lat' dir='ltr'><strong>hinc</strong></span> <span class='ocrx_word' id='word_1_820' title='bbox 3283 5386 3697 5463; x_wconf 89' lang='lat' dir='ltr'><strong>contemptus</strong></span> <span class='ocrx_word' id='word_1_821' title='bbox 3731 5385 3844 5443; x_wconf 90' lang='lat' dir='ltr'><strong>aut</strong></span> <span class='ocrx_word' id='word_1_822' title='bbox 3876 5377 4301 5461; x_wconf 89' lang='lat' dir='ltr'><strong>negligentia,</strong></span> 
     </span>
    </p>
   </div>
  </div>
 </body>
</html>
