4867 6150
357 432 479 497 161

353 643 480 689 nae
523 621 755 689 salutis
812 642 1073 688 causam
1120 621 1301 703 poni:
1348 641 1425 686 ac
1460 610 1515 686 si
1552 619 1818 698 diceret,
1863 620 2006 685 Deo
2050 640 2310 703 semper

355 728 551 774 curae
628 710 767 774 fore
836 707 1152 791 populum
1230 728 1424 790 quem
1505 705 1710 772 semel
1774 706 2091 770 tuendum
2165 728 2305 772 sus-

353 817 426 864 ce
476 796 545 859 it.

429 817 472 880 p
528 881 629 945 17.
668 879 1036 945 Introduees
1079 899 1197 944 eos.
1256 876 1614 943 Plantandi
1638 877 2026 961 metaphora
2047 878 2308 942 firmam

352 968 701 1033 stationem
748 965 1046 1030 denotat:
1094 964 1290 1030 sicuti
1331 973 1398 1028 et
1432 964 1607 1030 Psal.
1655 964 1768 1028 44:
1810 965 1913 1028 Tu
1957 984 2159 1028 manu
2196 971 2309 1028 tua

397 1062 582 1119 entes
626 1051 975 1135 expulisti,
1040 1049 1352 1133 plantasti
1418 1050 1554 1116 illic
1613 1061 1832 1134 patres
1887 1057 2174 1128 nostros,
2239 1059 2308 1113 et

382 1141 564 1205 ecisti
606 1148 681 1204 ut
723 1138 1065 1203 mitterent
1108 1135 1377 1202 radices.
1453 1137 1660 1202 Porro
1703 1135 1930 1217 templi
1976 1157 2303 1201 commen-

351 1224 647 1305 datione,
706 1232 923 1289 terrae
980 1224 1120 1288 eius
1172 1221 1563 1288 desiderium
1620 1243 1784 1306 quae
1827 1222 1953 1286 Dei
2002 1230 2301 1287 sanctua-

352 1313 526 1377 rium
570 1312 795 1376 futura
838 1318 999 1387 erat,
1045 1310 1114 1373 in
1161 1309 1386 1392 populi
1431 1307 1736 1375 cordibus
1779 1309 2023 1374 excitat
2065 1307 2306 1389 Moses,

351 1409 418 1463 et
460 1397 584 1464 hac
628 1395 972 1462 dulcedine
1028 1394 1251 1478 pigros
1308 1394 1512 1461 allicit
1566 1393 1645 1459 ad
1694 1394 2072 1459 fruitionem
2132 1396 2299 1458 tanti

350 1484 507 1550 boni
552 1480 1005 1567 expetendam.
1111 1484 1209 1546 Ac
1263 1479 1345 1544 de
1398 1490 1623 1545 monte
1682 1478 1843 1546 Sion
1901 1479 2304 1545 vaticinatur

348 1570 577 1635 multis
614 1578 767 1634 ante
813 1565 1088 1632 saeculis
1111 1586 1303 1649 quam
1343 1566 1479 1632 illic
1503 1575 1910 1632 exstructum
1948 1574 2120 1630 esset
2141 1573 2302 1630 tem-

348 1656 553 1740 plum.
661 1652 855 1719 Unde
920 1653 1320 1736 colligimus,
1400 1674 1532 1718 non
1610 1653 1947 1717 hominum
2028 1651 2298 1717 arbitrio

348 1742 672 1807 delectum
719 1740 953 1816 fuisse,
1014 1742 1126 1804 sed
1183 1746 1452 1803 aeterno
1500 1739 1622 1803 Dei
1681 1736 1953 1804 consilio
1998 1745 2067 1801 et
2107 1758 2297 1820 prae-

349 1827 784 1894 destinatione
825 1830 1295 1891 consecratum.
1383 1824 1558 1889 Nam
1599 1826 1671 1889 in
1730 1824 1872 1889 loco
1915 1824 2077 1907 ipso,
2126 1823 2298 1888 sicut

345 1915 416 1979 in
461 1914 758 1998 personis
798 1912 1050 1995 fulgere
1093 1911 1380 1994 oportuit
1423 1910 1789 1993 gratuitum
1816 1910 1941 1975 Dei
1979 1909 2292 1975 favorem.

346 1999 539 2067 Sicut
580 2001 651 2064 in
696 1997 871 2064 Psal.
920 1998 1021 2077 78,
1069 1997 1172 2077 67,
1216 1995 1482 2063 dicitur:
1545 1994 1948 2079 Repudiavit
1992 1995 2293 2060 taberna-

346 2086 566 2153 culum
589 2083 846 2167 Ioseph,
885 2083 1132 2147 tribum
1169 2082 1487 2168 Ephraim
1527 2103 1656 2146 non
1692 2082 1909 2165 elegit,
1946 2081 2059 2146 sed
2097 2082 2297 2165 elegit

346 2174 592 2239 tribum
616 2170 800 2236 Iuda.
848 2169 1018 2235 Item
1043 2170 1197 2234 alibi
1222 2168 1398 2235 Psal.
1423 2168 1566 2246 132,
1595 2168 1694 2233 13.
1743 2167 2074 2250 Quoniam
2096 2168 2296 2252 elegit

344 2259 676 2324 Dominus
702 2255 884 2333 Sion,
908 2264 977 2321 et
999 2253 1396 2320 desideravit
1420 2276 1535 2337 pro
1561 2255 1931 2320 habitaculo
1954 2275 2101 2319 suo:
2131 2254 2293 2320 haec

347 2344 567 2428 requis
590 2365 737 2407 mea
757 2344 826 2407 in
848 2341 1182 2408 saeculum
1208 2341 1470 2419 saeculi,
1498 2342 1604 2406 hic
1628 2339 1954 2417 habitabo,
1978 2340 2289 2423 quoniam

344 2429 591 2513 placuit
627 2429 808 2494 mihi.
858 2428 1073 2493 Simul
1118 2435 1344 2492 tamen
1390 2427 1786 2510 praedicitur
1831 2426 2058 2510 templi
2095 2427 2291 2491 stabi-

346 2517 525 2582 litas:
572 2516 741 2581 sicut
785 2514 911 2579 alio
948 2514 1119 2580 loco:
1169 2513 1410 2578 Manus
1449 2529 1561 2577 tua
1596 2511 1902 2577 fundavit
1922 2533 2063 2578 eam
2090 2510 2155 2598 ¹).
2202 2513 2294 2577 Et

346 2603 528 2668 Deus
572 2603 713 2685 ipse
756 2621 872 2683 per
893 2599 1134 2665 Isaiam
1182 2620 1252 2664 se
1296 2619 1645 2682 passurum
1691 2607 1894 2682 negat
1934 2608 2009 2663 ut
2031 2598 2290 2663 Ierusa-

246 2710 267 2720 “
345 2688 474 2753 lem
520 2689 587 2751 in
635 2688 1009 2754 vastitatem
1054 2684 1419 2769 redigatur:
1487 2685 1641 2769 quia
1695 2685 1775 2750 ab
1819 2685 2008 2750 initio
2051 2686 2290 2749 forma·

345 2776 519 2840 verit
561 2795 726 2838 eam.
816 2771 1208 2855 Quanquam
1268 2780 1487 2837 autem
1546 2781 1683 2835 tota
1735 2777 1912 2836 terra
1967 2768 2290 2838 Uhanaan

345 2861 504 2926 alibi
549 2869 825 2925 vocatur
873 2859 994 2923 Dei
1044 2857 1319 2941 requies,
1378 2866 1446 2922 et
1489 2878 1826 2940 nunquam
1887 2857 2164 2940 populus
2222 2857 2289 2921 in

340 2946 574 3014 urbem
620 2945 929 3012 collectus
972 2945 1109 3018 fuit,
1178 2944 1332 3027 quia
1376 2953 1596 3009 tamen
1647 2945 1826 3008 Deus
1862 2964 1898 3007 e
1943 2966 2060 3008 suo
2104 2963 2290 3009 sanc-

340 3034 558 3099 tuario
633 3041 838 3097 totam
906 3039 1172 3115 gentem
1245 3038 1314 3096 et
1385 3039 1629 3095 terram
1696 3029 2069 3113 benedicat,
2143 3027 2291 3095 ideo

337 3118 645 3204 specialis
689 3120 765 3183 fit
804 3119 1050 3182 mentio
1094 3118 1303 3183 sancti
1346 3118 1609 3182 montiS.
1653 3116 1837 3183 Haec
1881 3126 2096 3182 autem
2140 3138 2287 3199 pro-

334 3206 572 3292 phetia
614 3204 697 3270 ad
759 3202 1118 3269 fulciendos
1166 3205 1417 3268 animos
1461 3201 1652 3269 valde
1707 3204 2074 3268 necessaria
2130 3203 2286 3267 fuit:

337 3292 498 3376 quia
543 3313 687 3356 sero
732 3290 996 3355 tandem
1045 3291 1226 3354 venit
1268 3288 1629 3354 Ierusalem
1670 3289 1741 3353 in
1800 3288 2115 3354 ditionem
2175 3310 2289 3372 po-

335 3379 501 3462 puli.
569 3378 661 3442 Et
696 3378 1031 3460 segniores
1069 3375 1245 3441 haud
1284 3375 1480 3441 dubie
1531 3373 1613 3439 ad
1650 3395 1796 3439 eam
1844 3375 2289 3458 occupandam

335 3465 588 3548 posteri
631 3464 913 3528 fuissent
956 3463 1082 3527 nisi
1126 3483 1351 3526 eorum
1397 3462 1650 3525 animos
1695 3461 2096 3526 stimulasset
2131 3462 2294 3526 haec

335 3550 705 3634 promissio.
752 3548 1066 3615 Clausula
1108 3547 1450 3613 subiicitur
1496 3547 1575 3612 de
1612 3555 1880 3613 aeterno
1905 3548 2032 3612 Dei
2068 3569 2291 3631 regno,

335 3640 410 3702 in
459 3656 586 3720 quo
629 3634 905 3700 fundata
940 3645 1042 3699 est
1076 3634 1384 3700 ecclesiae
1428 3634 1850 3716 perpetuitas.
1923 3632 2033 3700 Sic
2068 3633 2290 3698 David

337 3723 546 3809 (Psal.
574 3721 716 3800 102,
750 3720 881 3807 27),
905 3730 1248 3803 postquam
1287 3720 1456 3784 dixit
1493 3719 1711 3785 Deum
1748 3741 2004 3802 semper
2027 3741 2293 3785 manere

339 3808 655 3875 eundem:
715 3817 783 3874 et
841 3827 1050 3871 annos
1103 3807 1245 3871 eius
1293 3827 1421 3871 non
1462 3803 1756 3884 deficere,
1823 3805 1978 3872 hinc
2015 3805 2288 3890 colligit:

338 3895 503 3960 Filii
571 3914 909 3959 servorum
977 3903 1239 3958 tuorum
1305 3891 1697 3957 habitabunt
1721 3942 1736 3968 ,
1816 3901 1881 3957 et
1945 3892 2292 3975 posteritas

340 4002 572 4047 eorum
617 4000 835 4047 coram
880 3990 946 4043 te
982 3977 1367 4044 stabilietur.
1414 3978 1595 4062 Ergo
1619 3978 1838 4044 Moses
1861 3999 2043 4060 spem
2067 3978 2292 4062 populi

338 4065 699 4133 extendere
735 4064 942 4131 voluit
996 4066 1070 4128 in
1131 4065 1351 4129 omnia
1406 4064 1697 4143 saecula,
1758 4085 1833 4129 eo
1877 4065 2047 4147 quod
2086 4084 2290 4148 regno

339 4153 474 4234 Dei
511 4152 734 4217 nullus
769 4159 942 4216 esset
983 4150 1154 4215 finis.

521 4239 620 4305 19.
673 4237 985 4319 Quoniam
1017 4237 1358 4319 inqressua
1459 4235 1612 4301 Non
1665 4235 1933 4301 videtur
1989 4235 2097 4302 hic
2141 4256 2287 4302 ver-

341 4346 461 4391 sus
505 4333 697 4407 aptus
734 4344 873 4389 esse
909 4323 1188 4388 cantico:
1235 4323 1456 4406 itaque
1494 4322 1707 4403 potius
1742 4322 2049 4387 existimo
2086 4323 2287 4387 histo-

339 4412 481 4476 rice
524 4430 787 4476 causam
834 4408 1113 4474 adscribi
1159 4428 1275 4473 cur
1321 4407 1446 4472 Dei
1491 4406 1718 4473 laudes
1760 4415 1898 4472 tam
1943 4410 2289 4492 magnifice

337 4496 686 4562 Israelitae
731 4493 1225 4560 celebraverint.
1336 4496 1433 4560 Ac
1478 4492 1804 4560 tollendae
1847 4495 2290 4578 ambiguitatis

340 4604 544 4648 causa
620 4581 785 4646 forte
864 4589 1226 4664 praestaret
1304 4579 1398 4646 ita
1476 4580 1835 4646 resolvere:
1925 4579 2098 4662 Quia
2185 4582 2287 4646 in-

342 4689 609 4751 gressus
675 4675 818 4732 erat
881 4668 1211 4750 equitatus
1276 4666 1669 4742 Pharaonis,
1729 4674 1797 4731 et
1850 4665 2064 4731 redire
2129 4668 2292 4733 fece-

340 4764 451 4821 rat
494 4754 677 4820 Deus
719 4773 919 4836 aquas
964 4753 1197 4831 maris,
1257 4762 1324 4818 et
1378 4752 1879 4818 ambulaverant
1920 4752 2035 4817 filii
2082 4753 2292 4819 Israel

340 4863 417 4906 in
457 4859 643 4908 sicco.

517 4927 621 4992 20.
672 4925 955 5008 Sumpsit
995 4926 1187 4992 etiam
1230 4923 1477 4990 Maria.
1544 4925 1676 4991 Hic
1720 4925 1941 4990 Moses
1984 4924 2052 4989 in
2096 4936 2293 4990 cantu

485 5158 541 5228 1)
575 5157 653 5212 In
686 5157 933 5212 omnibus
968 5155 1296 5211 editionibus
1329 5156 1666 5212 adscribitur
1702 5157 1842 5210 Psal.
1880 5156 1965 5221 87,
2004 5158 2050 5211 1.
2089 5158 2298 5212 Verum

346 5229 513 5283 verba
551 5228 649 5281 nlla
683 5228 764 5282 ibi
795 5242 909 5280 uon
942 5225 1194 5294 lequuntur
1236 5241 1305 5279 ne
1344 5240 1409 5280 ue
1450 5227 1590 5281 alibi
1618 5225 1682 5280 in
1719 5226 1960 5281 Psalmis
1994 5243 2059 5281 ea
2091 5231 2301 5291 reperi-

345 5309 482 5352 mus.
558 5297 750 5351 Etiam
782 5296 883 5366 qui
909 5296 1160 5363 proxime
1190 5310 1257 5349 ex
1332 5296 1458 5350 saia
1492 5297 1724 5364 affertur
1756 5297 1908 5350 ῑοοιιε
1943 5295 2070 5366 Cap.
2107 5296 2195 5365 37,
2230 5296 2300 5351 26

346 5367 562 5430 metra
594 5367 891 5435 quaeritur.

489 5452 713 5510 Caluini
739 5466 924 5521 opera.
1000 5450 1114 5506 Vol.
1153 5448 1311 5505 XXI
1324 5452 1378 5507 V.

1520 428 2263 501 COMMENTARIUS
2306 432 2408 498 IN
2451 431 2754 525 Exopl
2798 432 2997 499 OAP.
3043 433 3199 500 XV.

4239 439 4376 507 162

2412 618 2596 702 ponit
2637 616 3044 705 ἀντιστροφὴν,
3088 621 3314 704 quales
3355 621 3562 689 fuisse
3604 623 3759 689 olim
3801 626 3875 691 in
3918 648 4062 708 usu,
4105 639 4369 700 constat

2411 726 2498 769 ex
2541 704 2764 789 lyricis
2809 709 3038 790 poetis.
3086 708 3266 773 Dum
3313 709 3487 773 enim
3533 731 3667 775 non
3712 710 3891 778 viros
3934 715 4127 781 modo
4171 738 4368 801 prae-

2410 810 2605 856 cones
2668 790 2911 858 habere
2970 793 3178 860 voluit
3242 794 3416 859 tanti
3480 796 3820 876 miraculi,
3879 797 3996 864 sed
4052 802 4366 872 mulieres

2409 876 2715 941 adiunxit
2778 880 3010 945 socias:
3068 901 3196 963 quo
3256 902 3362 945 res
3405 881 3477 945 in
3520 882 3814 948 futurum
3873 892 4133 969 tempus
4190 897 4366 957 esset

2408 963 2665 1028 certior.
2753 963 2989 1047 Itaque
3033 966 3142 1031 ubi
3187 974 3454 1032 cantum
3500 988 3697 1033 suum
3743 969 4162 1038 absolverant
4211 976 4357 1056 viri,

2406 1048 2634 1113 ordine
2679 1054 3118 1131 sequebantur
3161 1051 3489 1118 mulieres.
3584 1053 3979 1138 Quanquam
4025 1059 4356 1128 incertum

2407 1144 2508 1200 est
2550 1134 2840 1199 fueritne
2884 1136 3015 1200 illis
3059 1137 3311 1220 primus
3370 1160 3600 1204 versus
3642 1141 4087 1224 intercalaris,
4134 1143 4358 1232 (sicuti

2405 1240 2592 1286 sacra
2636 1221 2912 1286 historia
2955 1221 3017 1306 (1
3069 1222 3226 1288 Chr.
3275 1223 3376 1301 16,
3423 1223 3534 1310 34)
3590 1234 3902 1304 testatur,
3967 1228 4038 1293 in
4099 1232 4356 1301 solenni

2403 1316 2602 1371 cantu
2649 1305 2929 1372 subinde
2970 1310 3424 1390 interpositam
3470 1310 3673 1375 fuisse
3717 1315 4113 1380 sententiam
4159 1317 4352 1401 hanc,

2405 1392 2716 1474 quoniam
2760 1393 2829 1457 in
2875 1394 3207 1460 saeculum
3244 1396 3692 1462 misericordia
3732 1397 3902 1464 eius:
3951 1422 4117 1484 quae
4152 1405 4354 1471 etiam

2402 1478 2830 1544 intercalatur
2869 1480 2939 1543 in
2992 1481 3167 1546 Psal.
3222 1480 3394 1567 136),
3446 1503 3530 1547 an
3568 1504 3722 1548 vero
3768 1483 4040 1551 alternis
4095 1490 4352 1558 vicibus

2401 1565 2790 1629 iteraverint
2824 1566 3103 1631 feminae
3141 1567 3311 1649 quod
3335 1567 3460 1634 viri
3485 1569 3955 1649 praecinerant.
4004 1572 4357 1643 Utrumvis

2400 1649 2609 1732 eligas
2644 1671 2878 1734 parum
2904 1653 3122 1730 refert,
3166 1653 3290 1718 nisi
3316 1653 3486 1737 quod
3510 1655 3688 1738 prior
3723 1657 4050 1722 sententia
4071 1659 4152 1724 ad
4179 1662 4352 1727 veri-

2397 1735 2896 1801 similitudinem
2935 1740 3203 1822 propius
3239 1738 3506 1805 accedit.
3555 1740 3703 1805 Etsi
3740 1752 3959 1807 autem
3986 1746 4353 1827 prophetis-

2398 1842 2510 1887 sae
2547 1822 2756 1906 elogio
2791 1822 3072 1889 Mariam
3108 1825 3382 1908 insignit
3419 1826 3656 1904 Moses,
3706 1847 3838 1891 non
3878 1837 4096 1893 tamen
4133 1832 4349 1914 publi-

2397 1929 2547 1973 cum
2587 1906 2860 1974 docendi
2909 1931 3150 1976 munus
3199 1933 3343 1976 eam
3382 1911 3506 1976 sibi
3542 1914 3900 1996 sumpsisse
3945 1928 4188 1995 narrat,
4234 1916 4351 1984 sed

2395 2002 2652 2059 tantum
2700 1994 2845 2059 aliis
2889 1994 3095 2060 fuisse
3131 1995 3488 2063 ductricem
3536 2017 3611 2062 ac
3656 1999 4044 2082 magistram
4094 2002 4162 2066 in
4207 2003 4350 2069 lau·

2397 2078 2611 2144 dando
2668 2079 2832 2146 Deo.
2936 2081 3171 2147 Multis
3228 2083 3489 2166 quidem
3535 2084 3817 2149 absurda
3865 2084 4078 2151 videri
4123 2097 4346 2171 posset

2396 2167 2693 2250 tympani
2730 2166 3031 2250 pulsatiO,
3065 2168 3177 2233 sed
3214 2191 3358 2234 eam
3395 2191 3536 2235 mos
3572 2171 3787 2253 gentis
3822 2182 4109 2252 excusat,
4146 2195 4342 2256 quem

2395 2272 2514 2316 suo
2558 2273 2811 2335 quoque
2856 2264 3149 2336 tempore
3193 2255 3480 2339 viguisse
3526 2257 3715 2320 testis
3758 2271 3859 2322 est
3890 2258 4110 2323 David
4137 2259 4340 2347 (Psal.

2394 2338 2498 2414 68,
2524 2336 2635 2423 26)
2662 2339 2774 2403 ubi
2809 2340 3187 2405 cantoribus
3222 2351 3522 2407 accenset
3545 2341 3800 2425 puellas
3831 2347 4345 2427 tympanistrias,

2396 2423 2569 2488 haud
2632 2423 2826 2491 dubie
2883 2426 3212 2491 communi
3272 2438 3339 2491 et
3399 2437 3657 2510 recepto
3703 2450 3846 2493 usu.
3948 2428 4347 2515 Quanquam

2396 2510 2590 2575 simul
2630 2510 2991 2575 notandum
3028 2523 3148 2596 est,
3172 2514 3423 2589 musica
3444 2516 3885 2579 instrumenta
3905 2515 4083 2581 inter
4107 2517 4350 2602 legales

2396 2598 2838 2662 caeremonias
2888 2597 3114 2675 fuisse,
3174 2620 3336 2682 quas
3391 2600 3678 2665 abolevit
3713 2600 4021 2667 Christus
4072 2624 4190 2669 suo
4234 2604 4348 2669 ad-

2398 2694 2634 2833 ventu(³
2688 2683 2960 2767 ideoque
3011 2682 3142 2750 alia
3189 2686 3376 2752 nobis
3421 2687 3540 2751 sub
3578 2686 3922 2770 evangelio
3966 2688 4351 2773 simplicitas

2396 2780 2591 2832 tenen
2641 2790 2679 2833 a
2713 2778 2833 2835 est.

2570 2940 2674 3005 22.
2718 2938 2808 3005 Et
2861 2942 3080 3006 eduxit
3123 2940 3341 3006 Moses
3378 2942 3685 3008 Israelem
3742 2964 3773 3009 e
3826 2946 3999 3010 mari
4045 2945 4254 3027 Supk:
4293 2953 4351 3013 et

2395 3027 2630 3177 {m
2655 3026 3485 3196 {bijuffffgz'ssAEgr‘
3510 3048 3630 3180 ‚2352
3682 3033 4351 3199 QZAEZWJZ‘

2396 3198 2500 3263 23.
2574 3197 2728 3265 Post
2791 3207 3090 3266 venerunt
3153 3201 3225 3265 in
3291 3199 3562 3278 Marah,
3630 3222 3740 3267 nee
3793 3208 4090 3284 poterant
4153 3204 4355 3272 bibere

2395 3305 2602 3366 aquas
2639 3306 2672 3349 e
2695 3284 2970 3351 Marah.-
3012 3287 3164 3367 quia
3209 3306 3473 3351 amarae
3516 3293 3727 3353 erant.-
3768 3289 3908 3355 ideo
3952 3294 4237 3355 vocatum
4264 3295 4355 3358 eu

2397 3390 2616 3435 nomen
2680 3371 2820 3436 eius
2881 3371 3141 3437 Marah.
3242 3372 3344 3436 24.
3405 3373 3494 3436 Et
3543 3374 3826 3454 populus
3886 3380 4353 3444 murmurantes

2396 3461 2610 3521 contra
2670 3456 2895 3521 Mosen
2913 3509 2927 3534 ‚
2984 3459 3310 3524 dixerunt:
3376 3455 3544 3541 Quid
3600 3459 3875 3526 bibemus
3891 3459 3926 3523 ,2
4016 3460 4119 3527 25.
4172 3462 4350 3532 Tunc

2395 3543 2687 3608 cla-mavit
2729 3544 2814 3608 ad
2851 3543 3181 3610 Ielzovam:
3225 3551 3279 3610 et
3319 3544 3624 3610 indicavit
3667 3545 3770 3611 illi
3813 3544 4046 3611 Iehova
4089 3547 4347 3631 aymam,

2395 3630 2562 3711 quod
2595 3630 2864 3709 proiecit
2906 3631 2976 3694 in
3021 3650 3257 3711 aquas:
3298 3636 3355 3697 et
3391 3631 3599 3696 dulces
3639 3632 3921 3697 redditae
3958 3639 4108 3697 sumt
4130 3654 4345 3714 aquae.

2398 3714 2512 3779 Ibi
2521 3716 2739 3796 posuit
2772 3716 2832 3780 ei
2873 3720 3171 3781 statutum
3216 3721 3273 3781 et
3315 3718 3639 3795 iudicium,
3685 3717 3895 3800 ibique
3914 3721 4169 3784 tentavit
4186 3741 4346 3788 eum.

2396 3801 2499 3866 26.
2542 3801 2635 3865 Et
2666 3801 2864 3865 dixit.-
2925 3800 3001 3866 Si
3043 3801 3371 3867 obediendo
3415 3802 3719 3868 obedieris
3757 3806 3892 3869 voci
3936 3804 4198 3870 Iehovae
4218 3806 4349 3873 Deo:

2393 3888 2523 3963 tui,
2560 3892 2617 3953 et
2658 3887 2823 3968 quod
2863 3893 3097 3953 rectum
3140 3893 3232 3952 est
3270 3889 3344 3954 in
3385 3888 3581 3954 oeulis
3635 3890 3772 3954 eius
3825 3890 4052 3972 feceris
4094 3896 4151 3956 et
4193 3912 4346 3959 aus-

2392 3973 2731 4039 cultaveris
2760 3974 3113 4056 praeceptis
3153 3974 3306 4054 eius,
3351 3975 3832 4057 custodierisque
3866 3976 4080 4040 omnia
4113 3980 4347 4043 statuta

2392 4059 2531 4124 eius
2548 4110 2562 4138 ,
2629 4059 2994 4124 universum
3047 4059 3406 4143 lanquorem
3459 4081 3639 4140 quem
3685 4061 3884 4143 posui
3936 4062 4006 4125 in
4062 4060 4344 4145 Aeyypto

2392 4164 2520 4210 uon
2579 4165 2814 4226 ponam
2878 4165 3067 4226 super
3128 4151 3212 4211 te.-
3263 4148 3431 4229 -quia
3495 4167 3600 4229 eye
3666 4145 3898 4211 Iehova
3964 4165 4205 4211 saman-3
4270 4155 4343 4216 te.

2392 4231 2496 4296 27.
2577 4231 2883 4296 Venerunt
2941 4235 3147 4296 autem
3204 4233 3276 4297 iu
3343 4232 3555 4309 Elim,
3623 4233 3732 4297 ubi
3794 4236 3971 4296 eraut
4025 4232 4345 4300 duodecim

2387 4318 2588 4400 fontes
2631 4338 2965 4398 aquarum,
3012 4322 3070 4381 et
3107 4319 3505 4402 septuaqiuta
3537 4319 3825 4400 palmae,
3887 4322 3943 4382 et
3984 4326 4349 4386 manserunt

2389 4402 2482 4468 ibi
2523 4404 2706 4469 iuxta
2750 4423 2967 4485 aquas,

2565 4575 2667 4640 22.
2731 4570 2824 4639 Et
2876 4576 3095 4640 edua-it
3152 4574 3381 4641 Mosae.
3469 4573 3614 4640 Iam
3674 4581 3905 4640 narrat
3947 4576 4167 4644 Moses
4183 4629 4199 4658 ,
4260 4600 4344 4645 ex

2396 4682 2525 4743 quo
2569 4664 2694 4725 iter
2740 4662 3035 4726 fecerunt
3079 4662 3352 4725 traiecto
3398 4662 3597 4739 mari,
3655 4659 3982 4727 laborasse
4042 4684 4159 4746 per
4222 4665 4345 4729 tri-

2397 4749 2600 4812 duum
2642 4767 2851 4829 aquae
2883 4748 3187 4830 penuria:
3237 4745 3473 4811 deinde
3522 4768 3688 4829 quae
3723 4748 4006 4830 primum
4046 4761 4346 4832 repertae

2398 4845 2569 4911 sunt,
2616 4834 2818 4899 fuisse
2862 4854 3136 4913 amaras,
3179 4843 3371 4915 atque
3413 4831 3569 4897 inde
3614 4853 3851 4897 nomen
3898 4832 4036 4898 loco
4080 4836 4344 4919 imposi-

2399 4930 2560 4984 tum.
2607 4920 2769 4984 Fuit
2803 4919 3067 5002 quidem
3103 4918 3266 4984 haec
3299 4938 3434 4983 non
3472 4919 3637 4984 levis
3676 4919 3972 4998 tentatio,
4018 4922 4194 4990 sitim
4232 4922 4347 4987 tri-

2398 5006 2521 5071 bus
2567 5004 2792 5070 diebus
2836 5006 2969 5088 pati
2991 5007 3059 5069 in
3088 5013 3267 5070 terra
3289 5003 3501 5069 arida:
3548 5026 3667 5070 nec
3702 5024 3978 5087 usquam
4002 5026 4343 5072 occurrere

2400 5091 2693 5157 solamen
2732 5090 2835 5154 vel
2871 5091 3258 5157 remedium.
3305 5091 3534 5173 Itaque
3569 5091 3737 5155 nihil
3775 5091 4016 5155 mirum
4053 5092 4109 5157 si
4150 5093 4348 5158 anxie

2400 5180 2831 5262 gemuissent:
2900 5177 3012 5242 sed
3073 5176 3257 5242 dolor
3297 5177 3749 5242 contumaciae
3804 5177 4037 5260 plenus
4093 5178 4342 5242 nullam

2404 5264 2664 5329 veniam
2703 5272 3012 5329 meretur.
3069 5264 3311 5330 Preces
3345 5262 3427 5329 ad
3465 5264 3677 5328 Deum
3722 5263 3792 5327 in
3838 5271 4022 5326 tanta
4064 5264 4348 5329 necessi-

2403 5359 2542 5415 tate
2609 5347 2893 5434 dirigere
2963 5349 3281 5433 oportuit.
3390 5349 3704 5432 Neglecto
3757 5346 4069 5431 precandi
4134 5349 4352 5416 studio
