4867 6150
401 469 532 535 305

404 659 563 743 quia
618 678 963 742 perperam
1024 657 1228 725 astuti
1284 666 1440 724 sunt
1497 656 1796 723 homines
1848 657 1920 722 in
1967 656 2358 741 quaerendis

404 745 847 828 subterfugiis,
884 744 1134 827 species
1162 745 1531 827 exprimere
1557 765 1821 810 necesse
1842 743 1990 822 fuit,
2025 743 2095 810 in
2120 742 2358 826 quibus

403 831 591 897 fraus
634 831 765 915 legi
823 831 969 895 fieri
1026 839 1302 914 poterat.
1392 829 1500 896 Ita
1557 831 1698 896 vini
1762 829 2164 896 abstinentia
2220 849 2358 894 non

404 916 726 983 caruisset
769 916 1044 982 delitiis:
1104 918 1246 982 sive
1287 918 1439 982 uvis
1482 915 1886 993 recentibus,
1947 916 2093 981 sive
2147 914 2358 999 passis

408 1024 480 1070 se
523 1012 964 1069 saturassent:
1020 1003 1162 1068 sive
1206 1022 1441 1086 aquam
1486 1003 2026 1085 permiscuissent
2063 1002 2246 1080 uvis,
2292 1007 2360 1066 et

405 1089 563 1154 inde
607 1090 1081 1171 expressissent
1136 1089 1485 1173 liquorem:
1547 1090 1654 1155 vel
1698 1090 1767 1153 in
1814 1087 1965 1153 aliis
2009 1087 2357 1154 confectio-

406 1176 604 1242 nibus
670 1175 964 1240 delicatis
1030 1185 1418 1259 aequassent
1477 1175 1615 1241 vini
1669 1175 2080 1247 suavitatem.
2176 1173 2359 1239 Hinc

410 1283 572 1330 vero
615 1269 888 1345 apparet
928 1281 1121 1343 quam
1168 1260 1565 1344 multiplices
1622 1281 1917 1326 recessus
1967 1270 2034 1326 et
2073 1259 2361 1325 latebras

413 1348 655 1415 habeat
699 1348 1039 1412 hominum
1087 1346 1473 1431 hypocrisis,
1519 1346 1676 1412 dum
1712 1347 1856 1413 sine
1887 1346 2140 1430 pudore
2174 1365 2361 1411 exco-

462 1436 630 1500 ’tant
671 1453 924 1500 crassos
968 1432 1448 1518 tergiversandi
1483 1432 1712 1498 modos
1746 1433 1829 1499 ad
1854 1433 2069 1498 Deum
2107 1451 2363 1514 quoque

411 1457 794 1587 gillandum.
889 1518 1021 1587 Sed
1081 1519 1447 1584 notandum
1509 1520 1707 1585 simul
1764 1529 1898 1597 est,
1955 1516 2359 1584 tolerabilem

410 1628 633 1676 coram
682 1606 824 1672 Deo
886 1625 1016 1671 non
1073 1627 1217 1672 esse
1271 1604 1593 1671 eiusmodi
1652 1605 1986 1670 vafritiem
2044 1604 2148 1670 cui
2194 1602 2362 1668 nihil

411 1715 616 1778 aeque
683 1693 898 1777 placet
961 1713 1160 1775 quam
1228 1693 1590 1757 sinceritas.
1699 1691 2089 1756 Videbimus
2161 1691 2360 1755 etiam

413 1781 588 1857 alibi,
628 1779 997 1845 sacerdotes
1031 1799 1235 1862 quum
1273 1776 1526 1845 vicibus
1547 1778 1685 1844 suis
1707 1785 2362 1861 peragerentmunus

410 1887 605 1933 suum
642 1866 711 1930 in
749 1865 1009 1948 templo,
1045 1865 1249 1929 fuisse
1285 1862 1367 1928 ab
1402 1885 1528 1930 usu
1565 1865 1706 1931 vini
1742 1862 2125 1947 prohibitos.
2175 1861 2361 1927 Haec

411 1951 771 2019 similitudo
815 1952 1102 2016 ostendit
1143 1950 1318 2033 quod
1362 1950 1496 2015 iam
1542 1950 1701 2029 dixi,
1745 1949 2114 2016 Nazaraeos
2156 1947 2363 2013 fuisse

411 2039 506 2104 ita
558 2047 938 2122 segregatos
992 2057 1034 2101 a
1090 2037 1319 2121 vulgo,
1376 2046 1450 2101 ut
1504 2035 1588 2101 ad
1645 2036 1960 2102 honorem
2018 2034 2362 2101 sacerdotii

413 2123 813 2191 accederent.
914 2123 1120 2188 Porro
1178 2122 1322 2187 vini
1379 2122 1780 2188 abstinentia
1836 2142 1968 2188 non
2024 2120 2220 2186 modo
2278 2119 2361 2184 ad

409 2210 775 2277 cavendam
814 2208 1197 2274 ebrietatem
1235 2208 1369 2273 illis
1402 2208 1700 2275 iniuncta
1734 2209 1876 2288 fuit,
1912 2206 2025 2274 sed
2048 2215 2128 2272 ut
2151 2206 2362 2271 victus

413 2305 588 2363 esset
631 2295 991 2361 restrictior
1036 2303 1103 2359 et
1147 2295 1360 2379 magis
1401 2295 1708 2378 frugalis:
1751 2295 1937 2360 euius
1981 2293 2364 2378 praecipuas

412 2382 707 2448 lautitias
741 2382 984 2447 scimus
1020 2400 1164 2447 esse
1198 2382 1265 2445 in
1306 2391 1460 2464 potu
1500 2382 1657 2446 vini.
1724 2380 1958 2465 Itaque
1992 2380 2363 2463 quicunque

413 2468 713 2536 abstemii
757 2489 887 2532 non
933 2475 1119 2545 sunt,
1179 2467 1471 2533 contenti
1528 2468 1746 2551 potius
1798 2474 1997 2532 erunt
2050 2463 2363 2530 mediocri

412 2566 479 2621 et
526 2554 786 2638 vulgari
829 2552 958 2618 cibi
1003 2552 1189 2636 copia
1232 2573 1427 2635 quam
1476 2554 1729 2636 privari
1771 2555 1930 2619 vino
1972 2551 2359 2618 sustineant.

412 2640 741 2723 Colligere
807 2647 1028 2704 tamen
1092 2661 1174 2704 ex
1235 2637 1358 2703 hac
1418 2637 1718 2705 doctrina
1772 2638 1958 2719 licet,
2017 2638 2087 2703 in
2145 2638 2363 2704 victus

413 2731 853 2810 temperantia
876 2725 1162 2791 sobrium
1186 2725 1331 2790 vini
1353 2746 1545 2790 usum
1568 2726 1816 2808 primas
1850 2733 2073 2808 partes
2107 2732 2361 2789 tenere:

414 2834 492 2879 ac
526 2814 596 2877 in
631 2813 811 2877 omni
853 2811 1233 2895 liguritione
1267 2821 1333 2876 et
1367 2811 1563 2896 gulae
1597 2812 1893 2896 ingluvie
1928 2810 2052 2877 hoc
2076 2810 2363 2875 maxime

414 2919 559 2964 esse
596 2897 1004 2963 damnabile:
1054 2898 1109 2963 si
1154 2918 1346 2980 quem
1399 2897 1599 2962 nimis
1648 2897 1927 2963 oblectet
1962 2896 2100 2962 vini
2147 2916 2360 2979 sapor,

415 3004 545 3069 quo
580 3006 650 3051 se
684 2984 1065 3068 ingurgitet.
1133 2982 1366 3067 Itaque
1401 2985 1640 3049 mirum
1678 2993 1794 3063 est,
1831 3004 2032 3067 quum
2059 2981 2362 3047 monachi

414 3071 539 3138 sub
576 3082 819 3155 papatu
855 3070 1250 3154 perfectione
1295 3070 1589 3156 angelica
1623 3093 1693 3135 se
1730 3069 2087 3150 venditent,
2133 3089 2362 3135 omnes

414 3180 549 3224 uno
604 3178 924 3224 consensu
994 3157 1294 3241 refugere
1352 3157 1489 3223 vini
1544 3156 2029 3222 abstinentiam.
2128 3154 2362 3220 Multis

414 3247 601 3310 nefas
668 3254 769 3310 est
834 3251 972 3308 tota
1036 3243 1173 3308 vita
1237 3243 1548 3309 bubulam
1616 3243 1725 3309 vel
1781 3243 2041 3308 suillam
2096 3260 2359 3308 carnem

415 3332 769 3414 attingere:
828 3349 905 3395 ac
946 3339 1274 3413 martyres
1317 3350 1388 3395 se
1432 3330 1568 3395 fore
1613 3328 1981 3413 gloriantur
2022 3328 2079 3393 si
2123 3327 2362 3394 malint

414 3416 738 3482 obstinate
775 3416 938 3480 mori
975 3436 1175 3499 quam
1210 3437 1473 3482 carnem
1520 3413 1729 3496 edere,
1774 3416 1831 3480 si
1873 3414 1968 3479 ita
2008 3414 2365 3480 necessitas

414 3502 726 3588 postulet.
828 3500 1035 3585 Atqui
1097 3502 1169 3566 in
1234 3522 1464 3567 eorum
1518 3500 1922 3567 continentia
1975 3498 2138 3566 adeo
2195 3498 2364 3564 nihil

416 3588 756 3673 aequabile
812 3600 915 3654 est
973 3597 1047 3652 ut
1100 3588 1263 3654 haec
1317 3588 1388 3653 in
1444 3587 1589 3653 cibo
1645 3588 1999 3652 austeritas
2041 3586 2190 3670 plus
2230 3586 2367 3653 illis

415 3674 722 3740 licentiae
756 3673 827 3739 iu
861 3683 1022 3757 potu
1059 3675 1382 3757 acquirat:
1421 3692 1498 3739 ac
1531 3673 1587 3738 si
1625 3672 1779 3738 data
1810 3694 2011 3756 opera
2045 3694 2118 3739 se
2141 3672 2367 3739 ulcisci

413 3761 680 3828 vellent.
804 3759 1027 3841 Quare
1114 3780 1338 3825 eorum
1418 3760 1731 3826 iactantia
1808 3759 1976 3823 nihil
2054 3757 2366 3843 putidius,

412 3867 618 3998 guum
679 3846 821 3912 sola
875 3847 1091 3913 carnis
1151 3845 1551 3911 abstinentia
1591 3865 1848 3911 merum
1893 3846 2021 3911 Dei
2066 3846 2154 3911 sit
2194 3844 2364 3911 ludi·

459 3954 651 3998 rium.

589 4018 650 4084 5.
710 4017 1041 4084 Novacula
1092 4036 1220 4089 non
1268 4016 1579 4083 transibit.
1669 4017 1810 4083 Gur
1853 4015 2039 4083 Deus
2084 4016 2368 4083 voluerit

413 4104 785 4171 Nazaraeos
842 4122 1093 4169 comam
1150 4103 1361 4181 alere,
1415 4112 1597 4169 certo
1642 4101 1898 4168 definiri
1945 4122 2075 4168 non
2120 4110 2364 4186 potest:

421 4192 553 4256 nisi
597 4201 677 4256 ut
717 4190 1054 4274 praesenti
1093 4188 1598 4255 consecrationis
1632 4209 1790 4254 suae
1823 4187 2122 4274 symbolo
2157 4189 2369 4272 magis

425 4297 502 4343 ac
545 4278 758 4364 magis
801 4277 882 4341 de
927 4285 1079 4341 voto
1137 4274 1460 4340 servando
1514 4277 2110 4340 commonefierent.
2200 4273 2367 4356 Qui-

424 4362 576 4427 dam
621 4371 860 4446 putant
896 4362 1154 4445 insigne
1196 4362 1397 4426 fuisse
1432 4360 1701 4438 decoris,
1748 4382 1825 4427 ac
1859 4364 1915 4427 si
1953 4380 2257 4428 coronam
2293 4361 2366 4425 in

422 4450 638 4532 capite
696 4456 1050 4532 gestarent.
1160 4445 1244 4511 In
1302 4467 1433 4529 quo
1489 4446 1834 4531 plusquam
1893 4446 2151 4512 ridiculi
2208 4455 2367 4512 sunt

423 4533 641 4600 clerici
685 4534 970 4617 papales,
1015 4533 1129 4616 qui
1170 4533 1240 4598 in
1285 4531 1585 4597 circulari
1623 4554 1892 4598 rasurae
1926 4534 2135 4599 forma
2157 4531 2367 4597 Naza-

423 4620 595 4686 raeis
639 4640 711 4685 se
768 4626 1171 4703 comparant.
1262 4617 1431 4684 Mihi
1491 4638 1649 4684 vero
1704 4619 1948 4687 sufficit
2004 4618 2123 4683 illa
2176 4618 2367 4697 ratio,

425 4708 595 4789 quod
623 4706 805 4771 Deus
841 4704 924 4771 ad
968 4704 1424 4788 praestandam
1469 4707 1608 4770 voti
1650 4704 1845 4771 fidem
1892 4703 2135 4770 visibili
2178 4704 2367 4788 signo

423 4813 537 4858 eos
600 4790 860 4857 assidue
919 4790 1303 4856 exercuerit.
1399 4790 1615 4855 Virile
1669 4801 1770 4857 est
1824 4791 2093 4857 tondere
2149 4800 2364 4874 caput,

423 4878 655 4963 idque,
713 4887 881 4943 teste
925 4876 1169 4957 Paulo,
1225 4875 1429 4943 dictat
1482 4897 1717 4943 sensus
1760 4888 2033 4942 naturae
2076 4873 2165 4962 (1.
2211 4876 2364 4944 Cor.

429 4964 531 5045 11,
593 4961 681 5051 6).
770 4963 831 5029 N
835 4963 1122 5029 azaraeis
1185 4983 1344 5048 ergo
1406 4962 1479 5028 in
1544 4963 1760 5048 capite
1823 4963 2176 5046 conspicua
2236 4962 2366 5027 fuit

347 5099 360 5110 .
424 5071 548 5116 sua
606 5050 952 5128 sanctitas,
1031 5070 1116 5114 ne
1181 5069 1301 5133 per
1374 5048 1696 5115 incuriam
1775 5048 1887 5114 vel
1962 5048 2362 5114 oblivionem

426 5135 897 5219 delinquerent.
985 5134 1092 5201 De
1148 5135 1533 5201 mulieribus
1586 5135 1879 5218 quaestio
1935 5142 2066 5215 est,
2129 5135 2364 5217 quibus

424 5241 913 5306 supervacuum
953 5219 1221 5286 videtur
1261 5219 1385 5286 hoc
1430 5231 1881 5305 praeceptum:
1927 5241 2097 5306 quae
2138 5229 2361 5285 tamen

424 5307 616 5374 facile
681 5306 993 5386 solvitur,
1063 5306 1210 5373 ideo
1272 5307 1580 5374 astrictas
1643 5308 1844 5374 fuisse
1907 5306 1991 5372 ad
2055 5305 2362 5391 capillum

423 5390 817 5474 fovendum,
879 5401 956 5458 ut
1018 5413 1148 5459 non
1213 5400 1469 5459 tantum
1534 5414 1618 5460 ex
1682 5391 2185 5472 consuetudine,
2248 5392 2364 5460 sed

566 5493 789 5551 Calvisi
816 5509 1005 5564 opera.
1089 5494 1205 5552 Vol.
1236 5493 1470 5552 XXIV.

1874 468 2250 536 PRIMUM
2294 465 2946 536 PRAEOEP'IJUM.

4279 468 4413 536 306

2461 658 2659 722 etiam
2704 678 2787 723 ex
2829 664 2984 723 voto
3040 667 3336 725 comatae
3396 667 3638 727 essent.
3727 658 4127 743 Quanquam
4174 678 4411 745 synec-

2461 741 2666 809 doche
2708 742 2877 808 nihil
2921 743 3190 810 habebit
3232 744 3534 824 absurdi,
3594 761 3669 811 ut
3712 745 3964 813 dicatur
4007 746 4088 812 de
4133 757 4410 830 utroque

2461 850 2628 895 sexu
2684 827 2857 912 quod
2915 839 3175 896 tantum
3230 829 3312 897 ad
3377 831 3548 898 viros
3608 836 3909 916 pertinet.
4015 833 4148 900 Hic
4207 834 4409 899 etiam

2461 914 2760 981 diabolus
2826 915 2978 980 olim
3048 915 3234 982 ludos
3298 938 3451 984 suos
3528 919 3700 1003 egit,
3773 940 3974 1003 quum
4054 920 4410 986 monachos

2461 1002 2808 1080 excitavit,
2874 998 3093 1087 (sicuti
3159 1004 3362 1069 refert
3418 1006 3834 1089 Augustinus
3864 1005 3909 1091 ¹)
3973 1008 4086 1089 qui
4151 1006 4411 1090 prolixa

2459 1108 2647 1153 coma
2669 1089 3162 1154 sanctimoniam
3199 1098 3628 1156 ostentarent.
3686 1090 3856 1156 Nam
3895 1112 4025 1174 quo
4060 1095 4412 1177 speciosior

2462 1183 2637 1239 esset
2677 1173 3067 1255 caelibatus,
3126 1175 3228 1241 cui
3276 1196 3510 1240 nomen
3557 1175 3901 1256 dederant,
3963 1179 4295 1264 negabant
4336 1203 4409 1249 se

2463 1279 2606 1325 esse
2665 1261 2870 1325 viros:
2936 1260 3089 1341 quia
3155 1282 3227 1326 se
3291 1271 3739 1328 castraverant
3802 1275 4071 1349 propter
4129 1288 4410 1351 regnum

2463 1346 2812 1413 coelorum.
2915 1346 3096 1431 Ergo
3153 1345 3417 1431 longior
3470 1349 3744 1431 capillus
3801 1358 3944 1416 erat
4005 1351 4411 1436 virginitatis

2464 1432 2744 1516 insigne.
2835 1431 3021 1496 Haec
3075 1433 3378 1516 exempla
3436 1454 3558 1499 nos
3602 1455 3641 1499 a
3685 1434 3972 1502 Satanae
4030 1438 4408 1521 imposturis

2463 1538 2695 1583 cavere
2731 1515 2983 1598 docent,
3019 1540 3105 1583 ne
3141 1522 3453 1600 κακοζηλία
3483 1541 3600 1586 nos
3624 1521 3851 1587 simias
3876 1523 4085 1607 magis
4110 1534 4407 1592 veterum

2463 1624 2659 1687 quam
2704 1603 3070 1669 imitatores
3113 1606 3325 1670 faciat.

2635 1689 2696 1755 6.
2759 1690 2869 1755 Ad
2908 1690 3192 1755 animam
3247 1692 3500 1778 mortui.
3589 1691 3736 1757 Hoc
3792 1694 3989 1759 etiam
4048 1696 4178 1762 illis
4233 1718 4410 1763 com-

2464 1796 2667 1841 mune
2689 1776 2814 1840 fuit
2833 1796 2985 1841 cum
3006 1797 3261 1841 summo
3297 1777 3649 1854 sacerdote,
3687 1800 3770 1844 ne
3807 1791 4112 1864 parentes
4147 1783 4410 1867 quidem

2463 1871 2758 1927 mortuos
2810 1860 3054 1947 lugere.
3145 1861 3540 1946 Quanquam
3598 1863 3726 1930 duo
3778 1869 4110 1952 praecepit
4168 1870 4408 1950 Moses,

2466 1970 2550 2012 ne
2594 1947 2700 2013 vel
2744 1947 3050 2031 ingressu
3094 1947 3392 2014 funestae
3437 1949 3687 2031 domus,
3731 1953 3839 2017 vel
3882 1951 4061 2019 luctu
4106 1975 4179 2021 se
4197 1955 4410 2022 Naza-

2464 2034 2602 2099 raei
2657 2033 2973 2116 polluant.
3076 2032 3391 2100 Officium
3450 2035 3712 2119 quidem
3773 2036 4211 2109 humanitatis
4269 2050 4414 2108 erat

2465 2119 2740 2202 sepelire
2797 2127 3141 2208 mortuos,
3181 2121 3237 2185 si
3295 2122 3405 2203 qui
3452 2135 3673 2187 tamen
3721 2143 3803 2188 ex
3847 2124 4036 2207 plebe
4078 2136 4413 2195 mortuum

2466 2207 2851 2289 attigerant,
2893 2205 3002 2272 vel
3048 2215 3460 2272 accesserant
3503 2208 3585 2272 ad
3627 2208 3873 2275 lectum
3919 2221 4035 2276 aut
4077 2213 4413 2296 feretrum,

2466 2289 2940 2375 polluebantur.
3008 2291 3171 2358 Plus
3216 2303 3434 2358 autem
3481 2316 3520 2358 a
3563 2293 3919 2361 Nazaraeis
3957 2295 4144 2365 Deus
4189 2300 4414 2384 exigit,

2468 2398 2551 2443 116
2595 2377 2843 2444 scilicet
2884 2379 3368 2444 immunditiem
3408 2380 3831 2446 contrahant:
3878 2384 4032 2465 quia
4076 2406 4208 2451 non
4252 2386 4414 2452 satis

2466 2463 2595 2528 fuit
2635 2462 2741 2551 (ut
2781 2464 2978 2548 paulo
3018 2475 3170 2547 post
3224 2465 3467 2532 iterum
3528 2465 3809 2554 dicetur)
3857 2472 4190 2536 communi
4230 2492 4415 2538 more

2467 2571 2539 2616 se
2582 2569 2897 2635 purgare,
2950 2548 3063 2615 sed
3109 2552 3399 2634 oportuit
3431 2550 3515 2616 ab
3549 2552 3856 2619 omnibus
3902 2554 4416 2640 inquinamentis

2468 2657 2615 2702 esse
2657 2637 2882 2720 procul
2941 2645 3240 2702 remotos.
3328 2636 3469 2703 Cur
3524 2646 3745 2704 autem
3804 2648 4017 2707 tactus
4075 2642 4414 2710 cadaveris

2468 2721 2746 2805 pollutio
2802 2723 3031 2800 fuerit,
3092 2744 3208 2789 suo
3267 2721 3408 2789 loco
3465 2724 3676 2791 fusius
3720 2727 4130 2797 tractabitur.
4219 2729 4416 2797 Nunc

2468 2827 2604 2872 uno
2649 2808 2850 2875 verbo
2894 2808 3252 2877 tenendum
3297 2819 3415 2890 est,
3467 2810 3622 2894 quia
3661 2811 3733 2876 in
3778 2825 3990 2879 morte
4031 2836 4417 2899 repraesen-

2468 2903 2651 2959 tatur
2716 2893 2843 2960 Dei
2907 2893 3280 2960 maledictio
3356 2897 3605 2979 peccati
3685 2919 3962 2978 merces,
4042 2901 4417 2967 admonitos

2468 2980 2673 3046 fuisse
2715 2980 3051 3045 Israelitas
3112 2990 3184 3045 ut
3237 2979 3359 3046 sibi
3404 2992 3718 3049 caverent
3760 2983 3842 3049 ab
3887 2987 4196 3070 operibus
4240 3009 4415 3053 mor-

2470 3067 2621 3133 tuis.
2711 3066 2968 3133 Luctus
3010 3065 3143 3132 alia
3179 3066 3303 3132 fuit
3359 3068 3561 3149 ratio,
3620 3079 3698 3135 ut
3740 3071 3850 3155 qui
3894 3073 4240 3156 specialem
4288 3075 4416 3141 Dei

2444 3153 2718 3218 ‹cultum
2777 3151 3280 3237 profitebantur,
3341 3154 3503 3221 alios
3559 3156 3915 3223 incitarent
3958 3158 4042 3225 ad
4085 3162 4417 3245 magnitu-

2468 3240 2686 3304 dinem
2733 3240 2935 3305 animi
2978 3247 3047 3303 et
3086 3240 3546 3309 constantiam.
3636 3242 3880 3310 Dolere
3923 3253 3992 3310 et
4033 3248 4210 3324 flere,
4256 3244 4417 3313 dum

2468 3328 2695 3392 amicis
2748 3325 3094 3404 orbamur,
3159 3326 3217 3392 si
3280 3326 3598 3393 vitiosum
3657 3337 3865 3411 esset,
3928 3352 4063 3397 non
4127 3333 4421 3398 flevisset

2469 3411 2779 3477 Christus
2842 3410 2926 3477 ad
2978 3411 3355 3495 sepulcrum
3401 3413 3643 3479 Lazari
3698 3413 3868 3502 (Ich.
3930 3417 4031 3496 11,
4090 3416 4235 3505 35):
4301 3416 4420 3485 sed

2467 3499 2619 3581 quia
2683 3497 2965 3563 moerori
3022 3518 3278 3581 semper
3334 3498 3643 3567 adiuncta
3699 3510 3803 3566 est
3858 3504 4293 3585 perturbatio,
4348 3510 4418 3571 et

2467 3584 2536 3649 in
2582 3583 2765 3650 luctu
2809 3583 3111 3651 homines
3155 3592 3231 3649 ut
3264 3584 3623 3669 plurimum
3660 3588 4004 3654 ambitioni
4038 3600 4106 3654 et
4140 3610 4417 3674 pompae

2467 3670 2766 3748 student,
2826 3691 2902 3736 ac
2945 3690 3016 3735 se
3059 3670 3238 3754 ipsos
3280 3670 3457 3736 ultro
3500 3679 3569 3739 et
3611 3672 3766 3739 data
3808 3694 4007 3757 opera
4051 3673 4136 3741 ad
4181 3696 4415 3742 exces-

2468 3776 2615 3821 sum
2681 3763 3068 3839 provocant,
3137 3777 3214 3824 ac
3268 3757 3326 3822 si
3390 3779 3524 3823 non
3589 3779 3699 3826 eos
3764 3761 3896 3825 iam
3963 3770 4201 3826 natura
4266 3762 4417 3845 plus

2468 3862 2672 3925 aequo
2733 3841 2888 3906 illuc
2944 3854 3238 3924 raperet:
3295 3843 3763 3912 moderationis
3821 3848 4199 3931 exemplum
4256 3849 4415 3914 dare

2470 3948 2604 3992 non
2642 3936 2944 4010 poterant
2970 3928 3303 4008 Nazaraei,
3347 3930 3402 3994 si
3444 3929 3821 4013 lugentibus
3864 3954 3934 3998 se
3979 3934 4410 4000 miscuissent.

2467 4014 2650 4097 Ergo
2694 4013 2890 4079 sicuti
2930 4012 3229 4081 lautitiae
3275 4016 3455 4097 prius
3498 4017 3835 4083 fraenatae
3877 4030 4052 4097 sunt,
4098 4020 4194 4085 ita
4236 4041 4414 4085 nunc

2468 4100 2795 4166 contrario
2838 4099 3097 4176 morbo,
3143 4122 3379 4185 nempe
3424 4102 3760 4181 tristitiae,
3817 4102 4179 4170 remedium
4225 4105 4415 4171 adhi-

2470 4188 2680 4250 betur.
2789 4185 2937 4251 Etsi
3001 4196 3224 4251 autem
3289 4186 3556 4254 modum
3620 4188 3745 4254 sibi
3819 4210 4047 4256 omnes
4124 4202 4414 4257 statuere

2469 4269 2727 4351 debent,
2766 4270 3120 4337 Nazaraeis
3154 4284 3374 4338 tamen
3412 4274 3875 4357 praescribitur
3910 4274 4153 4360 aliquid
4177 4279 4408 4356 maius,

2468 4365 2545 4422 ut
2622 4367 2932 4439 tanquam
3012 4358 3212 4424 soluti
3288 4367 3356 4424 et
3431 4363 3617 4425 exuti
3696 4361 3975 4427 terrenis
4051 4363 4416 4445 affectibus,

2470 4443 2721 4595 τοὲίᾳιιίο
2757 4443 2995 4527 populo
3031 4445 3457 4510 antecellant:
3495 4446 3691 4512 sicuti
3728 4447 3811 4512 de
3832 4447 4168 4515 sacerdote
4188 4459 4417 4534 postea

2467 4529 2534 4595 vi
2581 4551 2618 4594 6
2663 4530 2815 4595 itur.

2640 4615 2701 4682 9.
2750 4614 2825 4681 Si
2858 4619 3065 4680 autem
3094 4621 3397 4682 mortuus,
3463 4617 3595 4685 Hic
3630 4617 4029 4702 praecipitur
4063 4619 4216 4703 quid
4252 4641 4415 4704 opus

2468 4702 2555 4766 sit
2598 4702 2772 4766 factu
2817 4701 2876 4766 si
2919 4701 3267 4786 contigerit
3310 4702 3760 4771 immundities
3803 4725 3971 4788 quae
4026 4706 4211 4773 nulla
4268 4708 4419 4773 dili-

2467 4788 2696 4872 gentia
2731 4787 3106 4870 praecaveri
3142 4789 3375 4870 potuit.
3445 4788 3522 4857 Si
3557 4789 3822 4856 domum
3845 4791 4174 4860 funestam
4200 4795 4414 4859 sciens

2466 4881 2535 4940 et
2568 4872 2798 4940 volens
2832 4874 3171 4958 ingressus
3211 4885 3383 4939 esset
3405 4876 3800 4958 Nazaraeus,
3837 4878 3949 4944 vel
3973 4878 4055 4944 ad
4082 4887 4413 4943 mortuum

2466 4959 2868 5038 accessisset,
2905 4977 3042 5024 non
3065 4959 3308 5043 absque
3331 4960 3575 5028 scelere
3609 4963 3856 5029 violata
3892 4965 4120 5031 fuisset
4154 4963 4412 5048 religio:

2467 5066 2699 5111 verum
2754 5045 2825 5110 in
2881 5057 3094 5111 morte
3152 5050 3498 5130 repentina
3556 5049 3953 5116 excusabilis
4011 5061 4153 5116 erat
4209 5069 4413 5129 error,

2464 5152 2657 5215 quem
2717 5139 2939 5197 tamen
2999 5132 3183 5198 Deus
3240 5135 3491 5217 expiari
3543 5134 3744 5202 iubet.
3840 5134 4176 5218 Quidquid
4235 5135 4412 5201 enim

2464 5219 2780 5303 temporis
2825 5238 2865 5282 a
2909 5226 3060 5286 voto
3102 5222 3562 5302 praeterierat,
3620 5242 3741 5306 pro
3786 5220 3994 5287 nihilo
4039 5220 4248 5303 ducit,
4294 5242 4413 5290 1166

2638 5406 2699 5477 1)
2733 5407 2806 5463 In
2841 5407 3122 5477 maraine.-
3153 5408 3218 5462 In
3252 5408 3396 5464 libro
3431 5407 3502 5463 de
3538 5407 3719 5478 Opere
3752 5408 4155 5550 monacqligrum.
