4867 6150
332 444 453 508 177

329 632 461 699 Dei
506 635 873 716 potentiae,
942 654 1151 716 neque
1195 655 1494 700 veracem
1538 637 1609 699 in
1653 635 1789 701 suis
1829 636 2275 718 promissioni·

329 721 455 786 bus
498 741 639 785 esse
684 720 1044 786 crederent.
1109 718 1502 805 Susceperat
1543 723 1721 786 enim
1765 743 1991 787 eorum
2029 743 2277 799 curam,

329 816 394 871 et
439 806 770 887 pollicitus
814 807 1026 871 fuerat
1069 828 1139 871 se
1174 826 1507 888 nunquam
1545 807 1678 872 illis
1713 807 2118 873 defuturum:
2159 829 2279 873 cur

330 913 488 976 ergo
532 912 725 971 nunc,
770 912 973 974 quum
1019 913 1125 957 res
1160 893 1255 957 ita
1306 892 1530 977 exigit,
1580 914 1709 958 non
1752 903 2054 959 statuunt
2089 915 2276 977 prae·

331 986 435 1043 sto
489 977 613 1043 sibi
669 978 841 1056 fore,
901 977 1032 1044 nisi
1075 978 1246 1061 quod
1302 989 1436 1043 tam
1495 978 1636 1045 eius
1693 981 2023 1063 potentiae
2080 1000 2275 1063 quam

331 1063 593 1130 veritati
632 1063 917 1147 maligne
952 1063 1314 1147 derogant?

501 1150 562 1215 4.
608 1149 699 1214 Et
740 1150 1033 1215 clamavit
1073 1150 1305 1216 Moses.
1370 1148 1657 1215 Videtur
1698 1149 1808 1217 hic
1852 1151 2098 1216 clamor
2142 1172 2278 1216 non

330 1237 531 1301 fuisse
575 1237 970 1319 compositus
1015 1236 1098 1300 ad
1141 1257 1367 1303 veram
1414 1236 1723 1318 precandi
1769 1256 2101 1313 normam,
2161 1236 2276 1302 sed

329 1321 602 1388 confusa
652 1321 1061 1405 querimonia
1117 1323 1316 1387 fuisse
1353 1322 1622 1403 mixtae,
1681 1321 1763 1387 ad
1807 1343 1998 1406 quam
2038 1323 2278 1407 impul-

329 1431 444 1473 sus
509 1409 634 1472 fuit
699 1408 919 1473 Moses
985 1409 1168 1488 gravi
1235 1408 1439 1473 animi
1506 1407 2027 1490 perturbatione:
2085 1409 2278 1474 sicuti

331 1493 665 1559 interdum
700 1505 957 1559 sanctos
1001 1494 1244 1578 abripit
1285 1495 1671 1561 immodicus
1716 1493 1929 1571 ardor,
1972 1503 2048 1559 ut
2091 1516 2282 1560 oran-

329 1580 415 1645 do
460 1582 677 1663 potius
721 1581 1005 1644 fremant
1048 1600 1242 1663 quam
1286 1588 1440 1644 vota
1483 1581 1608 1646 rite
1652 1594 1717 1643 et
1752 1581 2084 1646 moderate
2133 1600 2281 1646 con-

327 1668 596 1750 cipiant.
686 1664 1169 1730 'Purbulentum
1233 1668 1406 1730 enim
1476 1665 1579 1731 vel
1645 1666 2099 1749 obstreperum
2167 1667 2284 1732 ali-

329 1752 485 1838 quid
532 1763 770 1817 sonant
815 1752 976 1817 haec
1011 1750 1230 1816 verba.
1292 1751 1470 1834 Quid
1515 1752 1747 1817 faciam
1795 1752 2030 1836 populo
2078 1752 2277 1819 huic?

328 1860 407 1906 ac
445 1841 499 1903 si
548 1839 765 1903 Moses
799 1837 1248 1922 indignatione
1293 1840 1581 1920 percitus
1623 1839 1847 1921 iniquo
1891 1860 2087 1903 onere
2129 1861 2279 1922 gra-

332 1925 478 1990 vari
522 1945 593 1990 se
634 1931 944 2007 queratur
986 1923 1158 2006 quod
1205 1923 1483 1989 libenter
1526 1933 1879 2003 excuteret,
1925 1926 1982 1989 si
2019 1927 2278 1990 veniam

243 2040 258 2057 ·
332 2022 399 2076 et
442 2010 1015 2075 manumissionem
1061 2011 1418 2092 impetrare
1476 2020 1696 2092 posset
1751 2030 1791 2074 a
1834 2010 1994 2076 Deo.
2085 2009 2280 2093 Quod

325 2098 623 2180 sequitur
683 2096 867 2161 varie
922 2107 1261 2179 exponunt
1313 2095 1725 2178 interpretes.
1831 2095 2118 2178 Quidam
2185 2098 2279 2160 ita

323 2182 702 2248 resolvunt:
763 2182 907 2246 Nisi
954 2203 1105 2246 mox
1152 2191 1495 2248 succurrat
1541 2182 1741 2261 Deus,
1785 2183 1900 2248 sed
1944 2182 2279 2266 paulisper

324 2268 544 2335 adhuc
589 2268 990 2345 dissimulet,
1036 2266 1267 2332 Mosen
1314 2266 1672 2350 lapidatum
1712 2269 1811 2334 iri.
1899 2268 2038 2334 Alii
2093 2287 2272 2347 vero,

321 2376 557 2439 parum
637 2353 821 2419 abest
918 2353 1072 2436 quin
1173 2353 1523 2436 prosiliant
1606 2354 1687 2418 ad
1786 2376 1889 2419 me
1975 2354 2273 2438 lapidan-

324 2441 504 2506 dum.
638 2438 811 2506 Sunt
898 2439 1097 2503 etiam
1185 2441 1294 2524 qui
1383 2440 1452 2504 in
1542 2440 1896 2522 praeterito
1984 2452 2276 2525 tempore

319 2527 584 2611 legunt,
667 2526 905 2610 quibus
971 2525 1343 2609 refragatur
1407 2526 1727 2608 particula
1791 2540 1898 2603 ‘ny
1972 2548 2137 2610 quae
2204 2528 2274 2590 in

319 2613 625 2678 futurum
678 2611 968 2694 respicit.
1057 2611 1227 2676 Mihi
1294 2612 1454 2677 illud
1524 2612 1737 2696 magis
1794 2612 2139 2695 probatur:
2196 2612 2275 2677 Si

319 2698 511 2764 Deus
570 2699 890 2763 auxilium
949 2718 1139 2762 suum
1198 2697 1302 2762 vel
1355 2698 1596 2782 exiguo
1642 2708 1937 2781 tempore
1996 2698 2274 2779 differat,

321 2805 462 2849 non
542 2806 731 2868 posse
809 2783 1083 2848 retineri
1161 2784 1390 2868 populi
1456 2786 1745 2849 furorem
1817 2786 1974 2868 quin
2042 2786 2277 2851 Mosen

321 2870 588 2954 lapidet.
1745 2892 1752 2901 ·

500 2956 560 3022 5.
605 2953 694 3021 Et
736 2957 828 3021 ait
867 2955 1096 3021 Iehova
1140 2956 1223 3020 ad
1269 2955 1512 3023 Mosen.
1559 2955 1831 3022 Prodire
1868 2958 1933 3020 in
1986 2956 2272 3021 medium

323 3044 527 3122 iubet,
565 3064 640 3108 ac
677 3042 733 3108 si
770 3063 920 3108 eum
964 3043 1270 3108 obiiceret
1317 3043 1646 3125 praesenti
1694 3042 1923 3107 mortis
1960 3043 2271 3124 pericu10‚

323 3131 440 3195 sed
490 3130 644 3213 quia
689 3149 1039 3211 persuasus
1085 3143 1228 3193 erat
1253 3129 1469 3193 Moses
1514 3131 1580 3192 in
1629 3130 1770 3196 eius
1807 3129 2075 3192 arbitrio
2112 3151 2271 3209 esse,

323 3239 461 3282 non
525 3217 739 3280 minus
798 3213 1026 3278 sedare
1086 3214 1444 3296 quamlibet
1486 3236 1714 3280 saevos
1763 3216 2101 3279 hominum
2147 3216 2271 3278 im-

321 3313 518 3387 petus
561 3323 753 3383 quam
800 3302 1039 3365 fluctus
1085 3314 1151 3363 et
1196 3312 1616 3382 tempestates
1661 3303 1891 3379 maris,
1950 3322 2078 3365 nou
2139 3313 2270 3365 tre·

323 3388 510 3472 pidat
553 3409 763 3470 neque
810 3387 1066 3469 refugit.
1157 3387 1507 3451 Caeterum
1543 3389 1636 3451 ita
1680 3388 2039 3471 potentiam
2085 3407 2274 3451 suam

319 3475 688 3540 illustravit
731 3471 931 3547 Deus,
970 3485 1042 3536 ut
1087 3483 1309 3536 tamen
1357 3473 1661 3556 populum
1701 3495 1740 3536 a
1776 3474 2075 3556 propiore
2118 3492 2273 3537 con-

321 3574 552 3644 spectu
596 3559 989 3624 submovens
1033 3559 1389 3642 ignominia
1435 3568 1706 3623 notaret.
1819 3559 2087 3624 Transit
2130 3561 2271 3641 qui·

324 3647 477 3712 dem
526 3647 742 3710 Moses
799 3665 1015 3709 coram
1076 3645 1410 3721 omnibus,
1470 3645 1642 3709 solos
1708 3655 1927 3709 tamen
1985 3646 2275 3710 seniores

323 3753 549 3800 secum
596 3729 792 3805 ducit,
849 3751 1068 3794 coram
1114 3731 1348 3812 quibus
1408 3752 1642 3813 aquam
1704 3754 1785 3795 ex
1828 3752 1991 3814 rupe
2036 3730 2271 3807 eliciat,

321 3835 401 3885 ut
459 3818 700 3883 oculati
752 3817 886 3881 sint
945 3826 1143 3881 testes
1205 3817 1521 3882 miraculi.
1612 3817 1794 3881 Haec
1850 3814 2063 3881 media
2104 3819 2273 3881 ratio

326 3926 542 3986 neque
577 3905 921 3969 obscuram
959 3923 1101 3967 esse
1138 3907 1386 3984 patitur
1419 3902 1719 3968 beneficii
1744 3903 1872 3967 Dei
1907 3903 2185 3986 gloriam
2209 3912 2276 3966 et

325 4005 550 4055 tamen
605 3988 954 4072 indignum
1014 4010 1156 4054 esse
1215 3990 1452 4073 vulgus
1518 3988 1807 4053 ostendit
1861 3988 2031 4071 quod
2090 3989 2274 4054 Deus

323 4078 411 4142 ad
472 4075 893 4159 spectandam
952 4096 1136 4141 suam
1195 4076 1508 4139 virtutem
1568 4073 1888 4140 admittat.
1993 4074 2088 4141 Ut
2132 4096 2275 4156 per-

325 4160 602 4228 suadeat
647 4161 947 4226 baculum
994 4182 1128 4226 non
1172 4160 1311 4224 fore
1373 4182 1648 4226 vacuum
1711 4159 2028 4239 efficacia,
2092 4182 2275 4225 revo-

324 4259 439 4316 cat
479 4248 550 4312 in
599 4247 975 4311 memoriam
1025 4248 1195 4329 quod
1254 4249 1383 4310 iam
1443 4259 1755 4329 expertus
1800 4256 1959 4311 erat.
2049 4247 2273 4329 Neque

323 4345 557 4400 tamen
597 4345 892 4399 recenset
934 4335 1155 4398 omnia
1199 4333 1543 4398 miracula:
1605 4333 1715 4397 sed
1779 4341 2036 4397 tantum
2084 4334 2277 4397 attin-

323 4422 430 4505 git
472 4419 642 4503 quod
687 4418 1004 4503 principio
1050 4419 1365 4494 vidimus,
1413 4429 1593 4483 tactu
1647 4418 1826 4483 illius
1892 4418 2028 4482 Nili
2074 4434 2294 4500 aquas‘

325 4526 679 4572 conversas
723 4505 927 4570 fuisse
971 4506 1040 4569 in
1086 4507 1494 4589 sangninem.
1584 4504 1775 4585 Quod
1820 4505 2005 4569 Deus
2064 4513 2273 4568 statu·

319 4613 475 4659 rum
520 4612 589 4657 se
624 4613 819 4674 super
856 4612 1081 4673 rupem
1123 4592 1533 4675 pronunciat,
1580 4591 1660 4655 ad
1697 4589 2051 4655 tollendam
2091 4590 2272 4656 dubi-

319 4680 641 4744 tationem
702 4675 938 4752 tendit,
1008 4699 1090 4741 ne
1147 4678 1366 4742 Moses
1425 4676 1505 4741 de
1562 4689 1804 4742 eventu
1865 4678 2105 4740 anxius
2166 4677 2271 4754 sit,

322 4764 436 4830 vel
478 4764 744 4830 dubius:
794 4764 949 4847 quia
992 4763 1233 4846 alioqui
1277 4765 1466 4827 irrita
1508 4763 1737 4828 fuisset
1774 4784 1848 4828 ac
1883 4761 2132 4827 lusoria
2167 4783 2274 4826 ru-

322 4852 431 4935 pis
473 4852 822 4935 percussio.
916 4850 1268 4914 Animatur
1326 4869 1482 4932 ergo
1528 4849 1748 4914 Moses
1803 4848 1882 4912 ad
1929 4846 2271 4912 fiduciam:

324 4938 486 5020 quia
530 4937 741 5012 Deus,
802 4957 996 5019 quem
1057 4936 1209 5000 fidei
1256 4935 1622 5001 obedientia
1671 4935 1898 5000 ducem
1956 4934 2272 5015 sequitur,

326 5043 452 5107 per
493 5043 764 5086 manum
824 5023 964 5086 eius
1023 5023 1335 5087 virtutem
1392 5043 1577 5086 suam
1626 5034 1916 5098 exseret,
1961 5041 2044 5084 ne
2089 5019 2271 5103 quid-

327 5128 523 5191 quam
564 5109 808 5172 frustra
844 5108 947 5172 vel
985 5109 1225 5191 absque
1262 5109 1500 5174 effectu
1524 5106 1961 5192 aggrediatur.
2008 5106 2274 5171 Interea

329 5194 630 5277 quamvis
673 5194 1051 5277 interponat
1084 5194 1260 5260 servi
1305 5196 1404 5260 sui
1450 5215 1716 5277 operam
1753 5192 2008 5257 laudem
2051 5201 2273 5257 tamen

332 5278 550 5363 operis
593 5279 714 5343 sibi
754 5277 1077 5347 vendicat.
1197 5307 1202 5312 ·

508 5366 567 5430 7.
630 5364 1000 5447 Vocavitque
1040 5386 1258 5431 nomen
1314 5367 1448 5433 loci.

528 5464 755 5522 Calvio&
781 5481 973 5536 opera.
1018 5466 1137 5524 Vol.
1173 5467 1333 5523 XXI
1345 5469 1406 5524 V.

1548 5366 1776 5431 Potest
1818 5362 2079 5447 quidem
2124 5384 2273 5432 ver-

1459 445 2203 513 OOMMENTARIUS
2245 446 2346 511 IN
2390 445 2694 513 EXODI
2739 445 2937 512 GAP.
2982 445 3210 514 XVII.

4204 450 4327 518 178

2379 635 2536 701 bum
2581 634 2706 700 hoc
2749 635 3089 700 indefinite
3125 636 3345 718 accipi,
3391 657 3466 705 ac
3503 638 3559 702 si
3596 637 3871 703 dixisset
3903 658 4146 704 nomen
4186 639 4327 706 loco

2378 721 2585 787 fuisse
2607 722 3018 805 impositum:
3057 721 3170 787 sed
3202 723 3410 807 magis
3443 724 3775 805 probabile
3798 733 3896 790 est
3919 725 4171 802 Mosen,
4201 726 4326 791 Dei

2379 807 2691 873 mandato
2739 808 2833 873 sic
2884 808 3094 873 locum
3146 829 3429 885 vocasse,
3476 808 3646 892 quod
3694 809 4034 876 Israelitae
4079 813 4327 877 crimen

2378 915 2569 958 suum
2634 893 2876 976 duplici
2936 904 3089 958 nota
3146 895 3532 979 insignitum
3592 895 3829 961 melius
3873 906 4325 980 agnoscerent.

2380 977 2776 1062 Quanquam
2822 1000 2953 1044 non
2996 988 3255 1044 tantum
3302 980 3445 1046 eius
3487 1003 3752 1046 sensum
3796 983 4073 1067 infigere
4117 983 4327 1048 voluit

2381 1086 2607 1130 eorum
2669 1065 2939 1145 animis,
2997 1064 3112 1130 sed
3165 1068 3545 1130 memoriam
3606 1089 3863 1151 quoque
3907 1067 3987 1133 ad
4033 1077 4328 1153 posteros

2379 1150 2657 1216 tradere.
2769 1150 3016 1217 Eadem
3105 1163 3332 1234 postea
3395 1153 3810 1235 exprobratio
3877 1156 4160 1236 repetita
4225 1164 4327 1220 est

2381 1239 2448 1301 in
2495 1237 2728 1316 Gades,
2795 1247 2869 1302 ut
2934 1235 3328 1302 videbimus:
3398 1241 3554 1320 quia
3619 1241 3795 1323 prior
3861 1242 4095 1305 notitia
4153 1240 4327 1319 apud

2381 1323 2682 1389 socordes
2727 1322 3053 1389 oblivione
3110 1323 3367 1406 sepulta
3424 1338 3583 1390 erat.
3669 1325 3878 1391 Porro
3937 1325 4329 1391 tantundem

2382 1408 2594 1473 valuit
2636 1408 2761 1474 loci
2805 1409 3156 1491 appellatio
3201 1431 3276 1475 ac
3320 1411 3375 1475 si
3420 1421 3596 1476 terra
3632 1411 3774 1494 ipsa
3808 1412 4173 1491 clamasset,
4220 1433 4330 1495 po—

2382 1494 2629 1577 pulum,
2674 1515 2791 1577 pro
2836 1495 3086 1580 ingenii
3129 1497 3231 1561 sui
3274 1497 3619 1578 pravitate,
3665 1498 4137 1563 tumultuosum
4184 1517 4327 1564 esse

2382 1593 2450 1645 et
2505 1580 2951 1646 incredulitati
3007 1580 3318 1647 deditum.
3408 1582 3715 1649 Tentatio
3777 1594 3994 1648 autem
4055 1592 4327 1649 conten-

2382 1667 2635 1731 tionum
2695 1675 2908 1732 mater
2952 1676 3081 1732 est:
3143 1669 3297 1750 quia
3340 1669 3633 1751 quisquis
3677 1669 3822 1733 Deo
3867 1667 4121 1749 diffidit,
4167 1690 4326 1751 quo-

2382 1753 2507 1818 ties
2549 1774 2653 1818 res
2691 1773 2823 1817 non
2860 1752 3164 1819 accidunt
3201 1774 3282 1818 ex
3333 1765 3519 1831 voto,
3567 1754 3647 1819 ad
3694 1755 4103 1819 fremendum
4146 1766 4215 1819 et
4256 1755 4332 1819 li-

2379 1839 2723 1922 tigandum
2769 1839 3149 1923 impellitur.
3217 1840 3379 1917 Iam,
3418 1839 3571 1904 dum
3612 1843 3814 1906 refert
3860 1842 4078 1906 Moses
4112 1841 4328 1905 Israe-

2381 1925 2534 1989 litas
2578 1935 2866 1991 tentasse
2901 1925 3139 2003 Deum,
3186 1925 3490 1991 dicendo:
3539 1927 3746 1992 Estne
3784 1928 3970 1992 Deus
4004 1929 4069 1991 in
4113 1926 4329 1992 medio

2380 2009 2636 2075 nostri?
2697 2032 2825 2077 nou
2872 2011 3181 2095 intelligit
3226 2011 3442 2094 palam
3490 2013 3583 2078 sic
3625 2012 3929 2096 loquutos
3974 2034 4146 2078 esse:
4212 2010 4328 2078 sed

2379 2097 2532 2179 quia
2603 2097 2729 2161 huc
2821 2097 3176 2162 tendebant
3242 2118 3469 2162 eorum
3560 2097 3892 2175 fremitus,
3975 2119 4178 2182 quum
4246 2097 4329 2162 ob

2380 2203 2588 2265 aquae
2633 2182 2956 2249 defectum
3003 2190 3229 2248 contra
3274 2184 3505 2249 Mosen
3547 2185 3996 2268 insurgerent,
4066 2207 4141 2250 ac
4195 2185 4330 2250 cla-

2380 2278 2644 2333 marent
2687 2291 2757 2333 se
2802 2268 2883 2334 ab
2925 2292 3000 2335 eo
3045 2270 3247 2335 fuisse
3290 2270 3620 2355 deceptos:
3665 2291 3743 2336 ac
3786 2271 3840 2334 si
3888 2291 4086 2352 penes
4111 2270 4328 2336 Deum

2382 2354 2567 2418 nulla
2612 2366 2783 2420 esset
2826 2355 3185 2420 auxiliandi
3229 2355 3523 2421 facultas.
3578 2357 3727 2421 Etsi
3773 2365 3990 2422 autem
4038 2355 4330 2441 maligno

2382 2449 2450 2504 et
2484 2452 2797 2524 per'verso
2844 2443 3083 2524 populo
3129 2453 3466 2506 aeternam
3510 2443 3913 2526 ignominiae
3957 2454 4179 2508 notam
4225 2445 4328 2507 in-

2382 2529 2546 2592 ussit
2591 2528 2804 2603 Deus,
2861 2527 3246 2592 admirabile
3289 2537 3507 2592 tamen
3560 2527 3864 2592 bonitatis
3908 2550 4065 2593 suae
4120 2529 4328 2611 speci·

2382 2635 2534 2678 men
2592 2613 2658 2677 in
2715 2633 2791 2678 eo
2836 2612 3043 2678 edidit
3096 2614 3262 2696 quod
3321 2634 3452 2678 non
3516 2622 3775 2678 tantum
3840 2624 4067 2697 potum
4135 2614 4333 2698 largi·

2382 2710 2490 2764 tus
2535 2707 2636 2764 est
2679 2700 3050 2765 reficiendis
3115 2698 3520 2782 corporibus,
3587 2698 3700 2763 sed
3761 2700 4016 2764 animas
4072 2720 4331 2782 quoque

2383 2784 2693 2869 dignatus
2737 2795 2837 2850 est
2888 2785 3218 2868 spirituali
3273 2795 3460 2868 potu:
3520 2784 4069 2868 quemadmodum
4130 2795 4333 2851 testa-

2383 2880 2491 2936 tur
2534 2872 2784 2937 Paulus
2828 2869 2914 2957 (1.
2963 2870 3111 2937 Cor.
3163 2872 3263 2948 10,
3307 2869 3377 2957 4)
3422 2880 3674 2953 petram
3721 2873 3921 2936 fuisse
3965 2870 4329 2951 Christum,

2383 2968 2449 3021 et
2503 2957 2650 3022 ideo
2706 2978 2939 3040 aquam
3014 2979 3180 3041 quae
3243 2958 3394 3021 inde
3454 2958 3787 3040 profluxit,
3853 2958 4036 3022 calici
4107 2976 4329 3022 sacrae

2380 3063 2622 3109 coenae
2665 3051 3019 3128 comparat.
3129 3043 3237 3109 Ita
3277 3043 3577 3109 videmus
3623 3053 3697 3108 ut
3739 3063 3940 3128 supra
3983 3043 4329 3108 hominum

2381 3130 2697 3194 malitiam
2765 3130 3080 3196 exuberet
3143 3131 3470 3195 immensa
3526 3130 3650 3195 Dei
3717 3131 4193 3208 misericordia,
4260 3136 4330 3192 et

2380 3218 2541 3280 vitia
2587 3238 2808 3281 eorum
2848 3218 2916 3281 in
2961 3218 3238 3282 salutem
3285 3216 3617 3289 vertend0‚
3664 3214 3876 3282 lucem
3924 3239 4004 3280 ex
4040 3215 4329 3281 tenebris

2380 3302 2647 3366 educat:
2694 3310 2952 3366 tant-nm
3001 3302 3184 3368 abest
3228 3313 3304 3365 ut
3346 3302 3517 3384 quod
3559 3302 3725 3384 ipsis
3768 3303 3930 3367 utile
3974 3312 4075 3368 est
4110 3302 4328 3369 confe-

2377 3410 2549 3466 rens,
2616 3389 2983 3454 mercedem
3026 3387 3346 3470 rependat
3399 3408 3626 3453 eorum
3684 3387 3952 3454 meritis.
4041 3387 4173 3455 Sed
4234 3395 4333 3452 te-

2379 3472 2599 3538 nenda
2643 3481 2745 3538 est
2783 3495 2950 3558 quae
2995 3475 3130 3540 illic
3174 3475 3486 3539 inseritur
3528 3473 3903 3552 admonitio,
3965 3475 4131 3539 nihil
4175 3496 4330 3560 pro-

2377 3561 2579 3625 fuisse
2623 3560 2851 3625 multis
2895 3559 3063 3643 quod
3111 3559 3518 3644 spiritualem
3554 3569 3778 3644 potum
3815 3560 4127 3629 biberint:
4174 3565 4329 3645 quia

2378 3647 2652 3795 scilicetb
2696 3657 2827 3712 tam
2904 3646 3240 3731 singulare
3307 3645 3548 3711 donum
3631 3647 4121 3730 profanaverint
4185 3650 4325 3714 suis

2378 3732 2606 3797 sceleri
2652 3754 2750 3798 us.

2551 3904 2610 3968 8.
2676 3904 2854 3969 Venit
2912 3909 3120 3967 autem
3176 3904 3439 3969 Amalec
3495 3909 3552 3969 et
3585 3905 3890 3987 puqnavit
3929 3924 4071 3969 cum
4116 3903 4327 3972 Israel

2376 3990 2446 4054 in
2474 3989 2841 4070 Raphidim.
2889 3990 2948 4055 9.
2982 3991 3157 4056 Tunc
3178 3991 3272 4055 ait
3296 3990 3506 4054 Moses
3528 3992 3614 4055 ad
3636 3989 3901 4055 Iosuah:
3938 3989 4127 4074 Eliqe
4146 3992 4327 4057 nobis

2375 4076 2565 4155 viros,
2612 4081 2668 4139 et
2703 4079 3020 4158 egrediens
3050 4096 3275 4158 puqna
3331 4080 3545 4141 contra
3581 4076 3870 4141 Amalec.-
3935 4081 3992 4139 et
4033 4096 4177 4142 crac
4219 4096 4325 4160 eqo

2376 4161 2550 4226 stabo
2606 4163 2679 4226 in
2735 4163 2960 4227 vertice
3013 4161 3216 4238 colli-9,
3286 4166 3344 4225 et
3396 4161 3654 4228 baculus
3692 4161 3816 4225 Dei
3859 4162 3978 4225 erit
4018 4162 4089 4225 in
4130 4181 4325 4229 manu

2375 4268 2533 4312 mea.
2586 4247 2683 4312 10.
2723 4247 2811 4310 Et
2843 4248 2988 4330 fecit
3032 4246 3272 4312 Iosuah
3313 4246 3475 4312 sicut
3514 4247 3766 4311 dixerat
3809 4248 3869 4311 ei
3905 4245 4133 4321 Moser,
4159 4268 4323 4331 pay·

2375 4334 2588 4398 nando
2630 4353 2771 4399 cum
2814 4334 3101 4410 Amalec,
3153 4333 3365 4397 Mose-s·
3407 4337 3613 4397 autem
3654 4338 3710 4397 et
3751 4332 4016 4397 Aharon
4059 4338 4115 4398 et
4172 4333 4325 4401 ΗΜ·

2378 4420 2789 4485 ascenderunt
2843 4422 2914 4484 in
2968 4420 3249 4485 verticem
3306 4417 3498 4484 collis,
3612 4419 3712 4483 11.
3771 4417 3862 4483 Et
3912 4418 4149 4500 factum
4217 4426 4321 4501 est,

2376 4526 2571 4587 quum
2617 4506 2844 4569 levaret
2884 4505 3097 4570 Moses
3137 4524 3396 4571 manum
3437 4524 3644 4584 suam,
3676 4503 4045 4586 praevaluit
4098 4504 4324 4589 Israel,

2376 4597 2430 4655 et
2472 4611 2666 4673 quum
2708 4591 3045 4657 demitteret
3084 4610 3344 4655 manum
3383 4609 3587 4666 suam,
3636 4590 4002 4670 praevaluit
4043 4590 4320 4660 Amalec.

2378 4677 2481 4741 12.
2530 4677 2771 4742 Manus
2812 4682 3016 4742 eidem
3039 4675 3245 4741 Moses
3286 4679 3464 4740 erant
3502 4695 3756 4758 yraves:
3799 4677 4010 4757 itaque
4053 4677 4325 4745 tuleram

2375 4763 2648 4845 lapidem
2692 4766 2748 4827 et
2787 4765 3244 4844 supposuerunt
3285 4762 3360 4840 ei,
3405 4766 3461 4826 et
3499 4762 3657 4826 sedit
3690 4782 3880 4843 super
3910 4761 4108 4842 illum,
4146 4763 4324 4829 Aha-

2374 4870 2494 4914 ron
2557 4870 2699 4914 vero
2763 4852 2818 4913 et
2879 4849 3031 4914 Har
3093 4851 3591 4913 sustentaverant
3650 4867 3881 4912 manus
3933 4848 4100 4928 eius,
4165 4850 4323 4914 alter

2376 4934 2522 5001 hinc
2543 4941 2601 4999 et
2619 4935 2776 5000 alter
2796 4934 2957 5000 inde.
3009 4933 3377 5014 Mans-itque
3404 4933 3705 5000 manibus
3723 4934 3864 4998 suis
3882 4934 4091 5013 firmis
4124 4954 4322 5017 usque

2376 5021 2462 5085 ad
2504 5039 2784 5089 occasum
2824 5020 2991 5086 solis,
3056 5019 3157 5084 13.
3202 5017 3293 5083 Et
3327 5019 3517 5101 freyit
3550 5019 3790 5085 Iosuah
3825 5019 4086 5085 Amalec
4119 5025 4174 5083 et
4204 5042 4322 5104 po—

2364 5106 2597 5189 pulum
2636 5107 2775 5172 eius
2816 5107 2888 5170 in
2921 5126 3024 5172 ore
3062 5105 3282 5189 yladii.
3373 5104 3473 5169 14.
3526 5105 3702 5171 Tunc
3756 5104 3924 5168 dixit
3965 5103 4191 5169 Iehova
4235 5109 4322 5172 ad

2380 5191 2599 5258 Mosen
2613 5244 2628 5270 ,
2684 5192 2881 5257 scribe
2936 5192 3102 5258 illud
3144 5211 3272 5272 pro
3326 5191 3677 5257 memoriali
3717 5193 3788 5256 in
3829 5189 4003 5268 libro,
4047 5195 4105 5254 et
4142 5195 4321 5259 trade

2376 5278 2646 5343 aua-ibus
2710 5277 2977 5344 Iosuah:
3038 5278 3336 5361 quoniam
3397 5276 3650 5342 delendo
3703 5275 3905 5342 delebo
3956 5278 4322 5345 memom‘am

2377 5363 2640 5430 Amalec
2680 5364 2755 5429 de
2796 5364 2909 5429 sub
2951 5364 3125 5430 coele.
3174 5362 3275 5429 15.
3321 5363 3412 5428 Et
3451 5362 3803 5445 aedificavit
3844 5359 4056 5428 Moses
4097 5361 4326 5437 altare.-
