4867 6150
379 446 498 513 249

376 636 569 702 fuisse
614 656 847 720 aquam
892 656 929 700 e
972 635 1151 702 silice
1196 656 1395 720 quum
1441 635 1552 702 siti
1593 634 1956 702 laborasset
1993 636 2308 720 populus:

374 743 546 788 nunc
567 722 842 787 alterum
881 721 1080 799 addit,
1116 742 1268 786 man
1305 722 1503 788 fuisse
1521 721 1655 787 illis
1691 721 1878 806 panis
1913 723 2087 787 loco:
2124 725 2308 805 quasi

375 806 634 887 diceret,
678 828 876 891 quum
914 806 1097 872 cibus
1140 817 1208 873 et
1256 819 1446 891 potus
1482 807 1853 886 deficerent,
1899 808 2305 891 pereundum

373 892 568 959 fuisse
626 894 878 977 inopia,
937 893 1063 960 nisi
1123 902 1384 976 praeter
1439 905 1745 959 naturam
1799 904 2151 976 utrumque
2196 894 2306 959 de-

374 978 573 1045 disset
612 977 829 1059 Deus,
894 980 1003 1063 qui
1059 978 1294 1044 durum
1340 977 1588 1045 silicem
1634 980 1703 1044 in
1750 999 1948 1061 aquas
2006 979 2160 1046 fecit
2204 978 2309 1044 de-

370 1066 587 1143 fluere,
633 1074 700 1130 et
734 1086 769 1131 e
806 1064 1089 1130 nubibus
1123 1086 1359 1148 panem
1404 1064 1732 1148 produxit.
1814 1065 2021 1131 Porro
2065 1066 2302 1130 iterum

369 1152 604 1234 repetit
641 1149 815 1235 quod
857 1161 1010 1216 ante
1068 1150 1353 1230 dixerat,
1411 1150 1686 1234 penuria
1743 1151 2058 1216 afflictum
2103 1150 2307 1215 fuisse

367 1236 699 1321 populum,
745 1246 818 1301 nt
860 1237 1022 1303 haec
1064 1246 1235 1302 esset
1279 1235 1428 1301 fidei
1472 1246 1538 1300 et
1584 1237 1934 1319 patientiae
1989 1235 2301 1319 probatio.

367 1323 569 1406 Atqui
624 1323 694 1387 in
739 1323 880 1406 ipso
924 1322 1226 1388 examine
1283 1321 1536 1389 detecta
1598 1321 1727 1386 fuit
1771 1333 1908 1386 tam
1951 1320 2303 1387 increduli-

364 1414 465 1473 tas
528 1408 753 1493 populi
817 1429 1011 1491 quam
1074 1409 1514 1491 intemperies.
1615 1406 1904 1472 Tandem
1973 1407 2303 1473 illustrata

363 1495 571 1579 magis
615 1494 738 1560 fuit
783 1494 908 1560 Dei
951 1494 1210 1559 bonitas
1252 1501 1319 1558 et
1363 1494 1588 1572 virtus,
1634 1492 1801 1576 quod
1845 1492 2301 1577 ingratitudini

363 1599 586 1645 eorum
654 1581 1036 1665 ignoscens,
1120 1579 1548 1644 nihilominus
1626 1600 1848 1644 eorum
1927 1578 2300 1646 necessitati

360 1687 545 1748 opem
596 1665 766 1730 tulit.
854 1664 1024 1730 Nam
1072 1664 1128 1730 si
1173 1664 1417 1730 nullam
1466 1665 1748 1730 esuriem
1792 1666 1969 1748 passi
2007 1664 2297 1744 fuissent,

360 1751 710 1835 neglectim
748 1761 1085 1901 accefitum
1123 1749 1353 1816 fuisset
1401 1751 1527 1815 Dei
1577 1750 1958 1815 beneficium
2019 1749 2088 1814 in
2140 1770 2298 1832 quo-

357 1837 609 1902 tidiano
651 1836 812 1904 cibo,
975 1857 1054 1901 uc
1098 1836 1381 1920 pertinet
1445 1836 1612 1920 quod
1679 1838 1749 1900 in
1816 1836 1945 1900 fine
2009 1837 2296 1918 ponitur,

356 1932 430 1988 ut
485 1921 654 1988 bene
713 1923 955 1989 faceret
996 1921 1113 1986 tibi
1159 1920 1418 1987 demum
1480 1930 1773 1988 extremo
1818 1930 1929 1986 tuo
1982 1930 2295 2005 tempore.

353 2009 460 2074 Ex
515 2008 749 2092 quibus
802 2007 1024 2072 verbis
1082 2007 1409 2074 discamus
1452 2011 1650 2072 etiam
1697 2029 1848 2085 nos,
1901 2005 2048 2072 ideo
2104 2026 2297 2090 saepe

351 2115 471 2159 nos
521 2093 786 2161 destitui
822 2094 1204 2161 necessariis
1239 2093 1543 2159 subsidiis
1578 2103 1652 2158 ut
1688 2093 1769 2158 ad
1804 2092 2122 2157 auxilium
2147 2093 2296 2173 Dei,

351 2179 527 2263 quod
593 2180 667 2244 in
729 2179 1045 2245 extremis
1109 2179 1305 2244 rebus
1380 2189 1690 2261 apparet,
1768 2177 2295 2262 cognoscendum

351 2267 806 2350 expergefiant
840 2286 1069 2332 sensus
1103 2265 1328 2330 nostri.
1417 2264 1589 2330 Nam
1624 2264 1819 2330 sicuti
1858 2284 2074 2329 rerum
2113 2264 2296 2347 copia

346 2352 574 2416 velum
632 2351 838 2416 oculis
882 2351 1124 2417 nostris
1166 2350 1462 2430 obducit,
1520 2350 1622 2416 vel
1688 2371 1913 2415 eorum
1960 2359 2291 2432 aspectum

349 2436 641 2517 hebetat,
706 2437 800 2502 sic
841 2457 1101 2502 rursum
1147 2437 1411 2503 nuditas
1454 2444 1521 2500 et
1563 2436 1788 2520 inopia
1830 2434 2291 2501 hebetudinem

343 2531 598 2607 purgat
639 2531 708 2587 et
746 2522 1092 2606 abstergit,
1151 2533 1223 2586 nt
1266 2522 1482 2588 oblata
1525 2519 1654 2587 Dei
1696 2521 2012 2588 beneficia
2054 2520 2295 2588 clarius

429 2631 498 2674 rs
551 2608 772 2674 iciant.

344 2630 426 2693 pe
503 2629 629 2760 ΡΙΊ.
690 2693 770 2761 Ut
809 2693 985 2762 dicas
1024 2695 1097 2759 ὑπ
1137 2693 1315 2760 corde
1370 2697 1493 2758 tuo.
1583 2691 1887 2776 Speciem
1928 2691 2290 2775 superbiae,

344 2779 427 2847 de
472 2800 609 2864 qua
653 2801 864 2863 nuper
902 2781 1210 2863 loquutus
1254 2776 1387 2859 est,
1442 2778 1786 2862 exprimit:
1851 2798 2088 2861 nempe
2134 2778 2292 2842 dum

342 2887 515 2933 suae
558 2865 934 2946 industriae,
978 2866 1082 2932 vel
1128 2865 1351 2943 labori,
1400 2866 1499 2930 vel
1538 2864 1808 2931 consilio
1830 2873 2141 2949 arrogant
2176 2863 2290 2928 ho·

340 2951 566 3018 mines
652 2949 781 3017 uod
818 2952 945 3018 Dei
978 2949 1406 3017 benedictioni
1467 2951 1635 3015 ferre
1678 2960 2013 3032 acceptum
2062 2950 2294 3015 debue-

343 3047 520 3105 rant.
681 3039 878 3104 ictum
935 3035 1196 3123 quidem
1263 3037 1407 3114 fuit,
1467 3035 1609 3102 aliis
1654 3036 1852 3101 etiam
1909 3035 2120 3102 modis
2178 3056 2292 3100 ex·

341 3125 490 3189 tolli
526 3123 751 3191 corda:
798 3124 912 3191 sed
950 3125 1071 3190 hoc
1104 3124 1526 3209 praecipuum
1572 3130 1673 3188 est
1707 3121 2049 3205 superbiae
2082 3130 2297 3205 caput,

341 3209 426 3274 ad
477 3230 603 3275 nos
644 3211 906 3276 trahere
949 3220 1014 3275 et
1057 3231 1287 3293 rapere
1344 3208 1515 3292 quod
1561 3209 1685 3273 Dei
1731 3207 2072 3292 proprium
2132 3217 2294 3273 erat.

341 3295 538 3361 Nihil
600 3298 776 3360 enim
837 3296 1069 3361 melius
1125 3315 1247 3361 nos
1306 3295 1374 3359 in
1432 3291 1749 3360 modestia
1808 3307 1877 3358 et
1925 3292 2296 3358 humilitate

340 3382 649 3448 continet
692 3403 887 3466 quam
931 3382 1180 3467 gratiae
1215 3379 1343 3446 Dei
1388 3380 1667 3463 agnitio:
1711 3380 1863 3462 quia
1906 3378 2140 3445 cristas
2185 3379 2297 3444 ad-

336 3488 589 3534 versus
632 3489 781 3533 eum
844 3470 1096 3553 erigere
1139 3488 1223 3532 ex
1280 3488 1404 3549 quo
1449 3465 1844 3549 pendemus,
1905 3465 2010 3530 cui
2071 3486 2186 3530 nos
2230 3477 2296 3530 et

338 3564 574 3618 nostra
600 3554 817 3619 omnia
854 3553 1181 3630 debemus,
1218 3552 1487 3617 insanae
1517 3551 1905 3617 temeritatis
1928 3559 2044 3615 est.
2088 3550 2297 3616 Recte

336 3659 504 3723 ergo
551 3639 771 3706 Moses
815 3638 1086 3705 humani
1129 3638 1341 3705 cordis
1386 3659 1471 3703 ex
1519 3637 1644 3703 Dei
1689 3636 2020 3702 oblivione
2064 3657 2293 3721 super-

335 3723 522 3790 biam
583 3726 910 3811 coarguit,
976 3726 1029 3791 si
1086 3733 1319 3810 putent
1380 3732 1590 3788 marte
1656 3743 1774 3787 suo
1831 3734 2094 3806 partum
2153 3743 2295 3789 esse

333 3811 520 3893 qnod
573 3810 754 3877 Deus
796 3812 978 3894 quasi
1025 3810 1318 3894 precario
1363 3809 1639 3892 largitus
1684 3817 1809 3885 est,
1872 3819 1948 3873 ut
2002 3829 2113 3873 eos
2169 3808 2293 3874 sibi

335 3896 693 3962 devinctos
736 3906 1009 3962 teneret.
1078 3895 1315 3962 Dicere
1357 3895 1430 3959 in
1471 3893 1682 3972 corde,
1725 3893 2050 3959 Hebraeis
2092 3894 2295 3979 signi·

331 3982 502 4049 fleat
547 4003 767 4048 secum
813 3994 1139 4067 reputare,
1184 3981 1287 4048 vel
1332 3980 1504 4064 apud
1550 4000 1621 4046 se
1663 3980 1965 4064 cogitare.
2010 3979 2158 4045 Non
2195 4001 2291 4045 er-

330 4088 420 4151 go
468 4078 752 4133 externa
785 4079 1041 4134 tantum
1076 4069 1210 4133 oris
1243 4066 1556 4151 professio
1593 4066 1913 4149 exigitur,
1970 4085 2101 4149 qua
2135 4086 2293 4149 prae

333 4174 411 4219 se
472 4153 699 4219 ferant
754 4153 1049 4220 homines
1105 4153 1230 4219 Dei
1288 4152 1657 4217 liberalitati
1720 4171 1790 4217 se
1844 4172 1986 4217 esse
2038 4163 2291 4235 gratos:

327 4237 641 4324 (quando
681 4261 873 4325 saepe
914 4240 987 4305 in
1032 4260 1110 4305 ea
1154 4238 1320 4304 nihil
1366 4238 1543 4304 aliud
1587 4246 1686 4303 est
1728 4257 1919 4321 quam
1958 4236 2291 4303 simulatio

331 4337 403 4390 et
441 4324 769 4412 vanitas):
816 4324 926 4392 sed
988 4325 1136 4391 vult
1185 4325 1354 4391 serio
1487 4344 1747 4389 rsuasos
1794 4343 1966 4398 esse.
2026 4343 2065 4387 a
2107 4344 2290 4389 mera

329 4413 487 4476 eins
540 4411 971 4478 beneficentia
1013 4412 1217 4477 fluere
1273 4411 1382 4493 qui
1433 4410 1585 4493 quid
1647 4408 2002 4492 possident.
2091 4409 2289 4475 Prius

331 4496 508 4562 dicit
570 4498 872 4580 quamvis
931 4508 1170 4563 terram
1230 4496 1545 4581 ingressi,
1605 4515 1775 4578 pane
1819 4503 1887 4559 et
1929 4495 2074 4560 aliis
2132 4494 2293 4561 cibis

328 4593 808 4663 vescerentur,
861 4604 1019 4648 man
1064 4592 1308 4661 tamen,
1409 4602 1492 4647 uo
1535 4582 1720 4646 Deus
1762 4600 1875 4646 eos
1918 4581 2166 4647 aluerat
2223 4582 2293 4645 in

327 4667 639 4746 deserto,
709 4679 1098 4754 perpetuum
1164 4667 1306 4733 fore
1416 4676 1866 4745 ocnmentum,
1932 4687 2062 4732 non
2122 4686 2293 4750 pane

324 4755 480 4820 solo
531 4754 845 4821 sustineri
887 4755 1087 4819 vitam
1135 4753 1497 4833 hominum,
1557 4751 1671 4819 sed
1716 4772 1956 4817 arcana
2002 4751 2128 4817 Dei
2165 4753 2294 4817 vir·

325 4849 525 4919 tute,
590 4860 758 4922 quae
814 4841 1106 4925 vigorem
1163 4842 1461 4924 inspirat.
1550 4838 1746 4904 Nunc
1802 4857 1961 4904 vero
2017 4837 2292 4903 alteram

325 4925 691 4993 doctrinae
735 4936 983 5010 partem
1030 4925 1230 5005 addit,
1273 4925 1443 5009 quod
1487 4923 1650 4990 olim
1670 4925 1852 4989 Deus
1896 4921 2063 4988 nihil
2096 4943 2294 5009 agen-

323 5019 435 5077 tes
498 5012 790 5077 nutrivit
841 5013 1046 5097 gratis
1089 5022 1154 5077 et
1210 5011 1510 5091 vestivit,
1569 5011 1724 5077 hinc
1787 5008 2036 5090 doceri,
2096 5009 2290 5074 etiam

323 5098 500 5163 dnm
555 5106 822 5163 strenue
865 5098 1162 5164 laborant
1198 5118 1273 5164 ac
1317 5107 1659 5182 satagunt,
1714 5095 2029 5180 quidquid
2075 5095 2293 5179 acqui·

319 5192 527 5264 runt,
574 5205 703 5248 non
735 5197 870 5249 tam
906 5205 1065 5250 suae
1099 5184 1457 5249 industriae
1490 5182 1853 5266 praemium
1900 5202 2061 5261 esse,
2099 5201 2294 5265 quam

318 5269 637 5336 fructum
702 5269 1170 5337 benedictionis
1240 5270 1387 5335 Dei.
1496 5269 1722 5351 Neque
1786 5267 1965 5333 enim
2032 5276 2290 5333 tantum

319 5358 658 5436 affirmat,
702 5355 915 5454 primo
958 5365 1172 5421 terrae
1212 5356 1508 5440 ingressu
1554 5354 1757 5421 fuisse
1802 5353 2069 5434 ditatos,
2133 5354 2289 5438 quia
2380 5368 2534 5424 datus

1814 446 2347 516 PRAEFATIO
2390 449 2491 515 IN
2535 448 2886 517 LEGEM.

4220 449 4354 515 250

2413 638 2597 703 Deus
2640 637 2999 703 liberaliter
3043 658 3189 703 cum
3236 636 3396 722 ipsis
3430 637 3672 723 egerit,
3729 635 3843 704 sed
3890 636 4012 702 hoc
4054 637 4353 704 extendit

2411 722 2496 788 ad
2540 732 2750 789 totum
2796 724 3122 789 humanae
3167 725 3338 793 vitae
3381 743 3671 804 cursum,
3739 743 3858 789 sua
3901 722 4241 807 vigilantia
4283 730 4352 789 et

2408 808 2755 875 sedulitate
2796 808 2964 875 nihil
3009 809 3311 893 consequi
3369 809 3700 889 homines,
3759 808 3886 875 nisi
3945 818 4265 891 quatenns
4308 831 4346 876 e

2408 896 2586 961 coelo
2629 893 2815 961 Dens
2858 895 3199 962 benedicit.
3289 893 3483 977 Quod
3522 895 3780 978 plenius
3838 894 4150 960 continuo
4203 903 4351 978 post

2408 979 3124 1150 ῗὲὲὲῗὲεῷῗηῗὲἓξ
3165 979 4365 1134 {3m13;⁰2{2⁶⁶132522?m·

2405 1153 2554 1216 vult
2607 1173 2725 1217 nos
2773 1153 2954 1218 Deus
3019 1161 3276 1236 torpere
3339 1117 3624 1229 inutiles,
3679 1151 3851 1236 quod
3908 1161 4128 1217 tamen
4190 1151 4349 1219 dicit

2405 1236 2652 1302 Paulus
2689 1237 2770 1301 de
2802 1237 3129 1322 evangelii
3165 1237 3664 1322 praedicatione,
3709 1239 3779 1301 in
3824 1237 4115 1303 minimis
4148 1238 4344 1303 etiam

2405 1322 2601 1388 rebus
2645 1323 2848 1389 valet:
2894 1344 3130 1407 nempe
3174 1331 3239 1389 et
3281 1344 3392 1390 eos
3434 1324 3545 1407 qui
3588 1323 3905 1407 plantant,
3950 1333 4018 1389 et
4059 1343 4172 1389 eos
4229 1323 4346 1407 qui

2407 1409 2646 1491 rigant,
2693 1408 2859 1474 nihil
2907 1430 3066 1490 esse,
3113 1409 3227 1475 sed
3271 1410 3491 1474 omnia
3535 1429 3676 1474 esse
3719 1429 3919 1492 penes
3951 1408 4190 1488 Deum,
4232 1430 4343 1475 cu·

2401 1494 2508 1558 ius
2553 1495 2753 1561 unius
2792 1494 3041 1560 virtute
3086 1506 3280 1560 terra-
3306 1494 3658 1561 fructificat
3700 1491 3785 1580 (1.
3815 1493 3962 1561 Cor.
3985 1494 4046 1575 3,
4085 1494 4170 1582 7).
4216 1495 4342 1560 'Pe-

2402 1578 2693 1644 nendum
2732 1581 2934 1665 igitur
2968 1589 3088 1661 est,
3132 1582 3430 1665 quamvis
3485 1578 3824 1646 hominum
3861 1579 4172 1646 desidiam
4217 1581 4342 1644 im-

2401 1666 2632 1749 probet
2655 1665 2856 1746 Deus,
2890 1666 3234 1750 inopiaque
3264 1675 3329 1731 et
3350 1665 3522 1731 fame
3558 1667 3807 1750 puniat,
3844 1686 3954 1731 eos
3987 1675 4209 1731 tamen
4232 1665 4343 1750 qui

2400 1750 2481 1815 ad
2532 1771 2694 1834 opus
2743 1753 2978 1817 intenti
3027 1762 3199 1831 sunt,
3247 1772 3379 1816 non
3416 1752 3678 1836 propria
3721 1749 4067 1817 sedulitate
4111 1772 4343 1835 parare

2399 1856 2574 1919 opes,
2611 1836 2722 1903 sed
2760 1859 2942 1903 mera
2980 1838 3106 1903 Dei
3144 1837 3591 1903 benedictione
3628 1837 3962 1904 ditescere.
4014 1837 4236 1920 Atque
4267 1836 4342 1901 in

2401 1921 2525 1989 hac
2562 1922 2861 1988 doctrina
2903 1923 3189 2007 precatio
3239 1943 3433 2006 quam
3482 1923 3669 1989 nobis
3719 1923 3992 1990 dictavit
4034 1923 4342 1989 Christus

2396 2006 2676 2073 fundata
2717 2017 2851 2088 est,
2910 2030 3037 2093 qua
3091 2009 3281 2075 nobis
3339 2008 3623 2093 petimus
3667 2008 3809 2074 dari
3853 2028 4088 2092 panem
4131 2008 4343 2093 quoti-

2398 2092 2686 2160 dianum.
2731 2094 2875 2159 Etsi
2899 2107 3120 2160 autem
3164 2095 3289 2160 hoc
3308 2095 3590 2177 pertinet
3609 2093 3691 2160 ad
3712 2103 3983 2160 cunctos
4017 2093 4343 2173 mortales,

2397 2179 2618 2245 Moses
2677 2187 2897 2245 tamen
2950 2180 3031 2245 ad
3089 2180 3372 2245 electum
3416 2180 3727 2263 populum
3776 2180 4192 2264 peculiariter
4237 2201 4344 2246 ac-

2397 2263 2782 2342 commodat,
2829 2266 2899 2329 in
2944 2286 3073 2350 quo
3107 2265 3320 2350 magis
3356 2265 3637 2349 refulget
3672 2266 3800 2330 Dei
3834 2263 4232 2331 benedictio:
4278 2273 4344 2330 et

2395 2350 2589 2414 simul
2636 2349 2961 2431 admonet,
3006 2351 3172 2435 quod
3213 2351 3393 2417 Deus
3430 2351 3739 2416 alimenta
3774 2352 3905 2417 illis
3948 2350 4342 2435 suppeditat,

2395 2435 2683 2518 pendere
2725 2458 2806 2502 ex
2867 2436 3158 2518 foedere,
3208 2457 3335 2521 qno
3379 2436 3501 2503 sibi
3547 2457 3755 2522 genus
3800 2436 4103 2503 Abrahae
4142 2435 4342 2520 adop-

2396 2522 2590 2587 tavit.

2977 2861 3110 2929 EX
3153 2861 3457 2929 EXODI
3490 2861 3760 2929 XXIII.

2571 3034 2673 3101 20.
2720 3032 2908 3115 Ecce,
2974 3053 3078 3119 eqo
3120 3035 3293 3100 mitto
3334 3032 3623 3118 anqelum
3665 3052 3875 3101 coram
3916 3038 3988 3111 te,
4033 3038 4103 3100 ut
4144 3038 4342 3101 custo-

2399 3121 2537 3187 diat
2576 3127 2633 3187 te
2667 3122 2737 3186 in
2776 3122 2914 3199 via,
2971 3126 3028 3185 et
3080 3121 3437 3187 introducat
3490 3124 3547 3185 te
3589 3121 3661 3185 in
3702 3120 3900 3187 locum
3942 3141 4122 3204 quem
4154 3139 4341 3204 prae-

2390 3209 2646 3291 paravi.
2742 3206 2821 3272 21
2851 3205 2918 3294 ¹).
2969 3205 3130 3272 Cave
3182 3228 3224 3272 a
3277 3206 3445 3289 facie
3499 3206 3653 3286 eiu-5⁵,
3706 3211 3765 3271 et
3819 3205 4160 3288 obtempera
4213 3205 4345 3272 voci

2400 3296 2556 3373 eius,
2613 3313 2691 3358 ne
2730 3312 2809 3359 ea·
3084 3312 3222 3357 eum
3238 3342 3254 3371 ,
3298 3312 3495 3374 neque
3534 3293 3698 3357 enim
3730 3296 3949 3372 parcet
3999 3297 4344 3376 transmee-
4410 3293 4417 3298 ’

2396 3379 2564 3445 sioni
2603 3382 2874 3444 vestrae:
2915 3398 3135 3443 nomen
3176 3398 3381 3444 meum
3423 3379 3599 3443 intra
3637 3378 3867 3458 ipsum.
3957 3376 4061 3443 22.
4111 3376 4187 3443 Si
4229 3398 4343 3443 au-

2397 3472 2516 3530 tem
2573 3464 2889 3530 audiendo
2943 3464 3228 3530 audieris
3281 3483 3482 3530 vocem
3539 3464 3709 3541 eius,
3766 3469 3823 3528 et
3861 3462 4086 3545 feceris
4128 3464 4346 3530 omnia

2365 3570 2557 3633 κφακες
2615 3551 2831 3632 loquor
2845 3600 2861 3628 ,
2919 3549 3216 3615 inimicas
3273 3569 3379 3615 ero
3429 3548 3711 3614 inimicis
3765 3549 3914 3628 tuis,
3958 3554 4016 3615 et
4058 3549 4343 3635 affliyam

2393 3635 2745 3720 affliyentes
2786 3639 2861 3702 te.
2949 3633 3053 3700 23.
3115 3634 3288 3701 Nam
3331 3634 3663 3716 praecedet
3718 3633 3976 3717 anyelu's
4029 3655 4204 3702 meus
4243 3634 4345 3714 fa-

2393 3722 2548 3787 ciem
2591 3726 2792 3800 tuam,
2853 3725 2911 3786 et
2948 3721 3291 3787 introducet
3343 3725 3400 3786 te
3453 3720 3540 3786 ad
3586 3718 4057 3802 Emmhaeum,
4102 3726 4159 3788 et
4200 3720 4344 3785 Hit-

2393 3807 2658 3887 thaeum,
2704 3811 2759 3872 et
2806 3805 3202 3886 Perennem,
3250 3804 3714 3886 Quanam,
3760 3805 4095 3890 Hivaeum,
4137 3811 4194 3873 et
4236 3805 4341 3871 Ie-

2393 3893 2710 3973 busaeum,
2754 3898 2812 3959 et
2853 3891 3271 3959 exterminabo
3311 3892 3477 3959 illae.

2917 4231 3049 4300 EX
3093 4232 3423 4300 EODEM
3466 4230 3820 4299 OAPI'rE.

2568 4406 2673 4474 25.
2725 4403 2948 4472 Coletis
2991 4403 3283 4471 Iehovam
3326 4401 3538 4471 Deum
3579 4406 3878 4480 vestrum,
3936 4401 3990 4463 et
4040 4393 4363 4462 benedicet

2379 4494 2552 4577 pani
2612 4499 2718 4559 tuo
2735 4542 2750 4571 ‚
2807 4496 2864 4557 et
2918 4491 3105 4574 aquis
3158 4491 3320 4556 tuis.-
3381 4488 3788 4571 auferamque
3842 4483 4267 4568 infirmitatem
4295 4499 4343 4579 ’e

2391 4580 2594 4646 medio
2636 4579 2749 4644 tui.
2839 4575 2943 4642 26.
2994 4576 3139 4642 Non
3197 4577 3315 4641 em‘t
3365 4576 3646 4641 abormm
3700 4572 3942 4655 faciens
3997 4573 4054 4633 et
4108 4566 4344 4632 sterilis

2393 4667 2467 4730 in
2531 4670 2701 4731 terra
2763 4668 2905 4729 tua.-
2980 4681 3310 4727 numerum
3372 4660 3619 4726 dierum
3695 4665 3944 4724 tuorum
4017 4651 4341 4735 complebo.

2394 4750 2502 4818 27.
2554 4751 2879 4817 Terrorem
2921 4748 3168 4813 mittam
3207 4766 3414 4813 coram
3453 4751 3539 4826 te,
3598 4749 3655 4809 et
3696 4743 4064 4826 interficiam
4104 4757 4344 4805 omnem

2383 4836 2695 4921 populum
2737 4836 2823 4901 ad
2865 4853 3045 4916 quem
3098 4832 3338 4909 venies,
3385 4835 3442 4899 et
3494 4829 3652 4898 dabo
3693 4850 3902 4896 omnes
3941 4826 4144 4893 hostes
4203 4828 4345 4888 tuos

2392 4928 2648 5022 ter-qum.
2739 4919 2844 4990 28.
2892 4918 3152 4984 Mittam
3192 4918 3553 4985 crabronem
3596 4921 3738 4982 ante
3779 4921 3864 4995 te,
3923 4913 4033 4995 qui
4075 4906 4341 5010 eft-pellat

2395 5007 2735 5088 Humemn,
2805 5003 3270 5081 Chananaeum,
3336 5009 3392 5069 et
3455 5001 3821 5068 Hitthaeum
3886 5021 3929 5067 a
3990 4998 4154 5081 fame
4208 4998 4339 5092 tua.

2393 5095 2498 5160 29.
2549 5094 2696 5161 Non
2737 5092 2987 5159 eiiciam
3028 5090 3209 5157 inum
3267 5112 3308 5155 a
3347 5090 3515 5172 facie
3563 5093 3673 5153 tua
3728 5106 3895 5153 anno
3936 5103 4077 5164 uno,
4135 5100 4212 5145 ne
4251 5081 4341 5144 sit

2422 5368 2437 5382 ⁵
2528 5298 2700 5381 1),1π
2749 5299 3022 5368 ,πατρίως
3089 5294 3160 5350 ad
3214 5292 3465 5361 verbum,
3517 5291 3790 5347 custodias
3839 5294 3924 5356 te,
3995 5287 4108 5352 vel,
4162 5294 4344 5338 custo-
4406 5283 4417 5288 ’

2560 5384 2655 5424 ιιι.
