4867 6150
2038 1451 2703 1533 PRAEFATIO.

666 1693 812 1760 Nisi
846 1696 977 1761 iam
1017 1695 1099 1762 ab
1142 1694 1335 1761 initio
1380 1694 1636 1762 consilii
1672 1695 1804 1761 mei
1845 1696 1917 1761 in
1961 1695 2247 1763 texendo
2291 1696 2416 1762 hoc
2458 1715 2656 1780 opere
2697 1695 3020 1764 rationem
3068 1719 3449 1783 exposuero,
3493 1699 3565 1765 in
3610 1699 3984 1766 multorum
4025 1701 4392 1785 reprehen-

350 1801 570 1865 siones
609 1796 791 1863 haud
827 1796 1021 1863 dubie
1055 1797 1372 1865 incurret.
1449 1797 1678 1882 Neque
1714 1804 1973 1863 tantum
2011 1818 2051 1863 a
2085 1797 2425 1866 malevolis
2461 1808 2527 1864 et
2560 1798 2809 1866 invidis
2842 1807 3182 1885 carpetur:
3242 1801 3443 1889 (quod
3478 1811 3651 1870 esset
3685 1803 3960 1869 minime
3993 1803 4392 1893 curandum)

353 1903 468 1970 sed
527 1898 835 1967 nonnulli
892 1899 1066 1966 forte
1124 1901 1540 1984 reperientur
1609 1899 1792 1965 nullo
1857 1898 2103 1983 alioqui
2157 1899 2339 1980 odio,
2400 1909 2520 1968 aut
2570 1901 2779 1968 animi
2834 1905 3165 1986 pravitate
3220 1906 3483 1986 infecti,
3545 1907 3659 1989 qui
3715 1913 3939 1972 tamen
4004 1905 4391 1973 existiment

350 2003 832 2071 inconsiderate
890 2002 1182 2087 adeoque
1238 2010 1487 2069 temere
1544 2001 1875 2080 ordinem,
1936 2022 2129 2085 quem
2173 2003 2448 2086 spiritus
2492 2012 2763 2072 sanctus
2806 2006 2993 2073 nobis
3053 2007 3477 2091 praescribit,
3538 2030 3576 2074 a
3627 2029 3736 2078 me
3784 2008 3994 2074 fuisse
4036 2015 4387 2075 mutatum.

348 2108 585 2193 Neque
619 2107 797 2173 enim
835 2106 1107 2173 dubium
1153 2113 1275 2185 est,
1322 2104 1495 2190 quod
1540 2105 1864 2189 optimum
1908 2111 2071 2183 erat,
2120 2114 2184 2170 et
2219 2106 2292 2170 in
2327 2108 2508 2173 omni
2553 2108 2860 2175 utilitatis
2897 2130 3140 2195 genere
3185 2111 3770 2195 perfectissimum,
3820 2109 4136 2177 dictatum
4182 2112 4387 2179 fuisse

349 2210 546 2277 Mosi.
620 2211 765 2296 Ego
809 2217 1029 2276 autem
1074 2208 1245 2294 quod
1289 2209 1403 2275 ille
1447 2216 1731 2293 quatuor
1770 2208 1954 2274 libris
2000 2207 2295 2290 tradidit,
2339 2210 2438 2276 ita
2470 2211 2541 2277 in
2578 2211 2703 2278 hoc
2737 2205 3207 2279 commentario
3243 2221 3312 2278 et
3353 2213 3666 2299 colligere
3700 2222 3769 2280 et
3805 2212 4107 2299 digerere
4152 2216 4382 2295 statui,

347 2322 431 2380 ut
452 2314 661 2396 primo
696 2314 960 2393 intuitu,
1001 2334 1071 2379 re
1107 2312 1403 2379 nondum
1435 2313 1604 2378 bene
1638 2320 1997 2395 perspecta,
2033 2312 2247 2379 videri
2282 2314 2531 2397 possim
2567 2313 2807 2380 melius
2842 2313 3091 2399 aliquid
3111 2302 3416 2383 'tentaret
3455 2315 3626 2400 quod
3684 2315 4042 2400 sacrilegae
4078 2316 4390 2384 audaciae

359 2418 548 2484 foret.
631 2417 995 2503 Malignos,
1039 2418 1273 2501 quibus
1318 2415 1727 2501 propositum
1770 2422 1872 2482 est
1913 2413 2327 2483 obtrectandi
2374 2416 2721 2482 materiam
2766 2436 2852 2481 ex
2896 2416 3108 2483 nihilo
3153 2426 3456 2502 captare,
3516 2427 3581 2483 et
3626 2418 4044 2485 occasionem
4090 2419 4385 2504 arripere

363 2540 618 2587 summa
672 2519 983 2604 voluptas
1045 2527 1179 2599 est,
1240 2539 1467 2586 secure
1528 2525 1891 2603 praetereo.
1981 2519 2129 2584 Hos
2175 2540 2331 2585 vero
2377 2540 2510 2584 non
2554 2518 2683 2586 nisi
2733 2539 2956 2586 errore
3016 2522 3274 2606 iniquos
3292 2574 3307 2602 ,
3367 2518 3561 2587 modo
3622 2542 3824 2606 quam
3870 2529 4186 2605 sequutus
4231 2544 4381 2590 sum

357 2624 683 2688 rationem
725 2621 982 2708 placide
1026 2621 1255 2688 audire
1318 2620 1792 2702 sustinuerint,
1852 2620 2111 2704 placare
2157 2620 2420 2687 difficile
2463 2642 2598 2687 non
2643 2621 2790 2689 erit.
2877 2622 3110 2707 Neque
3151 2625 3329 2691 enim
3377 2625 3560 2691 aliud
3603 2624 3771 2690 mihi
3823 2625 4230 2708 propositum
4276 2634 4383 2694 est

354 2746 554 2810 quam
589 2726 713 2792 hac
748 2728 918 2793 serie
955 2726 1239 2811 dirigere
1271 2725 1549 2793 lectores
1584 2723 1881 2789 nondum
1919 2725 2080 2790 satis
2123 2723 2532 2804 exercitatos,
2577 2730 2655 2790 ut
2698 2724 2957 2792 facilius
2999 2726 3534 2813 commodiusque
3572 2733 3641 2792 et
3675 2727 3929 2792 maiore
3964 2747 4113 2792 cum
4150 2728 4378 2795 fructu

354 2829 430 2894 in
472 2828 657 2895 libris
701 2830 908 2896 Mosis
952 2835 1325 2897 versentur.
1417 2826 1727 2911 Denique
1771 2827 2061 2910 quisquis
2124 2826 2417 2892 fructum
2460 2847 2544 2891 ex
2600 2827 2823 2894 labore
2880 2836 3109 2895 nostro
3169 2851 3399 2913 capere
3457 2831 3738 2916 optabit,
3803 2830 3968 2897 sciat
4011 2851 4052 2896 a
4093 2831 4377 2898 lectione

355 2934 670 3017 cuiusque
712 2932 866 2998 libri
910 2954 981 2999 se
1024 2932 1296 2998 minime
1341 2930 1606 2996 abduci:
1664 2927 1781 2995 sed
1836 2937 2097 2994 tantum
2164 2928 2551 3014 compendio
2609 2928 2842 2998 deduci
2903 2933 2986 2998 ad
3031 2941 3285 3000 certum
3330 2956 3630 3019 scopum,
3689 2955 3780 3000 ne
3824 2941 4104 3018 vagetur
4146 2933 4376 3021 (sicuti

355 3035 583 3102 multis
626 3035 1010 3122 contingere
1054 3033 1247 3121 solet)
1291 3042 1558 3118 propter
1600 3032 2078 3118 ignorationem
2125 3031 2440 3099 methodi.

664 3130 857 3204 Duae
894 3146 1049 3204 sunt
1082 3138 1320 3203 horum
1367 3144 1646 3220 quatuor
1692 3135 2008 3202 librorum
2052 3147 2293 3220 partes,
2339 3136 2654 3203 historiae
2699 3138 3008 3216 narrati0,
3055 3145 3125 3202 et
3167 3137 3463 3205 doctrina
3511 3158 3640 3222 qua
3683 3139 4057 3205 instituitur
4100 3140 4374 3206 ecclesia

353 3241 429 3306 in
465 3263 627 3309 vera
670 3242 931 3326 pietate,
978 3239 1172 3327 (quae
1216 3238 1415 3306 fidem
1453 3247 1519 3305 et
1554 3239 2043 3305 invocationem
2079 3238 2151 3303 in
2195 3259 2267 3304 se
2307 3239 2629 3327 continet)
2673 3242 2831 3307 item
2867 3242 2938 3305 in
2973 3240 3210 3307 timore
3248 3249 3313 3306 et
3347 3241 3531 3308 cultu
3567 3243 3732 3309 Dei:
3780 3251 3974 3325 atque
4009 3242 4106 3307 ita
4139 3252 4368 3310 sancte

351 3345 653 3430 iusteque
697 3343 964 3412 vivendi
1009 3342 1239 3428 regula
1282 3342 1584 3422 traditur,
1629 3348 1697 3407 et
1739 3348 2017 3426 urgetur
2058 3341 2514 3425 unusquisque
2549 3341 2633 3407 ad
2667 3342 3136 3427 praestandum
3181 3342 3489 3409 officium.
3561 3344 3758 3411 Hanc
3791 3344 3840 3430 ¹)
3879 3344 4369 3411 distinctionem

352 3468 489 3514 non
533 3453 715 3513 tenet
758 3447 978 3513 Moses
1023 3446 1091 3512 in
1138 3446 1275 3512 suis
1317 3444 1539 3526 libris,
1597 3443 1752 3528 quia
1803 3465 1922 3510 nec
1964 3444 2310 3510 historiam
2354 3464 2489 3511 uno
2533 3453 2848 3512 contextu
2891 3446 3129 3513 refert:
3193 3445 3561 3513 doctrinam
3620 3467 3777 3514 vero
3822 3449 4039 3530 ipsam
4085 3449 4367 3532 sparsim

352 3550 560 3618 tradit
618 3559 775 3634 pout
835 3551 989 3616 tulit
1031 3549 1302 3616 occasi0.
1403 3549 1652 3615 Fateor
1696 3546 1958 3631 quidem
1979 3598 1997 3628 ,
2042 3547 2357 3631 quidquid
2402 3547 2488 3614 ad
2523 3549 2727 3616 vitam
2772 3548 3165 3616 firmandam
3211 3557 3465 3633 spectat
3510 3550 3735 3616 decem
3781 3550 4144 3634 praeceptis
4187 3573 4364 3618 com·

350 3653 706 3741 prehendi:
771 3654 887 3720 sed
948 3653 1104 3737 quia
1157 3674 1290 3718 non
1346 3649 1648 3717 omnibus
1710 3650 1936 3716 datum
1996 3660 2129 3731 est,
2185 3672 2350 3734 quae
2407 3662 2598 3717 extra
2657 3652 2880 3719 decem
2936 3663 3284 3737 praecepta
3344 3651 3662 3717 docentur
3720 3674 4032 3736 quorsum
4086 3653 4367 3720 tendant

350 3757 714 3846 prudenter
773 3757 1174 3835 discernere,
1232 3763 1300 3820 et
1343 3754 1604 3838 singula
1661 3754 1905 3820 referre
1948 3753 2021 3818 in
2065 3775 2255 3819 suam
2295 3754 2602 3834 classem,
2666 3755 2836 3821 nihil
2881 3777 2989 3821 eos
3035 3756 3350 3822 adiuvare
3412 3755 3748 3840 prohibet,
3809 3765 3884 3820 ut
3926 3755 4241 3822 admoniti
4282 3757 4365 3823 de

351 3863 567 3930 sancti
610 3861 967 3945 prophetae
1009 3868 1231 3926 mente
1275 3867 1343 3923 et
1385 3857 1658 3924 consilio
1701 3858 1769 3924 in
1816 3859 1956 3923 eius
2001 3858 2262 3941 scriptis
2305 3857 2544 3924 melius
2588 3858 2955 3942 proficiant.
3563 3941 3569 3949 ι

661 3964 868 4030 Porro
904 3964 1103 4029 totius
1147 3982 1314 4046 quae
1357 3961 1431 4025 in
1475 3969 1751 4044 quatuor
1793 3961 1979 4027 libris
2025 3963 2344 4027 recitatur
2386 3961 2701 4028 historiae
2747 3960 2991 4044 duplex
3037 3972 3138 4026 est
3183 3961 3455 4027 utilitas.
3547 3961 3717 4026 Nam
3764 3960 4067 4027 liberatio
4115 3965 4359 4030 veteris

349 4068 572 4153 populi
608 4068 865 4133 illustre
902 4066 1089 4132 nobis
1125 4065 1465 4148 speculum
1502 4073 1602 4129 est
1646 4074 1781 4129 tam
1817 4063 2351 4146 incomparabilis
2403 4065 2535 4130 Dei
2570 4064 2903 4148 potentiae
2941 4085 3138 4148 quam
3184 4066 3543 4128 immensae
3588 4063 3897 4129 bonitatis
3931 4064 4003 4128 in
4046 4067 4361 4150 erigenda

347 4180 419 4238 et
460 4171 643 4256 quasi
688 4168 1025 4255 gignenda
1064 4168 1356 4235 ecclesia.
1426 4165 1619 4248 Quod
1666 4175 1883 4233 autem
1928 4168 2261 4234 continuis
2306 4168 2637 4235 beneficiis
2682 4166 2869 4232 illum
2916 4166 3198 4232 eundem
3235 4167 3551 4251 populum
3589 4167 3876 4250 optimus
3929 4177 4118 4248 pater
4152 4190 4359 4252 usque

347 4276 417 4340 in
465 4277 663 4340 finem
724 4282 1158 4357 prosequutus
1202 4278 1336 4350 est,
1399 4281 1593 4353 atque
1637 4270 1832 4335 etiam
1878 4290 2028 4335 cum
2074 4271 2349 4338 scelesta
2403 4272 2759 4355 impietate,
2809 4269 3058 4334 malitia
3105 4269 3477 4336 detestabili
3522 4269 3838 4352 foedaque
3874 4269 4356 4354 ingratitudine

349 4375 627 4444 subinde
685 4378 996 4454 certavit,
1056 4385 1132 4442 ut
1186 4397 1315 4439 non
1376 4373 1704 4439 desineret
1746 4394 1904 4458 erga
1963 4394 2205 4456 pravos
2249 4383 2317 4439 et
2358 4375 2654 4459 ingratos
2699 4374 3039 4457 plusquam
3086 4372 3378 4438 liberalis
3423 4394 3600 4451 esse,
3659 4372 4160 4438 inaestimabilis
4213 4377 4353 4442 eius

348 4478 834 4548 misericordiae
890 4479 1299 4545 luculentum
1361 4491 1459 4543 est
1528 4474 2011 4546 documentum.
2102 4475 2319 4558 Quam
2377 4497 2537 4542 vero
2595 4477 2960 4543 indefessus
3021 4476 3110 4542 sit
3169 4477 3420 4559 gratiae
3480 4477 3622 4540 eius
3681 4486 3869 4539 tenor
3911 4475 3981 4539 in
4036 4476 4353 4558 fovendis,

346 4584 634 4664 tuendis,
676 4583 990 4649 ornandis
1026 4592 1093 4648 et
1133 4580 1474 4647 servandis
1514 4569 1693 4664 quos¹
1719 4580 1922 4645 semel
1967 4601 2190 4646 amore
2234 4579 2614 4662 complexus
2652 4589 2769 4659 est,
2815 4580 2884 4643 in
2929 4580 3240 4644 continua
3282 4578 3757 4664 gubernatione
3794 4578 4103 4644 cernitur.
4169 4580 4354 4647 Hinc

346 4690 540 4756 nobis
585 4686 953 4753 haurienda
996 4696 1099 4752 est
1140 4684 1419 4752 fiduciae
1464 4682 1770 4750 materia:
1829 4682 1980 4749 hinc
2026 4691 2093 4748 et
2134 4682 2376 4749 fiducia
2416 4682 2727 4766 precandi
2771 4681 3106 4748 elicienda.
3194 4682 3372 4760 Iam,
3429 4703 3514 4746 ne
3560 4680 3933 4746 dubitemus
3979 4702 4145 4764 quae
4190 4682 4350 4749 olim

345 4793 604 4875 experti
661 4803 823 4857 sunt
864 4789 1203 4856 Israelitae
1259 4789 1510 4874 gratiae
1554 4787 1686 4853 Dei
1743 4785 2119 4851 testimonia
2174 4794 2314 4850 tam
2353 4785 2425 4850 in
2472 4786 2683 4868 primo
2727 4784 2992 4850 exordio
3036 4804 3230 4868 quam
3278 4807 3394 4867 per
3437 4784 3667 4868 longos
3712 4803 4105 4867 progressus
4152 4786 4348 4852 hodie

343 4917 601 4980 quoque
636 4894 721 4960 ad
758 4914 872 4960 nos
908 4893 1265 4977 pertinere,
1302 4911 1570 4958 causam
1606 4892 1675 4956 in
1711 4890 1999 4974 gratuita
2042 4887 2388 4970 adoptione
2425 4889 2658 4953 statuit
2699 4887 2916 4953 Moses
2940 4938 2955 4966 ,
3003 4907 3170 4970 quae
3207 4888 3395 4952 nobis
3440 4907 3586 4953 cum
3626 4885 3758 4950 illis
3801 4894 3902 4951 est
3955 4892 4346 4956 communis:

346 5019 433 5064 ex
478 5019 605 5083 quo
648 4996 1027 5080 unigenitus
1070 4993 1198 5059 Dei
1252 4994 1429 5060 filius
1474 4994 1696 5059 diruta
1754 4991 2037 5060 maceria
2080 4996 2279 5075 caput
2336 5001 2634 5057 nostrum
2691 5012 2832 5057 esse
2891 4989 3118 5055 voluit.
3209 4990 3438 5055 Altera
3481 5011 3569 5056 ex
3614 4998 3803 5073 parte
3851 4987 3936 5053 ad
3980 4989 4109 5055 Dei
4155 5012 4344 5058 reve·

344 5103 631 5168 rentiam
657 5121 775 5166 nos
809 5099 1189 5179 instituunt,
1229 5118 1305 5163 ac
1338 5103 1590 5163 metum
1629 5096 1818 5161 nobis
1852 5096 2179 5162 incutiunt
2215 5094 2584 5160 horrendae
2619 5101 2686 5159 et
2707 5092 3164 5159 memorabiles
3195 5114 3445 5178 poenae
3466 5113 3633 5178 quae
3655 5092 3899 5176 passim
3936 5092 4346 5160 referuntur:

654 5340 710 5411 1)
746 5340 902 5396 Hanc
935 5339 1337 5394 distinctionem
1374 5375 1595 5392 .....
1630 5335 1931 5406 proficiant.
2001 5333 2156 5390 Haec
2189 5334 2390 5389 absunt
2422 5332 2494 5387 ab
2529 5331 2827 5401 exemplari
2858 5331 3071 5402 gallico.
3863 5414 3927 5468 1*
