4867 6150
595 457 729 525 459

598 648 784 712 cebat
838 651 1188 727 antequam
1234 664 1316 707 ex
1359 642 1629 708 victima
1671 639 1917 723 aliquid
1965 649 2321 725 gustarent.
2409 641 2543 706 Eos

599 752 758 816 ergo
792 731 904 814 qui
942 752 1059 814 per
1101 729 1592 813 incogitantiam
1638 727 1805 809 lapsi
1850 726 2110 803 fuerint,
2155 727 2339 793 iubet
2360 725 2545 793 Deus

600 817 683 884 ad
727 815 1125 900 expiandum
1166 814 1506 892 delictum,
1547 813 1871 880 sacerdoti
1915 814 2306 879 tantundem
2351 814 2544 879 resti-

598 916 819 980 tuere,
880 912 946 967 et
1007 900 1245 967 addere
1302 899 1600 983 quintam
1661 908 1932 982 partem.
2023 899 2232 983 quue
2275 899 2345 962 in
2392 919 2544 964 eum

601 1010 792 1074 quem
860 988 1146 1053 diximus
1212 988 1443 1052 finem:
1513 1008 1595 1050 ne
1657 985 1712 1050 si
1781 1007 1886 1051 res
1944 984 2088 1050 Deo
2143 985 2395 1052 oblatae
2463 984 2544 1050 ad

599 1095 1012 1142 communem
1059 1094 1249 1137 usum
1294 1072 1629 1156 expositae
1690 1071 2001 1152 fuissent,
2062 1072 2549 1154 profanesceret

599 1161 851 1246 religi0.
940 1158 1133 1239 Quod
1178 1167 1404 1241 postea
1446 1159 1772 1240 sequitur:
1836 1158 1924 1221 Et
1969 1176 2104 1221 non
2143 1157 2546 1223 contamina-

601 1248 770 1313 bunt
801 1245 1363 1323 sanctificationeS,
1411 1244 1491 1309 de
1530 1243 1694 1326 ipsis
1737 1241 2182 1309 sacerdotibus
2225 1243 2549 1327 interpre-

605 1343 725 1398 tor.
816 1331 1144 1397 Cohaeret
1199 1332 1373 1395 enim
1433 1332 1593 1395 haec
1637 1330 1961 1394 sententia
2004 1350 2155 1394 cum
2201 1329 2551 1413 superiori·

598 1418 753 1496 bus,
822 1417 933 1483 ubi
990 1438 1204 1482 sermo
1254 1415 1334 1480 ad
1390 1415 1561 1481 solos
1622 1415 1993 1481 sacerdotes
2051 1415 2339 1481 directus
2399 1416 2546 1480 fuit.

605 1504 798 1584 Quod
859 1504 1096 1567 melius
1152 1504 1496 1568 confirmat
1539 1502 1878 1584 proximus
1922 1522 2189 1581 versus,
2244 1500 2354 1565 ubi
2399 1522 2550 1584 pro·

598 1591 871 1655 nunciat
897 1598 1107 1654 totum
1146 1588 1457 1671 populum
1494 1608 1681 1652 reum
1718 1588 1853 1652 fore
1890 1585 2298 1652 sacerdotum
2335 1587 2549 1671 culpa,

600 1677 655 1740 si
702 1695 921 1741 sacras
965 1674 1323 1739 oblationes
1368 1673 1740 1756 polluerint.
1826 1674 1940 1739 Sic
1985 1674 2160 1739 enim
2207 1673 2405 1738 verba
2452 1693 2553 1739 ac-

597 1763 804 1845 cipio:
849 1760 951 1825 Ne
988 1760 1224 1843 populo
1260 1760 1603 1843 imponant
1637 1759 2070 1843 iniquitatem,
2116 1760 2224 1823 vel
2271 1780 2549 1842 poenam

599 1845 839 1925 delicti,
887 1848 941 1912 si
985 1845 1309 1910 immundi
1357 1868 1459 1911 res
1486 1847 1626 1910 Deo
1670 1846 1922 1910 oblatas
1966 1846 2328 1929 attigerint.
2376 1845 2547 1910 Nam

600 1933 798 1999 sicuti
841 1932 1096 1998 medius
1141 1943 1240 1997 est
1283 1933 1658 2014 pacificator
1701 1933 2020 2009 sacerdos,
2066 1940 2144 1996 ut
2167 1932 2382 1997 Deum
2429 1931 2548 1995 ho-

599 2019 887 2085 minibus
934 2019 1340 2084 reconciliet:
1387 2020 1479 2082 ita
1526 2019 1668 2083 eius
1712 2018 2017 2101 impietas
2073 2018 2404 2100 piaculum
2450 2027 2549 2083 est

599 2124 960 2184 commune,
1005 2105 1174 2187 quod
1211 2104 1374 2169 alios
1418 2124 1644 2169 omnes
1688 2116 1876 2169 reatu
1921 2104 2288 2188 obstringit.
2357 2102 2553 2185 Quod

600 2192 898 2256 nonnulli
943 2199 1237 2269 vertunt,
1284 2211 1368 2254 ne
1412 2211 1482 2255 se
1526 2199 1821 2269 onerent,
1864 2190 2063 2256 latius
2106 2201 2207 2255 est
2250 2210 2324 2255 ac
2364 2210 2552 2273 pror-

601 2298 715 2342 sus
772 2286 1167 2342 contortum.
1258 2275 1548 2340 Tandem
1606 2277 1847 2341 iterum
1907 2276 2302 2359 pronunciat
2346 2277 2550 2355 Deus,

598 2383 719 2446 pro
755 2361 1212 2446 magnitudine
1248 2361 1535 2440 honoris,
1578 2383 1706 2445 quo
1742 2364 1920 2445 ipsos
1965 2362 2275 2446 dignatus
2318 2363 2550 2441 fuerat,

598 2449 868 2533 gravius
912 2449 1052 2513 fore
1094 2449 1346 2513 crimen
1390 2456 1457 2512 et
1500 2450 1719 2513 minus
1763 2449 2162 2529 excusabile,
2219 2448 2349 2513 nisi
2393 2467 2551 2513 suae

598 2535 928 2600 vocationi
971 2533 1430 2618 respondeant.

1221 2892 1350 2958 EX
1398 2891 1702 2959 EXODI
1746 2892 1906 2959 XX.

769 3083 873 3147 26.
923 3083 1071 3149 Non
1121 3085 1418 3150 ascendes
1469 3103 1590 3163 per
1642 3083 1887 3166 yradas
1943 3084 2030 3149 ad
2077 3084 2283 3149 altare
2324 3103 2544 3161 meam

594 3188 670 3234 ne
705 3168 1022 3253 deteqatar
1063 3170 1381 3252 turpitudo
1421 3173 1531 3234 tua
1569 3169 1754 3234 iuxta
1797 3169 1974 3235 illud.

766 3355 870 3421 26.
932 3357 1080 3423 Non
1138 3359 1446 3426 ascendes.
1536 3357 1760 3439 Quum
1820 3357 2285 3425 verecundiam
2339 3379 2548 3423 sacer·

596 3440 857 3507 dotibus
913 3444 1322 3526 praeceperit
1383 3445 1565 3509 Deus
1625 3452 1761 3509 tota
1816 3445 1984 3521 vita,
2046 3454 2111 3510 et
2154 3446 2224 3509 in
2268 3445 2549 3527 privatis

596 3528 993 3608 actionibus,
1073 3529 1240 3594 nihil
1291 3531 1558 3596 ⁷mirum
1628 3531 1683 3593 si
1749 3530 1820 3595 in
1888 3532 2092 3596 sacris
2157 3530 2549 3615 peragendis

593 3615 1013 3698 praecipuam
1051 3615 1307 3681 honesti
1348 3627 1414 3681 et
1449 3615 1667 3681 decori
1710 3636 1934 3680 curam
1980 3617 2283 3699 requirat.
2349 3617 2549 3682 Prius

592 3699 857 3781 quidem
912 3701 1281 3767 sacerdotes
1338 3701 1547 3766 voluit
1602 3700 2022 3787 subligaculis
2066 3704 2173 3767 vel
2219 3702 2549 3768 femorali-

595 3784 716 3848 bus
739 3784 927 3850 indui
956 3785 1111 3851 dum
1134 3788 1676 3871 ingrediebantur
1711 3792 2176 3860 sanctuarium,
2213 3788 2295 3853 ad
2318 3789 2548 3855 velan-

592 3867 712 3934 das
761 3883 978 3954 partes
1022 3872 1393 3957 pudendas:
1454 3874 1576 3940 hoc
1621 3882 1845 3938 tamen
1889 3876 2207 3940 castitatis
2250 3875 2548 3959 symbolo

592 3955 889 4022 nondum
944 3969 1320 4036 contentus,
1382 3971 1566 4024 vetat
1614 3980 1735 4042 per
1777 3959 2022 4042 gradus
2067 3962 2418 4027 ascendere
2464 3959 2546 4027 ad

593 4041 835 4107 altare:
911 4065 994 4108 ne
1052 4045 1217 4109 forte
1276 4044 1684 4128 subligacula
1741 4046 1881 4128 ipsa
1942 4058 2331 4130 appareant:
2392 4050 2549 4131 quia

593 4129 712 4192 tali
769 4141 1122 4213 conspectu
1180 4129 1466 4215 dignitas
1524 4152 1860 4197 sacrorum
1912 4141 1979 4197 et
2020 4133 2253 4217 religio
2298 4135 2548 4199 minue-

592 4225 793 4280 retur.
876 4217 1093 4282 Modis
1138 4238 1296 4302 ergo
1339 4217 1642 4282 omnibus
1686 4216 2008 4283 adducere
2054 4217 2389 4285 Israelitas
2435 4241 2547 4287 vo—

594 4297 750 4377 luit,
811 4313 885 4366 ut
937 4302 1007 4366 in
1065 4303 1244 4369 cultu
1300 4304 1564 4387 pietatis
1607 4304 2031 4387 integerrime
2075 4316 2141 4371 et
2183 4306 2548 4372 castissime

594 4404 665 4449 se
708 4397 1033 4468 gererent.

1216 4747 1348 4813 EX
1394 4748 1744 4815 NUMER.
1796 4750 1913 4815 VI.

766 4933 870 4999 22.
918 4932 1006 4998 Et
1057 4935 1346 5016 loquutus
1402 4942 1492 5003 cst
1535 4937 1769 5004 Iehova
1811 4939 1897 5005 ad
1933 4937 2188 5017 Mosen,
2246 4938 2546 5005 dicendo.-

594 5020 697 5086 23.
768 5021 1099 5103 Alloquere
1165 5021 1431 5087 Aharon
1493 5028 1548 5088 et
1603 5024 1772 5104 filios
1835 5026 2005 5105 cius,
2086 5024 2377 5092 dicendo.-
2437 5024 2546 5090 Sic

594 5106 957 5173 benedicetis
1005 5107 1167 5189 filiis
1225 5108 1463 5184 Israel,
1535 5109 1789 5176 dicendo
1848 5114 1969 5177 eis.-
2033 5111 2135 5177 24.
2198 5111 2546 5177 Benedicat

590 5193 708 5258 abi
753 5194 999 5275 Ich-ova,
1043 5199 1099 5259 et
1141 5194 1448 5260 custodiat
1489 5199 1578 5260 te.-
1641 5195 1744 5262 25.
1793 5197 2028 5263 Ducere
2067 5199 2269 5278 faciat
2313 5197 2545 5263 Iehova

588 5280 818 5362 faciem
860 5301 1046 5345 suam
1089 5300 1282 5361 super
1323 5285 1396 5356 te,
1440 5283 1497 5344 et
1538 5281 1911 5347 misereatur
1953 5285 2076 5348 tui.-
2133 5285 2236 5349 26.
2285 5281 2545 5350 Attollat

593 5364 825 5431 Iehova
871 5366 1100 5449 faciem
1153 5385 1340 5432 suam
1398 5366 1484 5432 ad
1533 5371 1621 5446 te,
1681 5374 1737 5434 et
1776 5369 2111 5435 constituat
2148 5369 2266 5435 tibi
2298 5390 2538 5452 paceni.

2002 450 2518 519 SECUNDUM
2561 451 3213 520 PRAECEP'I'UM.

4439 458 4543 525 460

2647 641 2751 705 27.
2798 638 2889 706 Et
2916 646 3144 723 ponent
3186 663 3400 708 nomen
3443 662 3649 707 meam
3689 663 3881 723 super
3918 644 4085 724 filios
4121 638 4340 718 Israel,
4381 651 4429 712 et
4461 670 4547 733 eqo

2645 728 2999 794 benedicam
3039 728 3149 794 eis,

2820 899 2924 964 22.
2988 900 3079 964 Et
3136 900 3431 982 loquutus
3486 904 3575 964 est
3633 899 3883 965 Iehova.
3991 900 4121 964 Hic
4191 920 4337 982 pars
4382 901 4552 968 officii

2650 986 3071 1051 sacerdotalis
3107 985 3396 1050 breviter
3431 986 3801 1069 exponitur,
3839 985 4024 1051 cuius
4058 987 4300 1069 passim
4332 987 4398 1050 in
4437 989 4555 1073 lege

2650 1074 2728 1136 fit
2770 1072 3038 1136 menti0.
3123 1072 3304 1137 Dicit
3348 1071 3525 1135 enim
3572 1072 3755 1136 Deus
3798 1091 3869 1136 se
3912 1092 4166 1137 creasse
4211 1072 4553 1153 sacerdotes,

2651 1158 2766 1240 qui
2834 1157 3073 1242 populo
3144 1156 3553 1223 benedicant.
3654 1157 3747 1222 Et
3803 1158 3932 1223 huc
3988 1158 4251 1223 videtur
4306 1158 4556 1226 alludere

2651 1245 2873 1309 David
2920 1243 3023 1309 his
3067 1243 3316 1308 verbis:
3363 1242 3824 1308 Benedicimus
3868 1244 4054 1309 vobis
4096 1265 4133 1308 e
4177 1242 4361 1309 domo
4402 1246 4561 1317 leho-

2653 1350 2778 1395 vae
2835 1327 3038 1416 (Psal.
3088 1329 3244 1407 118,
3291 1327 3420 1415 26).
3511 1328 3699 1408 Quae
3744 1329 4039 1394 doctrina
4081 1330 4372 1414 apprime
4408 1332 4560 1397 utilis

2654 1422 2789 1479 est:
2849 1425 2924 1481 ut
2966 1425 3145 1481 certo
3190 1423 3488 1481 statuant
3527 1414 3781 1480 fideles:
3832 1413 4052 1479 Deum
4096 1415 4221 1481 sibi
4266 1438 4400 1482 esse
4435 1438 4561 1500 pro·

2653 1502 2888 1584 pitium
2909 1550 2926 1585 ‚
2997 1502 3152 1566 dum
3220 1509 3426 1567 testes
3481 1522 3556 1566 ac
3612 1521 3971 1584 praecones
4028 1502 4289 1566 ordinat
4340 1503 4567 1586 pat-erui

2655 1588 2761 1653 sui
2828 1609 2987 1673 erga
3045 1609 3154 1652 eos
3213 1587 3473 1652 favoris.
3572 1586 4016 1652 Benedicendi
4074 1588 4343 1655 verbum
4398 1610 4567 1674 saepe

2655 1674 2917 1757 eapitur
2960 1693 3078 1756 pro
3120 1673 3286 1738 bene
3331 1674 3610 1756 precari,
3676 1672 3848 1755 quod
3892 1674 4176 1739 officium
4219 1676 4344 1758 piis
4384 1676 4565 1740 omni·

2656 1759 2779 1825 bus
2837 1779 3182 1825 commune
3237 1770 3356 1824 est.
3461 1758 3592 1826 Sed
3650 1758 3757 1823 hic
3812 1760 3982 1824 ritus
4040 1758 4144 1845 (ut
4199 1761 4391 1843 paulo
4446 1770 4569 1844 post

2655 1844 3050 1929 videbimus)
3095 1846 3324 1909 efficax
3370 1845 3494 1909 fuit
3535 1846 3979 1910 testimonium
4024 1848 4277 1929 gratiae
4319 1846 4467 1911 Dei:
4508 1866 4569 1911 ac

2654 1932 2713 1995 si
2769 1931 3237 1996 benedictionis
3294 1930 3678 1996 mandatum
3736 1952 3821 1996 ex
3873 1934 4015 1996 eius
4072 1953 4184 1997 ore
4243 1934 4571 2015 perferrent

2655 2017 3040 2083 sacerdotes.
3130 2018 3279 2083 Hoc
3336 2028 3555 2081 autem
3618 2038 3777 2082 vere
3821 2018 3888 2081 in
3931 2017 4198 2082 Christo
4246 2020 4437 2084 fuisse
4473 2018 4570 2082 im-

2655 2104 2903 2188 pletum
2951 2103 3241 2168 ostendit
3259 2103 3477 2168 Lucas
3521 2100 3652 2187 (24,
3697 2102 3828 2253 503,
3875 2125 4073 2186 quum
4119 2113 4349 2169 narrat
4387 2106 4573 2187 ipsum

2656 2210 2892 2255 manus
2936 2189 3278 2254 sustulisse
3323 2210 3442 2271 pro
3486 2189 3739 2254 solenni
3809 2191 3948 2273 egis
3991 2191 4156 2268 ritu,
4205 2199 4283 2255 ut
4326 2189 4572 2272 discipu-

2653 2276 2734 2340 lis
2780 2275 3214 2340 benediceret.
3302 2275 3484 2359 Ergo
3527 2275 3632 2339 his
3675 2276 3897 2340 verbis
3941 2276 4097 2340 data
4138 2276 4267 2341 fuit
4308 2275 4571 2343 sacerdo-

2655 2362 2830 2429 tibus
2869 2362 3110 2445 legatio
3133 2362 3260 2426 Dei
3294 2381 3441 2426 cum
3480 2361 3719 2444 populo
3755 2361 4254 2428 reconciliandi:
4300 2362 4481 2445 idque
4516 2362 4575 2425 in

2656 2447 2909 2515 Christi
2946 2468 3243 2529 persona,
3284 2448 3394 2530 qui
3436 2448 3613 2511 solus
3655 2447 3907 2531 gratiae
3931 2446 4059 2512 Dei
4098 2457 4163 2513 et
4207 2446 4575 2515 benedictio-

2656 2534 2759 2598 nis
2813 2533 3086 2598 idoneus
3145 2542 3244 2598 est
3302 2553 3594 2617 sponsor.
3682 2532 4029 2613 Quatenus
4086 2554 4247 2618 ergo
4294 2543 4447 2600 tunc
4483 2555 4576 2619 ge-

2655 2619 2891 2684 rebant
2934 2627 3164 2703 typum
3204 2618 3469 2699 Christi,
3512 2619 3674 2685 iussi
3719 2628 3877 2684 sunt
3918 2620 4160 2704 populo
4204 2619 4576 2686 benedicere.

2658 2704 2795 2771 Sed
2850 2716 3080 2769 notatu
3140 2704 3418 2789 dignum
3478 2714 3579 2770 est
3635 2704 3807 2788 quod
3869 2706 4181 2772 iubentur
4240 2706 4413 2773 clare
4454 2726 4578 2790 pro-

2655 2792 2827 2856 ferre
2872 2790 3343 2857 benedictionis
3380 2792 3656 2856 formam
3676 2842 3691 2870 ,
3739 2811 3871 2856 non
3917 2801 4137 2857 autem
4181 2790 4454 2859 obscuro
4491 2812 4577 2857 su-

2655 2898 2847 2942 surro
2885 2885 3037 2942 vota
3077 2878 3436 2961 concipere.
3515 2876 3711 2944 Unde
3752 2876 4120 2962 colligimus
4162 2878 4580 2962 praedicatam

2655 2963 2861 3028 fuisse
2905 2964 3183 3048 gratiam
3231 2983 3426 3046 quam
3471 2963 3752 3046 populus
3790 2963 3920 3028 fide
3966 2963 4502 3047 apprehenderet.

2830 3048 2932 3116 24.
2981 3048 3325 3116 Benedicat
3366 3049 3496 3114 tibi.
3568 3048 3967 3118 Benedicere
4012 3050 4141 3117 Dei
4185 3051 4461 3117 actualis
4498 3064 4581 3117 est

2652 3135 3049 3213 liberalitas,
3110 3136 3261 3220 quia
3313 3156 3395 3199 ex
3440 3136 3581 3201 eius
3625 3137 3884 3214 favore,
3940 3146 4257 3220 tanquam
4303 3159 4389 3204 ex
4425 3139 4579 3203 fonte

2651 3221 2865 3299 unice,
2913 3223 3098 3287 nobis
3138 3223 3293 3286 fluit
3338 3222 3661 3287 bonorum
3705 3223 4000 3287 omnium
4046 3223 4258 3306 copia.
4321 3223 4581 3289 Additur

2651 3307 2939 3374 secundo
2983 3316 3059 3372 ut
3101 3307 3414 3391 populum
3460 3306 3815 3373 custodiat:
3862 3330 3990 3392 qua
4033 3309 4365 3392 particula
4404 3308 4581 3394 signi·

2651 3396 2804 3459 fleat
2861 3394 3137 3459 unicum
3191 3416 3261 3460 se
3318 3394 3629 3460 ecclesiae
3688 3393 4130 3473 defensorem,
4192 3405 4263 3460 et
4308 3397 4420 3480 qui
4459 3413 4580 3460 eam

2651 3480 2974 3563 praesidio
3034 3501 3151 3545 suo
3208 3490 3449 3545 tuetur.
3540 3480 3678 3546 Sed
3734 3482 3888 3564 quia
3944 3482 4305 3565 praecipua
4360 3482 4581 3566 gratiae

2651 3565 2782 3630 Dei
2826 3566 3076 3634 utilitas
3121 3575 3220 3632 est
3263 3566 3333 3630 in
3377 3566 3521 3649 ipso
3566 3588 3800 3643 sensu,
3862 3568 4158 3650 sequitur
4200 3576 4282 3633 ut
4325 3566 4583 3632 illustret

2650 3652 2884 3717 faciem
2953 3672 3158 3717 suam.
3262 3652 3447 3717 Nihil
3521 3653 3695 3717 enim
3754 3651 3837 3717 ad
3893 3673 4220 3718 summam
4280 3653 4582 3720 felicitatis

2649 3736 2999 3820 optabilius
3066 3757 3261 3821 quam
3324 3759 3633 3803 serenum
3693 3738 3823 3803 Dei
3880 3738 4136 3804 vultum
4193 3741 4579 3824 conspicere:

2650 3825 2839 3889 sicuti
2884 3825 2957 3888 in
2998 3824 3264 3890 Psalmo
3307 3822 3406 3910 (4,
3465 3824 3530 3910 7)
3575 3822 3846 3890 dicitur:
3892 3824 4092 3890 Multi
4130 3825 4393 3892 dicunt:
4439 3823 4582 3905 Quis

2648 3909 2950 3975 ostendet
2985 3910 3170 3975 nobis
3198 3909 3487 3976 bonum?
3538 3911 3727 3975 Leva
3754 3931 3951 3993 super
3978 3931 4098 3975 nos
4122 3910 4352 3976 lumen
4384 3911 4581 3978 vultus

2651 3996 2749 4060 tui
2772 3996 3071 4061 Domine.
3130 3995 3243 4061 Sic
3285 3996 3491 4080 igitur
3533 3996 3706 4062 hanc
3748 3996 4139 4079 particulam
4184 3998 4581 4081 interpretor,

2648 4091 2725 4146 ut
2783 4083 3026 4147 sentiat
3081 4101 3156 4146 ac
3214 4090 3436 4164 gustet
3492 4082 3773 4166 populus
3829 4081 4246 4149 dulcedinem
4295 4084 4579 4148 bonitatis

2652 4168 2799 4246 Dei,
2844 4188 3011 4251 quae
3042 4168 3256 4251 ipsum
3296 4168 3635 4249 exhilaret,
3673 4189 3806 4233 non
3842 4189 4030 4235 secus
4074 4189 4151 4234 ac
4185 4169 4349 4235 solis
4390 4169 4582 4254 splen·

2652 4253 2786 4331 dor,
2837 4254 2990 4319 dum
3037 4253 3356 4319 mundum
3401 4254 3679 4320 irradiat
3721 4274 3954 4321 sereno
3996 4255 4194 4321 coelo,
4272 4255 4404 4323 Sed
4448 4275 4580 4321 con·

2649 4340 2840 4404 tinuo
2894 4350 3039 4423 post
3100 4338 3183 4404 ad
3240 4341 3522 4423 primam
3576 4360 3841 4406 causam
3896 4350 4251 4407 revocatur
4304 4342 4578 4426 populus,

2651 4446 2889 4508 nempe
2939 4427 3295 4509 gratuitam
3342 4426 3470 4493 Dei
3505 4426 4036 4505 misericordiam,
4073 4449 4241 4510 quae
4277 4428 4418 4493 sola
4449 4444 4576 4492 eum

2651 4512 2839 4578 nobis
2883 4512 3225 4596 conciliat,
3270 4514 3380 4595 qui
3424 4513 3668 4596 alioqui
3711 4515 3946 4578 merito
3992 4522 4216 4579 nostro
4263 4514 4448 4580 exosi
4487 4532 4578 4576 su·

2650 4619 2798 4663 mus
2833 4618 2908 4664 ac
2945 4596 3375 4665 detestabiles.
3437 4598 3629 4680 Quod
3673 4607 3900 4682 postea
3942 4600 4275 4682 sequitur:
4323 4598 4579 4666 Attollat

2648 4684 2880 4748 faciem
2940 4706 3126 4750 suam
3187 4683 3271 4749 ad
3330 4695 3427 4762 te,
3483 4707 3566 4751 ex
3624 4686 3955 4750 communi
4014 4685 4380 4768 scripturae
4420 4702 4580 4751 more

2648 4770 2938 4853 positum
2992 4783 3122 4836 est:
3183 4780 3259 4834 ut
3302 4772 3484 4836 Deus
3537 4771 3756 4854 populi
3808 4773 3912 4837 sui
3956 4770 4360 4838 recordetur.
4445 4770 4579 4835 Non

2647 4854 2818 4941 quod
2854 4858 2924 4920 in
2961 4878 3112 4921 eum
3151 4857 3344 4922 cadat
3377 4855 3652 4922 oblivio:
3693 4856 3806 4922 sed
3844 4857 3997 4940 quia
4034 4867 4342 4940 putamus
4375 4873 4579 4923 curam

2647 4943 2853 5007 nostri
2912 4941 3224 5009 abiecisse
3250 4993 3266 5021 ,
3314 4943 3443 5007 nisi
3502 4964 3575 5006 re
3621 4944 3765 5026 ipsa
3820 4944 4049 5026 probet
4114 4964 4185 5008 se
4244 4943 4327 5008 de
4388 4942 4577 5009 salute

2646 5037 2875 5092 nostra
2918 5047 3063 5092 esse
3108 5028 3477 5093 sollicitum.
3567 5026 3861 5093 Tandem
3908 5028 4283 5110 subiicitur,
4329 5029 4424 5096 Ut
4462 5040 4576 5093 sta·

2648 5112 2837 5178 biliat
2880 5114 3116 5196 populo
3161 5134 3280 5179 suo
3338 5133 3601 5198 pacem:
3661 5113 3834 5198 quod
3894 5115 4005 5180 alii
4053 5116 4249 5199 paulo
4310 5115 4575 5198 apertius

2648 5207 2943 5275 vertunt,
2991 5200 3211 5266 Ponat
3254 5209 3320 5265 te
3360 5200 3432 5263 in
3477 5220 3722 5282 pacem.
3812 5199 4165 5267 Caeterum
4224 5221 4427 5285 quum
4469 5198 4573 5263 hoo

2645 5305 2884 5349 nomen
2931 5306 3062 5349 non
3107 5284 3299 5351 modo
3357 5287 3641 5369 quietem
3699 5295 3766 5351 et
3824 5286 4258 5371 tranquillum
4318 5295 4572 5353 statum:

2645 5370 2758 5436 sed
2804 5391 3033 5437 omnes
3093 5392 3435 5456 prosperos
3494 5393 3836 5439 successus
3894 5374 4254 5458 significet,
4317 5373 4575 5438 libenter
