4867 6150
351 451 483 518 409

356 644 529 709 eius.-
569 640 786 725 scyphi
828 641 990 721 eius,
1047 639 1424 723 sphaerulae
1478 641 1645 719 cius,
1702 645 1760 706 et
1805 640 1994 721 flores
2045 640 2185 706 eius
2234 660 2314 705 ea·

354 731 495 812 ipso
536 732 739 793 erunt.
827 727 932 792 32.
989 721 1077 792 Et
1133 746 1245 792 sex
1299 725 1531 793 calami
1590 726 1985 810 eyredientur
2027 748 2059 792 e
2100 727 2314 792 lateri-

355 814 472 881 bus
513 816 692 880 eius.-
743 818 871 880 tres
927 812 1160 878 calami
1215 811 1576 880 candelabri
1617 832 1697 877 ex
1753 813 1947 879 latere
1988 814 2127 879 eius
2167 833 2312 889 uno,

354 906 408 967 et
450 906 579 967 tres
613 899 846 967 calami
865 897 1224 965 candelabri
1266 919 1343 966 m:
1384 898 1574 964 latere
1592 899 1730 964 eius
1750 898 1960 965 altero.
2007 898 2110 965 33.
2158 899 2315 965 Tres

352 986 575 1055 calices
615 987 687 1051 in
729 987 994 1066 speciem
1035 984 1219 1050 nucis
1261 983 1702 1068 amyyclalinae
1742 984 2084 1067 deformati
2135 989 2316 1050 erunt

352 1074 425 1137 in
446 1074 688 1138 calamo
708 1092 851 1145 uno.
877 1070 1220 1156 sphaerula
1243 1076 1300 1136 et
1313 1072 1452 1151 flos,
1488 1075 1544 1136 et
1565 1076 1689 1135 tres
1709 1071 1936 1137 calices
1957 1073 2028 1136 in
2050 1071 2314 1153 speciem

352 1159 534 1224 nucis
556 1157 1000 1242 amyydalinae
1019 1157 1351 1239 deformati
1378 1157 1446 1221 in
1467 1155 1705 1221 calamo
1731 1157 1942 1235 altero,
1964 1156 2314 1240 sphaerula

354 1250 408 1311 et
436 1246 587 1325 flos:
629 1243 725 1311 sic
767 1243 843 1309 de
889 1264 1004 1308 sex
1044 1242 1312 1310 calamis
1355 1243 1809 1327 effredientibus
1850 1263 1882 1307 e
1924 1243 2308 1310 candelabro.

354 1330 457 1396 34.
505 1330 595 1395 Et
636 1331 709 1396 in
750 1328 1119 1396 candelabro
1158 1332 1340 1395 erunt
1381 1333 1651 1410 quatuor
1692 1328 1915 1395 calices
1957 1329 2313 1411 inspeciem

351 1437 536 1570 aa
579 1416 1024 1584 aem
1056 1415 1409 1585 emma
1443 1413 1869 1567 &aaa
1850 1416 2311 1567 dem:

350 1591 507 1673 ipso,
554 1588 901 1670 sphaerula
945 1588 1091 1652 item
1132 1586 1251 1653 sub
1293 1585 1533 1653 duobus
1577 1587 1846 1653 calamis
1898 1608 1978 1652 ex
2028 1589 2198 1669 ipso,
2253 1591 2310 1652 et

351 1674 692 1759 sphaerula
724 1673 838 1740 sub
873 1672 1113 1739 duobus
1145 1673 1412 1740 calamis
1444 1694 1524 1737 esc
1556 1674 1722 1755 ipso.-
1762 1674 1856 1738 sic
1897 1693 2010 1739 sea:
2043 1673 2310 1739 calamis

351 1761 805 1845 egredientibus
845 1781 878 1826 e
919 1758 1303 1826 candelabro.
1395 1758 1498 1824 36.
1549 1758 1940 1840 Sphaerulae
1982 1779 2196 1826 eorum
2253 1763 2310 1824 et

349 1848 581 1914 calami
645 1866 855 1912 eorum
921 1866 1000 1910 eo:
1064 1847 1203 1927 ipso
1264 1851 1480 1910 erunt:
1556 1850 1748 1910 totum
1811 1846 2026 1927 ipsum
2083 1845 2309 1912 ductile

350 1954 567 2012 unum,
634 1954 713 1999 ex
773 1951 932 1998 auro
980 1951 1169 2013 puro.
1260 1931 1362 1997 37.
1427 1930 1659 1996 Facies
1721 1952 1957 2014 quoque
2016 1932 2308 1997 lucernas

349 2021 486 2086 eius
527 2025 776 2100 septem,
821 2038 983 2099 quas
1026 2017 1348 2084 collocabis
1389 2017 1459 2082 iu
1495 2016 1781 2094 sublimi,
1824 2023 1895 2082 ut
1934 2017 2181 2084 luceant
2222 2017 2309 2083 ad

350 2106 516 2172 latus
555 2105 754 2188 faciei
796 2104 951 2169 eius.
1042 2103 1145 2169 38.
1195 2103 1283 2169 Et
1319 2103 1591 2186 forcipes
1633 2102 1874 2185 ipsius,
1944 2109 2000 2169 et
2040 2108 2307 2184 recepta-

349 2194 495 2259 cula
537 2193 677 2257 eius
716 2210 795 2255 ex
834 2209 995 2255 auro
1024 2210 1210 2271 puro.
1271 2188 1372 2255 39.
1428 2189 1684 2255 Talento
1729 2191 1881 2255 auri
1912 2190 2073 2272 puri
2101 2189 2307 2271 facies

345 2277 527 2357 illud,
572 2283 630 2343 et
669 2277 883 2342 omnia
924 2295 1083 2341 vasa
1122 2277 1268 2341 ista.
1356 2275 1461 2341 40.
1524 2275 1681 2341 Vide
1737 2280 1947 2341 autem
1983 2280 2055 2341 ut
2091 2276 2306 2359 facias

346 2367 532 2430 iuxta
592 2361 1079 2428 similitudinem
1142 2381 1328 2428 suam
1343 2413 1360 2440 ,
1457 2381 1618 2443 quae
1695 2362 1810 2428 libi
1888 2365 2137 2428 ostensa
2216 2367 2307 2428 est

345 2450 417 2517 in
458 2454 679 2516 monte.

519 2620 624 2687 31.
673 2620 901 2686 Facies
941 2620 1090 2684 item
1131 2619 1588 2686 candelabrum.
1680 2617 1951 2701 Septem
1997 2619 2301 2685 lucernas

348 2707 454 2774 die
499 2716 822 2789 noctuque
865 2724 1167 2772 accensas
1210 2705 1420 2771 voluit
1456 2707 1639 2771 Deus
1683 2704 1937 2789 fulgere
1980 2706 2049 2770 in
2089 2705 2301 2771 taber-

345 2793 599 2860 naculo.
645 2792 945 2857 Primum
990 2800 1066 2856 ιιι
1109 2791 1308 2858 sciret
1349 2792 1631 2876 populus
1674 2811 1744 2857 se
1789 2791 2113 2858 divinitus
2156 2792 2300 2877 regi

347 2879 430 2946 ad
476 2880 694 2945 Deum
736 2880 862 2943 rite
904 2876 1283 2956 colendum,
1347 2887 1415 2944 et
1456 2878 1667 2944 lucem
1713 2897 1881 2960 quae
1923 2897 2154 2943 omnes
2193 2898 2296 2943 er-

345 2986 574 3032 rorum
619 2964 925 3030 tenebras
969 2963 1351 3043 discuteret,
1407 2964 1610 3031 oculis
1666 2963 1805 3030 suis
1860 2984 2003 3029 esse
2059 2984 2297 3048 propo-

345 3053 574 3120 sitam:
634 3049 868 3117 deinde
931 3071 1012 3116 ne
1070 3050 1530 3117 obtenebraret
1581 3050 1800 3134 ipsum
1858 3049 1988 3116 Dei
2044 3050 2296 3117 cultum

344 3139 583 3206 crassis
626 3139 763 3203 suis
806 3139 1161 3222 figmentis,
1226 3136 1340 3203 sed
1385 3139 1681 3202 intentus
1723 3136 1805 3201 ad
1849 3135 2016 3220 legis
2059 3136 2295 3203 doctri·

344 3247 522 3303 nam,
570 3245 734 3308 pura
768 3233 834 3289 et
868 3224 1083 3289 lucida
1117 3236 1357 3302 mente,
1407 3224 1479 3287 in
1520 3221 1822 3288 omnibus
1862 3223 2299 3289 caeremoniis

343 3312 567 3378 Deum
609 3318 971 3395 quaereret.
1051 3310 1372 3375 Notemus
1416 3330 1574 3395 ergo
1616 3310 1792 3374 inter
1835 3309 2135 3394 regulam
2178 3330 2294 3374 ve-

342 3419 459 3464 rae
493 3397 757 3480 pietatis
792 3413 860 3461 et.
894 3396 1190 3482 gentium
1215 3398 1733 3479 superstitiones,
1778 3394 2132 3462 discrimen
2154 3416 2298 3462 esse

341 3485 659 3568 positum:
720 3482 876 3566 quia
929 3491 1160 3566 gentes
1202 3481 1422 3547 stultis
1478 3492 1545 3546 et
1585 3481 1794 3547 caecis
1839 3481 2298 3549 devotionibus

343 3569 445 3657 (ut
489 3567 874 3654 loquuntur)
931 3569 1241 3652 abreptae
1297 3569 1565 3633 fuerunt
1623 3589 1742 3651 per
1783 3569 2114 3634 flexuosas
2157 3589 2297 3633 am—

340 3657 386 3724 b
476 3677 566 3737 es,
609 3665 685 3720 ut
728 3653 899 3719 nihil
943 3653 1117 3738 apud
1163 3675 1274 3720 eas
1318 3665 1570 3720 rectum
1615 3653 1833 3719 fuerit.
1923 3654 2073 3721 Nisi
2117 3656 2294 3720 enim

342 3762 430 3808 no
476 3744 535 3808 is
600 3740 974 3825 praeluceat
1040 3740 1340 3806 coelestis
1406 3739 1733 3821 doctrina,
1800 3739 1967 3806 nihil
2035 3749 2297 3825 praeter

341 3849 594 3894 meram
642 3826 1002 3893 vanitatem
1045 3827 1257 3910 pariet
1300 3845 1536 3892 sensus
1580 3838 1821 3892 noster.
1899 3824 2035 3893 Sed
2078 3826 2296 3894 Israe-

342 3913 481 3980 litis
508 3935 636 3980 non
663 3914 822 3978 satis
844 3911 976 3978 fuit
995 3913 1349 3978 monstrari
1371 3913 1569 3993 viam,
1607 3913 1735 3978 nisi
1761 3910 1843 3979 ad
1867 3912 2294 3979 directionem

344 4000 552 4085 aperti
603 4009 821 4065 essent
865 4019 1090 4064 eorum
1135 3999 1344 4065 oculi:
1401 3999 1716 4082 quoniam
1760 4000 1831 4065 in
1876 3997 2091 4065 media
2135 4020 2292 4083 quo·

344 4108 472 4170 que
517 4087 660 4151 luce
701 4087 1086 4170 plerumque
1126 4084 1505 4151 caecutiunt
1546 4084 1867 4151 homines.
1955 4083 2148 4167 Quod
2195 4085 2295 4169 ip·

343 4175 435 4240 sis
501 4171 753 4252 accidit,
820 4170 1083 4254 quando
1149 4190 1283 4237 non
1345 4179 1607 4237 tantum
1672 4171 1755 4236 ad
1820 4178 2171 4240 extraneos
2228 4179 2297 4236 et

343 4258 752 4325 adulterinos
786 4257 1004 4324 cultus
1039 4256 1323 4340 prolapsi
1360 4264 1547 4336 sunt,
1599 4257 1716 4322 sed
1752 4267 2093 4324 externam
2129 4257 2295 4342 legis

342 4346 622 4411 formam
690 4342 1002 4423 tenendo,
1083 4344 1357 4408 fuerunt
1419 4342 1853 4409 nihilominus
1914 4342 2292 4428 degeneres,

342 4453 421 4498 ac
479 4430 711 4515 religio
755 4430 980 4513 pravis
1039 4428 1617 4513 superstitionibus
1677 4430 1907 4496 vitiata
1964 4429 2139 4514 apud
2184 4451 2293 4496 eos

341 4518 487 4597 fuit,
534 4537 733 4600 quum
781 4536 898 4598 pro
942 4516 1159 4581 carnis
1201 4537 1359 4582 suae
1409 4537 1607 4582 sensu
1653 4516 1963 4600 pietatem
2001 4518 2293 4583 locarent

336 4604 411 4670 in
447 4602 895 4670 caeremoniis.
941 4600 1022 4666 Id
1055 4602 1230 4667 enim
1269 4612 1372 4667 est
1391 4601 1612 4667 Deum
1652 4603 2141 4687 transfigurare,
2179 4601 2294 4667 ubi

332 4711 478 4757 non
522 4688 761 4755 colitur
805 4688 1234 4772 spiritualiter
1267 4708 1387 4771 pro
1427 4709 1551 4754 sua
1593 4700 1850 4754 natura.
1897 4689 2075 4755 Hinc
2109 4697 2295 4754 tanta

332 4776 702 4863 hypocritis
758 4775 884 4840 fuit
942 4774 1288 4853 securitas,
1348 4781 1421 4839 ut
1474 4773 1752 4857 superbe
1795 4783 2295 4841 contemnerent

337 4883 572 4929 omnes
615 4860 1032 4945 propheticas
1076 4859 1565 4946 obiurgationes
1582 4912 1598 4939 ,
1656 4860 1789 4926 imo
1847 4871 2072 4944 aperte
2115 4862 2292 4926 fure-

334 4960 527 5027 rent,
589 4949 841 5030 quoties
884 4945 1405 5030 repudiabantur
1446 4946 1680 5013 inanes
1724 4966 1950 5012 eorum
1995 4967 2292 5031 pompae.

335 5035 524 5119 Ergo
585 5019 1182 5099 candelabrum'se
1230 5042 1363 5098 tem
1421 5032 1712 5099 lucernis
1773 5033 2035 5099 illustre
2092 5054 2292 5117 popu-

337 5121 482 5186 lum
528 5119 887 5201 admonuit,
948 5127 1024 5184 ιιι
1065 5118 1136 5183 in
1182 5054 1328 5184 {leo
1372 5119 1674 5199 colende,
1743 5118 1825 5185 ad
1884 5118 2092 5184 lucem
2152 5139 2294 5184 coe-

335 5206 526 5273 lestis
548 5205 881 5272 doctrinae
911 5212 1161 5270 attente
1182 5204 1553 5289 respiceret.
1601 5206 1953 5271 Caeterum
1990 5206 2057 5270 in
2096 5204 2293 5272 huius

335 5295 595 5379 figurae
630 5292 1073 5377 intelligentia
1107 5311 1241 5356 non
1275 5312 1480 5376 parvo
1515 5292 1701 5358 nobis
1736 5291 2133 5358 adminiculo
2168 5292 2293 5357 erit

338 5379 509 5448 visio
547 5379 908 5448 Zachariae
947 5375 1036 5464 (4,
1072 5376 1160 5463 2),
1221 5378 1291 5442 in
1345 5398 1474 5461 qua
1517 5378 1797 5463 symboli
1858 5379 1998 5444 eius
2047 5378 2293 5445 veritas

1742 450 2259 520 SECUNDUM
2324 450 2979 517 PRAEOEPTUM.

4234 453 4371 519 410

2414 639 2807 706 ostenditur.
2894 638 3237 706 Promittit
3279 638 3416 703 illic
3458 636 3645 704 Deus
3688 640 3895 707 solam
3940 641 4209 724 spiritus
4264 644 4369 709 sui

2415 728 2731 793 virtutem
2776 725 2937 793 satis
2981 745 3309 809 superque
3353 725 3708 791 valituram
3753 727 4115 794 servandae
4170 729 4372 795 eccle-

2413 814 2568 893 siae,
2614 812 2918 896 quamvis
2962 811 3266 878 omnibus
3311 810 3575 877 auxiliis
3620 812 3931 879 destituta
3974 814 4077 879 sit.
4156 814 4367 881 Cuius

2414 900 2515 964 rei
2578 909 2654 963 ut
2716 898 2915 964 fidem
2958 898 3186 976 faciat,
3249 896 3524 962 eandem
3588 918 3755 980 quae
3810 898 3917 966 hic
3976 898 4370 967 describitur

2414 985 2697 1070 effigiem
2744 982 3137 1062 candelabri,
3204 983 3445 1048 additis
3488 984 3876 1066 quibusdam
3933 987 4365 1052 circumstan-

2415 1072 2544 1151 tiis,
2592 1071 2904 1136 delineat:
2950 1090 3077 1153 quo
3116 1069 3421 1135 admonet
3458 1090 3591 1135 non
3629 1070 3831 1137 fuisse
3866 1093 4110 1137 vanam
4146 1082 4366 1138 osten-

2413 1158 2731 1222 tationem
2792 1158 2859 1222 in
2924 1155 3214 1222 lucernis
3256 1155 3756 1239 splendentibus
3800 1156 4019 1243 (sicuti
4065 1161 4135 1225 in
4178 1159 4366 1226 thea-

2414 1246 2536 1309 tris
2581 1243 2905 1308 luduntur
2948 1241 3263 1328 fabulae):
3308 1240 3423 1307 sed
3467 1242 3536 1307 in
3580 1241 3970 1309 candelabro
4012 1244 4215 1312 fuisse
4268 1266 4368 1311 re-

2412 1336 2907 1414 praesentatum
2972 1328 3142 1411 quod
3211 1326 3472 1393 sensuri
3537 1337 3760 1395 essent
3810 1330 4038 1398 fideles
4093 1352 4163 1397 re
4219 1332 4367 1414 ipsa

2411 1415 2538 1481 sibi
2562 1416 2905 1499 praestari.
2945 1414 3197 1480 Verum
3223 1422 3294 1479 ut
3317 1413 3554 1479 clarior
3577 1415 3664 1480 sit
3700 1417 4119 1499 comparatis,
4154 1438 4367 1499 pauca

2411 1501 2495 1568 de
2537 1502 2867 1586 praesenti
2911 1499 3051 1567 loeo
3096 1499 3371 1566 dicenda
3411 1507 3587 1567 sunt.
3668 1501 3949 1567 Materia
3993 1502 4366 1569 candelabri

2411 1595 2516 1654 est
2558 1608 2794 1654 aurum
2838 1607 3101 1672 purum,
3147 1607 3277 1670 quo
3321 1587 3416 1651 rei
3467 1586 3768 1670 signatae
3812 1588 4204 1655 excellentia
4246 1611 4364 1655 no-

2409 1681 2613 1739 tatur.
2662 1673 2795 1740 Sed
2833 1672 2942 1739 ubi
2981 1673 3062 1738 de
3111 1673 3322 1739 forma
3358 1672 3603 1756 aliquid
3647 1673 3896 1740 dictum
3939 1674 4173 1755 fuerit,
4229 1677 4362 1742 ola-

2410 1761 2546 1826 rior
2589 1760 2716 1825 erit
2772 1759 3070 1826 vaticinii
3127 1758 3495 1844 applicatio.
3585 1758 3929 1842 Quaedam
3980 1761 4366 1844 simpliciter

2408 1845 2491 1911 ad
2537 1855 3001 1912 ornamentum
3035 1845 3399 1929 composita
3431 1845 3720 1924 fuerunt,
3765 1854 3840 1911 ut
3861 1856 4184 1913 cresceret
4220 1847 4363 1932 dig-

2408 1932 2586 1997 nitas
2629 1953 2715 1996 ex
2757 1933 2901 2015 ipso
2947 1940 3235 2015 aspectu,
3297 1932 3491 1997 sicuti
3535 1933 3748 2011 flores,
3794 1942 3862 1998 st
3900 1932 4184 2016 globuli,
4246 1943 4364 2000 aut

2407 2018 2828 2102 sphaerulae:
2891 2017 3021 2083 alia
3077 2017 3160 2082 ad
3223 2037 3439 2095 usum,
3500 2026 3576 2082 ιιι
3616 2017 3868 2097 calices,
3913 2018 4022 2084 vel
4066 2028 4362 2104 recepta-

2403 2105 2584 2183 cula,
2642 2124 2728 2169 ne
2784 2124 3042 2170 sacrum
3097 2103 3315 2169 oleum
3368 2104 3439 2168 in
3484 2111 3730 2169 terram
3775 2103 4124 2172 decideret.
4216 2107 4360 2172 Lu—

2406 2210 2641 2256 cernae
2685 2191 2757 2255 in
2801 2189 3160 2257 verticibus
3204 2191 3452 2274 positae
3494 2199 3669 2264 sunt,
3729 2199 3807 2255 ut
3848 2190 4097 2257 scirent
4138 2191 4360 2259 Israe-

2403 2274 2582 2352 litae‚
2612 2276 2915 2342 homines
2941 2276 3013 2340 in
3046 2284 3226 2342 terra
3248 2274 3638 2342 circumdari
3663 2275 3970 2356 tenebris,
4018 2278 4157 2355 nisi,
4172 2276 4361 2343 Deus

2404 2383 2670 2428 sursum
2726 2361 3069 2429 ecclesiam
3136 2382 3324 2427 suam
3383 2361 3814 2440 illuminaret,
3873 2362 4069 2446 idque
4125 2363 4235 2428 diu
4292 2371 4363 2429 et

2405 2459 2623 2514 noctu.
2701 2447 2912 2515 Sicuti
2954 2447 3166 2514 Isaias
3210 2447 3292 2514 de
3336 2468 3538 2530 regno
3584 2447 3839 2514 Christi
3886 2449 4243 2529 disserens,
4286 2450 4359 2515 in

2406 2556 2533 2618 quo
2557 2535 2818 2600 demum
2844 2533 3139 2600 exhibita
3161 2535 3285 2599 fuit
3306 2534 3505 2599 huius
3526 2535 3621 2598 rei
3645 2535 3911 2613 veritas,
3933 2534 4119 2602 dicit:
4164 2536 4357 2616 Ecce,

2403 2622 2718 2687 tenebrae
2761 2621 3059 2704 operient
3102 2630 3383 2700 terram,
3439 2631 3506 2685 et
3548 2620 3756 2705 caligo
3801 2620 4107 2705 populos,
4163 2642 4362 2705 super

2407 2715 2472 2772 te
2517 2717 2736 2772 autem
2783 2708 3031 2773 orietur
3054 2707 3398 2785 Dominae,
3445 2717 3511 2770 et
3554 2707 3764 2791 gloria
3808 2708 3949 2773 eius
3993 2709 4065 2773 in
4108 2716 4174 2774 te
4201 2730 4359 2775 eon-

2403 2794 2633 2878 spicua
2697 2793 2844 2858 erit.
2954 2792 3157 2858 Item:
3221 2792 3371 2858 Non
3443 2792 3686 2858 lucebit
3740 2793 3865 2858 tibi
3922 2793 4205 2876 amplius
4259 2795 4355 2861 sol

2402 2879 2710 2959 interdiu,
2755 2899 2967 2962 neque
3011 2878 3172 2943 luna
3214 2899 3333 2962 per
3377 2886 3634 2944 noctem
3654 2928 3670 2958 ,
3727 2878 3843 2943 sed
3889 2880 4016 2945 erit
4074 2879 4192 2944 tibi
4250 2880 4358 2946 Ie-

2402 2965 2576 3032 hova
2622 2966 2696 3030 in
2740 2965 2953 3030 lucem
2999 2964 3471 3047 sempiternam
3514 2961 3672 3050 (Isa.
3719 2964 3824 3043 60,
3861 2965 3921 3031 2.
3958 2964 4088 3052 20).
4146 2966 4356 3032 Porro

2403 3052 2601 3120 sicuti
2646 3053 2830 3118 Deus
2873 3056 3149 3118 vocatur
3190 3057 3378 3135 pater
3411 3050 3756 3128 luminum,
3802 3051 3897 3116 ita
3933 3050 4355 3119 illuminandi

2404 3140 2620 3223 gratia
2661 3159 2865 3223 penes
2909 3137 3216 3221 spiritum
3259 3136 3519 3202 residet.
3610 3135 3941 3216 Quoniam
3983 3148 4203 3203 autem
4240 3137 4354 3204 do-

2402 3246 2640 3291 norum
2684 3226 2967 3291 varietas
3027 3244 3067 3288 a
3120 3223 3357 3307 spiritu
3402 3220 3843 3303 distribuitur,
3911 3232 4166 3308 septem
4211 3226 4354 3291 fue-

2400 3320 2562 3378 runt
2603 3313 2929 3384 lucernae.
2972 3330 3137 3393 quae
3176 3319 3451 3374 externo
3485 3318 3751 3392 aspectu
3787 3319 4357 3393 repraesentarent

2399 3399 2570 3482 quod
2655 3397 2844 3465 docet
2908 3395 3161 3462 Paulus
3225 3392 3312 3482 (1.
3381 3394 3532 3460 Cor.
3604 3395 3719 3473 12,
3795 3394 3894 3483 8):
3983 3396 4355 3481 Unicuique

2399 3484 2543 3550 dari
2621 3481 3220 3549 manifestationem
3301 3482 3573 3564 spiritus
3652 3482 3722 3546 in
3803 3482 4350 3549 aedificationem:

2397 3569 2546 3636 aliis
2589 3591 2707 3654 per
2763 3569 3068 3654 spiritum
3125 3566 3270 3633 dari
3323 3587 3691 3633 sermonem
3752 3568 4146 3651 sapientiae,
4205 3568 4357 3635 aliis

2396 3677 2770 3724 sermonem
2849 3655 3166 3722 scientiae
3244 3652 3602 3721 secundum
3682 3655 3961 3721 eundem
4028 3655 4357 3740 spiritum,

2398 3742 2544 3809 aliis
2608 3741 2807 3807 fidem
2872 3740 2942 3805 in
3010 3739 3236 3806 eodem
3291 3740 3566 3823 spiritu,
3634 3739 3782 3806 aliis
3837 3741 4118 3824 gratiam
4175 3741 4354 3806 sani-

2397 3837 2606 3894 tatum
2624 3879 2640 3907 ,
2702 3828 2849 3894 aliis
2903 3827 3347 3909 operationem
3403 3826 3722 3892 virtutum
3742 3878 3760 3907 ,
3816 3826 3963 3893 aliis
4017 3827 4356 3910 propheti-

2397 3936 2539 3993 am,
2600 3914 2745 3981 aliis
2805 3912 3266 3979 discretionem
3310 3912 3680 3995 spirituum,
3744 3912 3891 3978 aliis
3935 3933 4183 3997 genera
4224 3913 4353 3977 lin-

2398 4021 2701 4086 guarum,
2745 3999 2891 4066 aliis
2933 3999 3561 4081 interpretationem.
3634 3998 3819 4064 Haec
3864 4009 4085 4064 autem
4129 3999 4355 4065 omnia

2396 4086 2655 4171 operari
2699 4107 2907 4152 unum
2950 4092 3018 4150 et
3060 4084 3345 4150 eundem
3385 4085 3712 4168 spiritum,
3778 4086 3889 4167 qui
3934 4083 4172 4150 dividit
4213 4085 4351 4149 sin·

2398 4174 2575 4259 gulis
2617 4181 2816 4257 prout
2858 4171 3021 4238 vult.
3111 4168 3508 4254 Quanquam
3554 4172 3621 4234 in
3663 4191 3938 4236 numero
3980 4171 4354 4254 septenario

2397 4259 2667 4344 quidam
2710 4262 2958 4325 frustra
3012 4258 3400 4341 mysterium
3459 4256 3879 4323 fabricarunt.
3968 4255 4164 4322 Unde
4209 4256 4353 4322 vul-

2397 4367 2559 4432 gare
2602 4355 3047 4411 commentum
3090 4343 3158 4407 in
3219 4352 3463 4426 papatu
3518 4340 3599 4408 de
3657 4341 4022 4426 septiformi
4079 4343 4352 4427 spiritus

2396 4433 2643 4516 gratia,
2691 4430 2861 4516 quod
2922 4438 3057 4495 tam
3103 4450 3190 4494 ex
3234 4429 3376 4494 loco
3419 4428 3610 4492 Pauli
3656 4449 3870 4512 nuper
3910 4428 4109 4495 citato
4153 4450 4353 4513 quam

2398 4541 2484 4583 ex
2551 4517 2900 4584 undecimo
2968 4516 3184 4598 capite
3241 4510 3458 4581 Isaiae
3522 4512 3876 4593 refellitur,
3951 4513 4063 4579 ubi
4128 4516 4353 4599 plures

2396 4612 2836 4669 numerantur
2878 4601 3130 4686 species
3174 4599 3517 4667 donorum.
3577 4599 3808 4666 Potius
3852 4602 3920 4665 in
3957 4608 4206 4684 septem
4250 4601 4353 4666 lu-

2395 4691 2612 4756 cernis
2648 4690 2864 4755 notari
2914 4688 3200 4754 arbitror
3246 4686 3734 4771 perfectionem,
3779 4708 3864 4752 ex
3906 4689 4243 4754 communi
4286 4695 4353 4752 et

2396 4785 2659 4860 recepto
2703 4794 2861 4843 usu:
2907 4795 2984 4841 ac
3019 4774 3076 4839 si
3112 4782 3392 4839 testatus
3428 4780 3603 4839 esset
3636 4773 3840 4853 Deus,
3877 4771 4049 4838 nihil
4085 4772 4166 4837 ad
4205 4771 4352 4839 soli-

2397 4862 2550 4927 dam
2605 4862 3156 4929 illuminationem
3211 4859 3513 4925 fidelibus
3570 4858 3821 4941 defore,
3888 4859 4003 4943 qui
4063 4879 4207 4925 eam
4262 4880 4350 4923 ex

2397 4949 2594 5015 unico
2629 4947 2809 5014 fonte
2854 4953 3100 5032 petent.
3168 4945 3428 5012 Deinde
3472 4945 3780 5029 spiritum
3825 4966 3967 5011 esse
4012 4964 4350 5011 sacrorum

2395 5034 2696 5100 omnium
2761 5033 3128 5118 praesidem
3149 5083 3164 5110 ,
3230 5029 3342 5097 ubi
3407 5031 3717 5098 ecclesiae
3783 5052 3901 5115 per
3978 5028 4150 5096 dona
4228 5050 4351 5095 sua

2396 5122 2685 5205 affulget.
2774 5121 2920 5186 Iam
2966 5118 3285 5204 propheta
3328 5117 3552 5204 (Zach.
3592 5118 3655 5197 4,
3717 5117 3785 5204 2)
3830 5117 4061 5183 docere
4118 5115 4349 5181 volens

2395 5208 2797 5290 completum
2859 5208 2944 5273 iri
2986 5207 3060 5271 in
3116 5205 3532 5271 restitutione
3587 5204 3929 5281 ecclesiae,
3997 5200 4168 5284 quod
4225 5200 4348 5267 sub

2394 5293 2641 5360 visibili
2706 5295 2921 5378 figura
2984 5301 3318 5359 ostensum
3384 5291 3630 5373 fuerat,
3710 5298 3963 5373 septem
4029 5287 4350 5353 infusoria

2393 5379 2683 5447 lucernis
2726 5380 3045 5466 adiungit,
3091 5387 3159 5445 et
3193 5378 3356 5446 duas
3398 5379 3575 5445 oleas
3591 5429 3609 5458 ,
3668 5398 3753 5442 ex
3795 5371 4034 5460 quibus
4089 5372 4346 5440 assidue
