4867 6150
425 452 510 516 45
1609 448 2356 517 COMMENTARIUS
2404 448 2503 514 IN
2548 446 2849 515 EXODI
2890 450 3087 516 CAP.
3132 448 3260 514 ΙΙΙ.
4355 448 4441 515 46

423 643 629 707 tionis
673 641 887 707 lucem
924 660 1090 723 quae
1125 640 1341 706 fuerat
1379 642 1445 704 in
1490 638 1804 724 patribus,
1840 639 2122 704 multum
2158 638 2383 704 obscu-

425 741 710 793 raverat.
776 726 966 793 Adde
1005 726 1193 810 quod,
1240 725 1396 791 dum
1435 727 1507 790 in
1544 737 1730 792 tanta
1773 725 2097 790 malorum
2144 725 2381 808 abysso

424 812 677 897 pridem
727 812 1027 892 demersi,
1072 812 1240 876 nihil
1277 813 1511 877 auxilii
1547 821 1905 887 senserant,
1954 810 2161 876 videri
2250 822 2381 874 ote-

427 908 538 964 rat
606 899 896 965 obsoleta
961 899 1335 981 promissio:
1417 920 1545 982 qua
1608 900 1860 963 ratione
1928 897 2102 961 haud
2229 897 2381 962 ubie

421 995 693 1070 accepta
760 1007 800 1050 a
864 985 1159 1068 patribus
1225 984 1387 1050 fides
1454 983 1818 1057 refrixerat.
1931 985 2109 1066 Ergo
2176 993 2249 1048 ut
2307 983 2378 1047 in

423 1092 571 1136 eam
617 1071 998 1137 recumbere
1043 1068 1324 1150 discant,
1371 1072 1672 1135 nominat
1715 1093 1785 1136 se
1829 1068 2047 1134 Deum
2094 1078 2377 1153 patrum,

423 1170 491 1222 et
535 1168 819 1223 testatur
873 1156 995 1222 hoc
1051 1157 1263 1240 elogio
1321 1156 1492 1222 velle
1548 1179 1618 1222 se
1675 1168 1988 1239 perpetuo
2042 1155 2376 1220 celebrari.

421 1243 655 1325 Neque
697 1243 873 1307 enim
911 1242 1141 1308 referri
1188 1243 1400 1326 placet
1443 1243 1523 1307 ad
1568 1242 1731 1307 illud
1778 1243 1988 1325 magis
2034 1252 2376 1318 remotum,

425 1329 598 1411 quod
646 1330 833 1394 Deus
890 1329 977 1393 sit
1027 1329 1087 1392 is
1147 1330 1255 1410 qui
1315 1338 1449 1394 est:
1509 1349 1722 1411 neque
1776 1329 1971 1393 etiam
2031 1336 2375 1393 contextus

423 1415 549 1481 hoc
586 1416 852 1496 patitur.
919 1414 1099 1480 Hinc
1134 1436 1293 1479 vero
1329 1414 1547 1498 colligi
1584 1414 1807 1480 debuit
1851 1412 2376 1495 incomparabilis

426 1501 555 1565 Dei
588 1521 772 1566 amor
808 1521 963 1585 erga
998 1501 1277 1566 electum
1315 1522 1397 1585 po
1448 1502 1646 1576 ulum,
1686 1500 1855 1583 quod
1882 1501 2136 1566 cunctis
2162 1513 2372 1562 terrae

422 1586 728 1671 gentibus
772 1587 1015 1652 relictis
1060 1587 1176 1651 uni
1212 1609 1284 1652 se
1314 1587 1392 1651 ad
1443 1586 1659 1657 ixerit.
1748 1585 2097 1652 Caeterum
2149 1585 2370 1649 memi-

418 1675 733 1752 nerimus,
756 1673 1054 1756 quamvis
1080 1672 1390 1759 Abrahae
1417 1683 1483 1738 et
1506 1672 1912 1756 patriarchis,
1941 1671 2368 1737 honorificum

412 1758 621 1823 fuerit
668 1761 883 1825 Deum
930 1759 1010 1823 ab
1064 1758 1195 1824 illis
1249 1780 1608 1844 cognomen
1668 1758 1793 1824 sibi
1851 1758 2200 1836 asciscere,
2249 1757 2370 1822 hoc

415 1854 639 1909 tamen
684 1845 1032 1928 praecipue
1077 1854 1375 1928 spectare
1431 1845 1514 1910 ad
1575 1844 2035 1910 stabiliendam
2096 1845 2368 1926 promis-

414 1931 619 1997 sionis
665 1930 881 1996 fidem.
974 1928 1260 1995 Videtur
1318 1940 1538 1996 tamen
1602 1951 1732 1996 non
1793 1951 2156 2013 congruere
2201 1929 2369 2011 quod

415 2016 606 2082 dicit:
653 2016 798 2081 Hoc
842 2015 968 2080 erit
1013 2017 1388 2082 memoriale
1432 2037 1655 2083 meum
1697 2017 2003 2081 omnibus
2057 2015 2367 2080 saeculis:

412 2103 570 2185 quia
614 2103 928 2168 successit
980 2102 1050 2167 in
1094 2103 1345 2167 Christi
1404 2124 1684 2187 persona
1740 2101 2117 2166 memoriale
2177 2102 2371 2184 longe

414 2189 876 2271 praestantius.
965 2187 1382 2272 Respondeo,
1433 2190 1586 2272 quia
1627 2189 1875 2255 Christi
1922 2186 2207 2253 adventu
2255 2209 2368 2252 ex-

414 2273 629 2340 hibita
667 2273 793 2338 fuit
838 2277 1084 2341 veritas
1130 2275 1410 2340 foederis
1469 2296 1619 2340 oum
1663 2274 2001 2340 Abraham
2057 2274 2369 2356 percussi,

414 2372 614 2443 atque
677 2361 769 2424 ita
833 2360 1007 2425 clare
1074 2363 1381 2443 apparuit
1444 2362 1708 2425 firmum
1777 2372 1844 2424 et
1913 2374 2160 2438 ratum,
2228 2361 2367 2424 eius

416 2447 799 2510 memoriam
843 2457 1227 2511 renovatam
1292 2447 1494 2514 fuisse
1552 2448 1761 2531 magis
1813 2467 2004 2528 quam
2053 2446 2366 2509 deletam:

416 2532 635 2614 itaque
679 2533 1101 2614 superstitem
1145 2534 1374 2616 vigere
1417 2535 1485 2597 in
1543 2533 1918 2615 evangelio,
1979 2533 2133 2614 quia
2182 2530 2366 2596 hodie

415 2637 669 2699 quoque
730 2616 854 2682 sub
907 2639 1039 2684 uno
1093 2620 1303 2700 capite
1360 2641 1494 2684 non
1554 2618 1795 2682 desinit
1840 2618 2178 2682 Abraham
2224 2638 2366 2681 esse

412 2701 707 2768 fidelium
742 2715 949 2787 pater.
1020 2704 1298 2770 Summa
1341 2717 1460 2782 est,
1508 2705 1728 2769 Deum
1775 2704 1948 2769 nolle
1990 2704 2131 2768 fieri
2180 2724 2359 2767 men-

410 2790 661 2855 tionem
708 2791 807 2855 sni
856 2791 922 2854 in
979 2802 1211 2867 terra‚.
1253 2792 1377 2856 nisi
1433 2804 1745 2874 appareat
1791 2793 2115 2875 gratuitae
2162 2790 2360 2874 adop-

410 2875 615 2940 tionis
659 2876 952 2953 effectus,
998 2877 1173 2940 unde
1217 2876 1531 2959 probetur
1574 2877 1784 2941 fidelis
1831 2898 1971 2941 esse
2017 2898 2090 2939 ac
2138 2897 2358 2941 verax.

587 2961 687 3027 16.
752 2961 921 3028 Vade
962 2967 1017 3028 et
1058 2983 1375 3047 eonyreya.
1464 2961 1638 3043 Quia
1680 2984 1800 3028 nec
1843 2962 2033 3028 facile
2079 2974 2219 3027 erat
2263 2972 2360 3026 to-

409 3054 548 3112 tam
609 3048 865 3132 plebem
930 3049 1235 3133 colligere
1298 3050 1372 3115 in
1431 3070 1638 3114 unum
1699 3049 1944 3128 locum,
2000 3058 2068 3114 et
2123 3049 2192 3114 in
2249 3046 2363 3113 illa

411 3135 671 3218 ingenti
708 3135 1131 3199 multitudine
1165 3136 1280 3202 vix
1303 3134 1529 3201 audita
1562 3136 1795 3200 fuisset
1815 3135 2076 3220 legatio,
2101 3135 2363 3200 iubetur

410 3221 632 3290 Moses
676 3221 962 3303 incipere
1007 3244 1046 3285 a
1090 3222 1474 3297 senioribus,
1521 3232 1585 3286 et
1630 3222 1802 3305 apud
1842 3243 1949 3286 eos
1986 3222 2360 3287 concionari

407 3305 493 3370 de
537 3307 760 3371 futura
804 3307 1271 3391 redemptione,
1319 3321 1389 3373 ut
1439 3308 1538 3372 illi
1586 3308 1819 3374 deinde
1856 3329 1975 3373 sua
2010 3307 2360 3371 autoritate

408 3394 672 3457 turbam
737 3392 818 3456 ad
887 3392 1051 3457 bene
1117 3393 1512 3477 sperandum
1595 3394 1940 3460 adducant.
2052 3393 2362 3476 Oportuit

408 3480 588 3542 enim
657 3478 1032 3545 missionem
1100 3479 1231 3563 peti
1289 3501 1329 3543 a
1396 3500 1551 3563 rege
1623 3481 1883 3544 nomine
1950 3478 2237 3563 publice,
2297 3486 2363 3543 et

408 3565 708 3629 omnium
768 3566 1020 3629 animos
1078 3567 1297 3648 parari
1343 3566 1422 3630 ad
1482 3566 1858 3631 discessum.
1945 3566 2090 3630 Nisi
2146 3574 2362 3629 autem

407 3651 802 3733 praemoniti
838 3651 1119 3716 fuissent
1151 3654 1220 3717 in
1258 3663 1567 3736 tempore,
1605 3652 1826 3718 nullus
1862 3652 1944 3716 ad
1980 3652 2361 3734 amplexan-

409 3735 561 3800 dam
610 3736 740 3802 Dei
782 3738 1063 3821 gratiam
1107 3738 1370 3804 futurus
1430 3750 1572 3803 erat
1616 3760 1991 3804 consensus.
2080 3738 2361 3821 Magno-

407 3843 569 3906 pere
635 3844 791 3907 ergo
852 3823 1156 3889 interfuit
1212 3824 1415 3889 Mosis
1474 3825 1881 3891 vocationem
1947 3824 2149 3907 probe
2215 3842 2359 3887 esse

406 3909 761 3992 cognitam,
812 3927 885 3973 ut
927 3911 1158 3974 ducem
1196 3910 1314 3975 sibi
1354 3931 1393 3973 a
1419 3910 1558 3975 Deo
1594 3912 1995 3993 praefectum
2033 3910 2361 3992 intrepide

407 4004 861 4076 sequerentur.
936 3995 1113 4060 ·Non
1173 3997 1288 4061 abs
1342 4017 1413 4060 re
1472 4005 1688 4060 autem
1751 3997 2096 4078 exprimit,
2142 3993 2355 4059 Deum

409 4082 522 4162 qui
580 4081 702 4146 sibi
762 4081 946 4146 visus
1005 4092 1134 4158 est,
1194 4101 1336 4146 esse
1382 4080 1596 4147 Deum
1655 4082 1989 4159 Abrahae,
2049 4082 2239 4146 Isaac
2295 4091 2360 4146 et

404 4164 631 4232 Iacob:
693 4168 847 4249 quia
905 4188 988 4231 ex
1045 4169 1316 4250 antiquo
1376 4168 1632 4233 foedere
1685 4169 1855 4252 quod
1915 4167 2129 4233 fuerat
2185 4168 2355 4250 apud

405 4252 558 4316 illos
624 4251 1025 4336 depositum,
1093 4253 1423 4336 pendebat
1487 4255 1681 4330 visio,
1762 4256 1870 4321 cui
1936 4254 2177 4337 alioqui
2242 4254 2359 4318 vix

405 4337 643 4404 fuisset
709 4360 747 4403 a
810 4339 1050 4422 populo
1115 4337 1456 4406 creditum.
1553 4341 1737 4424 Ergo
1803 4353 1875 4405 ut
1943 4341 2159 4406 verbis
2224 4341 2360 4406 suis

400 4421 605 4488 fidem
664 4426 967 4490 conciliet
1026 4426 1279 4503 Moses,
1346 4437 1812 4490 commemorat
1875 4428 2007 4491 iam
2075 4428 2230 4490 olim
2290 4427 2360 4490 in

400 4529 611 4575 manu
659 4510 995 4589 Abrahae,
1055 4511 1241 4576 Isaac
1298 4521 1362 4575 et
1419 4511 1645 4590 Iacob,
1704 4513 2218 4595 redemptionem
2280 4511 2360 4576 de

403 4615 544 4677 qua
586 4617 764 4662 nunc
807 4610 1078 4663 acturus
1123 4610 1252 4675 est,
1309 4608 1374 4662 et
1428 4598 1616 4663 cuius
1674 4609 1932 4664 creatus
1986 4608 2088 4663 est
2132 4619 2170 4662 a
2215 4596 2358 4662 Deo

408 4682 733 4761 minister,
768 4684 967 4750 fuisse
1008 4684 1414 4767 promissam.
1482 4683 1785 4767 Denique
1821 4686 1973 4768 quia
2010 4683 2361 4750 difficulter

406 4766 762 4833 admittere
820 4771 1104 4836 solemus
1158 4771 1326 4853 quod
1389 4790 1636 4835 novum
1698 4782 1797 4835 est
1862 4792 1936 4835 ao
2001 4770 2358 4848 insolitum,

403 4854 558 4918 ideo
613 4856 1008 4938 principium
1062 4856 1264 4920 sumit
1320 4855 1539 4920 Moses
1599 4878 1636 4920 a
1693 4857 2027 4922 veteribus
2083 4857 2361 4921 oraculis

407 4961 577 5023 qnae
659 4939 1060 5007 dubitatione
1139 4940 1465 5007 carebant.
1571 4942 1840 5026 Repetit
1905 4956 2122 5008 autem
2190 4942 2357 5025 quod

408 5029 598 5110 prius
642 5027 769 5094 sibi
813 5027 1019 5094 fuisse
1063 5029 1308 5094 dietum
1353 5029 1670 5105 narravit,
1718 5040 1793 5094 ut
1834 5027 2005 5112 quod
2046 5028 2357 5112 privatim

408 5111 727 5191 audierat,
776 5136 902 5197 quo
947 5136 1105 5179 suae
1144 5113 1497 5179 vocationis
1533 5116 1731 5180 fuerit
1774 5118 2030 5194 certior,
2078 5115 2364 5198 perferat

408 5219 590 5265 nunc
656 5200 736 5264 ad
804 5200 983 5266 alios.
1073 5200 1369 5277 ScimuS,
1438 5200 1551 5265 ubi
1608 5224 1738 5266 non
1799 5203 2023 5267 statim
2081 5201 2364 5266 miseriis

411 5285 657 5351 nostris
701 5288 1026 5353 succurrit
1051 5287 1250 5364 Deus,
1297 5306 1589 5352 moerore
1634 5289 1964 5354 tabescere
2008 5289 2262 5352 animos
2301 5299 2364 5350 et

408 5371 646 5437 collabi
694 5373 760 5437 in
808 5372 1361 5456 desperationem:
1409 5373 1562 5455 quia
1599 5389 1899 5455 putamus
1937 5373 2185 5440 nullam
2222 5392 2365 5436 esse

2487 640 2694 704 nostri
2752 661 2974 707 curam
3036 637 3199 706 Deo.
3297 639 3477 723 Ergo
3536 660 3619 702 ne
3679 638 3933 704 animos
3989 637 4442 723 despondeant

2486 723 2850 800 Israelitae,
2896 724 3158 790 iubetur
3194 725 3413 790 Moses
3457 723 3589 788 illis
3632 722 3847 789 dicere
3890 745 4080 790 suum
4130 747 4269 791 esse
4294 724 4439 791 Deo

2489 812 2945 877 reminiscendi
2984 826 3275 894 tempus:
3324 821 3390 875 et
3432 812 3732 894 quamvis
3778 808 3861 876 ad
3907 821 4164 893 tempus
4209 814 4436 878 conni-
4505 798 4514 817 ⁵

2483 908 2663 972 veat,
2729 917 2859 961 non
2918 908 3139 961 tamen
3209 905 3523 980 perpetuo
3579 917 3850 962 suorum
3907 897 4227 964 oblivisci.
4327 897 4437 964 Ad

2482 983 3040 1048 confirmationem
3090 983 3266 1048 valet
3319 982 3491 1066 quod
3551 981 3849 1060 additur,
3907 984 4168 1049 venisse
4213 1005 4437 1050 coram

2485 1069 2627 1133 Deo
2671 1069 2742 1133 in
2784 1070 3107 1134 rationem
3149 1068 3370 1134 illatas
3407 1068 3489 1133 ab
3510 1068 3862 1155 Aegyptiis
3906 1070 4196 1135 iniurias.
4264 1069 4438 1134 Nam

2482 1155 2635 1237 quia
2678 1154 2876 1219 iudex
2934 1163 3036 1220 est
3077 1154 3340 1230 mundi,
3399 1156 3541 1220 fieri
3598 1176 3732 1220 non
3791 1163 4008 1238 potest
4061 1156 4223 1239 quin
4280 1167 4433 1239 post

2481 1240 2743 1323 longam
2770 1240 3185 1306 tolerantiam
3225 1240 3505 1306 iniustae
3530 1241 3900 1325 tyrannidis
3926 1240 4173 1306 vindex
4198 1263 4433 1307 exsur-

2478 1335 2612 1411 gat.
2680 1323 3035 1392 Discamus
3072 1347 3190 1391 nos
3227 1348 3478 1409 quoque
3519 1349 3604 1392 ex
3637 1327 3760 1392 hoc
3802 1327 3961 1407 loco,
4004 1326 4113 1391 ubi
4158 1349 4198 1390 a
4239 1328 4431 1395 nobis

2479 1422 2776 1477 avertere
2819 1413 3049 1478 faciem
3096 1434 3281 1479 suam
3331 1412 3591 1477 videtur
3635 1413 3818 1478 Deus
3874 1412 4192 1479 auxilium
4240 1435 4432 1480 suum

2479 1497 2857 1578 differendo,
2903 1500 3228 1582 patienter
3272 1508 3668 1582 exspectare,
3716 1499 3869 1563 dum
3908 1520 4025 1564 nos
4068 1510 4434 1583 opportune

2477 1584 2821 1667 respiciat:
2874 1586 3030 1667 quia
3072 1585 3231 1650 dum
3280 1605 3399 1650 nos
3446 1584 3735 1650 hostium
3784 1584 4036 1649 libidini
4085 1587 4427 1667 permittit,

2477 1671 2740 1734 nonnisi
2767 1672 3146 1754 temporalis
3180 1680 3281 1735 est
3314 1672 3458 1736 eius
3495 1670 3754 1736 oblivio.
3822 1669 4166 1751 Quomodo
4203 1684 4421 1737 autem

2474 1756 2759 1840 intelligi
2804 1756 3083 1822 debeant
3129 1758 3251 1822 hae
3294 1757 3570 1841 figurae,
3616 1757 3771 1822 alibi
3818 1756 4143 1834 admonui,
4191 1778 4428 1842 nempe

2475 1860 2556 1905 ex
2623 1843 3076 1919 aestimatione
3134 1863 3367 1908 sensus
3423 1844 3626 1909 nostri
3674 1843 3817 1909 Deo
3873 1844 4074 1907 tribui
4131 1842 4302 1926 quod
4355 1845 4425 1909 in

2474 1948 2626 1992 eum
2672 1932 2935 2012 proprie
2980 1950 3111 1994 non
3158 1930 3486 2012 competit.

2649 2014 2750 2080 17.
2800 2015 3146 2097 Propterea
3187 2016 3346 2081 dixi.
3436 2015 3582 2079 Hoc
3630 2013 3825 2081 verbo
3871 2013 4208 2080 admonuit
4243 2015 4428 2082 Deus

2473 2120 2544 2163 se
2587 2099 2657 2165 in
2719 2123 2958 2166 arcano
3014 2122 3134 2167 suo
3193 2100 3463 2167 consilio
3521 2099 3872 2167 decernere
3926 2100 4081 2183 quid
4136 2103 4428 2167 facturus

2472 2187 2590 2266 sit,
2641 2187 2914 2270 ideoque
2957 2188 3382 2252 iniieiendum
3429 2208 3573 2252 esse
3617 2188 3913 2252 fraenum
3962 2188 4130 2252 votis
4175 2188 4425 2254 nostris

2471 2292 2636 2354 quae
2682 2275 2920 2357 alioqui
2969 2274 3166 2339 nimis
3209 2282 3595 2357 properant:
3658 2282 3729 2337 ut
3785 2272 3986 2337 libere
4036 2284 4100 2337 et
4144 2294 4261 2356 pro
4307 2295 4426 2338 suo

2471 2359 2743 2423 arbitrio
2794 2371 3041 2426 statuat
3083 2359 3254 2443 quod
3298 2358 3477 2424 factu
3520 2359 3841 2441 optimum
3887 2380 4029 2424 esse
4073 2361 4430 2443 cognoscit,

2473 2465 2607 2509 non
2679 2445 2851 2529 quod
2926 2464 3090 2528 opus
3147 2444 3387 2511 habeat
3441 2454 3701 2528 tempus
3775 2444 3857 2509 ad
3931 2443 4427 2510 deliberandum

2470 2551 2762 2608 sumere,
2821 2531 2931 2596 sed
3002 2540 3079 2596 ut
3131 2552 3248 2596 nos
3302 2530 3385 2596 ab
3451 2532 3594 2596 eius
3663 2530 4072 2614 providentia
4138 2529 4425 2614 pendere

2469 2614 2817 2682 discamus.
2921 2618 3126 2682 Porro
3186 2618 3307 2682 hoc
3364 2616 3625 2683 decreto
3691 2615 3899 2682 edocti
3965 2616 4241 2682 fuerunt
4305 2617 4426 2682 filii

2474 2701 2676 2767 Israel
2722 2704 2851 2767 iam
2901 2703 3124 2768 adesse
3171 2706 3367 2768 finem
3417 2704 3606 2768 malis
3666 2705 3835 2768 suis:
3893 2704 4046 2787 quia
4103 2702 4264 2767 nihil
4323 2712 4425 2769 est

2471 2788 2642 2870 qnod
2671 2788 2885 2854 Deum
2917 2789 2998 2854 ab
3041 2810 3234 2873 opere
3272 2810 3391 2854 suo
3434 2789 3792 2872 prohibeat.
3863 2789 4166 2853 Breviter
4201 2800 4423 2854 autem

2472 2873 2758 2955 loquitur
2826 2887 3134 2957 tanquam
3205 2876 3285 2939 de
3353 2897 3423 2939 re
3490 2884 3670 2939 nota:
3739 2875 3895 2958 quia
3959 2896 4086 2939 non
4155 2897 4423 2959 prorsus

2470 2962 2803 3026 exciderat
2845 2960 3014 3043 quod
3061 2962 3141 3027 de
3187 2983 3389 3026 manu
3434 2964 3505 3026 in
3541 2981 3805 3025 manum
3843 2959 4156 3025 traditum
4205 2961 4420 3026 fuerat

2470 3067 2511 3111 a
2574 3046 2873 3129 patribus
2939 3046 3018 3111 de
3085 3047 3304 3113 futura
3378 3045 3784 3112 liberatione.
3895 3046 4131 3112 Plures
4200 3057 4419 3112 autem

2469 3143 2704 3215 gentes
2748 3144 3125 3211 enumerat,
3187 3154 3460 3215 quarum
3524 3145 3735 3198 terras
3787 3132 3921 3198 illis
3979 3131 4254 3198 daturus
4299 3145 4421 3211 est,

2469 3228 2541 3282 ut
2585 3218 2707 3285 hac
2750 3219 3060 3285 illecebra
3106 3219 3343 3286 melius
3403 3240 3513 3284 eos
3572 3219 3801 3284 incitet
3848 3218 3930 3283 ad
3975 3219 4420 3304 migrandum.

2466 3303 2718 3369 Eodem
2765 3326 2962 3371 sensu
3008 3306 3295 3370 affirmat
3340 3315 3542 3370 totam
3589 3306 3768 3370 illam
3828 3307 4160 3389 regionem
4213 3307 4422 3371 fluere

2467 3390 2638 3456 lacte
2683 3400 2748 3454 et
2792 3392 3017 3470 melle,
3077 3414 3157 3456 ne
3211 3391 3388 3456 illius
3448 3391 3761 3457 sterilitas
3819 3401 4069 3457 metum
4115 3392 4420 3472 incutiat,

2466 3476 2774 3558 quoniam
2861 3478 3067 3543 fames
3147 3478 3300 3542 inde
3379 3481 3672 3562 ipsorum
3752 3487 3973 3561 patres
4053 3477 4417 3561 expulerat.

2467 3562 2819 3628 Caeterum
2865 3565 3170 3647 quamvis
3227 3577 3459 3647 sponte
3519 3564 3751 3630 fertilis
3808 3563 4009 3629 fuerit
4054 3575 4194 3629 tota
4239 3563 4416 3646 Cha-

2465 3670 2673 3728 naan,
2733 3670 2867 3714 non
2921 3651 3190 3716 dubium
3251 3659 3351 3715 est
3395 3659 3613 3715 tamen
3673 3652 3826 3733 quin
3884 3650 4231 3734 praecipua
4273 3652 4415 3717 eius

2464 3735 2732 3800 ubertas
2796 3737 2996 3801 fuerit
3046 3759 3129 3801 ex
3184 3735 3312 3824 Dei
3380 3738 3846 3802 benedictione.
3952 3734 4228 3802 Summa
4291 3747 4413 3816 est,

2464 3823 2756 3905 amplum
2835 3823 2965 3887 illis
3030 3823 3434 3889 domicilium
3500 3834 3805 3906 paratum
3871 3822 4044 3887 fore:
4124 3823 4277 3905 quia
4341 3824 4412 3886 in

2462 3906 2723 3971 illorum
2790 3910 3071 3992 gratiam
3132 3909 3373 3973 multas
3433 3920 3662 3992 gentes
3720 3910 3905 3974 Deus
3961 3907 4278 3992 expellet,
4339 3919 4414 3974 ut

2463 3993 2752 4057 omnium
2802 3995 2988 4059 sedes
3031 4009 3377 4077 occupent:
3425 3994 3657 4058 deinde
3701 4015 3834 4058 non
3871 4015 4015 4061 esse
4051 3994 4409 4060 timendam

2462 4079 2750 4161 inopiam
2798 4081 2949 4162 quia
2985 4078 3169 4145 Deus
3215 4082 3398 4164 large
3443 4081 3690 4146 victum
3737 4079 4211 4163 suppeditabit:
4261 4100 4410 4164 per-

2463 4165 2616 4230 inde
2663 4188 2737 4231 ac
2782 4168 2837 4232 si
2897 4167 3148 4251 irrigua
3188 4185 3360 4232 esset
3407 4180 3542 4230 tota
3585 4166 3699 4230 illa
3735 4168 3913 4250 regio
3958 4166 4176 4231 fluviis
4220 4165 4408 4231 lactis

2463 4262 2527 4315 et
2573 4253 2802 4318 mellis.

2637 4425 2735 4490 18.
2784 4425 2871 4489 Et
2901 4432 3238 4509 postquam
3275 4426 3594 4491 audierint
3623 4443 3827 4490 vocem
3870 4430 4061 4502 tuam,
4106 4374 4416 4507 inm-edie-x

2461 4512 2559 4574 ris
2580 4515 2648 4574 tu
2665 4517 2721 4576 et
2754 4512 3029 4576 seniores
3051 4511 3259 4577 Israel
3290 4512 3376 4576 ad
3408 4531 3610 4594 reyem
3636 4511 3923 4594 Aeyypti‚
3962 4511 4295 4591 dicetisque
4330 4511 4406 4588 ei,

2463 4593 2692 4661 Iehova
2734 4596 2916 4664 Deus
2958 4597 3387 4663 Hebraeorum
3429 4597 3692 4662 occurrit
3734 4596 3944 4661 nobis:
3988 4616 4151 4660 nunc
4192 4597 4406 4679 iyitur,

2461 4702 2677 4834 3:23:
2711 4684 2991 4834 mg
3019 4683 4036 4851 ssss’lwssssim'linrssfsfeffless.
4058 4682 4410 4849 ῗοὶῗῗιζῗᾱ

2461 4875 2585 4919 non
2617 4857 2933 4936 permittet
2965 4856 3137 4920 vobis
3170 4875 3284 4918 rex
3311 4857 3575 4938 Aeyypti
3609 4860 3678 4918 ut
3712 4855 3887 4933 eatis,
3933 4853 4064 4918 nisi
4098 4854 4168 4916 in
4211 4873 4407 4917 manu

2459 4940 2629 5022 forti.
2719 4941 2821 5006 20.
2871 4939 3022 5005 Ideo
3064 4941 3305 5005 mittam
3359 4960 3621 5005 manum
3674 4960 3906 5019 meam,
3952 4945 4011 5004 et
4055 4940 4408 5021 percutiam

2469 5025 2817 5110 Aegyptum
2858 5027 3091 5091 eunctis
3132 5026 3461 5091 miraculis
3500 5027 3660 5090 meis
3715 5047 3876 5107 quae
3923 5026 4213 5107 facturus
4266 5044 4407 5088 sum

2462 5113 2535 5176 in
2575 5116 2776 5178 medio
2819 5114 2990 5177 eius:
3033 5117 3219 5194 atque
3261 5113 3355 5177 ita
3390 5118 3611 5195 postea
3652 5112 3918 5176 dimittet
3960 5131 4084 5175 vos.
4173 5110 4276 5174 21.
4321 5109 4410 5174 Et

2465 5198 2621 5262 dabo
2659 5201 2936 5281 qratiam
2968 5199 3208 5281 populo
3263 5198 3411 5265 huic
3452 5200 3523 5264 in
3567 5197 3768 5262 oculis
3813 5198 4296 5279 Aeyyptiorum:
4354 5200 4410 5259 et

2466 5285 2694 5350 accidet
2733 5291 2803 5349 ut
2843 5284 3121 5351 abeundo
3160 5305 3281 5350 non
3346 5285 3581 5351 abeatis
3637 5283 3837 5348 vacui.
3928 5282 4029 5345 22.
4078 5280 4166 5346 Et
4196 5288 4412 5362 postu—

2470 5372 2624 5437 labit
2665 5370 2892 5436 mulier
2933 5392 2976 5435 a
3009 5373 3222 5436 vicina
3259 5392 3409 5449 sua,
3470 5376 3527 5435 et
3567 5368 3647 5435 ab
3689 5368 3936 5449 hospita
3978 5367 4198 5431 domus
4239 5387 4410 5445 suae,
