4867 6150
610 417 736 484 531

611 605 834 692 genda
876 606 1019 672 fieri
1063 605 1326 682 solebat,
1372 605 1677 673 accedere
1721 605 1804 670 ad
1842 605 2067 685 altare,
2117 602 2272 670 inde
2306 603 2567 670 auferre

618 694 940 773 cinerem,
975 701 1043 758 et
1076 692 1398 776 deponere
1449 691 1533 757 ad
1576 693 1748 756 latus
1793 692 1897 756 vel
1943 700 2198 776 partem
2244 690 2565 773 aliquam:

619 779 730 844 ubi
758 787 976 844 autem
1001 777 1371 844 discesserit
1393 778 1474 843 ab
1499 779 1709 855 altari,
1729 776 1909 843 iubet
1930 798 2080 843 eum
2104 796 2323 843 sacras
2345 784 2568 840 vestes

616 884 881 943 exuere,
918 875 985 930 et
1018 864 1303 931 cinerem
1342 874 1687 946 exportare
1729 870 1921 929 extra
1954 871 2190 943 castra,
2231 862 2312 927 ad
2348 861 2565 928 locum

620 948 964 1015 mundum.
1057 947 1189 1017 Sed
1256 949 1427 1033 quod
1495 951 1783 1015 breviter
1849 951 2160 1033 attigerat
2219 947 2300 1012 de
2365 947 2567 1032 lignis

622 1033 1086 1119 supponendis,
1154 1035 1449 1118 pluribus
1515 1038 1736 1101 statim
1797 1034 2116 1114 declarat,
2170 1055 2253 1099 ne
2317 1034 2568 1099 scilicet

616 1121 794 1206 ignis
838 1121 1319 1204 exstinguatur.
1383 1121 1642 1186 Deinde
1689 1121 1807 1186 has
1844 1129 2063 1204 partes
2107 1119 2427 1186 sacerdoti
2463 1120 2564 1183 in-

618 1208 853 1291 iungit,
899 1216 973 1271 ut
1012 1206 1194 1291 ligna
1235 1206 1521 1290 quotidie
1563 1228 1758 1273 mane
1802 1206 2078 1273 ordinet.
2139 1205 2313 1287 Quia
2347 1213 2568 1270 autem

620 1314 702 1358 ex
746 1292 1082 1360 sacrificiis
1123 1294 1639 1378 prosperitatum
1681 1293 1789 1358 lex
1835 1290 2095 1375 adipem
2131 1291 2337 1357 solum
2377 1290 2570 1357 exuri

620 1378 906 1457 iubebat,
946 1399 1118 1444 nunc
1157 1378 1459 1462 adiungit
1481 1378 1701 1445 Moses
1723 1377 1952 1444 eodem
1975 1378 2129 1463 igne
2165 1376 2391 1462 adipes
2426 1397 2570 1442 esse

619 1464 1021 1530 cremandos.
1111 1464 1473 1547 Praecipua
1530 1465 1984 1531 observatione
2035 1462 2339 1548 dignum,
2395 1459 2569 1546 quod

619 1547 888 1615 tandem
942 1548 1124 1615 addit
1166 1560 1591 1633 praeceptum
1649 1549 1729 1615 de
1786 1550 1940 1633 igne
1992 1549 2086 1616 sic
2142 1547 2426 1615 fovendo
2487 1570 2570 1613 ne

620 1656 914 1718 unquam
957 1637 1259 1701 intereat.
1347 1636 1448 1701 Eo
1493 1646 1709 1702 autem
1770 1635 2095 1719 spectavit
2145 1635 2569 1720 perpetuitas,

622 1728 695 1786 ut
739 1723 893 1805 igne
935 1721 1199 1788 coelesti
1242 1730 1693 1787 cremarentur
1738 1722 2021 1787 hostiae:
2067 1741 2222 1787 nam
2282 1741 2410 1804 quo
2463 1718 2569 1784 die

617 1806 920 1873 initiatus
965 1807 1089 1872 fuit
1131 1807 1422 1885 Aharon,
1468 1829 1599 1873 non
1645 1807 1987 1873 hominum
2032 1828 2249 1892 opera,
2294 1805 2408 1872 sed
2446 1805 2569 1870 mi-

623 1890 849 1959 raculo
893 1891 1227 1960 redactum
1273 1894 1397 1958 fuit
1438 1894 1510 1959 in
1555 1893 1808 1960 cineres
1852 1893 2273 1973 sacrificium,
2317 1892 2388 1957 in
2432 1891 2566 1975 sig·

625 1998 785 2044 num
843 1979 1343 2063 approbationis.
1431 1979 1664 2045 Noluit
1718 1979 1981 2064 quidem
2042 1977 2224 2045 Deus
2279 1977 2568 2061 quotidie

624 2065 936 2129 virtutem
985 2063 1165 2129 illam
1212 2085 1541 2131 exserere:
1589 2065 1683 2131 sic
1726 2075 1946 2130 tamen
1991 2064 2386 2148 interposuit
2428 2085 2564 2128 ma-

626 2171 781 2214 num
825 2158 892 2215 et
926 2149 1216 2216 laborem
1251 2151 1615 2230 hominum,
1653 2160 1727 2217 ut
1762 2150 2155 2234 principium
2190 2151 2356 2216 sacri
2392 2148 2567 2234 ignis

618 2255 658 2303 e
700 2235 880 2302 coelo
944 2243 1133 2302 esset.
1218 2235 1404 2302 Idem
1470 2245 1695 2320 postea
1760 2236 2035 2322 contigit
2103 2236 2435 2303 Salomoni
2497 2235 2564 2300 in

622 2321 850 2404 templi
887 2319 1292 2388 dedicatione
1313 2321 1391 2409 ¹):
1439 2324 1591 2406 quia
1635 2323 1910 2389 mutatio
1959 2323 2075 2388 illa
2121 2322 2417 2387 coelestis
2454 2320 2566 2386 de-

619 2410 782 2474 creti
828 2416 1142 2473 tesseram
1178 2409 1544 2493 flagitabat:
1592 2430 1676 2476 ne
1719 2409 1865 2492 quis
1908 2408 2251 2474 hominum
2297 2408 2567 2475 arbitrio

613 2493 863 2558 factum
909 2504 1201 2576 putaret,
1267 2503 1342 2558 ut
1413 2494 1640 2577 templi
1706 2517 1739 2561 s
1785 2494 2014 2561 lendor
2072 2493 2565 2560 tabernaculum

614 2577 940 2644 obrueret.
1007 2579 1298 2644 Tandem
1337 2577 1563 2646 eodem
1600 2580 1947 2665 privssegio
1983 2589 2217 2647 ornata
2252 2580 2376 2645 fuit
2412 2578 2565 2645 hos-

617 2665 710 2729 tia
761 2663 949 2729 Eliae
1004 2686 1204 2747 quum
1278 2665 1591 2732 abolitum
1641 2665 1806 2751 legis
1864 2670 2111 2733 cultum
2173 2666 2564 2732 restitueret.

614 2750 708 2815 Et
750 2758 907 2817 tunc
950 2771 1202 2834 quoque
1246 2752 1526 2817 asseruit
1567 2748 1753 2818 Deus
1797 2752 1969 2836 quod
2021 2751 2170 2837 lege
2212 2773 2334 2816 sua
2376 2752 2565 2816 insti-

615 2846 850 2914 tuerat,
897 2843 1127 2902 contra
1170 2858 1396 2903 omnes
1441 2837 1845 2904 adulterinos
1881 2847 1948 2904 et
1982 2837 2338 2923 degeneres
2378 2837 2564 2903 ritus.

610 2921 881 2988 Interea
935 2931 1012 2988 ut
1069 2922 1372 2989 omnibus
1436 2925 1826 3008 corruptelis
1882 2934 2283 3003 occurreret,
2353 2922 2567 2989 voluit

611 3007 833 3093 ignem
877 3008 949 3073 in
994 3007 1188 3075 altari
1232 3008 1518 3076 interdiu
1563 3020 1629 3076 et
1674 3017 1869 3077 noctu
1925 3031 2224 3087 manere,
2286 3028 2404 3075 nec
2465 3008 2565 3076 fas

611 3095 739 3160 fuit
781 3093 1044 3160 aliunde
1088 3103 1324 3177 petere.
1417 3097 1577 3160 Fuit
1620 3097 1881 3181 quidem
1928 3095 2102 3180 apud
2137 3098 2395 3176 Persas,
2440 3095 2568 3160 fuit

613 3190 681 3247 et
722 3180 977 3245 Romae
1021 3181 1145 3246 sub
1189 3181 1486 3247 custodia
1527 3181 1900 3248 Vestalium
1949 3184 2282 3267 virginum
2331 3202 2564 3267 perper

612 3274 767 3332 tuus
806 3267 1009 3350 ignis:
1056 3276 1122 3330 et
1167 3267 1307 3332 fieri
1346 3275 1595 3350 potest,
1643 3278 1716 3333 ut
1757 3270 1962 3335 stulta
2002 3269 2439 3334 aemulatione
2482 3266 2565 3331 ad

616 3372 688 3417 se
716 3351 1170 3418 transtulerint
1191 3373 1384 3435 quem
1422 3353 1595 3437 apud
1622 3353 1902 3420 Iudaeos
1928 3353 2275 3420 audierant
2310 3372 2563 3419 morem

616 3437 898 3503 servari:
945 3437 1138 3504 sicuti
1173 3436 1467 3504 diabolus
1513 3439 1595 3504 ad
1639 3439 1958 3507 fallendos
2002 3440 2374 3506 incredulos
2425 3440 2564 3523 ple-

612 3543 893 3606 rumque
923 3521 1168 3607 aliquid
1204 3524 1503 3590 divinum
1525 3524 1849 3593 fallaciter
1881 3525 2204 3598 obtendit:
2238 3548 2359 3592 nec
2379 3546 2566 3592 secus

615 3609 831 3675 Deum
893 3618 1091 3693 atque
1143 3609 1480 3676 hominem
1535 3611 1836 3677 imitatur
1893 3613 2111 3679 simia:
2159 3633 2391 3678 verum
2440 3612 2567 3676 Dei

613 3694 958 3763 consilium
1025 3696 1177 3775 fuit,
1247 3697 1474 3781 ignem
1539 3705 1930 3763 extraneum
1995 3697 2430 3783 repudiando,
2496 3699 2563 3761 in

611 3781 902 3866 genuina
938 3801 1059 3846 sua
1091 3779 1500 3848 ordinatione
1534 3792 1599 3848 et
1634 3782 1799 3867 legis
1834 3784 2234 3868 praescripto
2278 3784 2565 3849 retinere

615 3865 963 3952 populum,
1031 3889 1116 3932 ne
1174 3887 1302 3951 qua
1363 3868 1706 3934 hominum
1773 3871 2088 3955 figmenta
2154 3870 2564 3952 obreperent.

612 3951 1031 4019 Tantundem
1077 3954 1254 4017 enim
1300 3954 1509 4019 valuit
1565 3956 1738 4039 ignis
1799 3955 1994 4020 alieni
2039 3955 2426 4039 prohibitio,
2489 3976 2566 4022 ac

612 4041 672 4107 si
714 4038 904 4107 vetiti
945 4038 1222 4103 fuissent
1267 4039 1563 4105 homines
1606 4039 1960 4124 quidquam
2014 4062 2207 4106 suum
2247 4042 2564 4124 ingerere,

611 4125 721 4192 vel
765 4124 1003 4189 addere
1058 4123 1141 4188 ad
1187 4145 1417 4207 puram
1462 4125 1627 4211 legis
1672 4125 2071 4207 doctrinam,
2130 4126 2238 4193 vel
2282 4127 2364 4192 ab
2422 4129 2566 4195 eius

612 4212 843 4296 regula
878 4209 1225 4276 declinare.
1301 4211 1564 4277 Interea
1591 4213 1894 4296 quoniam
1926 4211 2109 4278 Deus
2137 4214 2337 4278 semel
2369 4222 2565 4279 testa·

615 4307 723 4362 tus
765 4305 928 4375 erat,
974 4298 1159 4379 quasi
1198 4306 1496 4380 porrecta
1531 4320 1568 4363 e
1612 4298 1791 4364 coelo
1827 4318 2047 4377 manu,
2085 4300 2406 4365 sacrificia
2441 4300 2567 4365 sibi

612 4382 898 4466 placere:
963 4381 1036 4445 in
1080 4381 1308 4448 eadem
1351 4382 1593 4451 fiducia
1638 4385 2007 4451 confirmati
2040 4385 2308 4451 fuerunt
2342 4384 2567 4452 fideles

613 4469 890 4552 pignore
929 4466 952 4531 i
1004 4467 1106 4532 nis
1147 4489 1227 4551 pe
1311 4471 1464 4535 etui.

791 4552 894 4617 14.
1002 4559 1102 4618 sta
1133 4560 1226 4620 est
1391 4555 1626 4622 minha.
1690 4555 1999 4621 Vidimus
2036 4557 2313 4623 antehac
2348 4556 2568 4623 diver-

617 4661 727 4706 sas
767 4639 969 4704 fuisse
1012 4642 1259 4722 species
1309 4641 1507 4707 huius
1550 4641 1930 4708 oblationis:
1989 4641 2104 4709 sed
2149 4665 2357 4722 nunc,
2416 4644 2568 4711 libis

615 4725 726 4791 vel
771 4723 1086 4808 placentis
1130 4727 1384 4791 omissis
1405 4779 1419 4806 ,
1478 4736 1742 4793 tantum
1788 4730 2010 4812 agitur
2053 4728 2134 4795 de
2174 4729 2390 4794 farina
2432 4750 2567 4796 non

616 4819 831 4880 cocta:
888 4831 973 4875 ex
1016 4829 1093 4874 ea
1144 4812 1323 4877 iubet
1367 4814 1549 4880 Deus
1593 4827 1911 4896 quantum
1959 4814 2262 4881 sacerdos
2320 4815 2568 4901 pugillo

617 4917 851 4982 capere
920 4898 1189 4978 poterit,
1246 4919 1445 4982 super
1501 4900 1708 4965 altare
1765 4899 2027 4965 adoleri.
2121 4900 2280 4966 Fuit
2346 4913 2569 4968 autem

618 4985 780 5050 haec
824 4983 934 5046 lex
978 4983 1364 5063 necessaria,
1409 4995 1484 5050 ut
1525 4995 1705 5051 certo
1748 4985 2044 5071 persuasi
2089 4997 2308 5053 essent
2342 4988 2569 5055 fideles

791 5205 849 5274 1)
887 5203 1091 5273 Mar-90
1138 5206 1405 5261 adscribit
1437 5204 1473 5259 2
1512 5206 1645 5277 Ray.
1683 5206 1767 5271 18,
1801 5207 1889 5263 30.
1989 5205 2073 5262 Tu
2124 5224 2251 5263 vero
2295 5208 2331 5263 2
2370 5208 2571 5266 aaron.

615 5274 669 5343 ¹2,
729 5275 777 5328 1.
875 5273 1129 5329 Historia
1182 5273 1347 5329 Euae
1396 5291 1562 5345 quam
1617 5276 1822 5331 Noster
1866 5277 2024 5341 infra
2076 5278 2300 5345 laudat,
2373 5279 2572 5350 legitur

613 5344 669 5400 1.
705 5341 839 5414 Ray.
878 5341 963 5409 18,
997 5340 1080 5396 36.
1158 5342 1421 5413 Princeps
1456 5344 1524 5399 de
1560 5343 1845 5400 Salomone
1879 5347 2100 5401 omnino
2134 5353 2287 5403 tacet.

2021 414 2535 485 SECUNDUM
2579 410 3225 484 PRAEOEPTUM.

4461 417 4567 484 532

2672 601 2890 669 Deum
2941 612 3127 687 parte
3182 605 3297 670 illa
3334 605 3550 671 oblata
3605 605 3728 670 rite
3770 604 4047 689 placari:
4106 624 4227 671 nec
4269 603 4571 688 quisquam

2668 688 3074 773 obstreperet
3117 690 3288 774 quod
3332 692 3540 757 maior
3584 698 3737 775 pars
3780 688 3954 774 apud
3991 687 4352 756 sacerdotes
4382 709 4574 755 mane-

2669 783 2788 841 ret.
2870 774 3221 842 Caeterum
3268 797 3351 842 ne
3396 777 3740 844 vilesceret
3781 776 4077 843 sacrificii
4122 774 4414 860 dignitas,
4453 786 4576 842 tan-

2667 870 2807 927 tum
2845 862 3291 929 sacerdotibus
3323 864 3714 948 permissum
3751 862 3876 927 fuit
3921 881 4125 946 panes
4167 881 4419 946 azymos
4448 861 4577 928 inde

2669 948 3005 1027 conficere,
3042 969 3206 1031 quos
3241 950 3309 1014 in
3375 950 3660 1016 sacrario
3683 948 3985 1014 ederent:
4017 948 4208 1014 sicuti
4260 947 4405 1012 alibi
4439 946 4578 1012 vidi·

2669 1053 2835 1099 mus.
2925 1033 3277 1118 Excipitur
3335 1035 3564 1101 minha
3633 1034 4022 1102 sacerdotis:
4079 1031 4251 1117 quod
4308 1032 4458 1099 duas
4511 1033 4581 1099 ob

2669 1139 2898 1186 causas
2939 1122 3082 1186 fieri
3127 1122 3447 1200 existimo,
3497 1130 3633 1186 tum
3668 1132 3743 1186 ut
3777 1121 4065 1186 muneris
4110 1120 4496 1203 praestantia
4527 1128 4582 1185 et

2671 1204 2989 1289 dignitas,
3056 1207 3378 1292 singulari
3459 1206 3801 1292 privilegio
3872 1205 4184 1291 insignis,
4249 1204 4583 1272 sacerdotes

2672 1291 2882 1376 magis
2925 1293 3155 1359 incitet
3207 1294 3290 1360 ad
3344 1293 3609 1377 pietatis
3678 1292 3962 1358 studium
3982 1341 3998 1370 ,
4067 1312 4151 1357 ne
4215 1290 4584 1357 defunctorie

2673 1386 2739 1442 et
2772 1377 3036 1462 vulgari
3089 1400 3273 1445 more
3327 1378 3400 1444 in
3457 1377 3585 1444 Dei
3650 1377 3831 1446 cultu
3895 1398 3966 1443 se
4031 1384 4400 1443 exerceant:
4464 1385 4584 1443 tum

2673 1484 2830 1529 vero
2874 1472 2949 1529 ut
2990 1466 3175 1548 quasi
3219 1465 3458 1530 iniecto
3500 1464 3731 1530 fraeno
3749 1516 3764 1544 ,
3809 1463 4192 1530 cohibeatur
4235 1463 4489 1528 ambitio
4524 1463 4585 1527 in

2673 1550 2876 1614 nimia
2898 1548 3289 1635 frequentia.
3356 1552 3529 1616 Nam
3560 1551 3617 1617 si
3646 1550 4057 1634 dispendium
4085 1549 4316 1614 fuisset
4343 1549 4586 1633 exiguae

2671 1635 2942 1716 farinae,
2986 1648 3213 1721 aperta
3254 1647 3398 1703 erat
3436 1657 3648 1702 vanae
3691 1635 4114 1703 ostentationi
4154 1635 4382 1700 ianua:
4439 1656 4586 1700 nun-

2672 1741 2871 1804 quam
2915 1733 3283 1788 cessassent
3324 1723 3554 1788 minha
3595 1743 3783 1789 suum
3829 1722 4084 1801 offerre,
4125 1721 4315 1787 cuius
4368 1719 4447 1785 ad
4496 1741 4587 1787 eos

2671 1806 2928 1874 fructus
2970 1808 3303 1875 rediisset:
3347 1809 3516 1874 forte
3558 1810 3756 1874 etiam
3801 1813 4144 1891 quaestum
4180 1807 4336 1872 inde
4365 1816 4586 1889 captas-

2671 1903 2835 1971 sent,
2883 1906 2955 1959 ut
2998 1893 3299 1960 videmus
3342 1895 3669 1961 sacrificos
3705 1895 3989 1978 papales,
4027 1894 4218 1959 fictae
4252 1892 4587 1959 devotionis

2672 1999 2913 2064 pompa
2978 1980 3239 2047 allicere
3296 1980 3658 2064 simplicem
3718 1979 4119 2064 plebeculam
4178 1976 4263 2044 ad
4320 1979 4589 2063 profusos

2669 2065 3079 2132 oblationum
3114 2075 3434 2150 sumptus.
3499 2066 3680 2150 Ergo
3717 2087 3801 2133 ne
3835 2063 4217 2132 immodicas
4261 2063 4589 2131 oblationes

2673 2163 2803 2217 tam
2854 2151 2934 2217 ad
2991 2153 3366 2219 iactantiam
3426 2173 3621 2235 quam
3680 2151 3762 2218 ad
3825 2151 4167 2217 avaritiam
4226 2150 4590 2224 conferrent.

2672 2238 2882 2303 voluit
2929 2237 3107 2305 Deus
3151 2260 3375 2304 eorum
3422 2238 3650 2303 minha
3691 2258 3959 2322 prorsus
4001 2238 4320 2302 consumi.

2842 2323 2945 2390 25.
2993 2324 3330 2408 Alloquere
3375 2324 3654 2390 Aharon.
3742 2323 4060 2389 Videmus
4115 2323 4359 2406 ubique
4419 2341 4592 2404 quam

2672 2411 3021 2495 diligenter
3078 2423 3305 2477 caveat
3365 2412 3547 2477 Deus
3603 2431 3685 2476 ne
3730 2430 3859 2493 qua
3913 2409 3994 2475 de
4038 2430 4110 2474 re
4151 2408 4437 2493 populus
4476 2427 4593 2472 am·

2671 2496 2870 2581 bigat.
2962 2497 3052 2562 Et
3094 2506 3270 2563 certe
3313 2518 3353 2560 a
3397 2496 3577 2562 falsis
3622 2495 4199 2581 imaginationibus
4230 2494 4591 2560 discernitur

2672 2604 2829 2649 vera
2870 2583 3101 2667 religio
3135 2582 3325 2667 quasi
3367 2583 3629 2666 propria
3671 2594 3855 2647 nota:
3901 2580 4013 2646 ubi
4050 2582 4235 2647 Deus
4277 2581 4420 2663 ipse
4460 2577 4590 2662 quid

2672 2669 3001 2753 agendum
3055 2670 3171 2745 sit,
3231 2666 3633 2753 praescribit.
3721 2668 3861 2733 Nec
3904 2688 4057 2732 vero
4102 2666 4371 2732 aliunde
4422 2684 4589 2749 quam

2670 2778 2752 2820 ex
2788 2756 2931 2821 eius
2965 2775 3080 2820 ore
3118 2756 3291 2820 sumi
3332 2763 3545 2836 potest
3580 2753 3921 2833 certitud0,
3958 2753 4026 2817 in
4053 2772 4183 2835 qua
4206 2761 4431 2816 tamen
4462 2751 4590 2816 fun·

2672 2841 2827 2907 data
2869 2862 3010 2907 esse
3055 2840 3252 2907 debet
3293 2843 3521 2924 pietas.
3610 2840 3819 2905 Porro
3885 2840 4038 2922 quia
4078 2837 4434 2904 discrimen
4474 2847 4593 2903 erat

2669 2926 2846 2992 inter
2883 2927 3262 2993 holocausta
3295 2937 3362 2992 et
3395 2925 3695 2992 victimas
3737 2944 3859 3008 pro
3908 2933 4189 3007 peccato,
4235 2932 4588 3008 promptum

2668 3013 2907 3080 fuisset
2945 3013 3297 3097 separatim
3343 3011 3621 3079 diversis
3664 3011 3822 3079 locis
3868 3022 4177 3091 mactare,
4236 3011 4364 3077 nisi
4413 3008 4590 3075 errori

2669 3099 2932 3166 obviam
2975 3099 3142 3165 itum
3187 3108 3378 3165 esset.
3464 3098 3800 3164 Eximitur
3844 3108 4061 3164 autem
4108 3099 4329 3164 omnis
4359 3096 4588 3162 dubita·

2668 3185 2796 3260 tio,
2841 3184 3104 3269 quando
3138 3186 3436 3268 utrisque
3472 3184 3654 3250 Deus
3705 3183 3986 3249 eundem
4041 3184 4342 3269 assignat
4384 3183 4588 3249 locum.

2668 3270 2864 3339 Unde
2929 3272 3123 3337 etiam
3191 3270 3589 3356 colligimus,
3656 3270 3870 3354 legem
3945 3290 4142 3335 unam
4208 3269 4357 3335 Deo
4417 3266 4590 3353 probe

2669 3356 2940 3423 colendo
2984 3358 3316 3436 sufficere,
3383 3358 3440 3422 si
3484 3377 3617 3421 non
3662 3356 3787 3422 sibi
3831 3356 4088 3439 sapiant
4131 3355 4454 3434 homines,
4495 3350 4590 3419 sed

2667 3442 3001 3528 pendeant
3043 3463 3125 3508 ex
3169 3464 3282 3508 ore
3317 3443 3477 3509 eius.
3522 3442 3691 3507 Nam
3731 3442 3843 3525 qui
3878 3441 4125 3509 factum
4160 3453 4283 3521 est,
4319 3451 4397 3506 ut
4417 3458 4592 3525 quum

2667 3531 2842 3595 inter
2887 3549 2958 3596 se
3003 3527 3344 3595 differrent
3386 3528 3513 3594 duo
3557 3529 3685 3595 ista
3743 3548 4015 3627 genera,
4075 3527 4314 3594 similis
4368 3526 4485 3592 hac
4534 3526 4592 3588 in

2672 3626 2856 3698 parte
2899 3613 3099 3681 fuerit
3143 3636 3370 3680 eorum
3417 3615 3604 3692 ratio,
3650 3614 3778 3679 nisi
3822 3614 3974 3696 quia
4007 3614 4101 3678 sic
4136 3613 4283 3679 Deo
4327 3607 4591 3697 placuit?

2668 3700 2800 3768 Hic
2850 3722 3005 3785 ergo
3054 3701 3236 3767 locus
3285 3701 3445 3766 satis
3480 3698 3815 3779 admonet,
3867 3709 4116 3782 quanta
4150 3699 4500 3765 sobrietate
4538 3703 4594 3759 et

2669 3786 2990 3852 modestia
3032 3785 3206 3869 quod
3249 3784 3377 3853 Dei
3420 3786 3623 3851 verbo
3666 3784 4050 3861 ostenditur,
4117 3787 4305 3868 sequi
4379 3802 4591 3852 conve-

2669 3874 2826 3938 niat.
2893 3872 3093 3937 Ratio
3136 3882 3359 3937 tamen
3402 3872 3600 3938 simul
3645 3869 3927 3950 additur,
3972 3891 4137 3955 quae
4172 3870 4592 3937 reverentiam

2669 3959 2973 4025 conciliet
3024 3957 3312 4024 victimis
3368 3978 3485 4041 pro
3529 3964 3794 4041 peccato
3813 4008 3829 4037 ,
3888 3958 4001 4023 ubi
4046 3956 4180 4022 illis
4235 3956 4594 4022 attribuitur

2668 4046 3021 4129 praecipua
3062 4045 3392 4122 sanctitas,
3437 4064 3604 4127 quae
3647 4064 3766 4127 pro
3803 4065 3927 4109 usu
3966 4042 4239 4127 linguae
4274 4041 4591 4108 hebraicae

2667 4141 2946 4196 vocatur
2987 4132 3430 4196 sanctitatum.
3477 4129 3684 4195 Porro
3719 4141 3864 4199 &mn
3901 4138 3967 4193 et-
4001 4141 4179 4197 Οὔκ.
4215 4149 4382 4211 quas
4425 4144 4592 4193 voces

2668 4217 2898 4282 Latini
2946 4224 3214 4281 vertunt
3255 4225 3595 4299 peccatum
3638 4222 3706 4281 et
3739 4215 4069 4293 delictum,
4113 4216 4351 4297 incipit
4383 4213 4592 4280 distin·

2668 4323 2886 4387 guere,
2927 4299 3163 4385 quibus
3206 4301 3660 4367 indifferenter
3701 4301 3982 4367 antehac
4023 4322 4182 4367 usus
4217 4309 4323 4366 est
4356 4299 4436 4365 ad
4472 4315 4590 4363 rem

2668 4387 2948 4453 eandem
2990 4386 3365 4453 notandam.
3456 4385 3636 4469 Quid
3676 4408 3873 4470 porro
3913 4385 4321 4465 interfuerit,
4368 4384 4592 4451 nescire

2669 4495 2774 4540 me
2810 4474 3048 4539 fateor:
3094 4471 3248 4557 quid
3283 4471 3397 4539 alii
3439 4472 4017 4540 comminiscantur
4052 4471 4261 4553 video,
4295 4470 4409 4538 sed
4447 4466 4591 4534 nihil

2668 4559 2850 4625 certi.

2841 4643 2945 4711 30.
2999 4643 3221 4711 Omnis
3263 4651 3469 4712 autem
3501 4643 3721 4710 hostia.
3770 4644 4086 4727 Exceptio
4122 4643 4445 4727 repetitur
4474 4647 4589 4704 tam

2671 4730 2752 4796 de
2788 4731 3126 4798 sacrificiis
3161 4751 3443 4814 quorum
3480 4729 3651 4797 facta
3686 4730 3812 4795 fuit
3846 4730 4092 4796 mentio
4115 4742 4349 4812 quarto
4381 4727 4591 4810 capite,

2672 4838 2867 4900 quam
2914 4817 2994 4883 de
3038 4817 3288 4883 solenni
3336 4817 3654 4883 sacrificio
3698 4834 3825 4899 quo
3869 4816 4170 4881 sacerdos
4214 4827 4281 4881 et
4337 4811 4591 4898 populus

2670 4904 3026 4986 quotannis
3083 4901 3684 4968 reconciliabantur.
3790 4900 4034 4967 Minori
4101 4902 4277 4967 enim
4347 4907 4589 4981 sumptu

2673 4988 3026 5072 expiabant
3082 4990 3329 5072 singuli
3381 4987 3682 5054 homines
3749 4987 3997 5072 privati
4039 5008 4160 5053 sua
4198 4995 4486 5071 peccata.
4535 4991 4593 5044 et

2673 5084 2932 5139 tantum
2976 5074 3188 5140 maius
3245 5075 3452 5139 altare
3509 5073 3679 5156 quod
3733 5084 3874 5139 erat
3918 5074 3986 5138 in
4032 5073 4230 5152 atrio,
4297 5092 4411 5138 san
4497 5070 4591 5133 ine

2672 5160 3159 5245 aspergebatur.
3252 5164 3344 5226 At
3386 5160 3442 5227 si
3484 5157 3707 5226 Deum
3752 5158 3857 5225 vel
3901 5159 4161 5244 populo,
4203 5159 4312 5223 vel
4358 5159 4410 5224 si
4454 5158 4474 5221 i
4508 5171 4590 5217 re-

2672 5244 3061 5312 conciliabat
3103 5244 3434 5324 sacerdos,
3492 5266 3624 5330 quo
3667 5245 3882 5330 magis
3938 5245 4111 5312 seria
4172 5252 4345 5311 esset
4384 5242 4586 5335 depr03

2672 5332 2858 5411 catio,
2904 5334 3346 5399 sanctuarium
3389 5331 3913 5417 ingrediebatur,
3979 5342 4056 5398 ut
4098 5352 4136 5397 e
4178 5330 4439 5416 regione
4478 5321 4588 5390 veh
