4867 6150
560 413 689 481 411

565 600 845 668 distillet
894 598 1142 666 oleum:
1201 620 1287 664 ne
1337 595 1770 663 metuendum
1828 597 1918 664 sit
1959 617 1999 662 a
2039 598 2351 682 penuria,
2407 596 2517 664 101

567 687 846 753 defectu.
906 684 1057 768 Quo
1093 684 1437 770 significat,
1461 682 1893 767 multiplicem
1918 683 2241 749 bonorum
2261 684 2518 766 copiam

566 774 713 840 Deo
769 781 1143 856 suppetere,
1201 778 1276 836 ut
1329 769 1672 836 ecclesiam
1727 769 2112 854 locupletet:
2172 777 2371 853 atque
2423 770 2521 834 ita

568 859 652 927 ad
696 857 1011 926 ecclesiae
1053 856 1619 923 conservationem
1662 856 1969 922 sufficere
2003 856 2315 921 virtutem
2352 875 2521 938 quae

567 969 607 1011 e
658 944 838 1011 00010
897 942 1145 1010 defluit.
1249 940 1824 1024 Quemadmodum
1886 941 2024 1009 illic
2077 942 2152 1007 iu
2207 949 2522 1008 contextu

569 1031 948 1100 subiicitur:
1009 1029 1159 1095 Non
1212 1028 1285 1094 in
1342 1027 1637 1094 exercitu
1653 1078 1670 1108 ‚
1728 1048 1942 1111 neque
1985 1028 2058 1093 in
2100 1026 2518 1093 fortitudine:

568 1118 685 1184 sed
726 1117 797 1181 in
842 1116 1081 1200 spiritu
1124 1134 1288 1193 mco,
1335 1113 1494 1180 dicit
1535 1113 1806 1179 Iehova.
1888 1113 2039 1179 Etsi
2081 1115 2258 1179 enim
2305 1113 2521 1178 homi-

570 1224 731 1268 num
774 1202 1159 1280 ministerio,
1204 1209 1275 1266 et
1317 1199 1600 1266 terrenis
1643 1198 1881 1267 mediis
1923 1220 2044 1284 pro
2088 1198 2359 1266 arbitrio
2402 1220 2521 1265 suo

570 1291 779 1355 utitur
833 1288 1017 1354 Deus
1076 1286 1159 1353 ad
1212 1284 1528 1352 tuendam
1595 1292 1663 1350 et
1727 1285 2074 1351 fovendam
2140 1284 2520 1352 ecclesiam:

573 1375 718 1441 vult
759 1384 981 1440 tamen
1021 1372 1316 1440 omnium
1345 1371 1610 1437 laudem
1640 1372 1766 1437 sibi
1792 1371 2093 1450 adscribi,
2139 1379 2217 1436 ut
2239 1391 2521 1454 aequum

570 1469 704 1527 est:
742 1458 978 1525 deinde
1016 1458 1161 1526 vult
1193 1457 1422 1525 fideles
1458 1479 1577 1523 suo
1617 1456 1941 1542 praesidio
1985 1466 2340 1536 contentos,
2388 1477 2523 1522 nou

570 1555 797 1612 tamen
840 1545 1170 1613 debilitari
1213 1544 1474 1626 animis,
1517 1544 1816 1628 quamvis
1859 1542 2116 1610 nullam
2158 1544 2231 1608 111
2274 1542 2524 1608 mundo

571 1632 849 1699 fiduciae
890 1652 1160 1699 causam
1203 1630 1553 1715 reperiant.

745 1719 849 1784 40.
908 1718 1066 1785 Vnde
1099 1722 1307 1783 autem
1338 1722 1411 1782 ut
1438 1715 1664 1798 facias,
1732 1715 1995 1782 Rursus
2028 1713 2317 1781 inculcat
2348 1715 2523 1798 quod

572 1804 894 1884 vidimus,
954 1814 1027 1868 ut
1078 1804 1299 1869 omnia
1353 1815 1581 1867 exacte
1633 1801 1905 1867 formari
1947 1811 2132 1867 curet
2173 1801 2395 1867 Moses
2441 1800 2525 1866 ad

575 1890 1006 1976 archetypum
1054 1890 1161 1955 vel
1204 1890 1543 1972 exemplar
1572 1888 1646 1952 in
1681 1899 1904 1953 monte
1937 1887 2178 1953 visum.
2248 1886 2525 1953 Certum'

571 1985 797 2042 autem
841 1988 960 2057 est,
1005 1997 1141 2041 non
1186 1976 1296 2060 agi
1341 1973 1422 2039 de
1465 1985 1725 2058 spectro
1770 1973 2022 2057 aliquo,
2087 1972 2204 2038 sed
2247 1982 2528 2038 externa

572 2064 928 2129 sanctuarii
972 2069 1362 2128 ornamenta
1425 2061 1656 2126 referri
1714 2059 1796 2124 ad
1857 2058 2267 2143 spiritualem
2329 2079 2526 2125 suum

571 2150 808 2215 finem:
894 2145 1445 2232 quemadmodum
1531 2167 1615 2211 ex
1692 2144 2017 2229 Stephani
2098 2152 2164 2209 et
2249 2145 2526 2228 apostoli

572 2236 1119 2319 interpretatione
1162 2234 1388 2316 liquet.
1478 2231 1699 2314 Quare
1746 2231 1913 2297 nihil
1955 2232 2229 2311 mirum,
2274 2231 2334 2296 si
2375 2252 2526 2314 pro·

572 2322 776 2406 pheta
841 2322 1058 2385 Deum
1125 2320 1344 2403 palam
1403 2318 1737 2385 facturum
1804 2317 1927 2384 sub
1997 2338 2206 2403 regno
2270 2315 2528 2387 Christi

575 2407 769 2488 dicat,
804 2413 874 2471 et
906 2406 1169 2488 quidem
1205 2414 1383 2472 00110
1417 2405 1888 2488 experimento,
1924 2425 2059 2469 non
2096 2404 2295 2468 fuisse
2329 2403 2529 2468 inane

574 2491 1020 2644 {phegtacttllum
1039 2542 1055 2572 ‚
1125 2489 1298 2576 quod
1364 2490 1550 2556 Deus
1613 2490 1825 2556 veteri
1888 2489 2133 2573 populo
2197 2488 2319 2556 sub
2382 2489 2529 2574 lege

728 2597 839 2642 era
875 2629 888 2643 .

1141 2917 1275 2984 EX
1317 2916 1621 2985 EXODI
1663 2915 1966 2983 XXVII.

749 3093 853 3160 20.
903 3091 1004 3157 Tu
1047 3110 1281 3173 quoque
1310 3090 1610 3173 praecipe
1647 3090 1809 3171 filiis
1852 3088 2066 3157 Israel
2107 3096 2178 3155 ut
2219 3092 2535 3173 accipiam

577 3182 693 3247 tibi
735 3180 940 3245 oleum
992 3176 1191 3243 olivae
1236 3196 1511 3259 purum,
1568 3181 1893 3243 conmemn
1939 3197 2061 3258 pro
2118 3176 2425 3242 luminari
2465 3181 2536 3243 ut

577 3267 799 3334 ardere
853 3264 1096 3347 faciant
1149 3262 1434 3329 lucernas
1485 3281 1742 3345 semper.
1829 3262 1935 3328 21.
1998 3264 2086 3329 In
2139 3262 2535 3330 tabernamzo

579 3351 998 3419 conventionis
1039 3353 1221 3414 extra
1262 3349 1470 3413 velum
1510 3348 1674 3430 quod
1714 3353 1807 3415 est
1846 3368 2040 3429 super
2097 3350 2536 3432 testiononium,

579 3439 860 3520 disponet
914 3435 1065 3501 illa-s·
1122 3433 1388 3500 Ahar-on
1443 3438 1501 3499 et
1547 3433 1675 3516 filii
1729 3435 1871 3500 eius
1926 3454 1970 3499 a
2023 3455 2285 3516 vespera
2339 3455 2538 3517 usqae

579 3543 766 3590 mane
783 3541 996 3588 eoram
1017 3519 1248 3586 Iehova
1261 3546 1281 3586 .·
1312 3524 1611 3585 statutum
1636 3524 2015 3602 perpetuum
2031 3521 2539 3605 qenerationibus

579 3629 796 3677 eorum
837 3630 881 3675 a
918 3606 1079 3688 filiis
1123 3606 1350 3672 Israel.

1167 3949 1300 4016 EX
1341 3947 1650 4015 LEVI'I'.
1695 3948 1962 4016 XXIV.

764 4123 821 4188 1.
867 4121 1197 4203 Loquum
1228 4126 1318 4187 est
1353 4126 1563 4188 autem
1599 4120 1827 4188 Iehova
1862 4122 1950 4188 ad
1986 4121 2224 4202 Mosen,
2256 4123 2544 4190 dicendo:

588 4211 650 4277 2.
700 4208 1008 4289 Praeeipe
1044 4206 1206 4288 filiis
1247 4207 1459 4274 Israel
1497 4212 1569 4273 ut
1610 4209 1878 4289 afferant
1929 4208 2042 4274 tibi
2098 4207 2301 4275 oleum
2342 4209 2544 4275 olivae

577 4314 841 4378 puram,
862 4298 1183 4359 contusum
1204 4313 1332 4375 pro
1353 4292 1681 4372 luminari,
1701 4293 1789 4359 ad
1810 4295 2232 4361 accendendas
2254 4296 2545 4361 lucernas

590 4400 849 4461 semper.
953 4378 1013 4444 3.
1081 4377 1293 4444 Extra
1356 4380 1562 4446 velum
1619 4380 1959 4445 testinnomi
2016 4381 2085 4445 in
2148 4380 2542 4447 tabernaculo

592 4465 1008 4533 conventionis
1063 4465 1169 4532 dis
1417 4485 1527 4531 eas
1590 4463 1860 4531 Aharon
1925 4486 1969 4531 a
2031 4486 2290 4553 vespera
2348 4486 2547 4548 usque

592 4571 808 4630 mane,
851 4569 1060 4615 coram
1098 4551 1149 4614 I
1288 4572 1332 4617 a
1372 4570 1641 4635 semper:
1680 4555 1984 4617 statutum
2013 4559 2389 4636 perpetuum
2425 4553 2549 4619 erit

593 4639 885 4792 {tw
837 4635 2331 4806 ..pma‘m‘bffimwssaorssfflmmmw
2363 4660 2548 4705 ’Μ’

772 4890 994 4959 Exodi
1037 4892 1142 4973 27,
1201 4893 1306 4960 20.
1372 4894 1470 4961 Tu
1511 4916 1751 4980 quoque
1798 4895 2098 4980 praecipe
2133 4897 2313 4979 filiis.
2401 4898 2550 4965 Hos

601 4982 763 5048 duos
806 4979 980 5045 locos
1022 4978 1288 5044 aliunde
1331 4980 1463 5048 huc
1504 4980 1830 5061 transtuli,
1875 4982 2188 5065 quoniam
2232 4983 2316 5050 ad
2352 5005 2549 5051 usum

601 5064 1007 5134 tabernaculi
1074 5065 1425 5149 pertinent.
1526 5067 1852 5134 Iubentur
1914 5068 2093 5134 enim
2157 5068 2281 5135 filii
2340 5071 2552 5137 Israel

599 5164 861 5218 tantum
904 5150 1032 5216 olei
1075 5151 1373 5219 conferre
1415 5162 1735 5236 quantum
1776 5162 2031 5237 septem
2088 5154 2374 5224 lucernis
2415 5157 2553 5223 suf·

599 5241 793 5307 ficiat.
860 5238 1070 5304 Porro
1157 5237 1266 5303 uia
1306 5240 1588 5305 coeleste
1630 5240 1873 5319 lumen,
1919 5251 1986 5307 01
2026 5242 2296 5325 spiritus
2338 5242 2556 5311 sancti

601 5327 819 5414 gratia
871 5321 976 5409 (ut
1030 5259 1347 5411 vidimus)
1402 5325 1648 5394 veritas
1698 5326 1968 5393 fuerunt
2021 5326 2218 5395 huius
2274 5329 2554 5396 visibilis

1962 407 2479 477 SECUNDUM
2524 408 3176 478 PRAEOEPTUM.

4431 413 4545 481 412

2616 596 3233 783 ἓέξῖἓῇιὲῑηὲζῗὲῗ
3274 600 4067 764 ἓὲῗῖἓωᾚῗὲωἳίἓζζ
4104 599 4384 770 {33:33³
4406 622 4549 771 <3²33

2617 769 2852 835 fuisset
2886 772 3051 850 vitii,
3087 773 3479 839 tantundem
3515 795 3600 839 ex
3634 773 3939 857 mysterii
3976 772 4300 857 dignitate
4335 772 4551 840 fuisset

2619 854 3005 923 detractum.
3109 859 3382 924 Puritas
3445 858 3652 943 igitur
3716 857 3937 926 docuit
4007 857 4179 923 1111111
4235 857 4553 926 sordidum

2618 951 2737 1007 aut
2771 943 3044 1028 vulgare
3079 944 3215 1010 11110
3250 944 3642 1029 significari:
3682 954 3759 1009 ut
3790 945 3917 1028 ipsi
3953 965 4212 1027 quoque
4231 943 4554 1011 Israelitae

2618 1049 2822 1113 puras
2865 1041 3122 1096 mentes
3166 1031 3501 1110 afferrent,
3546 1040 3616 1095 et
3657 1029 3743 1097 ad
3786 1029 4335 1097 considerandum
4379 1031 4555 1113 spiri-

2620 1114 2869 1180 tualem
2931 1115 3148 1183 lucem
3214 1118 3343 1182 rite
3406 1127 3670 1200 paratas
3728 1124 3794 1182 et
3852 1115 4220 1200 dispositas.
4323 1115 4556 1181 Iterum

2621 1202 2892 1285 repetit,
2949 1211 3316 1286 opportune
3369 1214 3437 1268 et
3492 1203 3631 1268 suis
3675 1202 3859 1268 horis
3901 1199 4389 1287 suggerendum
4430 1222 4558 1268 0000

2621 1286 2857 1368 oleum,
2898 1295 2974 1353 ut
2997 1309 3256 1373 semper
3282 1288 3559 1354 ardeant
3600 1288 3945 1354 lucernae:
3988 1300 4063 1353 ut
4097 1287 4423 1353 discerent
4451 1287 4560 1353 filii

2621 1371 2850 1453 Israel,
2893 1373 3065 1440 nihil
3109 1375 3319 1460 magis
3362 1374 3654 1440 alienum
3697 1395 3841 1441 0000
3876 1396 3919 1439 0
3960 1374 4144 1440 cultu
4188 1372 4339 1453 Dei,
4381 1394 4560 1457 quam

2621 1459 3085 1525 obscuritatem
3129 1470 3196 1527 et
3238 1461 3564 1541 tenebras,
3607 1481 3732 1527 nec
3776 1459 4166 1526 variandum
4206 1480 4352 1526 esse
4384 1461 4565 1524 inter-

2624 1544 2818 1611 vallis
2834 1596 2850 1624 ,
2927 1547 3087 1629 quin
3153 1556 3473 1631 perpetuo
3537 1554 3768 1612 tenore
3878 1545 4242 1630 racfulgeat
4299 1566 4338 1608 0
4400 1544 4562 1609 00010
4632 1564 4643 1581 “

2623 1630 2896 1715 spiritus
2949 1630 3237 1699 directio.
3327 1632 3563 1716 Itaque
3620 1651 3822 1699 secun
3869 1653 3909 1697 o
3958 1631 4101 1698 loco
4144 1644 4249 1696 ter
4293 1631 4567 1696 inculcat

2625 1717 3015 1800 particulam
3059 1716 3366 1802 Semper:
3414 1739 3500 1783 ne
3559 1739 3689 1802 qua
3728 1718 3799 1783 in
3844 1726 4033 1801 parte
4075 1737 4313 1785 verum
4356 1716 4565 1782 lumen

2626 1803 2998 1870 suffocetur.
3087 1803 3234 1869 Has
3275 1815 3497 1887 partes
3541 1804 3831 1889 iniungit
3869 1801 4057 1869 Deus
4098 1802 4566 1869 sacerdotibus:

2627 1889 2784 1973 quia
2834 1889 3001 1955 lucis
3059 1890 3400 1956 ministros
3457 1910 3601 1955 0000
3657 1898 3917 1973 oportet
3976 1889 4132 1954 dum
4192 1888 4362 1972 legis
4426 1895 4569 1954 sunt

2626 1976 3041 2059 interpretes,
3087 1995 3255 2058 quae
3289 1998 3330 2042 a
3362 1975 3627 2042 Davide
3673 1975 3877 2062 (Psal.
3925 1974 4071 2056 119,
4119 1972 4277 2061 105)
4312 1983 4568 2041 vocatur

2627 2061 2896 2128 lucerna
2958 2083 2994 2126 1
3077 2061 3266 2129 endis
3319 2062 3629 2146 pedibus,
3684 2070 3753 2127 et
3803 2061 4028 2127 lumen
4084 2060 4345 2127 semitis
4399 2080 4569 2125 mon·

2628 2146 2936 2214 strandis.
3080 2147 3162 2213 ed
3204 2148 3363 2232 quid
3408 2148 3531 2214 sibi
3574 2146 3724 2214 vult
3765 2146 4009 2213 oblatio
4066 2146 4331 2230 populi,
4384 2165 4570 2230 quum

2628 2233 2797 2299 nihil
2844 2234 3158 2299 materiae
3201 2243 3509 2319 suppetat
3565 2233 3941 2300 hominibus
4000 2232 4082 2298 ad
4124 2242 4389 2299 mentes
4430 2251 4572 2297 suas

2630 2318 3062 2403 spiritualiter
3105 2318 3579 2386 illustrandas?
3648 2318 4074 2403 Respondeo‚
4131 2319 4203 2383 111
4263 2315 4572 2404 legalibus

2630 2405 2868 2489 figuris
2911 2425 3047 2470 non
3091 2405 3254 2471 adeo
3295 2405 3679 2489 scrupulose
3721 2405 3805 2471 ad
3851 2405 4168 2471 amussim
4224 2402 4573 2489 exigendas

2633 2512 2777 2557 0000
2819 2491 3114 2574 singulas
3152 2501 3376 2575 partes
3391 2541 3410 2570 ,
3468 2499 3545 2557 ut
3601 2490 3771 2556 nihil
3827 2491 3915 2558 sit
3956 2491 4031 2555 in
4073 2491 4268 2574 signo
4312 2497 4573 2555 externo

2635 2577 2742 2644 cui
2804 2598 2937 2642 11011
2992 2575 3385 2660 respondeat
3444 2578 3690 2643 veritas
3706 2628 3724 2656 ,
3780 2575 4017 2642 deinde
4070 2577 4379 2660 quamvis
4420 2572 4574 2657 nihil

2634 2662 2976 2747 proprium
3013 2672 3082 2730 01
3119 2683 3159 2728 a
3200 2683 3273 2730 se
3304 2662 3466 2746 ipsis
3509 2663 3793 2729 afferant
3833 2662 4151 2743 homines,
4194 2683 4328 2745 quo
4371 2672 4576 2726 tamen

2636 2770 2709 2815 se
2752 2750 2965 2832 magis
3008 2756 3275 2814 strenue
3317 2758 3672 2816 exerceant
3711 2749 3796 2815 ad
3829 2747 4124 2815 studium
4157 2747 4422 2814 colendi
4442 2745 4576 2825 Dei,

2638 2834 2876 2900 11101110
2919 2832 3003 2899 ab
3044 2834 3179 2900 illis
3221 2834 3402 2920 exigi
3459 2843 3538 2900 ut
3588 2856 3658 2901 se
3715 2855 3967 2918 suaque
4023 2832 4337 2901 dedicent
4376 2834 4443 2898 in
4485 2851 4574 2898 sar

2638 2940 2785 2987 cros
2807 2940 2990 2986 usus.
3049 2920 3134 2986 In
3168 2922 3301 2986 fine
3337 2920 3452 2987 ubi
3487 2920 3774 3001 additur,
3809 2919 4154 2986 Statutum
4175 2928 4577 3004 perpetuum,

2635 3004 2933 3092 intellige
2975 3028 3187 3092 usque
3234 3006 3318 3073 ad
3375 3006 3644 3074 solidam
3704 3027 3931 3073 earum
3973 3027 4199 3071 rerum
4245 3004 4576 3071 exhibitio·

2636 3114 2792 3244 {iem
2806 3144 2823 3175 ,
2873 3114 3165 3262 110οὂ0111
3204 3096 3464 3245 (1113111οσ
3506 3105 3650 3246 agg
3700 3091 4168 3245 candaliabrum
4234 3090 4579 3245 (151ιέωὲιέ

2664 3201 2944 3247 00011110.
3077 3200 3163 3246 ua
3250 3201 3286 3245 e
3329 3199 3405 3246 10
3446 3201 3518 3246 111
3646 3201 3839 3246 1100111
3951 3200 4181 3246 0001111.

2638 3266 2763 3333 hoc
2819 3264 3061 3333 dicitur
3103 3287 3144 3331 a
3185 3266 3342 3332 filiis
3383 3265 3592 3332 Israel
3644 3266 3799 3350 quia
3840 3265 4015 3332 hanc
4067 3264 4579 3331 observationem

2638 3351 2722 3418 ab
2763 3351 2897 3419 illis
2938 3351 3168 3436 exigat
3206 3352 3422 3418 Deus:
3486 3351 3618 3418 nisi
3720 3351 3934 3419 laceat
3984 3371 4137 3417 cum
4181 3350 4579 3435 Hieronymo

2637 3446 2927 3516 1011010,
2988 3436 3233 3504 Ooram
3288 3438 3442 3504 filiis
3486 3438 3670 3504 10100
3806 3435 4003 3520 Quod
4061 3436 4176 3502 alii
4230 3440 4579 3522 exponunt,

2638 3523 2812 3608 apud
2867 3523 3037 3590 filios
3078 3523 3322 3602 Israel,
3380 3522 3487 3590 vel
3529 3545 3572 3590 a
3611 3522 3913 3608 patribus
3957 3523 4041 3589 ad
4097 3522 4274 3590 filios
4290 3574 4308 3605 ,
4371 3521 4581 3588 durius

2637 3621 2740 3677 est
2782 3617 2853 3676 01
2891 3630 3160 3695 prorsus
3201 3617 3521 3676 coactum.

3240 3953 3374 4021 EX
3416 3951 3479 4019 N
3481 3951 3770 4020 UMER.
3816 3949 4012 4017 VIII.

2820 4125 2878 4190 1.
2934 4123 3024 4190 Et
3079 4123 3379 4207 loquutus
3434 4128 3524 4191 est
3581 4123 3815 4191 lehova
3865 4123 3954 4190 ad
3996 4122 4257 4200 Mosen,
4318 4120 4586 4191 dicendo.-

2643 4212 2706 4277 2.
2752 4210 3036 4293 Loquere
3067 4211 3156 4276 ad
3190 4209 3474 4287 Abaron,
3517 4215 3575 4276 et
3616 4210 3794 4277 dicas
3832 4208 3967 4276 izli:
4015 4210 4282 4292 Quando
4319 4207 4586 4278 accendes

2644 4298 2994 4376 lucernam,
3059 4301 3275 4363 embra
3334 4296 3564 4379 faciem
3624 4295 3982 4362 candelabri
4036 4296 4325 4362 lucebunt
4378 4298 4585 4379 septem

2643 4383 2953 4450 lacernae.
3019 4382 3080 4474 3.
3128 4381 3422 4464 Fecitque
3461 4383 3555 4448 ita
3597 4381 3900 4449 Aharon:
3941 4386 4151 4448 contra
4185 4383 4423 4464 faciem
4459 4399 4585 4447 can-

2647 4468 2890 4536 delabri
2931 4469 3206 4535 aeoendit
3248 4469 3533 4535 baeer-nas
3576 4470 3748 4545 eius,
3791 4468 4316 4551 quenadmodum
4346 4485 4582 4551 1110ωο-

2635 4553 3516 4639 peratlehovaipsiMosi.
3604 4550 4585 4635 4.Ethocestopusoandela«

2649 4642 2779 4723 bri,
2815 4641 3046 4708 ductile
3089 4660 3355 4707 aurewm
3395 4660 3591 4724 usque
3631 4640 3719 4706 ad
3761 4638 3988 4706 hastile
4026 4659 4234 4720 suum,
4278 4659 4472 4722 usque
4506 4634 4583 4701 ad

2642 4730 2831 4809 flores
2864 4747 3016 4794 suos
3048 4726 3277 4794 ductile
3308 4731 3461 4806 erat,
3494 4727 3681 4792 marta
3713 4725 4032 4809 exemplar
4063 4726 4232 4808 quod
4254 4723 4583 4791 ostenderat

2653 4814 2885 4880 Iehova
2925 4814 3059 4895 ipss·
3101 4811 3294 4895 Masi,
3334 4813 3427 4880 sie
3459 4813 3607 4895 feeit
3642 4810 4100 4879 candelabrm.

2823 4986 2885 5051 2.
2938 4985 3201 5068 Quando
3242 4984 3532 5053 amendes
3570 4984 3903 5051 lacernam.
3989 4982 4140 5048 Hoc
4182 4992 4582 5066 praeceptum

2651 5072 2969 5139 inseritur
3013 5092 3147 5137 uon
3175 5093 3295 5139 suo
3331 5071 3491 5149 loco,
3525 5078 3605 5136 ut
3635 5071 3967 5154 pleraque.
4033 5068 4350 5135 Declarat
4383 5078 4580 5133 autem

2653 5180 2883 5225 rursus
2926 5157 3147 5224 Moses
3189 5158 3339 5241 quis
3395 5157 3591 5223 fuerit
3648 5176 3810 5224 usus
3863 5154 4271 5234 candelabri,
4333 5164 4402 5221 et
4440 5171 4579 5237 quo-

2655 5245 2850 5310 modo
2893 5244 3107 5326 aptari
3151 5242 3499 5310 debuerint
3548 5244 3883 5323 lucernae,
3936 5252 4011 5308 ut
4062 5242 4281 5326 fulgor
4334 5256 4579 5325 spargo-

2655 5339 2839 5397 retur
2879 5350 2998 5413 per
3039 5329 3507 5409 sanctuarium,
3551 5337 3619 5395 et
3660 5328 3808 5396 auri
3847 5326 4155 5412 splendor
4188 5348 4274 5393 ex
4308 5323 4582 5410 opposito
