4867 6150
600 430 734 497 395

608 619 784 684 enim
842 616 1124 684 foederis
1181 618 1421 682 iustam
1481 617 1832 683 stationem
1891 637 2025 680 non
2073 613 2303 679 habuit
2345 634 2558 698 usque

607 703 691 770 ad
739 716 997 786 tempus
1026 703 1324 781 Davidis,
1361 701 1474 769 sed
1510 704 1697 785 quasi
1743 702 2208 784 temporalibus
2252 700 2556 783 hospitiis

610 791 734 857 fuit
789 799 1079 873 excepta.
1169 790 1359 855 Iubet
1412 810 1569 872 ergo
1624 809 1797 855 nunc
1858 788 2109 863 Moses,
2175 785 2282 851 ubi
2341 787 2555 852 locum

613 898 820 942 unum
867 887 1053 941 tanto
1100 876 1348 941 honore
1392 874 1704 959 dignatus
1752 874 1950 940 fuerit
1994 872 2211 951 Deus,
2258 882 2325 937 et
2369 871 2557 955 quasi

612 973 995 1047 perpetuam
1032 962 1311 1044 quietem
1360 960 1631 1036 elegerit
1676 962 1787 1026 ubi
1835 959 2118 1025 resideat
2164 979 2399 1023 nomen
2447 980 2555 1023 su-

613 1070 757 1128 um,
816 1048 973 1114 illue
1034 1048 1331 1114 victimas
1392 1048 1628 1113 afferri.
1722 1047 1928 1111 Porro
1974 1066 2120 1111 eum
2169 1044 2385 1109 locum
2432 1045 2556 1109 sei-

612 1155 762 1200 mus
830 1135 1028 1199 fuisse
1085 1133 1575 1216 lerosolymam.
1666 1131 1772 1198 Ad
1840 1153 2052 1196 unum
2121 1151 2274 1195 vero
2337 1130 2555 1197 locum

610 1219 757 1285 ideo
811 1221 1149 1285 restrictae
1206 1218 1477 1284 fuerunt
1523 1240 1751 1284 omnes
1797 1218 2193 1296 oblationes,
2241 1237 2322 1279 ne
2367 1214 2553 1299 quid-

611 1327 806 1390 quam
872 1306 1013 1371 vitii
1076 1326 1159 1370 ex
1222 1307 1536 1370 varietate
1580 1305 1925 1388 obreperet
1979 1302 2060 1368 ad
2106 1301 2557 1383 dissipandam

611 1390 763 1457 fidei
835 1392 1175 1457 unitatem.
1279 1388 1522 1457 Omnia
1579 1392 1757 1454 enim
1815 1400 2135 1454 extranea
2188 1397 2558 1453 commenta

612 1475 712 1564 (ut
771 1477 903 1543 iam
965 1478 1125 1543 satis
1187 1477 1398 1542 visum
1459 1475 1585 1563 est)
1650 1475 1920 1540 totidem
1965 1484 2120 1540 sunt
2162 1474 2382 1539 cultus
2428 1471 2558 1537 Dei

610 1563 1110 1647 profanationes
1216 1562 1568 1633 Caeterum
1629 1584 1826 1645 quum
1898 1560 1999 1626 12.
2067 1564 2279 1643 capite
2334 1560 2556 1625 Moses

612 1650 981 1733 promiscue
1042 1649 1329 1715 decimas
1386 1648 1804 1714 coniunxerit
1863 1646 2199 1730 primitiis,
2257 1657 2323 1710 et
2383 1643 2555 1709 idem

612 1737 920 1802 statuerit
963 1734 1042 1799 de
1087 1735 1409 1817 utrisque,
1470 1755 1644 1800 nunc
1689 1734 1900 1817 legem
1947 1733 2127 1797 illam
2173 1731 2399 1796 addita
2442 1753 2554 1795 ex·

612 1822 910 1904 ceptione
971 1820 1257 1904 mitigat,
1317 1841 1555 1903 nempe
1614 1819 1671 1885 si
1729 1819 1987 1903 longior
2039 1818 2239 1883 fuerit
2284 1819 2421 1895 via,
2484 1826 2558 1882 ut

615 1907 1094 1991 permutatione
1167 1905 1370 1986 facta,
1445 1905 1788 1989 pecuniam
1856 1905 2111 1970 solvere
2168 1903 2360 1969 liceat
2417 1901 2557 1969 loeo

614 1993 948 2059 frumenti.
1048 1992 1196 2057 Non
1257 1990 1338 2057 de
1390 1993 1546 2057 solis
1600 1991 1858 2075 quidem
1923 1989 2190 2055 decimis
2251 1989 2558 2073 loquitur,

615 2079 728 2145 sed
791 2088 940 2144 vota
996 2089 1060 2143 et
1120 2076 1292 2142 dona
1336 2078 1706 2143 voluntaria
1747 2077 1943 2143 simul
2035 2077 2368 2152 ermiseet,
2424 2075 2557 2139 imo

613 2166 874 2249 proprie
919 2166 1062 2247 ipsa
1106 2164 1388 2246 respicit.
1480 2162 1655 2242 Quia
1700 2174 1921 2227 tamen
2012 2184 2048 2226 e
2091 2160 2213 2229 hoe
2260 2160 2557 2244 proximo

615 2273 854 2337 genere
906 2249 1088 2315 nulla
1142 2258 1245 2316 est
1285 2250 1610 2332 quaestio,
1671 2257 1929 2313 tantum
1977 2247 2425 2331 expendamus
2469 2267 2553 2310 an

616 2348 1123 2403 consentaneum
1164 2336 1365 2400 fuerit
1403 2334 1684 2401 decimas
1719 2356 1851 2399 uno
1887 2334 1954 2399 in
1992 2334 2132 2399 loco
2177 2334 2362 2400 solvi.
2432 2332 2557 2396 Le-

617 2423 774 2489 vitis
811 2424 877 2486 in
924 2421 1309 2488 alimentum
1356 2420 1543 2486 datae
1587 2419 1866 2491 fuerant.
1915 2439 2078 2502 quos
2122 2419 2283 2485 satis
2325 2431 2553 2483 notum

619 2519 720 2574 est
778 2508 975 2573 fuisse
1034 2528 1148 2588 per
1206 2518 1408 2571 totam
1468 2520 1709 2572 terram
1768 2506 2115 2589 dispersos.
2213 2505 2392 2588 Ergo
2443 2515 2555 2568 aut

618 2594 933 2659 habitatio
968 2592 1103 2657 illis
1126 2592 1563 2673 lerosolymae
1598 2591 1813 2657 danda
1859 2592 2000 2671 fuit,
2045 2600 2158 2656 aut
2203 2592 2378 2656 victu
2419 2610 2551 2654 non

617 2681 888 2745 fuerunt
959 2678 1298 2761 privandi,
1359 2679 1728 2760 ubieunque
1781 2687 2069 2762 agerent.
2176 2674 2551 2741 Absurdum

619 2785 777 2850 ergo
836 2765 1091 2829 videtur
1135 2775 1583 2847 praeceptum,
1644 2775 1712 2828 ut
1757 2763 2040 2829 decimas
2085 2784 2310 2828 omnes
2353 2763 2555 2826 totius

621 2851 905 2936 regionis
962 2849 1433 2934 lerosolymam
1500 2850 1976 2915 conveherent:
2035 2850 2190 2931 quia
2255 2847 2318 2913 id
2387 2847 2553 2912 nihil

620 2937 798 3003 aliud
845 2945 985 3001 erat
1040 2956 1237 3019 quam
1297 2937 1569 3001 miseros
1612 2936 1884 3002 Levitae
1939 2934 2160 3000 inedia
2216 2936 2553 3001 conficere.

619 3023 804 3090 Haec
865 3023 1234 3108 absurditas
1295 3023 1687 3106 interpretes
1745 3020 2059 3106 compulit
2103 3020 2184 3087 ad
2231 3020 2553 3087 fabrican-

620 3111 771 3176 dam
810 3109 1072 3175 dubiam
1112 3110 1586 3176 coniecturam:
1636 3130 1870 3194 nempe
1914 3107 2224 3193 populum
2272 3106 2557 3172 decimas

620 3213 850 3279 sponte
907 3196 1289 3278 reposuisse,
1335 3215 1493 3277 quas
1537 3194 2007 3279 lerosolymam
2055 3193 2376 3278 perferret
2419 3193 2555 3257 die-

622 3280 745 3348 bus
800 3283 999 3346 festis.
1091 3279 1221 3347 Sed
1268 3280 1597 3363 probabile
1645 3302 1775 3345 non
1821 3290 1921 3345 est
1965 3289 2097 3345 tam
2226 3300 2348 3344 ave
2392 3300 2557 3345 onus

622 3368 823 3433 fuisse
868 3366 1276 3450 impositum,
1340 3377 1414 3432 ut
1458 3366 1778 3431 duntaxat
1822 3364 1994 3450 quod
2040 3364 2369 3430 residuum
2418 3373 2560 3429 erat

622 3474 709 3517 ex
751 3453 981 3535 quinta
1024 3461 1210 3535 parte
1253 3451 1429 3516 domi
1471 3461 1827 3517 servarent.
1917 3453 2120 3534 Atqui
2163 3451 2434 3534 propius
2476 3448 2558 3515 ad

625 3536 1265 3605 verisimilitudinem
1308 3537 1674 3613 accederet,
1721 3559 1800 3602 ex
1851 3537 2084 3603 vicinis
2127 3539 2320 3621 agris,
2368 3545 2562 3619 prout

623 3624 881 3690 ferebat
944 3624 1402 3700 commoditas,
1469 3623 1941 3707 lerosolymam
2009 3624 2209 3689 fuisse
2275 3622 2556 3688 delatas:

625 3732 790 3794 quae
835 3722 1051 3775 autem
1098 3710 1168 3774 in
1213 3710 1372 3776 locis
1419 3709 1875 3775 remotioribus
1911 3709 2219 3775 collectae
2276 3708 2558 3787 fuerant,

624 3797 948 3880 repositas
974 3797 1108 3861 illic
1155 3795 1386 3862 fuisse:
1433 3795 1879 3881 lerosolymae
1925 3807 2147 3861 autem
2193 3815 2440 3871 censae,
2489 3804 2562 3859 ut

628 3882 1094 3965 supputatione
1152 3881 1326 3946 faeta
1385 3903 1501 3964 pro
1548 3902 1818 3947 numero
1862 3882 2294 3959 familiarum,
2356 3901 2564 3964 aequa

628 3966 997 4033 distributio
1033 3968 1209 4033 inter
1253 3969 1522 4033 laevitas
1570 3969 1771 4033 fieret.
1854 3967 2050 4032 Certe
2094 3967 2365 4031 minime
2410 3986 2565 4031 con-

627 4055 830 4133 venit,
877 4054 1170 4138 singulos
1207 4054 1524 4140 agricolas
1541 4053 2014 4139 lerosolymam
2060 4063 2355 4135 portasse
2396 4050 2565 4135 quod

626 4141 904 4207 Levitae
970 4138 1121 4204 inde
1186 4153 1524 4222 acceptum
1601 4140 1679 4204 ad
1728 4139 2008 4205 familias
2089 4160 2244 4204 suas
2302 4137 2568 4204 alendas

628 4227 875 4293 referre
912 4236 1317 4304 cogerentur.
1379 4224 1708 4304 Quorsum
1748 4227 1920 4290 enim
1959 4224 2075 4289 illa
2096 4225 2565 4290 circumvecta‘

630 4311 723 4376 tio
758 4312 984 4394 magni
1021 4324 1322 4394 sumptus
1359 4325 1420 4376 et
1461 4311 1836 4377 molestiae?
1892 4310 2083 4377 Adde
2118 4309 2287 4393 quod
2325 4312 2570 4375 frustra

631 4398 1012 4462 mandatum
1069 4410 1241 4464 esset
1283 4397 1575 4475 Levitis,
1631 4409 1696 4461 et
1753 4396 2014 4481 quidem
2069 4398 2256 4480 gravi
2300 4396 2568 4461 commi-

635 4483 900 4547 natione
944 4482 1183 4559 addita,
1229 4497 1301 4549 ut
1346 4481 1789 4548 sacerdotibus
1836 4483 2004 4547 bona
2048 4483 2174 4547 fide
2218 4481 2569 4566 solverent,

618 4570 691 4635 si
728 4568 900 4651 apud
939 4569 1303 4635 sacerdotes
1338 4570 1515 4653 ipsos
1551 4571 1830 4634 fuissent
1876 4569 2084 4650 primo
2128 4568 2266 4633 loco
2312 4566 2566 4652 deposi-

635 4666 773 4734 tae,
840 4655 955 4737 qui
1015 4655 1200 4720 facile
1258 4675 1599 4720 occurrere
1666 4665 1971 4738 poterant
2026 4652 2328 4719 omnibus
2384 4652 2573 4734 dolie,

636 4754 842 4805 totam
889 4737 1205 4805 frumenti
1249 4741 1500 4824 copiam
1545 4741 1862 4807 habentes
1907 4740 2027 4806 sub
2072 4760 2292 4806 manu.
2362 4741 2570 4805 Dubi-

634 4830 747 4894 'um
809 4826 1014 4908 igitur
1069 4827 1233 4890 mihi
1290 4849 1421 4892 non
1467 4838 1568 4893 est
1610 4827 1769 4910 quin
1818 4827 2092 4892 Levitae
2136 4827 2205 4891 in
2253 4826 2390 4891 suis
2432 4827 2572 4909 qui-

635 4934 764 5000 que
827 4910 1205 4994 regionibus
1264 4914 1547 4979 decimas
1601 4912 2013 4996 collegerint:
2090 4912 2297 4977 altera
2355 4922 2573 4977 autem

637 4996 980 5066 decimatio
1039 4999 1222 5063 cuius
1284 5021 1432 5064 mox
1495 5001 1741 5064 mentio
1798 5001 1942 5077 fiet,
2001 4996 2081 5062 ad
2128 5000 2572 5064 sanctuarium

638 5085 857 5154 delata
903 5083 1133 5160 fuerit,
1190 5093 1497 5167 tanquam
1544 5082 1783 5151 oblatio
1828 5105 2030 5162 sacra,
2077 5094 2145 5147 et
2187 5083 2402 5150 cultus
2449 5084 2578 5149 Dei

635 5170 968 5259 professio,
1059 5169 1285 5255 Nuper
1330 5172 1503 5234 enim
1555 5172 1767 5235 visum
1816 5172 1971 5250 fuit,
2027 5179 2169 5254 post
2216 5170 2575 5236 detractam

635 5261 819 5326 illam
855 5272 1128 5339 partem,
1176 5277 1413 5321 novem
1450 5255 1610 5321 alias
1653 5277 1818 5339 quae
1864 5257 2162 5322 residuae
2208 5256 2576 5336 manebant,

637 5343 897 5413 Levitis
933 5343 1133 5409 fuisse
1173 5353 1527 5427 reputatae,
1571 5363 1646 5408 ac
1682 5342 1738 5407 si
1774 5342 1842 5406 in
1887 5362 2113 5408 eorum
2160 5344 2337 5427 agris
2383 5352 2578 5408 natac

2018 426 2531 495 SECUNDUM
2575 426 3224 495 PRAEOEPTUM.

4458 428 4568 496 396

2661 623 2901 685 essent.
3003 618 3146 683 Iam
3220 618 3374 701 quia
3445 615 3870 701 querimoniis
3940 613 4225 680 obnoxia
4278 636 4378 679 res
4429 625 4569 702 erat,

2662 725 2867 769 unum
2905 703 2978 767 in
3013 704 3227 769 locum
3265 703 3590 788 primitias
3624 711 3693 767 et
3734 702 3976 766 alteras
4020 700 4303 766 decimas
4343 721 4568 768 coacer-

2660 790 2835 869 vari,
2893 811 3003 855 eas
3047 797 3122 856 ut
3164 799 3535 872 compescat
3579 789 3794 869 Deus,
3852 786 4159 852 admonet
4201 786 4319 851 toti
4360 790 4570 871 populo

2661 876 2822 941 utile
2876 897 3052 954 esse,
3111 885 3187 940 ut
3230 877 3441 941 victus
3485 874 3790 939 omnibus
3834 882 4140 958 suppetat
4183 873 4293 956 qui
4329 874 4573 940 venient

2660 961 2743 1027 ad
2806 960 3232 1028 celebrandos
3296 961 3495 1027 festos
3561 959 3719 1026 dies.
3823 959 3977 1024 Huc
4034 959 4208 1023 enim
4266 961 4573 1041 pertinent

2661 1048 2879 1128 verba,
2905 1047 3225 1114 Comedes
3267 1068 3484 1113 coram
3512 1046 3655 1111 Deo
3701 1056 3842 1111 tuo:
3889 1045 4074 1127 quasi
4119 1044 4364 1109 dictum
4406 1056 4574 1126 esset,

2659 1134 2873 1200 locum
2910 1134 3098 1199 illum
3128 1134 3267 1198 Deo
3311 1132 3450 1197 fore
3495 1152 3750 1198 sacrum
3798 1130 3881 1195 ad
3924 1150 4114 1214 quem
4162 1152 4200 1195 e
4244 1138 4378 1194 tota
4418 1139 4574 1196 terra

2660 1221 3059 1288 conveniant
3124 1218 3250 1283 Dei
3330 1219 3633 1284 cultores.
3742 1216 4012 1282 Interea
4078 1227 4295 1281 tamen
4364 1237 4571 1299 puram

2660 1307 2873 1373 cultus
2932 1308 3035 1372 sui
3092 1304 3614 1373 observationem
3675 1301 4119 1369 commendat:
4182 1324 4266 1367 ne
4308 1301 4574 1367 locorum

2661 1392 3007 1458 diversitas
3065 1391 3193 1458 hue
3252 1390 3407 1458 illuc
3465 1389 3775 1474 populum
3821 1389 4164 1455 abstrahat
4208 1387 4290 1453 ad
4336 1388 4576 1455 fictitias

2658 1479 3174 1564 superstitiones.

2830 1565 2934 1632 24.
3003 1563 3182 1646 Quod
3226 1564 3290 1629 si
3347 1562 3588 1647 lonqior
3638 1560 3834 1643 fuerit
3888 1560 4014 1626 via.
4119 1559 4222 1624 Ne
4282 1556 4450 1624 banc
4489 1579 4577 1624 re·

2661 1652 3063 1718 strictionem
3131 1648 3210 1715 de
3279 1647 3545 1715 decimis
3609 1647 4009 1731 intelligam,
4084 1644 4363 1728 impedit
4426 1645 4579 1729 quod

2660 1736 2815 1802 alibi
2875 1736 3222 1815 statuitur,
3276 1744 3350 1803 ut
3408 1734 3464 1799 si
3521 1735 3666 1817 quis
3710 1754 3820 1798 eas
3867 1731 4067 1797 vellet
4111 1731 4389 1815 pecunia
4431 1731 4580 1796 redi-

2661 1844 2876 1900 mere,
2920 1823 3218 1906 quintam
3264 1832 3516 1904 partem
3562 1818 3860 1885 adderet:
3919 1815 4091 1902 quod
4134 1838 4313 1883 nunc
4356 1817 4581 1882 omitti·

2661 1920 2799 1979 tur:
2861 1908 3096 1975 deinde
3152 1906 3498 1991 explicatio
3542 1926 3710 1989 quae
3753 1904 3948 1989 paulo
3990 1911 4134 1988 post
4175 1902 4467 1982 additur,
4522 1912 4587 1967 ut

2661 1995 3004 2079 pecuniam
3070 1993 3213 2060 loco
3271 1992 3674 2058 oblationum
3735 2011 3959 2059 secum
4015 1991 4264 2069 ferant,
4336 2011 4421 2055 ex
4473 2009 4586 2072 qua

2660 2092 2882 2148 emant
2919 2081 3118 2146 boves
3154 2088 3221 2144 et
3255 2099 3428 2157 oves,
3479 2079 3700 2143 vinum
3748 2087 3819 2142 et
3861 2076 4154 2152 siceram,
4200 2084 4399 2157 prout
4438 2074 4585 2140 libu-

2660 2169 2807 2234 erit.
2907 2166 3186 2233 Summa
3244 2174 3372 2244 est,
3443 2164 3499 2228 si
3559 2165 3756 2229 nimis
3807 2184 4011 2248 grave
4068 2161 4273 2227 fuerit
4332 2182 4416 2226 ex
4468 2160 4589 2226 suis

2659 2253 2927 2320 aedibus
2983 2251 3208 2336 procul
3260 2249 3582 2317 adducere
3645 2251 3942 2315 victimas
3985 2256 4050 2314 et
4095 2247 4226 2314 alia
4273 2245 4479 2327 dona,
4527 2252 4591 2311 ut

2657 2340 3105 2424 lerosolymae
3169 2357 3388 2404 emere
3454 2336 3647 2402 liceat
3709 2333 4022 2420 quidquid
4085 2334 4328 2399 offerre
4393 2333 4589 2399 visum

2655 2427 2883 2493 fuerit:
2931 2423 3122 2491 modo
3167 2445 3251 2488 ne
3295 2421 3452 2487 alibi
3494 2421 3847 2506 quidquam
3895 2421 4195 2486 offerant.

3295 2712 3428 2779 EX
3472 2710 3775 2779 EXODI
3817 2712 3980 2778 XX.

2831 2852 2938 2918 24.
3002 2851 3227 2918 Altare
3282 2855 3549 2917 terreum
3602 2850 3802 2934 facies
3856 2849 4017 2915 mihi
4031 2901 4046 2931 ,
4100 2855 4157 2917 et
4211 2850 4596 2933 sacrificabis

2659 2960 2854 3023 super
2895 2938 3058 3005 illud
3090 2936 3445 3004 holocausta
3489 2941 3617 3016 tua,
3663 2942 3720 3003 el
3759 2935 4079 3016 sacrificia
4107 2939 4593 3021 prosperitatum

2660 3031 2948 3128 tuarum,
2996 3025 3270 3122 pecudes
3312 3029 3483 3103 tuas,
3539 3029 3594 3088 el
3635 3027 4101 3124 armentafua:
4140 3024 4224 3123 ‚in
4273 3025 4451 3124 orani
4489 3023 4598 3090 loeo

2659 3136 2734 3279 ἓξ,
2778 3129 4153 3295 twffiffitfftgf'tfflffioe
4166 3107 4599 3280 εέῗΐέωῗὲ

2657 3286 2881 3370 feceris
2921 3282 3111 3359 mike,
3164 3301 3294 3348 non
3335 3281 3697 3364 aedificabis
3742 3301 3849 3347 eos
3890 3282 4159 3361 excisae,
4218 3284 4289 3348 si
4327 3283 4597 3368 yladium

2663 3379 2840 3439 tuum
2882 3369 3220 3438 elevaveris
3261 3388 3452 3451 super
3495 3368 3656 3447 illae,
3689 3368 3957 3450 pollues.

3248 3660 3377 3725 EX
3412 3659 3681 3726 DEU'P.
3728 3656 4028 3723 XXVII.

2837 3800 2898 3867 5.
2948 3797 3334 3881 Aedificabis
3374 3797 3446 3861 in
3488 3801 3687 3861 monte
3709 3793 3888 3862 Ebal
3929 3795 4127 3862 altare
4171 3816 4255 3860 ex
4299 3773 4602 3880 lapidibus

2668 3887 2932 3953 Iehovae
2954 3884 3091 3952 Deo
3134 3890 3273 3950 tuo.-
3315 3902 3436 3949 non
3479 3881 3713 3948 levabis
3752 3902 3944 3965 super
3983 3901 4087 3947 eos
4126 3882 4400 3965 ferrum.
4458 3883 4512 3948 6.
4546 3877 4607 3945 E

2666 3972 2990 4057 lapidibus
3044 3970 3305 4054 inteyris
3363 3968 3720 4050 aedificabis
3762 3970 3965 4033 altare
4010 3966 4280 4034 Iehovae
4324 3967 4453 4034 Dei
4490 3967 4603 4033 tui:

2666 4065 2723 4126 et
2787 4060 3001 4142 offeres
3064 4077 3256 4138 super
3309 4054 3472 4121 illud
3536 4053 4217 4204 holecaafflunfehovae
4288 4053 4434 4206 DZ
4471 4059 4603 4205 itata:

2669 4147 2743 4299 ἔξ
2777 4145 3124 4299 ἕξιῖιῖξῖῗ
3157 4162 3367 4294 {gram
3413 4160 3824 4293 Iefflgpzmw
3871 4190 4003 4291 tuo.²
4315 4161 4355 4223 q
4586 4188 4601 4217 ²

2845 4402 2906 4468 5.
2952 4400 3181 4467 Altare
3231 4403 3498 4464 terreum
3538 4396 3757 4479 facies,
3847 4396 4093 4462 Differt
4136 4396 4265 4463 hoc
4312 4415 4602 4481 praecep-

2673 4498 2817 4555 tum
2885 4488 2967 4555 ab
3036 4486 3244 4552 altero
3311 4481 3483 4567 quod
3537 4502 3715 4547 nune
3772 4483 4074 4566 exposui:
4148 4486 4305 4565 quia
4361 4484 4478 4550 etsi
4533 4478 4603 4546 ad

2673 4576 2796 4641 loci
2831 4573 3159 4640 delectum
3197 4570 3506 4655 pertinet,
3552 4569 3794 4634 omissa
3837 4578 4055 4634 tamen
4095 4568 4218 4634 loci
4268 4570 4602 4644 mentione,

2674 4671 2931 4727 tantum
2977 4657 3247 4741 attingit
3290 4654 3628 4721 materiam
3674 4665 3740 4719 et
3782 4655 4056 4720 formam
4098 4656 4349 4722 altaris.
4416 4655 4607 4732 Iubet,

2674 4750 2881 4832 igitur
2923 4746 3108 4811 Deus
3152 4743 3358 4808 altare
3400 4742 3522 4807 sibi
3567 4743 3816 4806 exstrui
3864 4740 3970 4805 vel
4012 4762 4095 4806 ex
4141 4752 4343 4822 terra,
4394 4742 4492 4806 vel
4532 4760 4603 4804 ex

2674 4833 2981 4917 congerie
3037 4829 3334 4914 lapidum
3394 4827 3505 4912 qui
3563 4826 3747 4892 nullo
3805 4827 4079 4892 artificio
4121 4827 4319 4910 politi
4359 4826 4601 4893 fuerint.

2676 4920 2825 4986 Hoc
2884 4927 3104 4984 autem
3163 4913 3244 4980 de
3297 4912 3614 4979 altaribus
3673 4913 4104 4996 interpretor,
4163 4934 4336 4996 quae
4394 4913 4496 4980 vel
4543 4911 4601 4974 in

2677 5005 2969 5084 deserto,
3018 5002 3121 5068 vel
3168 5001 3239 5066 in
3295 5000 3443 5064 aliis
3499 4999 3659 5064 locis
3704 4999 4107 5065 exstruenda
4149 5011 4372 5079 erant,
4418 4999 4600 5064 donee

2677 5091 3008 5176 patefacta
3074 5096 3247 5154 esset
3297 5085 3599 5170 perpetui
3659 5086 3780 5150 loci
3839 5085 4087 5152 electio.
4192 5085 4297 5150 Ea
4357 5085 4479 5151 sibi
4531 5102 4599 5146 ex

2680 5189 2859 5243 terra
2909 5174 3115 5239 voluit
3174 5174 3358 5238 Deus
3414 5172 3701 5250 exstrui,
3762 5180 3835 5235 ut
3895 5183 4125 5254 sponte
4183 5170 4598 5242 conciderent,

2681 5285 2802 5330 nec
2861 5274 3013 5346 post
3067 5260 3423 5326 discessum
3482 5257 3703 5341 populi
3762 5266 4058 5323 maneret
4109 5256 4378 5340 aliquod
4425 5254 4602 5322 vesti·

2678 5352 2880 5435 gium.
2972 5344 3164 5428 Quod
3212 5345 3267 5410 si
3311 5342 3779 5409 adhiberentur
3821 5342 4103 5426 lapides,
4149 5344 4366 5408 vetuit
4408 5336 4601 5427 aptari
