4867 6150
591 404 720 473 651

593 593 909 678 negativa
963 604 1097 673 est,
1157 593 1423 678 quidam
1467 615 1587 679 pro
1630 578 1690 663 7¹>
1746 593 2092 678 accipiunt,
2150 592 2327 659 unde
2372 616 2549 662 ema-

593 692 761 746 nant
804 680 935 746 duo
978 702 1209 748 sensus
1252 680 1596 746 contrarii:
1643 678 1720 747 Si
1764 702 1911 747 eam
1949 679 2371 764 desponderit
2404 682 2549 764 sibi,

592 768 704 834 vel
748 764 827 835 Si
871 788 1023 833 non.
1115 764 1190 833 Si
1235 766 1630 832 affirmative
1695 767 1992 850 accipere
2048 765 2340 851 placeat,
2394 768 2550 837 finis

591 853 925 938 praecepti
990 853 1149 918 erit:
1217 850 1295 919 Si
1361 851 1665 918 dominus
1731 874 1928 938 quam
1992 854 2242 919 amavit
2305 862 2372 918 et
2424 855 2550 921 sibi

594 939 955 1005 destinavit
1011 959 1287 1005 uxorem
1359 938 1688 1022 repudiet,
1756 947 1830 1005 ut
1892 958 2037 1004 eam
2103 941 2545 1006 manumittat.

589 1025 740 1091 Etsi
786 1025 961 1090 enim
1008 1023 1091 1090 ad
1130 1025 1405 1091 verbum
1443 1033 1573 1090 est:
1621 1024 1974 1091 Redimere
2009 1025 2203 1092 faciet
2236 1044 2417 1091 eam:
2464 1048 2549 1094 ex

587 1110 1087 1178 circumstantia
1129 1118 1354 1176 tamen
1400 1110 1658 1178 elicitur
1710 1111 1890 1176 illius
1943 1110 2322 1177 liberandae
2379 1133 2549 1178 onus

588 1196 873 1281 iniungi.
965 1196 1102 1262 Nec
1144 1195 1362 1262 obstat
1404 1196 1579 1280 quod
1622 1204 1880 1263 tantum
1927 1198 2203 1281 eripitur
2255 1205 2548 1282 potestas

585 1304 736 1349 eam
780 1281 1109 1350 vendendi
1153 1282 1366 1348 alieno
1401 1283 1664 1367 populo:
1713 1282 2264 1367 [quandoquidem
2306 1282 2375 1348 id
2411 1305 2547 1350 non

589 1369 673 1434 de
716 1368 873 1435 solis
917 1369 1163 1435 exteris
1206 1369 1537 1454 intellige,
1599 1368 1713 1435 sed
1776 1368 1858 1435 de
1900 1370 2171 1453 reliquis
2213 1371 2546 1453 populari-

590 1455 739 1522 bus:
800 1462 877 1521 ut
933 1463 1253 1522 vocantur
1310 1455 1645 1521 interdum
1702 1454 1898 1520 alieni
1958 1455 2071 1539 qui
2114 1465 2272 1521 sunt
2315 1477 2400 1522 ex
2447 1457 2546 1521 di·

586 1562 782 1610 versa
823 1541 1001 1607 tribu
1047 1541 1151 1607 vel
1195 1540 1464 1607 familia.
1510 1541 1683 1607 Nam
1719 1541 1986 1626 alioqui]
2025 1543 2325 1625 quamvis
2361 1542 2548 1609 nulla

589 1636 762 1693 esset
816 1628 1104 1711 coniugii
1157 1628 1406 1711 pactio,
1467 1648 1692 1693 servos
1751 1637 1977 1695 tamen
2036 1650 2119 1693 ex
2184 1637 2412 1695 sancto
2478 1636 2547 1694 et

584 1714 798 1780 electo
839 1715 1080 1797 populo
1125 1713 1384 1797 genitos
1442 1713 1689 1779 exteris
1743 1713 2042 1780 addicere
2083 1713 2185 1780 fas
2221 1736 2353 1779 non
2396 1715 2541 1780 fuit.

588 1799 781 1864 Adde
837 1798 1008 1883 quod
1068 1797 1243 1882 apud
1288 1799 1624 1866 Israelitas
1668 1800 1934 1866 nonnisi
1977 1800 2358 1883 temporalis
2400 1805 2545 1865 erat

583 1888 892 1954 servitus.
938 1885 1211 1966 Verum,
1255 1893 1347 1952 ut.
1371 1886 1500 1950 alia
1534 1885 1756 1951 omnia
1785 1894 2215 1971 praeteream,
2260 1886 2545 1953 sufficiat

587 1978 848 2038 tantum
895 1971 1106 2037 notari
1142 1972 1636 2053 absurditatem,
1678 1972 1736 2037 si
1771 1971 1972 2038 herus
2006 1979 2319 2055 tanquam
2356 1994 2543 2038 man-

578 2057 832 2142 cipium
855 2057 1160 2122 venalem
1179 2058 1381 2123 habet
1417 2077 1605 2123 suam
1642 2077 1992 2142 sponsam:
2033 2058 2117 2137 [si
2155 2079 2384 2124 eorum
2407 2059 2543 2143 opi-

586 2144 699 2209 nio
743 2143 1077 2226 recipitur,
1124 2143 1237 2228 qui
1272 2153 1511 2228 putant
1544 2146 1749 2209 verba
1783 2145 1925 2208 fleri
1964 2144 2044 2208 de
2082 2144 2355 2228 repudio
2391 2153 2543 2228 post

583 2239 921 2296 contracta
964 2230 1344 2313 sponsaliaJ.
1434 2228 1784 2295 Caeterum
1831 2230 1994 2295 mihi
2037 2231 2252 2314 magis
2310 2229 2540 2314 proba-

579 2324 694 2382 tur
736 2315 998 2382 diversa
1041 2316 1389 2395 sententia,
1438 2316 1769 2401 [quamvis
1807 2317 2007 2383 herus
2043 2314 2127 2381 ad
2161 2317 2543 2401 coniugium

580 2423 717 2468 non
763 2401 1243 2484 adspiraveritJ,
1290 2402 1348 2467 si
1393 2401 1731 2485 displiceat
1774 2403 2006 2481 forma,
2066 2410 2142 2467 ut
2186 2424 2330 2468 eam
2378 2404 2544 2469 nolit

582 2488 707 2555 sibi
755 2486 996 2552 habere
1029 2509 1323 2568 uxorem,
1362 2487 1599 2552 saltem
1635 2487 2086 2554 redimendam
2122 2497 2335 2554 curet:
2384 2490 2543 2572 quia

579 2574 1067 2659 periclitaretur
1130 2577 1271 2640 eius
1323 2572 1641 2657 pudicitia
1698 2574 1757 2640 si
1811 2575 2092 2658 innupta
2154 2575 2331 2658 apud
2386 2596 2537 2640 eum

581 2669 910 2726 maneret:
961 2660 1118 2745 [nisi
1153 2662 1320 2726 forte
1353 2660 1676 2745 significet
1698 2660 1938 2742 Moses,
1983 2665 2325 2745 postquam
2363 2682 2539 2726 com·

579 2767 811 2831 pressa
860 2746 1090 2826 fuerit,
1148 2745 1381 2811 herum
1428 2768 1557 2811 non
1605 2745 1867 2830 dignari
1911 2767 2057 2812 eam
2102 2767 2381 2831 sponsae
2424 2746 2540 2812 bo-

580 2852 763 2897 nore.
809 2830 1066 2897 Verum
1103 2831 1273 2915 quod
1318 2833 1451 2898 iam
1488 2832 1683 2898 retuli
1717 2831 2077 2916 simplicius
2113 2831 2264 2920 est].
2324 2832 2538 2899 Cave-

580 2926 691 2983 tur
735 2938 891 3002 ergo
947 2917 1184 3000 puellis
1240 2939 1325 2983 ne
1383 2938 1504 3002 pro
1561 2919 1833 2984 libidine
1892 2926 2195 3002 stuprum
2256 2920 2540 2985 offerant

580 3004 715 3071 illis
760 3003 1028 3070 domini.
1090 3004 1198 3070 Ita
1240 3002 1595 3089 spernendi
1639 3004 1916 3069 verbum
1963 3026 2095 3070 non
2139 3005 2543 3091 intelligitur

575 3090 663 3156 de
706 3088 1001 3173 repudio,
1045 3091 1159 3156 sed
1205 3092 1457 3177 gratiae
1503 3091 1608 3156 vel
1654 3092 1862 3156 amori
1898 3092 2230 3175 coniugali
2267 3092 2540 3175 opponi-

581 3186 712 3244 tur.
760 3174 1144 3243 Secundum
1186 3186 1318 3292 ⁸⁵5
1351 3187 1430 3243 ut
1474 3198 1619 3242 eam
1663 3177 1802 3242 filio
1838 3198 1955 3244 suo
1993 3178 2422 3262 despondeat:
2468 3179 2540 3242 in

581 3282 712 3346 quo
771 3263 970 3327 etiam
1026 3263 1261 3345 pudori
1318 3271 1383 3328 et
1441 3262 1772 3329 honestati
1818 3263 1959 3329 eius
2003 3264 2402 3346 consulitur,
2456 3285 2542 3330 ne

583 3348 858 3414 dominii
914 3350 1058 3414 iure
1122 3370 1456 3433 oppressa,
1523 3357 1816 3414 scortum
1882 3351 2014 3415 fiat.
2117 3351 2343 3416 Tertio
2401 3350 2543 3415 loco

583 3446 875 3512 cavetur,
924 3435 979 3500 si
1028 3434 1365 3518 repudiata
1409 3436 1624 3515 fuerit,
1679 3456 1762 3501 ne
1804 3436 2027 3518 iniqua
2069 3436 2158 3501 sit
2202 3438 2341 3502 eius
2387 3458 2542 3502 con-

580 3519 763 3586 ditio.
854 3521 1086 3604 Itaque
1141 3522 1198 3587 si
1255 3543 1496 3586 nurum
1554 3521 1679 3585 sibi
1737 3519 2051 3602 destinet,
2110 3542 2184 3587 ac
2227 3523 2363 3587 filio
2422 3542 2543 3587 suo

577 3605 1005 3691 despondeat,
1045 3607 1311 3672 iubetur
1353 3628 1504 3673 cum
1548 3629 1627 3672 ea
1668 3607 2027 3673 liberaliter
2064 3628 2277 3692 agere.
2368 3608 2542 3674 Nam

584 3714 705 3776 pro
759 3713 942 3758 more
995 3693 1285 3758 filiarum
1342 3693 1734 3758 tantundem
1793 3695 1966 3760 valet
2039 3703 2234 3777 atque
2297 3694 2543 3776 dotare,

585 3779 699 3844 vel
734 3779 968 3844 saltem
990 3787 1274 3846 tractare
1298 3779 1484 3861 quasi
1504 3778 1882 3863 ingenuam.
1946 3779 2233 3846 Subiicit
2257 3779 2540 3860 demum,

583 3866 646 3931 si
681 3864 816 3929 filio
841 3865 1038 3929 aliam
1063 3866 1264 3949 eligat
1287 3886 1578 3946 uxorem,
1615 3887 1698 3930 ne
1722 3885 1889 3948 quae
1924 3865 2165 3932 reiecta
2202 3865 2325 3930 fuit
2362 3867 2544 3933 victu

585 3956 656 4016 et
699 3952 946 4017 vestitu
990 3951 1346 4017 fraudetur.
1437 3952 1541 4016 De
1587 3951 1780 4017 tertio
1827 3971 1957 4016 non
2001 3954 2161 4017 satis
2211 3953 2541 4019 convenit.

590 4038 886 4103 Vertunt
928 4036 1194 4120 quidam
1231 4037 1549 4120 Tempus:
1596 4036 1710 4103 sed
1750 4058 1884 4101 non
1919 4037 2111 4103 video
2146 4038 2304 4122 quid
2338 4039 2547 4123 signi-

585 4125 739 4189 ficet
785 4133 1043 4207 tempus
1088 4122 1481 4188 diminuere:
1545 4122 1655 4186 alii
1717 4121 2000 4188 reddunt
2043 4122 2335 4189 debitum
2388 4146 2544 4190 con-

586 4209 837 4294 iugale,
908 4209 1107 4274 nimis
1165 4209 1542 4287 licentiose,
1611 4208 1721 4273 alii
1780 4210 2024 4276 rectius
2090 4209 2541 4275 afflictionem:

585 4297 741 4378 quia
784 4296 852 4359 in
896 4295 1170 4379 repudio
1214 4295 1563 4360 humiliata
1606 4295 1730 4359 fuit
1774 4295 2010 4379 puella.
2091 4297 2279 4362 Dura
2322 4304 2544 4362 tamen

584 4391 688 4447 est
721 4380 1047 4463 loquutio:
1093 4381 1401 4447 Minuere
1446 4381 1865 4447 afflictionem
1902 4401 2022 4466 pro
2056 4382 2340 4460 iniuriae
2374 4403 2548 4449 com-

587 4469 982 4549 pensatione.
1085 4467 1492 4552 Expendant
1548 4488 1706 4552 ergo
1761 4467 2036 4535 lectores
2095 4490 2181 4533 an
2227 4489 2360 4533 non
2426 4481 2544 4546 rm?

585 4572 705 4636 pro
749 4561 937 4634 pacto
981 4554 1084 4619 vel
1143 4552 1441 4621 condicto
1501 4562 1832 4620 sumatur:
1900 4556 1991 4620 sic
2058 4555 2235 4618 enim
2300 4557 2545 4638 optime

583 4640 752 4704 fluet
793 4648 1166 4720 contextus,
1228 4639 1285 4705 si
1327 4640 1505 4705 filius
1551 4640 1748 4705 aliam
1792 4640 2058 4706 duxerit
2101 4661 2410 4719 uxorem,
2472 4649 2546 4705 ut

585 4724 807 4807 puella
848 4725 1183 4807 repulsam
1217 4725 1623 4810 ignominiae
1657 4747 1855 4810 passa
1888 4727 1991 4791 ius
2026 4746 2218 4792 suum
2254 4728 2325 4791 in
2364 4727 2545 4793 victu

585 4819 653 4874 et
720 4811 961 4877 vestitu
1022 4809 1321 4896 dotisque
1386 4814 1850 4879 constitutione
1907 4812 2230 4878 obtineat:
2301 4812 2546 4897 alioqui

585 4896 770 4962 Deus
812 4896 1020 4981 gratis
1065 4898 1445 4963 manumitti
1485 4898 1685 4978 iubet,
1731 4908 1807 4964 ut
1845 4898 2112 4965 libertas
2151 4899 2449 4965 fraudem
2485 4899 2548 4964 ei

584 4983 827 5064 factam
873 4993 1267 5067 compenset.

2045 405 2535 476 6111116611
2568 408 3224 513 ,1616661166

4460 411 4566 480 652

3252 687 3384 753 EX
3426 686 3732 754 EXODI
3775 687 4011 755 XXII.

2828 860 2909 925 16
2930 856 2998 945 ¹).
3063 858 3269 941 Quum
3324 861 3644 926 seduxerit
3698 861 4020 943 quispiam
4072 859 4373 944 vio-qinom
4433 882 4570 944 quae

2651 965 2777 1012 non
2819 951 2909 1012 est
2957 946 3346 1026 desponsata,
3393 952 3451 1012 et
3490 946 3709 1012 coierit
3745 967 3886 1013 oum
3928 967 4021 1026 ea,
4063 946 4331 1013 dotando
4372 946 4572 1015 dotabit

2650 1032 2775 1098 sibi
2818 1032 2890 1097 in
2930 1051 3206 1097 uxorem.
3300 1033 3379 1098 17
3388 1083 3401 1098 .
3456 1031 3534 1098 Si
3574 1032 3886 1099 renuendo
3926 1033 4207 1098 renuerit
4236 1036 4420 1114 pater
4455 1036 4572 1100 eius

2650 1119 2709 1183 ei
2752 1118 2904 1218 dare
2960 1118 3187 1200 ipsam,
3241 1120 3585 1200 pecuniam
3644 1119 3952 1204 appendet
4013 1118 4351 1185 seeundum
4404 1120 4575 1186 dotem

2647 1205 2980 1289 virmnum,

2822 1375 3001 1442 Hinc
3045 1375 3247 1442 etiam
3298 1375 3535 1459 liquet,
3596 1378 3897 1461 quamvis
3950 1396 4231 1461 poenam
4274 1374 4577 1442 forensem

2648 1462 2944 1527 remittat
2981 1463 3184 1539 Deus,
3230 1464 3689 1528 scortationem
3736 1464 3799 1528 ei
3841 1483 3975 1528 non
4022 1462 4299 1546 placere.
4370 1460 4576 1543 Quoad

2648 1548 2989 1631 spirituale
3039 1547 3354 1614 iudicium
3414 1549 3878 1626 conscientiae,
3952 1557 4145 1614 erant
4198 1547 4451 1631 piacula
4509 1547 4577 1613 ad

2648 1655 2800 1700 eum
2847 1632 3265 1716 placandum:
3334 1634 3441 1700 1116
3496 1635 3808 1718 prospicit
3866 1643 4125 1700 tantum
4191 1633 4455 1719 puellis,
4508 1654 4578 1700 ne

2648 1719 2974 1803 deceptae,
3019 1721 3261 1786 amissa
3303 1720 3706 1804 virginitate,
3752 1722 3919 1785 fiant
3962 1720 4359 1804 prostibula:
4404 1730 4578 1803 atque

2647 1806 2739 1869 ita
2784 1815 2962 1872 terra
3004 1806 3252 1889 stupris
3287 1807 3686 1890 inquinetur.
3777 1806 4173 1871 Remedium
4218 1814 4435 1872 autem
4476 1815 4577 1882 est,

2646 1900 2722 1956 ut
2764 1892 2874 1974 qui
2916 1891 3206 1976 puellam
3251 1892 3560 1975 corrupit,
3606 1900 3878 1977 cogatur
3919 1913 4189 1958 uxorem
4229 1891 4485 1958 ducere:
4524 1899 4581 1957 et

2646 1977 2907 2060 quidem
2953 1998 3096 2043 eam
3143 1978 3368 2044 dotare
3412 1978 3492 2044 de
3534 1999 3673 2056 suo,
3721 2000 3807 2043 ne
3849 1978 3906 2043 si
3950 1977 4186 2044 deinde
4229 1998 4377 2043 eam
4410 1998 4578 2061 repu-

2647 2064 2798 2138 diet,
2850 2083 3056 2129 vacua
3097 2063 3179 2128 ab
3223 2067 3363 2129 eius
3404 2064 3595 2129 thoro
3654 2064 3961 2131 discedat.
4051 2063 4252 2146 Quod
4317 2063 4374 2129 si
4429 2063 4578 2147 patri

2645 2149 2900 2233 puellae
2937 2169 3070 2214 non
3104 2149 3360 2233 placeat
3393 2151 3793 2235 coniugium,
3837 2171 4052 2234 poena
4087 2151 4444 2234 stupratori
4477 2150 4578 2214 im-

2646 2236 2915 2319 ponitur
2958 2244 3036 2300 ut
3079 2236 3297 2301 dotem
3342 2237 3651 2322 assignet.

3246 2576 3379 2643 EX
3422 2575 3691 2643 DEUT.
3737 2573 4003 2641 XXIV.

2817 2747 2877 2814 5.
2952 2748 3160 2830 Quum
3223 2749 3370 2830 quis
3434 2748 3738 2829 acceperit
3801 2765 4060 2811 uxorem
4135 2764 4367 2811 novam
4389 2794 4404 2821 ,
4478 2761 4583 2808 non

2644 2835 2990 2919 eyredietur
3032 2834 3120 2901 ad
3161 2834 3401 2915 bellmn,
3446 2854 3638 2915 neque
3679 2834 4038 2916 inianyetur
4078 2832 4137 2896 ei
4179 2849 4446 2895 munus:
4481 2829 4583 2893 im-

2645 2921 2859 2986 munis
2917 2921 3036 2987 erit
3077 2922 3149 2986 in
3207 2921 3386 2986 domo
3440 2940 3561 2985 sua
3604 2940 3773 2986 anno
3813 2939 3953 2998 uno,
3998 2921 4053 2982 et
4093 2916 4413 2983 delectabit
4448 2934 4582 2981 uxo-

2644 3026 2778 3071 rem
2818 3026 3003 3073 suam
3047 3026 3235 3089 quam
3280 3007 3530 3094 accepit.

2818 3179 3005 3245 Haec
3037 3179 3425 3244 immunitas
3463 3177 3546 3244 ad
3580 3175 4062 3244 conciliandum
4100 3184 4407 3241 mutuum
4430 3192 4584 3239 amo-

2646 3285 2787 3331 rem
2832 3273 3113 3349 spectat,
3172 3265 3282 3348 qui
3327 3265 3634 3331 maritum
3683 3273 3747 3328 et
3791 3283 4064 3328 uxorem
4107 3262 4180 3326 in
4223 3261 4360 3328 fide
4402 3258 4584 3327 conti-

2647 3358 2820 3416 neat.
2911 3351 3287 3418 Periculum
3333 3350 3510 3415 enim
3555 3356 3674 3428 est,
3734 3350 3790 3415 si
3836 3349 4115 3413 maritus
4157 3368 4372 3413 uxore
4415 3346 4584 3413 ducta

2647 3437 2775 3503 alio
2842 3438 3066 3502 statim
3134 3435 3442 3516 discedat,
3509 3456 3595 3500 ne
3659 3434 3901 3501 mulier
3963 3454 4177 3517 nuper
4233 3434 4455 3500 virum
4494 3453 4584 3497 ex-

2645 3531 2834 3607 perta
2853 3531 3205 3608 antequam
3229 3524 3289 3587 ei
3332 3523 3533 3607 probe
3577 3521 3959 3598 assueverit,
4006 3521 4287 3586 nimium
4332 3521 4418 3586 sit
4456 3537 4584 3603 pro-

2646 3609 2835 3675 clivis
2891 3607 2974 3674 ad
3034 3609 3307 3675 alterius
3362 3627 3655 3673 amorem
3717 3614 3783 3673 et
3840 3606 4261 3673 desiderium.
4378 3603 4583 3672 Simile

2647 3703 2714 3760 et
2771 3694 2843 3758 in
2897 3695 3046 3760 viro
3113 3703 3288 3761 esset
3346 3694 3743 3778 periculum:
3792 3713 3947 3758 nam
3991 3693 4063 3757 in
4106 3691 4282 3757 bello
4340 3700 4407 3756 ot
4459 3689 4581 3756 aliis

2648 3780 3173 3864 expeditionibus
3218 3781 3426 3845 multa
3468 3787 3826 3846 occurrunt
3870 3799 4034 3863 quae
4080 3778 4257 3844 viros
4300 3777 4381 3842 ad
4424 3775 4582 3860 flagi·

2647 3868 2817 3931 tium
2866 3866 3236 3933 sollicitent.
3328 3867 3492 3930 Vult
3549 3886 3706 3950 ergo
3764 3866 3945 3930 Deus
4003 3865 4202 3929 totius
4247 3864 4410 3930 anni
4450 3881 4581 3928 con·

2648 3952 2995 4018 suetudine
3051 3953 3256 4018 foveri
3314 3972 3603 4017 amorem
3659 3951 3785 4016 viri
3851 3959 3918 4015 et
3982 3950 4296 4030 feminae,
4358 3956 4431 4015 ut
4477 3948 4582 4012 hoc

2649 4038 2843 4104 modo
2888 4038 3263 4104 stabiliatur
3307 4038 3469 4103 fides
3511 4038 3687 4102 inter
3728 4056 3842 4103 eos
3885 4045 4147 4114 mutua,
4192 4045 4261 4102 et
4303 4043 4580 4101 constan·

2649 4135 2751 4190 ter
2796 4124 2922 4189 sibi
2962 4134 3191 4207 postea
3234 4124 3317 4189 ab
3359 4122 3771 4207 impudicitia
3813 4130 4109 4189 caveant.
4177 4122 4390 4187 Porro
4433 4115 4579 4205 quod

2647 4231 2859 4276 novae
2903 4211 3093 4276 uxori
3137 4211 3459 4294 permittit
3480 4210 3663 4275 Deus
3704 4231 3775 4275 se
3811 4208 4136 4275 oblectare
4163 4229 4316 4274 cum
4354 4207 4579 4285 marito,

2649 4318 2782 4361 non
2829 4298 3100 4379 vulgare
3154 4295 3608 4380 indulgentiae
3666 4315 3823 4360 suae
3884 4294 4218 4378 specimen
4263 4295 4336 4358 in
4381 4314 4453 4358 eo
4492 4290 4580 4356 de-

2650 4391 2993 4447 monstrat.
3104 4382 3288 4447 Fieri
3333 4391 3510 4448 certe
3554 4402 3683 4446 non
3728 4388 3944 4464 potest
3985 4380 4138 4463 quin
4184 4377 4579 4445 concubitum

2650 4469 2776 4533 viri
2821 4489 2971 4534 cum
3017 4489 3225 4534 uxore
3268 4467 3485 4552 aliquo
3533 4467 3696 4533 vitio
3740 4468 3987 4533 inficiet
4029 4466 4250 4533 carnis
4292 4466 4580 4547 intempe-

2651 4555 2900 4620 rantia:
2962 4555 3144 4637 atqui
3187 4552 3373 4621 Deus
3419 4576 3549 4619 non
3595 4554 3807 4618 solum
3850 4553 4152 4636 ignoscit,
4211 4551 4329 4616 sed
4387 4551 4580 4615 velum

2649 4640 2921 4725 opponit
2965 4640 3177 4707 sancti
3221 4641 3524 4724 coniugii,
3589 4661 3674 4704 ne
3716 4640 4081 4721 imputetur
4133 4637 4306 4721 quod
4364 4657 4473 4720 per
4522 4652 4579 4699 se

2649 4727 2962 4793 vitiosum
3006 4737 3174 4792 erat:
3222 4728 3353 4792 imo
3376 4727 3548 4791 ultro
3586 4724 3900 4808 coneedit,
3946 4732 4022 4790 ut
4042 4724 4318 4789 maritus
4339 4733 4407 4788 et
4437 4739 4580 4786 uxor

2650 4834 2722 4878 se
2777 4812 3118 4878 oblectent.
3219 4813 3399 4878 Huic
3444 4811 3755 4877 mandato
3810 4811 4162 4895 respondet
4204 4808 4367 4874 illud
4410 4802 4579 4873 Pauli

2650 4898 2737 4985 (1.
2786 4898 2937 4964 Gor.
2987 4899 3046 4977 7,
3088 4897 3175 4986 3),
3238 4907 3312 4962 ut
3354 4899 3457 4964 vir
3502 4896 3785 4962 debitam
3833 4896 4355 4963 benevolentiam
4406 4891 4576 4958 uxori

2651 4983 2901 5063 reddat,
2947 4993 3015 5049 et
3058 4984 3358 5049 similiter
3403 5005 3571 5048 uxor
3630 4984 3809 5048 viro:
3857 5004 3941 5047 ne
3986 5005 4054 5049 se
4099 4981 4377 5047 invicem
4420 4980 4575 5044 frau-

2652 5069 2829 5148 dent,
2876 5071 3003 5136 nisi
3048 5091 3131 5134 ex
3177 5089 3503 5136 consensu
3545 5069 3627 5135 ad
3687 5078 3979 5154 tempus,
4041 5078 4118 5133 ut
4168 5075 4399 5133 vacent
4449 5083 4576 5148 pre·

2653 5158 2835 5224 cibus
2880 5165 2945 5221 et
2989 5155 3252 5221 ieiunio,

2829 5344 2890 5414 1)
2921 5344 3092 5398 Hebr.
3131 5341 3216 5397 15.
3250 5341 3335 5397 16.
