4867 6150
550 432 685 502 575

556 633 906 695 verterunt
947 621 1245 707 quidam:
1300 621 1436 703 Qui
1477 621 1911 705 expresserit,
1971 620 2328 705 insipidum
2376 628 2514 686 est:

538 712 727 779 'mihi
785 711 1058 777 verbum
1115 707 1550 793 transfigendi
1606 710 1854 791 optime
1910 706 2236 790 quadrare
2299 707 2512 772 visum

557 808 662 866 est
702 796 1036 882 praesenti
1078 795 1256 862 loco:
1304 816 1427 862 nec
1471 795 1751 861 multum
1797 792 2115 860 absimilis
2159 803 2263 858 est
2303 793 2515 858 latina

555 884 886 970 loquutio,
931 879 1376 968 proscindere,
1424 880 1530 946 vel
1572 880 1886 947 lacerare.
1977 879 2084 945 De
2125 899 2328 945 sensu
2370 879 2514 962 qui·

558 970 708 1036 dem
745 970 904 1035 satis
938 968 1261 1045 convenit,
1307 966 1478 1049 quod
1502 966 1690 1033 Deus
1725 986 1988 1032 sacrum
2031 986 2225 1031 suum
2270 985 2513 1030 nomen

559 1056 727 1124 nolit
794 1055 1103 1139 probrose
1169 1051 1441 1120 traduci.
1532 1053 1624 1118 Et
1693 1061 1870 1153 certe
1927 1050 2359 1118 intolerabilis
2414 1059 2519 1116 est

557 1138 1043 1295 &51:355ss
1052 1139 1347 1291 1322*
1321 1138 1714 1303 0223?ssss
1717 1158 1820 1289 Ἓξ
1816 1134 2514 1289 Μοίω“ἓοῗιέἓθῗῗέἓ

480 1336 488 1353 ¹
558 1314 823 1380 exserit.
890 1311 1125 1378 Genus
1148 1332 1407 1395 quoque
1428 1312 1660 1377 mortis
1694 1310 2107 1394 exprimitur,
2141 1308 2300 1375 dum
2333 1308 2517 1374 iubet

557 1399 885 1485 lapidibus
941 1397 1131 1464 obrui
1188 1418 1228 1462 a
1284 1405 1422 1463 toto
1464 1396 1705 1482 populo
1721 1446 1739 1477 ,
1795 1404 1868 1461 ut
1910 1416 2140 1461 omnes
2181 1416 2219 1461 e
2262 1404 2515 1478 specta-

557 1486 711 1553 culo
762 1485 879 1550 illo
937 1483 1266 1550 discerent
1319 1482 1712 1549 abolendum
1756 1503 1899 1547 esse
1943 1481 2074 1547 tale
2119 1488 2513 1564 portentum,

557 1570 732 1656 quod
776 1580 1026 1636 terram
1066 1568 1571 1636 contaminabat.
1661 1567 1894 1634 Voluit
1935 1568 2134 1634 etiam
2183 1566 2368 1632 Deus
2411 1586 2516 1631 ze·

558 1657 702 1724 lum
745 1655 967 1741 populi
1011 1655 1115 1721 sui
1158 1655 1457 1740 probare,
1500 1676 1707 1739 quum
1750 1674 1980 1720 omnes
2024 1661 2388 1719 accerseret
2429 1650 2517 1716 ad

561 1741 1011 1809 defensionem
1045 1742 1523 1832 gloriaewsuae,
1569 1750 1640 1806 et
1680 1740 1765 1805 ad
1810 1739 2168 1805 vindictam
2210 1744 2515 1804 armaret.

559 1828 770 1895 Porro
809 1848 944 1893 non
979 1827 1540 1906 IudaeosfsoluQ
1584 1827 1696 1909 qui
1740 1846 1812 1891 se
1854 1824 2333 1910 profitebantur
2375 1824 2519 1889 eius

561 1915 882 1992 cultores,
937 1913 1094 1981 huic
1151 1933 1399 1998 poenae
1457 1911 1770 1989 subiecit,
1828 1910 1945 1977 sed
1989 1921 2252 1978 exteros
2296 1909 2516 1988 etiam,

560 2002 675 2086 qui
717 1999 1094 2085 negotiandi
1135 2019 1335 2066 causa
1377 1999 1449 2064 in
1490 2006 1669 2065 terra
1710 1997 2064 2082 degerent,
2111 2016 2346 2080 nempe
2388 2014 2520 2078 quo

561 2087 856 2154 severius
906 2086 980 2151 in
1036 2085 1200 2170 ipsis
1246 2084 1620 2151 domesticis
1661 2084 1776 2168 qui
1819 2084 2039 2150 minus
2083 2090 2278 2148 erant
2317 2102 2520 2148 excu-

561 2172 819 2252 sabiles,
863 2173 1112 2239 crimen
1155 2171 1491 2255 punirent.

736 2259 863 2324 Ex.
923 2258 1038 2337 22,
1097 2256 1160 2324 9.
1225 2256 1303 2322 Si
1350 2258 1499 2340 quis
1539 2256 1793 2323 dederit.
1884 2255 2282 2339 Quanquam
2326 2252 2398 2319 in
2445 2275 2522 2321 eo

559 2344 702 2412 loco
722 2344 899 2411 unde
935 2343 1099 2411 duos
1133 2344 1293 2409 istos
1326 2363 1562 2409 versus
1593 2342 1865 2427 sumpsi,
1904 2341 2184 2426 depositi
2219 2341 2299 2407 fit
2331 2360 2522 2406 men-

1977 432 2440 516 QUARTUM
2495 429 3147 501 PRAEOEPTUM.

4427 431 4535 501 576

2616 621 2725 695 tio,
2769 629 2838 686 et
2858 620 3082 686 Moses
3115 619 3475 699 fraudibus,
3524 621 3772 705 rapinis
3813 630 3881 687 et
3922 621 4117 686 furtis
4158 643 4241 685 ex
4282 622 4540 703 professo

2616 707 2920 784 occurrit,
2964 706 3125 773 haec
3170 713 3395 772 tamen
3441 728 3594 789 pars
3637 706 3864 772 debuit
3904 706 4134 772 referri
4180 705 4260 772 ad
4305 708 4540 774 tertium

2616 801 3040 878 praeseptum
3064 792 3221 876 quia
3253 791 3626 877 legitimum
3665 814 3860 859 usum
3894 791 4321 859 iurisiurandi
4352 802 4545 860 osten·

2617 879 2733 960 dit,
2776 899 3016 962 nempe
3052 887 3126 943 ut
3162 879 3232 943 in
3270 879 3467 944 rebus
3501 878 3772 946 occultis
3817 879 3900 945 ad
3947 879 4081 944 Dei
4123 879 4545 946 testimoninm

2618 965 2999 1049 confugiant
3027 964 3348 1044 homines,
3376 986 3453 1032 ac
3488 966 3663 1032 inter
3709 967 3875 1031 osito
3911 986 4098 1031 sacro
4132 967 4275 1031 eius
4307 967 4546 1032 nomine

2618 1051 2704 1116 lis
2745 1051 2921 1116 inter
2964 1052 3141 1135 ipsos
3186 1051 3549 1117 dirimatur.
3639 987 3868 1132 (guum
3904 1062 4125 1116 autem
4169 1073 4254 1116 ex
4301 1051 4418 1116 Dei
4457 1073 4549 1116 re·

2622 1136 2921 1203 verentia
2955 1136 3237 1221 pendeat
3275 1158 3446 1220 quae
3490 1137 3782 1203 defertur
3824 1138 4146 1203 autoritas
4170 1138 4548 1218 iuramentis,

2619 1223 2816 1289 simul
2863 1225 2933 1287 in
2978 1224 3135 1307 ipsis
3179 1223 3679 1290 commendatur
3721 1222 3883 1290 fides
3927 1233 3994 1290 et
4036 1223 4299 1307 religio,
4352 1236 4425 1289 ut
4460 1224 4552 1288 in-

2621 1317 2724 1376 ter
2777 1331 2848 1374 se
2904 1310 3129 1375 omnia
3173 1308 3629 1393 respondeant.
3718 1309 3886 1374 Vult
3928 1311 4125 1375 etiam
4170 1308 4416 1375 absolvi
4455 1307 4554 1373 ds-

2620 1395 3005 1480 positarium
3048 1396 3107 1462 si
3148 1397 3328 1461 iuret
3368 1394 3613 1461 animal
3656 1395 3828 1478 quod
3870 1396 3941 1459 in
3984 1394 4351 1462 custodiam
4395 1415 4556 1461 mce-

2621 1493 2806 1566 perat
2849 1481 3157 1565 periisse,
3210 1482 3511 1564 quamvis
3556 1481 3696 1546 eius
3740 1481 3839 1546 rei
3879 1490 4118 1547 testem
4162 1500 4299 1545 non
4338 1480 4556 1563 produ·

2621 1578 2758 1634 cat:
2819 1567 2972 1651 quia
3036 1568 3336 1650 iniquum
3398 1579 3500 1632 est
3563 1579 3640 1631 ut
3704 1565 3965 1648 culpam
4030 1567 4384 1646 sustineat,
4443 1567 4558 1631 nisi

2621 1653 2803 1720 fraus
2883 1653 2990 1720 vel
3063 1653 3349 1720 crassius
3414 1651 3679 1736 aliquod
3742 1651 4053 1718 delictum
4119 1652 4557 1717 intervenerit.

2623 1738 2784 1805 Ideo
2834 1738 2908 1804 in
2969 1741 3104 1805 fine
3156 1737 3400 1805 dicitur
3418 1788 3433 1816 ,
3493 1738 3814 1821 suscipiet
3866 1758 4205 1821 possessor
4246 1738 4561 1802 iuramen-

2625 1833 2765 1891 tum
2781 1875 2798 1905 ,
2843 1824 3019 1909 quod
3064 1822 3451 1891 tantundem
3497 1823 3678 1890 valet
3720 1843 3796 1889 ac
3839 1834 4109 1909 cogetur
4152 1822 4562 1907 acquiescere,

2625 1931 2710 1977 ne
2781 1910 2955 1976 ultra
3020 1911 3388 1977 molestiam
3443 1911 3743 1977 facessat.
3846 1910 3910 1975 N
3911 1910 4154 1975 otanda
4209 1920 4431 1975 autem
4480 1909 4563 1973 lo·

2623 1996 2850 2081 quntio
2894 2006 3026 2063 est:
3087 1997 3239 2062 Erit
3281 1995 3742 2061 iusiurandum
3787 1995 4075 2062 Iehovae
4117 1996 4296 2060 inter
4339 1994 4565 2071 ambos,

2623 2104 2757 2168 qua
2800 2082 3065 2150 iurandi
3107 2082 3227 2148 reli
3279 2083 3339 2148 'o
3381 2090 3451 2148 et
3493 2083 3810 2148 sanctitas
3854 2078 4374 2160 commendatur,
4424 2079 4566 2145 dum

2624 2168 2930 2235 admonet
2954 2170 3176 2235 Moses
3279 2189 3433 2234 eum
3475 2189 3619 2235 esse
3662 2176 3959 2234 autorem
4006 2188 4229 2234 sacrae
4273 2167 4569 2233 testifico·

2626 2254 2840 2333 tionis,
2881 2255 3152 2339 ideoque
3194 2254 3479 2322 iudicem
3523 2274 3600 2321 ac
3643 2253 3971 2320 vindicem
4015 2252 4410 2338 praesidere.

1788 3327 2427 3438 QUARTUM
2478 3323 3380 3424 PRAEOEPTUM.

1196 3629 1328 3697 Ex
1373 3628 1677 3697 EXODI
1719 3628 1881 3697 XX.

743 3803 804 3870 8.
864 3801 1219 3868 Recordare
1268 3801 1398 3867 diei
1457 3798 1783 3882 Sabbathi,
1841 3808 1913 3867 ut
1959 3801 2309 3885 smtetifioes
2349 3822 2524 3869 eum.-

568 3890 632 3958 9.
698 3886 824 3956 Sea>
885 3888 1103 3954 diebus
1165 3886 1531 3969 operaberis
1584 3891 1642 3951 et
1692 3887 1893 3971 facies
1947 3890 2311 3956 unwersum
2366 3909 2528 3972 opus

568 3981 767 4042 tuum.
859 3973 962 4040 10.
1006 3972 1172 4040 Dies
1220 3977 1428 4039 autem
1484 3973 1789 4055 septimus
1834 3972 2220 4040 Sabbathum
2264 3973 2528 4041 Iehovae

569 4061 703 4128 Dei
734 4061 832 4127 tui
864 4065 973 4128 est.
1041 4058 1189 4125 Non
1217 4059 1417 4142 facies
1449 4057 1654 4124 unum
1695 4078 1873 4140 opus,
1914 4064 2002 4141 ta,
2044 4064 2105 4124 et
2138 4060 2320 4142 filius
2360 4067 2526 4141 tum,

2628 3630 4591 3716 mmm‚quodvisiumenwmwum‚etinquamm

2629 3717 3439 3800 quiestinportistuis‚
3494 3718 4589 3800 utquieseatservustmcsetaw

2630 3803 2931 3870 cillatua
2972 3803 3134 3868 sieut
3174 3806 3259 3868 ta.
3336 3803 3438 3870 15.
3484 3802 3957 3870 Aereeordare
3996 3803 4160 3887 qaod
4201 3805 4592 3889 sm·w

2630 3887 4186 3973 risinterraAeyypti,eteduxeritteIehova
4229 3889 4591 3958 Densum

2631 3974 2782 4040 inde
2825 3995 2944 4058 per
2994 3994 3254 4040 manum
3300 3976 3527 4058 fortem
3580 3979 3637 4042 et
3686 3974 4015 4042 brachium
4066 3975 4404 4044 mtrem.
4494 3976 4595 4042 Id·

2631 4062 2802 4160 circo.
2822 4061 3147 4143 praecepit
3189 4060 3420 4132 Iehova
3463 4060 3646 4128 Deus
3694 4066 3844 4127 tuus
3883 4067 3956 4126 ut
3991 4061 4207 4144 facias
4244 4064 4425 4130 diem
4464 4059 4591 4129 sab-

2776 4168 2821 4213 τ.

569 4145 2530 4230 σίβῑίαίαα,εονυαειυαε,είαποίῖὶαιωα,ειίπᾳαίῐὺηαε
2632 4145 2776 4213 bath

570 4238 721 4299 mus
775 4233 890 4315 qm·
931 4236 1020 4298 est
1059 4232 1130 4297 in
1161 4231 1373 4313 portis
1413 4231 1572 4296 tais.-
1640 4230 1742 4296 11.
1794 4231 2104 4313 Quoniam
2147 4252 2263 4297 sex
2305 4232 2530 4298 diebus

568 4317 2531 4402 feeitIehovaeoelumetterram,mareetquaeounquein

570 4403 709 4469 illis
760 4408 937 4484 sunt,
987 4408 1044 4468 et
1084 4403 1319 4486 quievit
1358 4401 1462 4466 die
1502 4403 1794 4485 septimo.-
1838 4409 2177 4487 propterea
2217 4404 2530 4472 benedixit

575 4488 816 4555 Iehova
855 4490 1025 4555 diem
1063 4487 1365 4567 sabbathi,
1409 4492 1468 4554 et
1508 4488 1920 4570 sanctificavit
1957 4511 2114 4556 eum.

968 4828 1491 4910 ΒΕΡΕΤΙΤῙΟ,
1535 4830 1670 4896 Ex
1713 4830 1984 4897 DEUT.
2032 4830 2117 4896 V.

752 5003 854 5069 12.
920 4999 1194 5067 Observa
1256 4999 1422 5067 diem
1486 5001 1778 5067 sabbathi
1839 5008 1912 5068 ut
1965 5023 2109 5069 eum
2162 5002 2530 5085 sanctifices,

842 5086 1098 5153 modum
1126 5088 1453 5170 praecepit
1495 5087 1728 5154 Iehova
1769 5086 1950 5154 Deus
1992 5095 2157 5155 tuus.
2252 5089 2351 5155 13.
2401 5088 2531 5156 Sex

574 5175 795 5244 diebus
856 5171 1240 5255 operaberis,
1307 5178 1367 5237 et
1425 5173 1625 5255 facies
1684 5174 2051 5240 universum
2112 5194 2273 5258 opus
2322 5180 2532 5242 tumn.-

574 5264 712 5330 dt'es
769 5264 977 5328 autem
1030 5259 1335 5339 septimus
1383 5258 1748 5324 sabbathum
1801 5265 1892 5326 est
1933 5260 2201 5327 Iehovae
2242 5261 2374 5328 Dei
2413 5263 2526 5327 tui.

580 5349 682 5414 14.
729 5347 880 5412 Non
928 5344 1129 5428 facies
1181 5343 1385 5410 ullum
1440 5345 2249 5427 opastuetfiliastuas‚
2303 5349 2531 5414 etasi-

2809 4318 3027 4384 Exodi
3084 4319 3204 4396 20,
3264 4317 3325 4383 8.
3397 4316 3750 4384 Recordare
3806 4318 3938 4384 diei
3991 4318 4298 4385 sabbathi.
4404 4318 4587 4386 Finis

2636 4404 2837 4471 huius
2893 4404 3225 4489 praecepti
3284 4413 3386 4469 est
3440 4413 3518 4468 ut
3562 4424 3634 4469 se
3677 4413 4028 4470 exerceant
4069 4404 4303 4472 fideles
4347 4405 4426 4471 in
4468 4403 4586 4471 Dei

2637 4491 2841 4557 cultu.
2909 4489 3174 4557 Scimus
3217 4490 3417 4569 enim,
3461 4490 3593 4555 nisi
3633 4490 3708 4555 in
3750 4488 3998 4556 tuenda
4042 4490 4163 4556 reli
4215 4490 4395 4558 'onis
4435 4509 4586 4558 cura

2638 4585 2706 4643 et
2755 4576 2979 4643 studio
3023 4576 3293 4643 fulturis
3328 4576 3630 4642 nitantur
3663 4576 3773 4644 vel
3817 4575 4233 4642 adminiculis
4279 4598 4586 4644 movean-

2638 4673 2752 4729 tur
2792 4662 3127 4739 homines,
3172 4683 3370 4746 quam
3414 4661 3741 4746 proclives
3783 4662 3920 4727 sint
3960 4660 4046 4727 ad
4088 4663 4450 4746 ignaviam.
4508 4661 4584 4726 In

2636 4748 2926 4816 secundo
2983 4748 3248 4833 quidem
3307 4755 3654 4833 praecepto
3708 4747 3954 4832 aliquid
4014 4747 4096 4814 de
4139 4762 4423 4815 externa
4458 4749 4586 4833 pie-

2636 4835 2794 4902 tatis
2829 4836 3226 4919 professione
3268 4834 3403 4899 iam
3448 4834 3808 4919 attigimus,
3853 4843 3923 4900 et
3962 4834 4033 4899 in
4076 4833 4289 4918 primo
4333 4851 4583 4919 quoque

2639 4922 2858 4988 brevis
2914 4923 3088 4988 facta
3141 4920 3274 4987 fuit
3328 4921 3576 4985 mentio
3630 4920 3952 4986 festorum
3993 4919 4411 5004 quorundam
4454 4920 4583 4985 die·

2637 5026 2816 5074 rum:
2874 5018 3200 5092 quatenus
3250 5006 3503 5074 scilicet
3542 5006 3614 5070 in
3659 5004 3969 5090 paschate
4011 5015 4078 5071 et
4120 5005 4435 5090 primitiis
4477 5026 4580 5090 po-

2635 5094 2865 5178 pulus,
2933 5095 3120 5178 quasi
3178 5091 3438 5159 solenni
3489 5094 3878 5176 repetitione
3932 5090 4244 5172 foederis,
4312 5114 4388 5159 se
4442 5092 4580 5158 Deo

2634 5178 2992 5246 addicebat.
3059 5179 3313 5245 Multae
3348 5177 3549 5243 etiam
3592 5199 3678 5244 ex
3719 5178 4143 5245 caeremoniis
4185 5198 4354 5261 quas
4393 5198 4577 5261 expo-

2633 5266 2907 5345 suimus,
2952 5263 3271 5331 sabbatho
3316 5263 3550 5329 affines
3594 5275 3802 5330 erant.
3875 5264 4123 5329 Verum
4169 5284 4303 5331 non
4352 5264 4467 5331 abs
4508 5283 4576 5327 re

2634 5350 2819 5418 Deus
2851 5351 3202 5434 specialem
3237 5352 3456 5417 locum
3492 5349 3796 5416 attribuit
3838 5357 3977 5416 tam
4020 5346 4343 5417 sabbatho
4382 5368 4577 5434 quam
