4867 6150
360 426 479 493 541

361 611 586 681 eodem
629 634 829 680 sensu
871 633 1055 679 nunc
1088 611 1365 679 verbum
1408 626 1539 681 ΠΒἾ
1571 610 1750 697 quod
1786 618 2122 694 acceptum
2160 629 2305 675 esse

362 699 702 784 significat,
747 720 927 765 nunc
970 720 1127 766 vero
1171 720 1404 765 nomen
1474 712 1603 795 ῑἹΒἾ
1662 697 1879 781 ponit,
1940 696 2108 779 quod
2171 716 2303 761 non

357 792 570 871 potest
614 785 742 851 nisi
775 785 855 849 ad
879 785 1005 851 Dei
1040 785 1328 851 favorem
1367 784 1628 850 referri:
1676 780 1849 867 quod
1876 781 2077 866 vulgo
2108 780 2301 847 bene-

405 870 667 938 lacitum
717 871 972 937 dicitur.
1063 869 1317 936 Deinde
1362 870 1556 937 sicuti
1600 869 1725 934 hoc
1767 868 1908 936 loco
1951 867 2302 952 composite

359 894 597 1024 dicitur
641 943 905 1026 0:234),
961 957 1054 1022 ita
1096 956 1293 1039 paulo
1335 966 1486 1056 post
1528 954 1878 1023 subiicitur
1930 937 2058 1022 02‘:
2114 937 2304 1045 1534),

358 1042 473 1109 ubi
515 1042 874 1110 denunciat
918 1063 1046 1106 non
1092 1045 1230 1107 fore
1269 1042 1406 1108 illis
1446 1042 1519 1107 in
1553 1041 2067 1124 acceptationem
2103 1039 2302 1104 muti·

357 1128 490 1195 lam
528 1129 829 1208 hostiam,
864 1129 1020 1211 quia
1042 1127 1184 1194 Deo
1220 1135 1585 1212 respuetur.
1632 1125 1911 1194 Summa
1943 1126 2150 1210 igitur
2183 1133 2302 1203 est,

357 1214 416 1282 si
458 1215 730 1298 cupiant
771 1215 915 1280 Deo
968 1214 1231 1297 probari
1288 1233 1464 1279 suas-
1487 1212 1847 1279 oblationes
1864 1261 1878 1289 ,
1938 1208 2301 1277 cavendum

357 1319 502 1366 esse
545 1321 631 1366 ne
672 1298 830 1384 quid
871 1298 1022 1365 vitii
1064 1299 1154 1365 sit
1194 1298 1570 1366 admistum.
1637 1297 2030 1381 Quanquam
2064 1296 2123 1363 si
2156 1297 2304 1381 quis

479 1386 718 1452 tuitum
762 1386 1049 1451 favorem
1088 1385 1371 1468 exprimi
1401 1385 1565 1450 velit
1597 1382 1988 1468 beneplaciti
2023 1383 2302 1462 nomine,

386 1470 639 1537 'benter
681 1471 985 1536 admitto:
1046 1469 1573 1555 quandoquidem
1631 1491 1764 1536 non
1808 1468 2001 1534 aliter
2042 1469 2303 1552 placent

353 1557 503 1623 Deo
546 1566 771 1623 nostra
813 1557 1056 1636 officia,
1117 1557 1244 1622 nisi
1290 1563 1647 1641 quatenus,
1692 1576 1811 1640 pro
1866 1562 2140 1639 paterna
2182 1573 2302 1620 sua

353 1642 800 1729 indulgentia,
858 1644 1144 1726 pretium
1203 1662 1330 1726 quo
1387 1643 1660 1708 minime
1717 1640 1919 1725 digna
1973 1649 2131 1706 sunt
2182 1639 2302 1706 tri-

352 1728 560 1794 buere
638 1727 965 1813 dignatur.
1091 1727 1357 1794 Interea
1441 1738 1680 1794 tametr
1751 1726 2080 1793 discamus
2168 1747 2300 1792 non

353 1835 500 1882 esse
544 1835 694 1880 cum
738 1815 881 1880 Deo
921 1812 1306 1893 ludendum,
1350 1811 1466 1880 sed
1509 1814 1767 1897 integro
1809 1822 1877 1878 et
1917 1813 2168 1879 sincero
2213 1811 2303 1877 af-

351 1902 532 1968 fectu
576 1901 671 1967 sic
710 1899 1052 1967 colendum
1100 1919 1241 1967 esse
1285 1907 1360 1965 ut
1401 1899 1541 1965 eius
1585 1899 1990 1983 beneplacito
2033 1919 2302 1982 respon-

352 1984 557 2052 deant
592 1996 822 2051 nostra
854 1985 1190 2052 sacrificia.
1237 1985 1415 2052 Hinc
1438 1985 1635 2051 etiam
1661 1996 1798 2050 tam
1820 2003 2053 2050 secura
2085 1985 2302 2050 cultus

351 2073 497 2140 eius
534 2071 919 2156 profanatio,
955 2071 1110 2155 quia
1129 2091 1265 2138 non
1290 2071 1451 2138 satie
1473 2079 1850 2137 reverenter
1872 2070 2303 2156 expendimus

348 2158 515 2242 quid
570 2159 710 2225 eius
769 2156 1150 2241 perfectioni
1209 2155 1616 2240 respondeat.
1707 2155 1982 2223 Certum
2041 2157 2303 2241 quidem

350 2254 452 2311 est
490 2244 661 2309 nihil
706 2264 896 2328 posse
943 2267 983 2310 a
1026 2242 1213 2309 uobis
1256 2243 1582 2327 proficisci
1623 2245 1802 2309 omni
1841 2263 1926 2308 ex
1961 2252 2156 2329 parte·
2181 2264 2303 2327 pu-

348 2351 535 2396 rum:
582 2329 698 2396 sed
741 2330 1105 2414 aspiremus
1148 2329 1380 2396 saltem
1424 2349 1554 2412 quo
1598 2327 1801 2408 decet,
1845 2349 1920 2395 ac
1963 2350 2304 2414 gemamus

350 2415 652 2483 studium
698 2426 992 2482 nostrum
1039 2415 1234 2500 longe
1281 2436 1320 2480 a
1362 2435 1481 2480 suo
1520 2416 1653 2480 fine
1698 2414 1962 2492 distare,
2007 2423 2084 2481 ut
2132 2414 2303 2498 quod

345 2502 543 2569 nobis
600 2501 809 2580 deest,
873 2500 1183 2568 Christus
1238 2500 1457 2586 gratia
1511 2521 1630 2568 sua
1692 2500 2023 2585 suppleat:
2094 2522 2305 2585 neque

345 2589 534 2654 enim
581 2586 847 2654 dubium
891 2595 1020 2667 est,
1065 2586 1255 2655 modo
1299 2587 1620 2653 sacrificia
1663 2599 1887 2652 nostra
1929 2608 2123 2654 verae
2167 2591 2305 2654 sint

343 2673 874 2759 regenerationis
909 2674 1174 2753 fructus,
1221 2674 1380 2758 quin
1416 2694 1641 2738 eorum
1673 2673 1961 2739 maculas
1995 2694 2117 2739 suo
2151 2693 2301 2739 san·

340 2761 557 2847 gnine
599 2759 952 2843 abstergat.

528 2845 632 2912 23.
676 2843 767 2911 Et
808 2845 1032 2925 bovem,
1077 2850 1134 2911 et
1159 2863 1353 2928 pecus
1384 2844 1792 2927 werstanum.
1839 2842 2160 2929 Exceptio
2194 2844 2303 2914 hic

341 2933 631 3017 ponitur
651 2931 724 2996 in
748 2932 1127 3015 spontaneis
1162 2929 1633 2997 oblationibus:
1678 2929 1812 2996 illic
1846 2930 2019 2995 enim
2059 2930 2302 2998 animal

341 3018 455 3087 vel
511 3017 849 3103 pusillum,
914 3016 1019 3085 vel
1062 3018 1249 3086 cuius
1291 3016 1656 3084 membrum
1704 3024 2113 3085 contractum
2157 3019 2302 3099 erit,

340 3105 451 3173 vel
511 3107 755 3172 iustum
798 3103 1066 3170 modum
1109 3101 1397 3183 excedet,
1443 3124 1576 3168 non
1621 3103 1926 3187 repudiat
1966 3103 2170 3171 Deus.
2215 3105 2308 3171 Et

338 3200 533 3258 certe
592 3192 702 3257 ubi
759 3190 940 3273 quis,
998 3210 1208 3274 neque
1250 3197 1438 3268 voto,
1483 3210 1529 3253 n
1614 3208 1696 3253 ue
1739 3189 1868 3255 alia
1913 3191 2304 3258 necessitate

338 3277 706 3344 obstrictus
751 3284 869 3357 est,
913 3276 1126 3341 maior
1169 3274 1361 3342 debet
1402 3295 1546 3340 esse
1607 3274 1868 3342 ibertas.
1916 3276 2302 3343 Tenendum

341 3374 579 3429 tamen
623 3370 724 3428 est
766 3362 1020 3427 nullam
1063 3361 1398 3429 victimam
1444 3358 1590 3427 Deo
1632 3360 1894 3445 probari
1938 3383 2105 3447 quae
2139 3363 2303 3430 vitio

343 3448 630 3516 notabili
671 3447 941 3514 laboret.
1552 3497 1560 3511 .

523 3533 630 3601 25.
677 3534 778 3602 De
810 3554 1006 3601 manu
1040 3536 1243 3599 autem
1283 3531 1684 3616 alieniyenae.
1730 3533 1863 3601 Hic
1899 3542 2082 3601 vetat
2118 3535 2305 3602 Deus

346 3621 662 3688 victimas
706 3618 1059 3699 eiusmodi,
1124 3618 1225 3684 vel
1285 3618 1366 3685 ab
1412 3620 1703 3685 externis
1745 3629 1997 3704 emptas
2041 3620 2163 3688 sibi
2207 3622 2304 3688 of-

342 3707 529 3787 ferri,
591 3726 961 3790 quanquam
1006 3703 1294 3769 Hebraei
1339 3703 1675 3770 diversum
1721 3725 1986 3772 sensum
2030 3706 2304 3774 fabrica-

342 3801 530 3873 runt,
580 3814 663 3858 ne
708 3790 790 3857 ab
833 3790 1166 3857 extraneis
1209 3789 1470 3874 quidem
1515 3791 1886 3874 recipienda
1928 3813 2071 3859 esse
2106 3794 2304 3859 sacri-

342 3880 500 3947 ficia
547 3899 713 3964 quae
759 3876 842 3944 ab
884 3877 1043 3962 ipsis
1088 3876 1396 3943 ecclesiae
1431 3875 1585 3943 filiis
1618 3877 1841 3943 offerri
1877 3898 2008 3943 non
2046 3878 2301 3947 licebat.

345 3964 709 4032 Caeterum
777 3962 932 4048 quia
998 3982 1267 4046 prorsus
1340 3983 1381 4028 a
1433 3963 1634 4030 sacris
1698 3962 2134 4030 oblationibus
2192 3966 2300 4031 lex

343 4050 622 4117 arcebat
675 4060 909 4135 gentes
963 4047 1370 4129 immundas,
1432 4049 1863 4131 excogitanda
1918 4050 2132 4118 adhuc
2173 4051 2303 4118 fuit

342 4137 596 4203 solutio
658 4136 856 4201 huius
900 4134 1072 4200 nodi.
1160 4133 1417 4199 Volunt
1473 4134 1692 4219 itaque
1745 4134 2145 4221 alienigenas
2192 4158 2298 4203 vo·

341 4225 504 4303 cari,
556 4222 668 4306 qui
712 4223 1068 4288 observant
1108 4229 1452 4304 praecepta
1494 4220 1778 4287 filiorum
1825 4221 2000 4303 Noe,
2067 4244 2300 4309 nempe

340 4311 457 4394 qui
495 4307 719 4374 Deum
764 4306 1196 4388 benedicunt,
1253 4326 1375 4372 nec
1418 4326 1488 4372 se
1531 4308 1980 4374 contaminant
2019 4309 2298 4390 incestu,

340 4394 690 4461 abstinent
732 4393 814 4459 ab
859 4392 1178 4459 effusione
1214 4391 1557 4476 sanguinis
1591 4392 1885 4473 humani,
1930 4403 1996 4460 et
2030 4395 2298 4479 rapinis,

343 4491 416 4547 et
501 4480 683 4546 idola
747 4500 881 4545 non
947 4479 1256 4545 adorant:
1336 4478 1449 4545 sed
1524 4489 1854 4563 repugnat
1927 4490 2298 4549 contextus:

341 4567 506 4652 quia
548 4567 619 4632 in
663 4567 795 4632 fine
846 4565 1106 4632 subiicit
1162 4564 1415 4644 Moses,
1473 4583 1602 4628 non
1663 4573 1925 4649 accepta
1975 4569 2112 4633 fore
2154 4566 2301 4635 Deo

343 4651 734 4719 huiusmodi
792 4650 1107 4718 sacrificia
1178 4670 1298 4734 pro
1355 4651 1516 4733 ipsis
1572 4649 1869 4717 Iudaeis:
1940 4653 2108 4735 quod
2168 4675 2297 4720 non

344 4739 707 4806 conveniet
751 4738 808 4803 si
870 4746 1102 4821 gentes
1156 4737 1337 4821 ipsae
1397 4735 1693 4802 offerant.
1795 4737 2077 4804 Videtur
2142 4760 2299 4825 ergo

342 4824 520 4891 mihi
567 4824 977 4890 confirmatio
1023 4843 1165 4889 esse
1205 4823 1563 4907 superioris
1609 4822 1954 4902 doctrinae,
1999 4845 2118 4908 per
2161 4846 2298 4890 mo·

347 4910 516 4976 dum
565 4910 1005 4993 occupationis
1050 4908 1289 4993 posita:
1352 4908 1558 4974 videri
1620 4910 1793 4974 enim
1839 4918 2097 4992 poterat
2141 4911 2298 4977 tole-

342 4996 583 5062 rabilis
625 4995 889 5079 oblatio,
924 4995 982 5061 si
1017 4994 1282 5074 animal,
1314 4994 1613 5078 quamvis
1648 4995 1978 5076 mutilum,
2022 4998 2304 5081 pecunia

344 5091 580 5149 tamen
626 5081 958 5147 emissent.
1047 5081 1249 5163 Atqui
1292 5081 1688 5165 pronunciat
1729 5081 1932 5162 Deus,
1989 5082 2161 5165 quod
2206 5084 2303 5150 fas

342 5190 489 5235 non
538 5176 681 5233 erat
738 5188 820 5233 ex
875 5165 1153 5251 propriis
1210 5166 1418 5233 caulis
1464 5166 1774 5246 educere,
1828 5166 2037 5233 nihilo
2093 5170 2305 5254 magis

342 5252 620 5340 probari
685 5254 743 5320 si
806 5253 1014 5339 pretio
1069 5262 1517 5336 comparatum
1574 5253 1801 5334 fuerit,
1860 5253 2012 5338 quia
2068 5255 2305 5322 vitium

342 5360 620 5425 semper
665 5338 1019 5424 displiceat.
1107 5336 1339 5423 Neque
1381 5337 1504 5405 hoc
1548 5338 1629 5404 ad
1674 5340 2047 5423 proximum
2100 5361 2306 5406 mem-

1757 421 2056 491 SEOUN
2059 419 2270 489 DUM
2311 418 2952 490 PRAEOEP'PUM.

4222 426 4355 493 542

2406 609 2600 676 brum
2647 609 2993 694 restringo,
3039 612 3209 676 sicut
3251 609 3379 675 illi:
3427 632 3500 678 ac
3537 612 3595 677 si
3631 632 3845 678 sermo
3889 623 4062 679 esset
4099 623 4355 681 tantum

2407 692 2490 760 de
2556 693 2948 762 animalibus
3013 698 3349 778 castratis,
3416 698 3519 763 vel
3587 699 3821 782 quibus
3887 702 4143 767 contusi
4198 710 4356 767 sunt

2407 780 2729 849 testiculi:
2775 781 2887 848 sed
2934 802 3249 850 verrucas
3289 783 3489 849 etiam
3538 792 3606 848 et
3634 784 4088 870 impetiginem
4123 795 4191 852 et
4226 787 4357 853 alia

2405 866 2570 932 vitia
2623 867 2820 932 simul
2877 868 3375 951 comprehendo.
3463 868 3609 935 Iam
3668 890 3797 953 quo
3855 872 4003 955 plus
4044 871 4356 956 ponderis

2405 950 2649 1018 habeat
2709 951 3066 1037 prohibitio
3083 1006 3099 1033 ,
3177 955 3423 1020 iterum
3489 956 3804 1022 sacrificia
3868 965 4060 1024 vocat
4116 980 4356 1043 panem

2405 1035 2568 1104 Dei:
2619 1060 2752 1104 non
2798 1038 2968 1123 quod
3005 1037 3211 1118 Deus,
3258 1042 3370 1124 qui
3414 1041 3563 1107 fons
3607 1041 3785 1108 vitae
3830 1054 3962 1124 est,
3997 1043 4140 1111 cibo
4182 1045 4355 1110 indi-

2406 1132 2590 1208 geat:
2648 1124 2753 1191 vel
2810 1123 2980 1210 quod
3034 1147 3232 1192 carne
3290 1127 3701 1211 corruptibili
3757 1139 4065 1198 vescatur
4085 1179 4104 1214 ,
4152 1152 4356 1216 quum

2406 1210 2495 1275 sit
2536 1209 2808 1294 spiritus
2845 1218 3180 1278 aeternus:
3231 1212 3343 1278 sed
3390 1234 3517 1297 quo
3560 1214 3804 1281 maiore
3839 1215 4183 1301 diligentia
4217 1225 4357 1283 stu-

2408 1295 2607 1362 deant
2651 1296 2949 1363 homines
2990 1318 3177 1363 sacra
3224 1299 3351 1364 rite
3396 1319 3729 1384 peragere,
3773 1301 3842 1366 in
3888 1302 4124 1385 quibus
4165 1302 4354 1369 fami-

2404 1380 2658 1447 liariter
2695 1381 2777 1448 ad
2813 1383 3030 1449 Deum
3076 1383 3409 1451 accedunt.
3457 1382 3649 1466 Quod
3687 1385 3744 1452 si
3778 1387 4055 1472 principi
4093 1398 4353 1454 terreno

2406 1467 2623 1533 cibum
2668 1467 2984 1535 foetidum
3034 1469 3140 1535 vel
3181 1479 3563 1555 corruptum
3609 1471 3956 1540 obtrudere
3999 1494 4190 1540 nemo
4235 1494 4352 1539 au-

2408 1552 2624 1634 deret,
2668 1555 2877 1620 multo
2937 1556 3158 1622 minus
3194 1556 3535 1623 tolerabile
3571 1568 3672 1624 est
3703 1579 3993 1627 mensam
4031 1560 4162 1626 Dei
4196 1558 4353 1626 ullis

2406 1640 2590 1707 vitiis
2625 1640 3067 1724 coinquinare.

2990 1982 3123 2050 EX
3167 1983 3439 2052 DEU'I'.
3482 1984 3755 2053 XXIII.

2583 2153 2664 2219 18
2694 2152 2761 2241 ¹).
2811 2154 2957 2221 Non
3008 2155 3237 2239 offeres
3275 2156 3617 2223 mercedem
3657 2158 4038 2243 meretricis,
4076 2178 4185 2224 nee
4211 2178 4360 2242 pre-

2407 2241 2569 2306 tium
2621 2240 2803 2306 canis
2842 2241 2916 2306 in
2956 2241 3209 2309 domum
3252 2240 3515 2308 Iehovae
3560 2243 3687 2312 Dei
3746 2244 3870 2324 tui,
3916 2265 4041 2327 pro
4094 2265 4361 2329 quocun-

2404 2346 2526 2495 gg
2565 2331 2742 2480 ἕως
2795 2327 2952 2410 quia
3012 2327 3394 2396 abominatio
3440 2325 3704 2396 Iehovae
3765 2327 3897 2396 Dei
3959 2332 4056 2396 tui
4116 2336 4360 2397 utrant-

2475 2642 2492 2657 ‚
2582 2584 2684 2650 18.
2746 2583 2894 2650 Non
2948 2585 3182 2668 offere-3.
3264 2585 3414 2652 Hoc
3471 2585 3855 2652 mandatum
3914 2584 4360 2672 superioribus

2407 2671 2608 2736 affine
2647 2678 2767 2750 est,
2810 2670 2966 2754 quia
2991 2670 3174 2738 Deus
3218 2671 3375 2756 quid
3419 2670 3535 2737 uid
3570 2680 3830 2756 partum
3875 2683 3978 2738 est
4020 2671 4248 2738 illicito
4293 2678 4361 2734 et

2412 2756 2588 2841 turpi
2609 2767 2883 2840 quaestu
2907 2756 3280 2842 repudians,
3319 2778 3394 2823 co
3424 2754 3660 2824 endam
3683 2760 3754 2823 in
3790 2759 3996 2825 sacris
4031 2777 4358 2823 summam

2407 2844 2780 2909 castitatem
2836 2841 3047 2909 docet:
3104 2863 3226 2909 nec
3282 2843 3492 2908 solum
3550 2843 3761 2910 reiicit
3817 2845 4104 2928 pretium
4149 2863 4359 2908 mere-

2409 2928 2610 3009 tricis,
2655 2926 2769 2994 sed
2815 2928 3013 2994 etiam
3058 2931 3257 3007 canis,
3305 2950 3390 2994 ne
3432 2931 3747 2995 sanctitas
3790 2930 4018 2996 altaris
4061 2927 4197 2994 ulla
4239 2928 4360 2992 im-

2406 3035 2577 3100 pura
2619 3013 2945 3080 oblatione
2987 3014 3339 3099 polluatur.
3428 3013 3822 3100 Quanquam
3868 3015 4134 3084 videtur
4177 3013 4361 3081 canis

2408 3122 2566 3187 prae
2629 3100 2776 3166 aliis
2840 3101 3231 3167 animalibus
3289 3102 3468 3169 reiici
3526 3101 3606 3168 ob
3663 3109 4146 3186 contemptum:
4200 3121 4358 3165 nam

2406 3208 2593 3254 suem
2643 3186 2983 3253 immolare
3123 3187 3312 3253 rinde
3366 3188 3551 3253 nefas
3601 3186 3731 3253 fuit
3773 3209 3849 3255 ac
3893 3209 4151 3267 canem,
4204 3206 4359 3269 pre·

2407 3273 2576 3338 tium
2648 3280 2870 3339 tamen
2939 3294 3077 3340 suis
3146 3273 3383 3339 offerre
3441 3273 3645 3340 licuit.
3749 3273 3930 3360 Ergo
3988 3274 4168 3340 canis
4224 3292 4359 3338 non

2406 3358 2602 3425 modo
2646 3366 2959 3443 tauquam
3002 3358 3334 3444 impurum
3379 3359 3658 3440 animal,
3711 3360 3823 3427 sed
3869 3371 4181 3444 tanquam
4212 3356 4359 3423 ‘vile

2408 3454 2477 3510 et
2517 3444 2842 3512 abiectum
2884 3445 3197 3512 reiicitur.
3285 3445 3371 3510 In
3414 3466 3674 3512 summa
3715 3445 4131 3514 commendat
4172 3442 4361 3510 Deus

2406 3531 2637 3615 templi
2679 3538 2746 3597 et
2786 3531 3014 3598 altaris
3057 3530 3161 3598 sui
3204 3533 3669 3598 reverentiam.

3004 3873 3138 3940 EX
3179 3873 3488 3941 LEVI‘P.
3534 3873 3766 3940 XXII.

2577 4045 2680 4111 26.
2749 4045 3077 4129 Loqmdus
3140 4051 3235 4112 est
3298 4045 3530 4112 Iehova
3594 4047 3682 4113 ad
3748 4045 4002 4126 Mosen,
4067 4045 4355 4112 dicendo.-

2403 4131 2509 4197 27.
2534 4129 2686 4211 Bos,
2729 4132 2832 4198 vel
2871 4152 3094 4217 aymus,
3138 4133 3233 4198 vel
3274 4151 3485 4214 capra,
3527 4152 3721 4215 quum
3755 4137 3949 4199 natus
3978 4132 4192 4216 fuerit,
4235 4132 4353 4197 erit

2402 4222 2630 4301 septem
2682 4216 2903 4284 diebus
2954 4219 3070 4284 sub
3120 4222 3320 4284 matt-e
3372 4239 3523 4297 sua,
3581 4219 4356 4285 adieatdemoetavoet

2402 4304 2718 4386 (leima,
2763 4303 3035 4384 placebit
3084 4305 3157 4369 in
3213 4304 3575 4370 oblationes„
3631 4305 3933 4387 sacrificii
3974 4304 4206 4388 inynita'
4248 4302 4350 4369 Ie-

2403 4388 2613 4456 hovae.
2699 4388 2803 4454 28.
2848 4387 3087 4456 Bovem
3130 4395 3357 4470 autem,
3398 4389 3495 4456 vel
3518 4390 3835 4471 pecudem,
3879 4395 3936 4456 et
3971 4390 4181 4473 filium
4213 4391 4352 4455 eius

2403 4496 2528 4542 non
2568 4474 2922 4541 mactabitis
2963 4475 3068 4542 die
3106 4496 3254 4541 una.

3006 4818 3139 4884 EX
3176 4817 3479 4885 EXODI
3520 4817 3756 4885 XXII.

2579 4990 2758 5078 302).
2815 4989 2966 5057 m
3017 4965 3503 5074 primoye‘nitum
3559 4991 3807 5057 anionaz
3859 4994 4084 5073 squam
4137 4988 4354 5055 diebus

2403 5097 2544 5144 cum
2596 5083 2796 5144 matre
2836 5097 2992 5144 sua:
3047 5076 3151 5143 die
3194 5082 3402 5142 autem
3444 5082 3652 5144 octavo
3695 5076 3929 5143 dabitis
3970 5074 4135 5141 illud
4172 5074 4351 5141 mihi.

2408 5219 2559 5227 —

2590 5282 2649 5351 1)
2680 5283 2846 5339 Hebr.
2884 5282 2967 5338 19.

2583 5352 2644 5424 2)
2675 5351 2839 5408 Hebr.
2874 5351 2959 5407 29.
