4867 6150
562 409 692 476 355

560 616 691 661 nus
735 595 1033 679 scriptor,
1079 598 1189 680 qui
1223 616 1357 661 non
1392 597 1725 663 confessus
1761 596 1849 664 sit
1884 599 2054 667 hanc
2090 603 2509 686 praecipuam

561 702 706 749 esse
751 691 1007 765 partem
1049 683 1340 748 civitatis
1383 683 1548 749 bene
1591 684 2004 768 compositae,
2051 697 2124 751 ut
2157 689 2374 753 Deum
2414 711 2514 753 re-

562 778 918 835 vereantur
973 788 1199 834 omnes
1257 789 1388 834 uno
1445 789 1767 835 consensu
1827 780 1892 837 et
1935 772 2173 839 colant.
2263 774 2341 839 In
2387 774 2514 841 hoc

564 854 826 938 quidem
871 876 1064 921 caeca
1104 854 1235 919 fuit
1279 854 1614 920 hominum
1661 855 2043 939 prudentia,
2089 860 2259 942 quod
2307 860 2512 926 duxe-

565 950 743 1018 runt,
808 961 1227 1025 quaecunque
1292 941 1643 1024 placuisset
1697 943 1963 1028 religio,
2030 965 2175 1010 eam
2241 945 2382 1012 iure
2449 957 2514 1012 et

564 1027 791 1111 poenis
846 1025 1267 1092 sanciendam
1324 1047 1499 1106 esse,
1567 1037 1817 1095 rectum
1889 1038 2110 1096 tamen
2167 1032 2292 1097 fuit
2346 1032 2512 1099 illud

563 1113 976 1197 principium,
1012 1113 1302 1196 perverti
1339 1123 1550 1179 totum
1594 1114 1758 1181 iuris
1800 1114 2097 1181 ordinem
2142 1117 2200 1184 si
2234 1118 2512 1203 negligi-

562 1207 676 1264 tur
717 1199 981 1282 pietatis
1025 1198 1257 1265 cultus.
1348 1198 1736 1282 Caeterum,
1796 1209 1872 1266 ut
1928 1201 2114 1268 Deus
2178 1204 2513 1289 religionis

559 1305 788 1351 curam
812 1294 879 1350 et
912 1283 1207 1351 studium
1239 1285 1565 1352 iudicibus
1599 1287 2030 1369 commendat,
2075 1296 2142 1355 et
2185 1291 2323 1357 eius
2359 1313 2529 1385 con-⁸

564 1379 887 1454 temptum
932 1370 1113 1437 iubet
1152 1371 1415 1455 publice
1458 1371 1820 1440 vindicari:
1880 1376 1974 1439 ita
2029 1397 2293 1441 rursum
2339 1399 2514 1443 com·

563 1457 749 1522 muni
772 1457 936 1524 vitio
970 1458 1271 1537 occurrit,
1316 1479 1400 1523 ne
1441 1468 1686 1525 temere
1729 1459 1867 1525 zelo
1909 1461 2393 1528 inconsiderato
2430 1464 2513 1529 ad

561 1545 986 1608 severitatem
1029 1543 1394 1627 prosiliant.
1442 1543 1620 1626 Quia
1661 1546 1841 1611 enim
1885 1547 2084 1612 stulte
2119 1549 2363 1633 singuli
2397 1570 2513 1633 po-

563 1630 733 1713 puli,
799 1630 999 1695 urbes
1043 1639 1106 1695 et
1153 1650 1358 1713 regna
1403 1631 1557 1697 deos
1600 1632 1726 1697 sibi
1771 1634 2373 1715 comminiscuntur,
2420 1636 2510 1701 le-

610 1736 715 1780 em
760 1736 952 1781 suam
1003 1717 1307 1799 proponit
1354 1715 1561 1795 Deus,
1609 1738 1647 1781 a
1691 1718 1875 1784 cuius
1927 1720 2154 1803 regula
2199 1721 2381 1786 nefas
2425 1723 2514 1787 sit

563 1737 925 1867 deflectere.
969 1801 1342 1868 Prudenter
1365 1824 1405 1868 a
1427 1803 1708 1868 terrenis
1743 1802 2222 1888 legislatoribus
2245 1818 2512 1873 cautum

563 1894 682 1966 est,
729 1908 812 1953 ne
847 1888 993 1972 quis
1027 1888 1381 1971 separatim
1423 1889 1665 1955 habeat
1699 1891 1909 1956 Deos:
1954 1891 2065 1955 sed
2103 1901 2315 1957 totum
2348 1893 2514 1960 illud

565 1983 667 2040 est
709 1973 1059 2040 evanidum
1104 1974 1235 2040 nisi
1276 1975 1650 2059 praeluceat
1687 1976 1832 2040 veri
1856 1976 1984 2041 Dei
2017 1978 2321 2062 cognitio,
2371 1981 2512 2046 Me·

567 2061 693 2127 rito
746 2062 966 2144 itaque
1019 2060 1203 2126 Deus
1260 2060 1578 2145 populum
1641 2082 1833 2127 suum
1898 2074 2160 2133 revocat
2217 2065 2299 2129 ad
2344 2086 2511 2145 eam,

558 2168 754 2231 quam
799 2148 939 2231 ipse
986 2146 1257 2212 tradidit
1301 2145 1682 2227 doctrinam,
1742 2157 1818 2212 ut
1858 2149 2178 2232 puniatur
2220 2152 2512 2234 quisquis

557 2253 701 2299 eam
747 2232 1222 2300 contumaciter
1266 2234 1608 2314 spreverit.
1664 2233 1831 2313 Iam,
1877 2234 2031 2317 quia
2074 2256 2203 2300 non
2249 2237 2509 2304 suffice-

557 2328 665 2385 ret
720 2320 924 2386 semel
980 2339 1124 2385 esse
1177 2320 1423 2402 scripta
1480 2318 1624 2402 lege
1682 2318 1944 2385 edoctos
2000 2322 2083 2386 de
2134 2321 2337 2404 probo
2381 2322 2509 2389 Dei

558 2407 769 2486 cultu,
830 2405 960 2470 nisi
1002 2404 1337 2470 accederet
1393 2404 1769 2487 quotidiana
1811 2407 2225 2489 praedicatio,
2271 2409 2513 2475 diserte

558 2492 829 2558 instruit
874 2492 1057 2556 Deus
1099 2490 1453 2573 prophetas
1497 2510 1650 2556 suos
1694 2493 2074 2557 autoritate:
2133 2513 2209 2559 ac
2266 2496 2320 2559 si
2366 2497 2511 2578 quis

560 2598 709 2644 eam
754 2577 1113 2652 violaverit,
1157 2596 1434 2659 poenam
1480 2576 1852 2643 denunciat.
1899 2578 2099 2644 Prius
2144 2579 2404 2645 dixerat
2439 2603 2510 2648 se

560 2664 999 2729 excitaturum
1045 2662 1434 2746 prophetas,
1493 2683 1576 2727 ne
1619 2662 1904 2728 deterior
1947 2674 2121 2730 esset
2163 2666 2353 2731 electi
2396 2687 2508 2749 po-

559 2749 702 2834 puli
767 2748 1050 2813 conditio
1128 2768 1326 2830 quam
1404 2746 1682 2814 aliarum
1749 2750 2065 2832 gentium.
2177 2750 2506 2833 Quoniam

561 2857 717 2919 ergo
762 2834 938 2919 apud
972 2855 1083 2900 eos
1120 2831 1419 2917 deposuit
1453 2855 1651 2899 verae
1687 2834 1949 2917 pietatis
1985 2836 2388 2917 thesaurum,
2434 2853 2509 2903 ut

559 2923 694 2989 sint
738 2921 921 3004 quasi
965 2922 1105 2986 eius
1148 2919 1466 2999 custodes,
1513 2942 1690 2987 nunc
1723 2921 1794 2986 'si
1837 2922 1983 3005 quis
2017 2943 2246 3006 parere
2282 2946 2507 2990 eorum

558 3006 890 3074 mandatis
933 3015 1212 3088 recuset,
1249 3008 1524 3071 exitium
1562 3009 1869 3074 minatur.
1917 3009 2144 3093 Neque
2181 3016 2404 3077 tamen
2429 3010 2508 3077 de

557 3092 986 3179 quibuslibet,
1049 3093 1161 3177 qui
1206 3093 1331 3158 sibi
1370 3093 1822 3176 propheticum
1877 3115 2116 3161 nomen
2175 3106 2506 3182 arrogant,

558 3202 709 3247 eum
751 3179 929 3262 loqui
962 3188 1145 3264 patet
1178 3200 1261 3244 ex
1298 3179 1645 3262 particula:
1693 3179 1775 3244 In
1819 3182 2086 3247 nomine
2128 3203 2296 3264 meo,
2340 3204 2506 3268 quae

558 3266 952 3332 tantundem
995 3266 1207 3341 valet,
1264 3285 1339 3331 ac
1397 3265 1455 3331 si
1499 3265 1746 3332 diceret
1789 3289 1829 3332 a
1872 3290 1943 3333 se
1987 3270 2340 3352 profectos:
2388 3290 2506 3335 nec

559 3352 916 3435 quidquam
962 3353 1253 3434 proferre
1294 3352 1419 3416 nisi
1467 3373 1585 3417 suo
1628 3353 1830 3418 iussu.
1920 3354 2150 3438 Neque
2185 3356 2392 3437 enim,
2451 3358 2507 3421 si

556 3435 721 3503 falso
763 3436 958 3502 multi
1003 3436 1367 3502 obtendunt
1409 3437 1540 3502 Dei
1584 3458 1854 3519 nomen,
1910 3443 2208 3522 protinus
2264 3442 2336 3506 in
2395 3463 2506 3508 eos

557 3524 868 3607 competit
908 3533 1045 3588 tam
1089 3522 1521 3589 honorificum
1557 3523 1860 3608 elogium,
1908 3527 2034 3591 nisi
2070 3528 2254 3592 Deus
2289 3540 2505 3593 ratum

457 3625 462 3630 '
557 3609 829 3675 habeat:
874 3608 989 3676 sed
1033 3609 1155 3675 hoc
1198 3607 1350 3674 fidis
1395 3619 1459 3673 et
1501 3610 1721 3693 probis
1757 3608 2126 3679 doctoribus
2160 3633 2319 3678 vere
2353 3634 2504 3697 pro·

560 3697 775 3778 prium
831 3703 962 3776 est,
1027 3695 1205 3777 ipsos
1258 3694 1436 3777 loqui
1490 3696 1562 3760 in
1619 3695 1750 3760 Dei
1806 3700 2089 3764 nomine.
2182 3697 2293 3765 Sic
2349 3700 2503 3765 dum

559 3781 867 3847 Christus
912 3780 1253 3864 promittit,
1299 3779 1410 3845 ubi
1455 3781 1582 3846 duo
1633 3782 1738 3848 vel
1789 3791 1925 3850 tres
1968 3786 2396 3851 convenerint
2438 3787 2507 3851 in

559 3867 828 3932 nomine
872 3887 1009 3942 suo,
1055 3887 1124 3931 se
1167 3867 1235 3931 in
1284 3866 1495 3932 medio
1539 3888 1767 3933 eorum
1811 3870 1968 3951 fore,
2021 3892 2151 3936 non
2199 3870 2512 3956 dignatur

559 3963 743 4020 tanto
787 3953 1034 4019 honore
1070 3951 1467 4037 hypocritas,
1512 3953 1624 4037 qui
1654 3955 1971 4040 sacrilega
2008 3956 2280 4023 audacia
2317 3980 2506 4024 usur—

560 4050 725 4125 pant
782 4060 975 4122 saepe
1033 4040 1174 4104 eius
1232 4059 1502 4104 nomen:
1562 4038 1677 4104 sed
1738 4041 1817 4106 de
1875 4065 1945 4107 re
2001 4044 2144 4127 ipsa
2177 4037 2506 4127 loquitur:

559 4126 733 4210 quod
774 4137 842 4192 et
883 4126 1018 4189 iam
1053 4126 1313 4210 plenius
1359 4147 1442 4190 ex
1479 4127 1776 4209 opposita
1823 4128 1968 4213 lege
2019 4141 2308 4212 apparet,
2343 4151 2510 4214 quae

555 4211 793 4278 deinde
838 4223 1168 4295 sequetur.

725 4300 922 4363 Deut.
974 4298 1074 4378 13,
1119 4297 1178 4364 5.
1272 4295 1590 4381 Propheta
1632 4302 1838 4364 autem
1879 4297 2003 4364 ille.
2095 4298 2272 4381 Quia
2318 4301 2505 4384 plau-

553 4383 728 4450 sibili
770 4383 1224 4468 integumento
1271 4384 1608 4467 decipiunt
1650 4383 1935 4450 Satanae
1979 4386 2285 4464 ministri,
2345 4386 2503 4451 dum

555 4491 626 4535 se
684 4490 800 4552 pro
851 4470 977 4534 Dei
1035 4469 1367 4553 prophetis
1420 4471 1796 4536 venditant:
1843 4471 2121 4538 antehac
2165 4471 2508 4539 admonuit

552 4555 806 4629 Moses,
866 4576 994 4619 non
1054 4556 1508 4621 indifferenter
1563 4554 1919 4622 audiendos
1976 4578 2119 4622 esse
2183 4561 2507 4641 quoslibet

553 4641 868 4719 doctores,
913 4641 1028 4706 sed
1074 4640 1536 4709 discernendos
1580 4664 1722 4708 esse
1750 4663 1937 4708 veros
1973 4663 2012 4706 a
2045 4643 2244 4722 falsis,
2282 4653 2360 4709 ut
2395 4645 2505 4712 ad-

554 4726 766 4793 hibito
809 4726 1047 4793 iudicio
1092 4726 1287 4793 fidem
1351 4728 1614 4793 demum
1670 4728 2010 4794 obtineant
2066 4730 2178 4812 qui
2246 4752 2500 4796 meren-

555 4825 684 4879 tur.
775 4812 917 4878 Iam
973 4825 1039 4877 ct
1096 4833 1369 4896 poenam
1428 4816 1759 4899 adiungit,
1821 4815 1876 4879 si
1932 4816 2076 4897 quis
2141 4816 2263 4882 sub
2309 4817 2502 4882 titulo

551 4898 913 4984 prophetae
973 4899 1368 4983 obrepserit,
1428 4911 1500 4964 ut
1557 4901 1872 4985 populum
1934 4901 2015 4966 ad
2074 4900 2503 4968 defectionem

554 4985 863 5051 traheret.
952 4986 1183 5067 Neque
1226 4986 1400 5050 enim
1447 4985 1528 5050 ob
1572 4988 2033 5069 particularem
2083 4998 2341 5052 tantum
2400 5011 2504 5054 er-

553 5092 791 5150 rorem,
839 5084 956 5137 aut
990 5071 1222 5146 levem,
1260 5072 1524 5154 capitali
1560 5092 1804 5154 poenae
1839 5072 2102 5139 subiicit
2136 5074 2250 5157 qui
2273 5075 2503 5140 falsam

553 5156 914 5224 doctrinam
953 5158 1334 5241 sparserint,
1372 5156 1485 5222 sed
1522 5158 1633 5240 qui
1669 5160 2030 5240 apostasiae
2064 5172 2221 5225 sunt
2244 5173 2502 5227 autores

553 5253 748 5326 atque
805 5245 899 5309 ita
957 5244 1269 5327 pietatem
1336 5243 1648 5309 radicitus
1707 5246 2099 5310 convellunt.
2203 5244 2505 5313 Observa

547 5330 827 5410 iterum,
885 5329 1038 5397 huic
1082 5328 1418 5396 severitati
1461 5328 1676 5395 locum
1723 5352 1855 5395 non
1912 5353 2070 5411 csse,
2140 5333 2266 5398 nisi
2323 5343 2502 5417 post·

2026 411 2405 479 PRIMUM
2450 413 3095 482 PRAEOEPTUM.

4420 420 4524 489 356

2616 623 2808 686 quam
2855 602 3146 671 stabilita
3188 612 3287 670 est
3330 611 3510 670 certa
3550 604 3813 690 religio:
3858 605 4129 687 ideoque
4172 606 4525 675 nominatim

2616 690 3010 773 exprimitur
3066 710 3288 756 crassa
3350 691 3685 774 impietas,
3752 692 3808 757 si
3868 689 4179 774 populum
4241 691 4527 760 abducere

2618 776 3026 841 tentaverint
3091 798 3131 841 a
3195 775 3338 843 veri
3390 777 3517 842 Dei
3581 778 3781 843 cultu.
3888 776 4096 842 Porro
4161 786 4236 841 ut
4299 778 4529 846 tollatur

2618 863 2830 927 omnis
2874 861 3228 943 excusatio,
3275 862 3431 928 dicit
3473 864 3694 929 Moses
3744 863 3905 928 satis
3959 862 4357 947 patefactum
4409 888 4530 932 esse

2620 947 2920 1031 quisnam
2963 949 3049 1013 sit
3092 949 3295 1027 Deus,
3335 964 3399 1013 et
3441 947 3760 1032 quomodo
3818 950 3905 1015 sit
3963 949 4308 1014 colendus:
4362 950 4530 1034 idque

2617 1043 2754 1098 tam
2835 1033 3119 1099 mirabili
3196 1035 3664 1118 redemptionis
3742 1034 4053 1101 beneficio
4124 1056 4317 1119 quam
4390 1036 4533 1121 legis

2619 1119 2936 1186 doctrina.
3005 1121 3185 1205 Ergo
3229 1131 3304 1186 ut
3346 1119 3649 1186 ostendat
3672 1122 3854 1186 Deus
3897 1122 4069 1187 iuste
4114 1132 4247 1185 tam
4294 1143 4533 1205 gravem

2620 1226 2895 1289 poenam
2942 1207 3115 1272 sumi
3166 1205 3246 1271 de
3304 1207 3646 1289 apostatis,
3702 1207 4164 1273 certitudinem
4210 1207 4535 1291 religionis,

2621 1312 2787 1374 quae
2854 1293 3076 1376 vigore
3143 1292 3415 1358 debebat
3476 1291 3648 1376 apud
3713 1292 4081 1372 Israelitas,
4147 1294 4217 1357 in
4276 1295 4535 1360 medium

2618 1378 2950 1462 proponit:
3011 1400 3086 1445 ac
3145 1378 3204 1444 si
3258 1378 3531 1457 diceret,
3594 1378 3842 1444 nullam
3901 1380 4103 1461 impio
4161 1382 4536 1464 contemptui

2623 1465 2878 1528 veniam
2947 1463 3089 1529 dari
3147 1484 3363 1548 posse,
3421 1486 3624 1549 quum
3668 1472 3736 1530 et
3777 1463 4039 1530 deitatis
4082 1487 4240 1530 suae
4286 1466 4536 1550 gloriam

2619 1549 2780 1616 satis
2825 1551 3288 1633 approbaverit
3331 1550 3797 1634 redemptionis
3840 1551 4174 1628 miracu10,
4220 1563 4287 1616 et
4332 1552 4541 1616 volun-

2620 1645 2821 1701 tatem
2868 1657 3052 1701 suam
3101 1636 3481 1720 patefecerit
3545 1637 3612 1701 in
3658 1637 3821 1720 lege.
3917 1637 4302 1702 Tenendum
4358 1638 4544 1721 igitur

2618 1729 2752 1801 est,
2819 1743 2954 1786 non
3020 1723 3210 1788 aliter
3275 1743 3519 1807 poenae
3584 1722 3936 1787 obnoxium
4006 1745 4147 1789 esse
4209 1724 4544 1806 impietatis

2617 1809 2896 1887 crimen,
2956 1830 3147 1891 quam
3205 1809 3264 1873 si
3320 1809 3551 1892 religio
3612 1829 3743 1874 non
3803 1818 4062 1873 tantum
4108 1808 4365 1892 publico
4407 1830 4543 1874 con-

2616 1915 2816 1960 sensu
2879 1902 2946 1959 et
3009 1894 3349 1960 hominum
3416 1894 3747 1979 suffragiis
3813 1905 4076 1978 recepta
4138 1896 4368 1975 fuerit,
4443 1894 4545 1960 sed

2618 1981 2825 2046 firmis
2882 2001 3139 2064 quoque
3181 1979 3595 2063 indubiisque
3639 1981 4030 2046 testimoniis
4064 1981 4346 2047 subnixa
4387 1981 4545 2046 veri·

2618 2074 2819 2130 tatem
2872 2087 3057 2131 suam
3112 2087 3152 2131 a
3210 2064 3614 2132 dubitatione
3673 2068 3988 2133 vendicet.
4082 2066 4430 2133 Caeterum
4484 2076 4547 2131 ut

2617 2160 3038 2236 praepostera
3095 2161 3195 2218 est
3251 2173 3476 2218 eorum
3531 2154 3851 2218 severitas
3911 2153 4021 2237 qui
4065 2154 4549 2236 superstitiones

2615 2236 2832 2322 gladio
2855 2247 3151 2303 tuentur:
3195 2238 3292 2304 ita
3333 2239 3404 2303 in
3440 2239 3667 2322 politia
3703 2240 3865 2305 bene
3901 2240 4260 2306 constituta
4297 2240 4548 2304 minime

2616 2322 2942 2388 tolerandi
3001 2333 3163 2390 sunt
3221 2324 3482 2407 profani
3542 2325 3874 2403 homines,
3934 2346 3972 2390 a
4038 2326 4276 2408 quibus
4341 2326 4551 2407 religio

2615 2409 3027 2476 convellitur.
3139 2410 3284 2476 Hoc
3351 2411 3520 2475 ferre
3585 2420 3915 2493 nequeunt
3967 2413 4080 2495 qui
4138 2413 4391 2478 vellent
4445 2414 4550 2474 im·

2614 2516 2790 2579 pune
2835 2496 2961 2562 sibi
3016 2495 3282 2562 concedi
3345 2494 3656 2562 turbandi
3701 2496 4063 2563 licentiam:
4124 2499 4348 2580 itaque
4411 2517 4548 2563 san·

2614 2582 2952 2666 guinarios
3024 2581 3358 2665 appellant
3434 2583 3546 2665 qui
3610 2583 3874 2667 publica
3951 2585 4305 2649 autoritate
4385 2596 4548 2648 coer·

2614 2666 2850 2734 cendos
2894 2689 3035 2733 esse
3080 2667 3316 2734 docent
3378 2668 3613 2751 impios
3658 2690 3930 2749 errores,
3986 2671 4221 2753 quibus
4287 2668 4548 2736 labefac-

2614 2763 2794 2818 tatur
2853 2753 3115 2838 religio,
3189 2763 3385 2836 atque
3451 2753 3611 2819 adeo
3664 2756 4005 2821 evertitur.
4095 2755 4349 2821 Verum
4405 2751 4548 2837 quid

2615 2840 2756 2905 Deo
2821 2840 3038 2923 palam
3104 2839 3553 2924 obstrepentes
3615 2840 4001 2923 proficient?
4083 2839 4314 2908 Occidi
4383 2840 4552 2906 iubet

2614 2923 2797 2991 Deus
2856 2926 3492 3009 pseudoprophetas,
3549 2927 3661 3010 qui
3716 2927 3978 3009 pietatis
4036 2928 4356 3011 principia
4411 2948 4548 2992 con-

2613 3011 2889 3092 vellunt,
2934 3024 3000 3077 et
3045 3010 3430 3079 defectionis
3472 3021 3629 3078 sunt
3673 3012 3973 3098 magistri
4009 3035 4083 3080 ac
4128 3013 4349 3080 duces.
4427 3013 4549 3079 Re·

2611 3098 2855 3164 clamat
2913 3099 3130 3164 nescio
3185 3099 3333 3182 quis
3390 3099 3662 3178 nebulO,
3727 3120 3928 3184 seque
3986 3100 4159 3166 vitae
4220 3114 4290 3165 et
4336 3099 4551 3165 mortis

2612 3185 2827 3250 autori
2869 3184 3158 3268 opponit.
3207 3184 3548 3266 Quaenam
3596 3185 3757 3252 haec
3802 3188 4165 3268 protervia:
4214 3185 4410 3268 Quod
4436 3184 4551 3250 Dei

2612 3272 2959 3336 veritatem
3008 3283 3256 3354 negant
3298 3271 3593 3355 indigere
3637 3271 3752 3335 tali
3788 3271 4096 3351 subsidi0‚
4140 3273 4550 3338 verissimum

2611 3366 2738 3422 est:
2785 3357 2897 3421 sed
2944 3356 3102 3439 quid
3149 3357 3269 3423 hoc
3314 3358 3552 3423 furoris
3596 3357 3718 3421 sibi
3764 3359 3940 3437 vult,
3988 3356 4132 3422 Deo
4178 3357 4394 3442 legem
4438 3357 4549 3421 im-

2612 3465 2883 3526 ponere,
2953 3465 3033 3508 ne
3079 3444 3500 3528 magistratus
3545 3443 3854 3527 obsequio
3900 3445 4023 3510 hac
4067 3445 4136 3509 in
4181 3454 4377 3529 parte
4420 3455 4550 3507 uta·

2613 3544 2743 3595 tur.
2833 3528 3161 3610 Quorsum
3215 3550 3410 3612 porro
3458 3531 3695 3595 attinet
3729 3527 3808 3594 de
3854 3532 4246 3597 necessitate
4285 3529 4551 3613 litigare,

2610 3615 2868 3698 quando
2912 3614 3005 3680 ita
3050 3614 3190 3679 Deo
3233 3614 3497 3698 placet?
3557 3615 3789 3681 Posset
3845 3637 4070 3682 carere
4130 3617 4316 3683 Deus
4362 3613 4555 3700 gladii

2612 3698 3005 3767 adminiculo
3049 3699 3131 3764 ad
3179 3701 3561 3785 religionem
3608 3702 3951 3767 tuendam:
3997 3724 4133 3767 non
4168 3703 4337 3768 vult.
4387 3697 4552 3782 Quid

2611 3797 2827 3850 autem
2876 3787 3112 3851 mirum
3158 3786 3214 3851 si
3250 3787 3676 3872 magistratus
3713 3787 3890 3852 iubet
3914 3788 4099 3854 Deus
4134 3810 4280 3854 esse
4320 3787 4555 3873 gloriae

2610 3893 2767 3937 suae
2815 3872 3123 3949 vindices,
3168 3874 3281 3955 qui
3326 3873 3520 3951 furta,
3589 3873 4040 3951 scortationes,
4103 3875 4475 3951 ebrietates,
4518 3891 4552 3934 a

2610 3979 2821 4041 poena
2864 3959 3065 4022 eximi
3110 3980 3239 4022 non
3291 3959 3453 4038 vult,
3512 3980 3633 4026 nec
3676 3959 3967 4043 patitur?
4056 3960 4138 4025 In
4196 3960 4555 4025 minoribus

2611 4043 2863 4110 delictis
2929 4045 3028 4109 fas
3092 4066 3222 4108 non
3290 4044 3417 4110 erit
3480 4044 3678 4112 iudici
3743 4065 4034 4111 cessare:
4101 4046 4213 4111 ubi
4277 4046 4555 4112 violatur

2612 4129 2741 4194 Dei
2806 4131 3020 4196 cultus
3086 4140 3152 4196 et
3215 4141 3352 4195 tota
3428 4132 3673 4214 pietas,
3749 4131 4220 4197 dissimulando
4304 4141 4554 4198 tantum

2610 4217 2861 4282 crimen
2941 4215 3312 4282 fovebitur?
3424 4217 3787 4282 Adulteriis
3867 4228 4197 4283 statuetur
4264 4216 4555 4301 capitalis

2609 4321 2852 4385 poena:
2919 4302 3187 4383 impune
3242 4302 3426 4368 cedet
3484 4302 3610 4367 Dei
3671 4304 4261 4386 contemptoribus,
4327 4300 4555 4371 salutis

2609 4388 2971 4454 doctrinam
3020 4386 3481 4469 adulterando,
3526 4389 3799 4455 miseras
3846 4391 4101 4454 animas
4159 4411 4200 4454 a
4244 4391 4379 4455 fide
4423 4390 4553 4452 abs·

2607 4472 2913 4538 trahere?
2972 4473 3322 4556 Nunquam
3361 4475 3696 4541 veneficiis
3740 4474 4001 4541 dabitur
4036 4478 4267 4555 venia,
4328 4475 4555 4559 quibus

2606 4559 2819 4624 solum
2865 4580 3099 4643 corpus
3132 4559 3442 4626 laeditur:
3492 4570 3557 4626 et
3593 4560 3784 4626 ludus
3829 4562 3957 4627 erit
4000 4563 4256 4627 animas
4295 4574 4554 4628 aeterno

2609 4646 2809 4710 exitio
2856 4644 3155 4710 tradere?
3203 4647 3507 4730 Denique
3554 4647 3996 4730 magistratus,
4042 4648 4099 4713 si
4134 4647 4320 4713 laesa
4366 4645 4555 4712 fuerit

2608 4732 2748 4796 eius
2794 4730 3128 4809 autoritas,
3175 4734 3313 4797 eius
3352 4744 3801 4815 contemptum
3846 4736 4136 4817 graviter
4173 4734 4550 4800 ulciscetur:

2608 4817 3130 4900 profanationem
3195 4818 3363 4883 sacri
3432 4820 3557 4884 Dei
3627 4820 3910 4883 nominis
3975 4819 4255 4884 inultam
4342 4814 4551 4883 sinet?

2607 4902 2784 4985 Quid
2832 4904 3043 4986 magis
3086 4903 3580 4988 prodigiosum?
3673 4905 3923 4969 Verum
3985 4903 4353 4970 rationibus
4399 4923 4553 4986 pug-

2608 5010 2768 5055 nare
2813 5009 3291 5071 supervacuum
3339 4999 3468 5070 est,
3533 4990 3640 5056 ubi
3687 4989 3872 5056 Deus
3918 4992 4116 5055 semel
4163 4991 4553 5074 pronuncia-

2605 5077 2709 5141 vit
2750 5074 2904 5158 quid
2949 5075 3070 5140 sibi
3118 5074 3399 5158 placeat:
3445 5078 3629 5142 cuius
3673 5076 4036 5143 inviolabili
4087 5076 4351 5142 decreto
4387 5089 4554 5141 stare

2608 5182 2872 5227 necesse
2937 5168 3055 5226 est.
3168 5159 3531 5242 Quaeritur
3595 5175 3819 5228 tamen
3886 5185 3972 5227 an
4043 5163 4204 5229 haec
4288 5163 4397 5227 lex
4477 5157 4551 5224 ad

2607 5245 2858 5312 Christi
2904 5267 3204 5332 regnum,
3261 5245 3433 5330 quod
3478 5248 3816 5330 spirituale
3860 5257 3959 5313 est
4003 5270 4077 5318 ac
4133 5262 4464 5314 remotum
4518 5266 4555 5309 a

2608 5332 2885 5398 terrenis
2929 5332 3239 5416 imperiis,
3299 5334 3649 5417 pertineat.
3739 5335 3833 5399 Et
3886 5345 4043 5401 sunt
4101 5334 4369 5418 quidam
4429 5352 4553 5397 non
