4867 6150
326 460 441 525 105

320 648 799 718 vel-tantillum
845 650 989 716 Deo
1032 649 1416 733 concedunt,
1472 659 1708 734 putare
1752 672 1823 717 sc
1868 652 2066 736 probe
2112 672 2254 719 esse

324 734 670 801 defunctos.
717 735 893 801 Hinc
940 738 1016 801 fit
1058 749 1134 801 ut
1177 736 1336 804 victi
1381 746 1447 803 et
1481 739 1682 804 coacti
1718 759 1846 803 non
1886 746 2102 803 tamen
2142 737 2256 803 du-

323 819 525 885 bitent
560 820 737 887 aliud
784 821 864 886 de
907 822 1050 888 iure
1087 820 1216 887 Dei
1259 825 1576 905 minuere,
1610 824 1743 901 sed,
1782 826 1837 889 si
1872 823 2139 908 impune
2177 824 2254 888 li-

318 913 475 984 ceat,
515 905 796 974 libenter
831 917 1042 973 totum
1081 909 1426 992 eriperent.
1465 910 1557 975 Et
1590 918 1766 977 certe
1800 910 2111 992 quamdiu
2148 930 2252 974 ar-

320 991 482 1056 ridet
529 992 820 1068 fortuna,
881 995 1206 1077 rebusque
1240 995 1573 1078 prosperis
1609 1005 1677 1061 et
1710 996 1987 1080 integris
2024 996 2253 1061 fruun-

322 1094 453 1158 tur,
519 1079 912 1144 exinaniunt
958 1092 1275 1164 quantum
1319 1082 1385 1146 in
1433 1103 1505 1148 se
1549 1094 1647 1147 est
1694 1091 1898 1148 totam
1943 1082 2073 1148 Dei
2117 1082 2253 1166 glo—

320 1163 507 1230 riam:
570 1186 799 1230 vorum
843 1164 957 1232 ubi
1001 1188 1110 1232 eos
1156 1166 1376 1234 deficit
1428 1168 1774 1234 resistendi
1819 1168 2118 1248 facultas,
2164 1168 2253 1232 ita

322 1249 395 1315 ad
461 1250 925 1317 subiectionem
996 1252 1433 1333 descendunt,
1524 1266 1597 1319 ut
1660 1252 1880 1319 Deum
1944 1254 2254 1319 fraudent.

321 1333 585 1401 dimidia
625 1337 781 1403 iusti
827 1337 1093 1404 honoris
1137 1351 1339 1422 parte.
1412 1341 1704 1406 Iusserat
1748 1341 1929 1407 Dcus
1973 1338 2251 1405 liberum

322 1422 558 1486 exitum
628 1421 771 1488 dari
844 1424 1111 1508 populo:
1172 1424 1324 1493 huic
1380 1425 1689 1492 mandato
1733 1447 1862 1492 non
1920 1427 2250 1510 obtempe-

320 1515 429 1586 rat,
475 1507 593 1572 scd
638 1510 1013 1575 satisfacere
1053 1512 1192 1576 Deo
1237 1511 1428 1577 aliter
1474 1521 1710 1578 tentat:
1759 1533 1991 1595 nempe
2036 1511 2094 1576 si
2136 1532 2251 1595 po-

317 1593 542 1676 pulum
610 1615 741 1659 non
800 1605 980 1661 vetet
1035 1597 1425 1663 sacrificium
1487 1600 1554 1663 in
1614 1600 1921 1684 Aegypto
1992 1597 2247 1663 offerre.

317 1679 517 1744 Porro
554 1679 724 1762 quod
762 1682 1036 1748 saeculis
1086 1683 1390 1749 omnibus
1434 1706 1774 1751 commune
1821 1685 1944 1749 fuit
1991 1684 2248 1762 vitium,

316 1764 500 1829 hodie
541 1766 737 1832 nimis
773 1767 948 1833 clare
983 1769 1293 1835 cernitur.
1340 1770 1675 1854 Cuperent
1710 1772 1920 1836 nostri
1955 1770 2252 1836 Pharao-

314 1870 424 1916 nes
469 1850 601 1917 Dei
646 1853 923 1936 gloriam
969 1875 1239 1938 prorsus
1285 1858 1724 1942 exstinguere,
1772 1855 1965 1939 idque
2009 1857 2251 1922 furiose

312 1936 697 2003 moliuntur:
737 1938 819 2004 ad
856 1949 1153 2006 extrema
1198 1951 1416 2006 autem
1442 1943 1708 2020 redacti,
1747 1944 1801 2008 si
1837 1943 1969 2007 iam
1995 1964 2076 2011 ex
2099 1961 2250 2026 pro-

314 2021 474 2087 fesso
541 2045 833 2109 pugnare
890 2027 1047 2091 utile
1105 2047 1235 2092 non
1296 2029 1380 2092 sit
1424 2029 1653 2093 fictitia
1695 2026 1798 2114 (ut
1838 2026 2100 2114 vocant)
2147 2048 2248 2092 re·

312 2107 696 2177 formatione
742 2112 994 2177 cultum
1040 2113 1178 2178 eius
1225 2112 1516 2179 lacerant
1559 2136 1633 2181 ac
1679 2114 2004 2180 mutilant.
2073 2113 2250 2178 Hinc

311 2205 538 2260 exorta
583 2197 706 2262 fuit
743 2197 905 2264 lucis
945 2209 1012 2263 et
1047 2197 1460 2265 tenebrarum
1508 2201 1812 2279 mixtura,
1866 2201 1974 2265 cui
2010 2220 2249 2264 nomen

309 2278 588 2347 inditum
627 2284 749 2349 suit
783 2283 1083 2351 Interim.
1142 2284 1279 2351 Nec
1315 2286 1556 2352 talibus
1591 2285 1895 2351 ludibriis
1940 2284 2252 2351 desinunt

310 2368 609 2435 veritatis
633 2369 852 2435 hostes
890 2391 1058 2435 vana
1092 2382 1158 2435 et
1193 2371 1384 2436 nihili
1464 2373 1675 2439 iacula
1697 2373 1840 2438 Deo
1880 2371 2246 2438 obtrudere.

471 2459 585 2524 26.
630 2454 721 2520 Et
760 2456 929 2521 dixit
971 2456 1203 2523 Moses.
1295 2394 1497 2523 Verzi
1537 2472 1640 2557 372,
1686 2480 1814 2541 quo
1860 2460 2068 2524 utitur
2102 2458 2247 2524 Mo·

308 2570 421 2627 ses,
466 2545 608 2610 late
643 2553 823 2626 patet
858 2543 1266 2626 significatio.
1356 2543 1644 2610 Hebraei
1689 2545 1864 2610 enim
1912 2565 2044 2609 non
2105 2564 2248 2609 esse

306 2644 557 2702 rectum
605 2629 832 2696 dicunt
878 2629 1187 2712 quidquid
1248 2650 1374 2694 non
1412 2632 1712 2713 probant.
1801 2630 1958 2695 Ideo
2003 2631 2073 2695 in
2118 2629 2245 2695 hoc

307 2717 727 2787 consentiunt
772 2736 999 2780 omnes
1041 2715 1176 2782 fere
1213 2717 1626 2800 interpretes,
1671 2716 2088 2782 Pharaonem
2122 2716 2245 2779 mi·

306 2808 474 2871 nime
500 2823 787 2885 aequum
823 2801 1183 2884 postulare:
1222 2803 1373 2885 quia
1410 2822 1679 2867 suorum
1716 2801 2097 2886 lapidationi
2132 2802 2244 2868 ob-

305 2893 478 2958 iiciat
520 2888 877 2954 Israelitas.
946 2885 1025 2952 Si
1068 2886 1229 2953 haec
1271 2889 1598 2954 sententia
1641 2889 1870 2972 placet,
1916 2908 2048 2954 uno
2090 2908 2241 2954 con-

309 2985 494 3044 textu
564 2972 913 3059 legendum
982 2974 1136 3050 erit,
1206 2994 1334 3038 non
1404 2995 1547 3040 esse
1610 2976 1848 3040 rationi
1907 2981 2245 3041 consenta-

308 3086 506 3131 neum
571 3068 646 3128 ut
701 3060 1070 3128 sacrificent
1125 3059 1466 3127 Israelitae
1531 3061 1599 3126 in
1661 3064 1963 3147 Aegypto
2031 3061 2245 3126 alieno

309 3172 515 3217 more:
591 3149 741 3232 quia
799 3146 1060 3212 novitas
1117 3157 1289 3213 esset
1344 3147 1791 3214 intolerabilis.
1879 3147 2031 3213 Duo
2090 3155 2246 3213 sunt

309 3237 623 3303 orationis
664 3232 975 3310 membra,
1022 3253 1151 3298 non
1199 3253 1342 3300 esse
1385 3242 1633 3299 rectum
1683 3242 1761 3299 ut
1808 3234 1881 3299 in
1938 3236 2246 3318 Aegypto

311 3321 710 3389 sacrificium
765 3317 1046 3385 offerant
1101 3318 1247 3385 Deo
1305 3319 1467 3404 ipsis
1515 3318 1845 3405 indigenis
1908 3318 2244 3387 abomina-

307 3409 450 3491 bile,
496 3407 606 3475 vel
648 3407 990 3490 profanum
1034 3406 1421 3473 sacrificium
1459 3428 1540 3472 ex
1580 3407 1875 3491 gentium
1911 3406 2244 3472 abomina-

306 3495 598 3563 tionibus
640 3494 952 3558 offerant:
999 3491 1234 3557 deinde
1269 3492 1632 3577 periculum
1673 3514 1813 3559 esse
1856 3515 1941 3558 ne
1982 3489 2246 3558 Israeli—

309 3591 414 3648 tae
455 3579 865 3664 lapidentur,
924 3579 978 3643 si
1026 3579 1384 3664 Aegyptios
1427 3587 1784 3662 provocent
1823 3578 1894 3643 in
1940 3579 2072 3644 ritu
2116 3576 2248 3643 illis

310 3665 704 3733 detestabili.
791 3663 983 3746 Quod
1030 3663 1111 3728 ad
1155 3663 1517 3731 secundum
1563 3664 1929 3731 membrum
1976 3671 2246 3747 spectat,

309 3750 580 3820 dubium
669 3772 802 3816 non
890 3757 1022 3829 est,
1131 3750 1677 3817 abominationem
1764 3751 2247 3837 Aegyptiorum

309 3840 520 3905 active
609 3838 780 3904 sumi
866 3858 983 3919 pro
1070 3835 1406 3902 sacrificiis
1505 3858 1670 3921 quae
1764 3838 2246 3903 abominantur.

307 3924 562 3991 Prioris
618 3921 893 3989 membri
939 3921 1166 3988 eadem
1218 3921 1482 3988 videtur
1524 3945 1667 3989 esse
1711 3924 1893 3989 ratio.
1984 3923 2247 3988 Durum

309 4020 479 4076 esset
523 4008 799 4076 eandem
842 4007 1153 4091 loquendi
1187 4008 1464 4073 formam
1513 4010 1738 4092 paucis
1782 4008 2000 4075 verbis
2044 4010 2247 4074 inter-

392 4099 543 4163 sitis
599 4096 782 4162 varie
845 4095 1286 4177 interpretari.
1397 4094 1549 4161 Nisi
1614 4094 1785 4180 quod
1844 4116 2081 4160 nomon
2142 4093 2245 4159 Ie·

274 4117 539 4261 ,ffivaa
606 4181 1074 4247 abominationi
1139 4180 1528 4265 oppositum,
1596 4181 1855 4247 videtur
1919 4181 2245 4264 passivam

309 4268 853 4352 significationem
921 4266 1272 4349 postulare.
1383 4266 1773 4351 Emphatice
1840 4268 2016 4331 enim
2089 4265 2251 4330 dicit

306 4353 532 4420 Moses
557 4373 685 4419 non
711 4374 853 4419 esse
874 4362 1126 4418 rectum
1150 4353 1513 4418 sacrificare
1529 4352 1815 4418 Iehovae
1828 4352 1972 4418 Deo
1984 4350 2250 4417 Israelis

307 4439 858 4506 abominationem
893 4438 1201 4524 Aegypti.
1289 4438 1436 4506 Hoc
1479 4439 1535 4504 si
1579 4440 1809 4522 placet,
1856 4437 2250 4504 abominatio

308 4524 435 4590 erit
479 4525 849 4609 profanatio
893 4526 1036 4591 veri
1081 4533 1148 4590 et
1190 4525 1340 4609 puri
1384 4526 1627 4605 cultus,
1689 4546 1819 4609 qua
1875 4543 2061 4591 sacra
2117 4523 2248 4589 Ae-

308 4613 691 4695 gyptiorum
765 4611 1111 4694 inquinata
1187 4623 1409 4677 erant:
1489 4613 1677 4694 quasi
1750 4611 1994 4677 diceret
2070 4610 2253 4675 nefas

307 4718 452 4763 esse
533 4698 805 4763 miscere
884 4699 1027 4763 veri
1100 4694 1231 4762 Dei
1308 4696 1562 4763 cultum
1641 4717 1792 4763 cum
1864 4695 2249 4780 sacrilegiis.

305 4782 397 4848 Et
441 4792 623 4849 certe
660 4782 920 4849 videtur
958 4784 1179 4849 Moses
1223 4782 1467 4866 duplici
1502 4791 1889 4868 argumento
1923 4801 2249 4865 pugnare:

304 4889 549 4953 nempe
570 4868 743 4952 quod
764 4890 896 4934 non
920 4868 1129 4948 liceat,
1153 4869 1388 4936 deinde
1411 4868 1580 4952 quod
1605 4890 1735 4934 non
1772 4867 2093 4951 expediat.
2152 4865 2257 4934 Sit

303 4954 514 5039 igitur
537 4954 697 5020 haec
734 4975 863 5020 una
896 4957 1067 5020 ratio
1101 4976 1234 5021 non
1270 4956 1405 5021 fore
1442 4956 1805 5039 legitimum
1841 4952 2255 5032 sacrificium,

307 5060 427 5107 nec
496 5041 643 5107 Deo
708 5049 968 5126 gratum
992 5092 1008 5122 ,
1075 5042 1244 5125 quod
1312 5042 1602 5126 Aegypti
1667 5040 2258 5139 abominationibus

304 5126 615 5192 vitiatum
661 5129 804 5192 erit.
892 5127 1131 5193 Postea
1173 5135 1482 5211 sequetur
1513 5127 1750 5207 altera,
1789 5125 2147 5211 Aegyptios
2188 5124 2258 5189 1d

307 5233 441 5277 non
506 5214 931 5279 toleraturos:
988 5213 1143 5297 quia
1201 5216 1256 5280 si
1300 5235 1442 5280 mos
1487 5211 1898 5279 sacrificandi
1956 5219 2258 5294 receptus

306 5298 613 5378 violetur,
649 5300 974 5383 putabunt
994 5307 1063 5365 et
1096 5319 1167 5364 se
1200 5308 1267 5365 et
1289 5299 1465 5366 Deos
1505 5319 1660 5365 suos
1697 5299 1886 5383 gravi
1920 5306 2256 5365 contume-

307 5381 401 5448 lia
465 5384 661 5451 affici.
771 5384 957 5451 Haec
1020 5385 1471 5468 interpretatio
1538 5385 1791 5469 plenior
1856 5394 1956 5450 est
1973 5434 1989 5463 ,
2065 5392 2259 5467 atque

1454 459 2199 532 COMMENTARIUS
2244 464 2343 531 IN
2391 458 2693 526 EXODI
2738 457 2935 527 OAP.
2981 464 3177 534 VIII.

4173 473 4298 539 106

2356 646 2675 716 uberioris
2719 649 3074 734 doctrinae,
3119 657 3175 722 si
3221 658 3444 724 Moses
3487 659 3705 742 priore
3748 660 3888 726 loco
3933 660 4013 727 de
4057 660 4303 728 honore

2356 733 2487 799 Dei
2546 736 2862 804 sollicitus
2903 740 3133 820 fuerit,
3204 765 3330 808 non
3398 755 3613 811 autem
3675 747 4037 829 respexerit
4092 749 4299 813 solam

2356 821 2579 902 populi
2623 822 3001 891 utilitatem.
3090 828 3182 893 Et
3238 830 3308 893 in
3372 829 3494 896 hac
3539 832 3868 898 sententia
3910 833 4077 898 nihil
4123 853 4299 905 coac·

2357 915 2532 987 tum,
2598 929 2727 974 non
2788 911 2916 975 rite
2973 912 3093 978 coli
3153 936 3381 980 verum
3446 914 3664 982 Deum
3710 919 3839 984 nisi
3884 918 3994 984 ubi
4039 939 4301 1002 separa-

2356 1000 2470 1056 tur
2513 995 2594 1060 ab
2638 996 2944 1061 omnibus
2986 996 3196 1065 idolis.
3288 999 3421 1067 Sed
3466 1004 3622 1086 quia
3668 1003 3893 1069 eodem
3928 1006 4066 1070 fere
4102 1027 4299 1072 versu

2356 1077 2755 1146 abominatio
2822 1086 3301 1169 Aegyptiorum
3366 1091 3622 1170 capitur
3665 1091 3909 1170 active,
3977 1113 4106 1174 quo
4161 1113 4297 1156 me-

2355 1162 2486 1228 lius
2550 1167 2714 1232 fluat
2778 1171 3017 1248 oratio,
3101 1171 3438 1237 commode
3503 1185 3775 1259 utroque
3833 1176 3972 1243 loco
4029 1179 4121 1243 sic
4185 1199 4300 1242 ex·

2355 1271 2598 1332 ponere
2663 1253 2901 1319 licebit.
2993 1256 3180 1322 Tunc
3238 1258 3471 1340 prioris
3529 1260 3805 1326 membri
3858 1283 4089 1329 sensus
4154 1264 4298 1329 erit.

2355 1334 2508 1400 Non
2588 1347 2690 1404 est
2766 1351 3275 1407 consentaneum
3355 1347 3751 1428 prostituere
3837 1349 4088 1413 cultum
4169 1348 4299 1414 Dei

2353 1422 2563 1487 nostri
2606 1425 2866 1506 probris
2910 1435 2977 1492 et
3018 1428 3639 1497 subsannationibus
3689 1434 4002 1515 gentium.
4101 1432 4296 1515 Quod

2357 1508 2543 1573 fieret
2598 1510 2650 1574 si
2710 1509 3022 1597 Aegyptii
3082 1514 3283 1579 ritum
3343 1517 3748 1583 sacrificandi
3806 1540 3999 1601 quem
4045 1518 4291 1585 abomi-

2356 1602 2621 1673 nantur,
2667 1616 2707 1659 a
2742 1598 2931 1663 nobis
2977 1598 3284 1665 honorari
3321 1601 3636 1668 viderent.
3724 1604 3976 1669 Eorum
4036 1605 4295 1688 quidem

2353 1679 2644 1762 opinioni
2701 1703 2831 1747 non
2894 1687 3215 1752 assentior
3284 1687 3396 1770 qui
3454 1686 3881 1755 bimembrem
3948 1712 4089 1757 esse
4153 1712 4295 1756 ora·

2354 1765 2603 1830 tionem
2649 1768 2914 1848 nolunt,
2982 1771 3098 1836 sed
3156 1794 3288 1837 uno
3331 1784 3644 1840 contextu
3689 1776 3919 1860 legunt
3964 1796 4098 1841 non
4155 1798 4297 1844 esse

2353 1861 2604 1917 rectum
2649 1853 2772 1921 hoc
2814 1856 3054 1922 facere:
3116 1859 3271 1941 quia
3313 1858 3681 1942 lapidarent
3724 1862 4042 1947 Aegyptii
4083 1861 4296 1928 Israe-

2351 1936 2523 2003 litas.
2635 1940 2854 2006 Moses
2919 1943 3097 2008 enim
3162 1964 3295 2009 non
3362 1954 3616 2011 tantum
3684 1946 3840 2030 quid
3905 1948 4299 2014 conduceret

2353 2024 2612 2108 populo,
2672 2026 2787 2093 sed
2827 2027 2895 2092 in
2943 2031 3170 2112 primis
3224 2029 3379 2114 quid
3433 2031 3577 2096 Deo
3622 2033 3910 2117 placeret
3954 2035 4300 2118 spectavit,

2349 2130 2435 2174 ne
2480 2110 2731 2177 scilicet
2774 2116 3229 2195 profanaretur
3271 2136 3530 2183 sacrum
3576 2120 3717 2185 eius
3761 2140 4020 2185 nomen.
4098 2118 4298 2201 Quod

2350 2195 2551 2259 ctiam
2612 2196 2696 2262 ad
2752 2199 3061 2266 animalia
3117 2202 3433 2286 restringi
3474 2203 3639 2270 solet
3677 2226 3914 2270 nomen
3959 2206 4294 2272 abomina-

2350 2282 2564 2361 tionis,
2608 2302 2745 2347 non
2791 2285 2979 2351 video
3024 2307 3151 2371 qua
3196 2289 3447 2353 ratione
3485 2289 3762 2356 nitatur:
3809 2290 3955 2356 ideo
3978 2290 4061 2357 ad
4087 2300 4296 2357 totam

2350 2367 2764 2434 sacrificandi
2810 2375 3126 2438 rationem
3173 2373 3477 2439 extendo.

2520 2454 2626 2520 27.
2698 2454 2885 2522 Viam
2942 2460 3135 2525 tn'am
3190 2460 3452 2525 dierum.
3543 2459 3893 2528 Oonclusio
3938 2470 4069 2541 est,
4126 2461 4296 2527 nihil

2349 2559 2494 2605 esse
2537 2542 2923 2607 mutandum
2969 2566 3051 2610 ex
3090 2546 3217 2610 Dei
3260 2545 3477 2626 iussu,
3524 2568 3756 2613 verum
3801 2547 4185 2630 simpliciter
4229 2555 4299 2614 et

2351 2625 2493 2691 sine
2541 2629 2925 2710 exceptione
2982 2629 3418 2697 obediendum
3484 2634 3622 2699 eius
3692 2642 4055 2717 praecepto.
4158 2633 4300 2701 Nec

2353 2731 2510 2776 vero
2554 2732 2822 2795 parvam
2867 2715 3126 2781 laudem
3163 2726 3455 2783 meretur
3498 2719 3703 2785 Mosis
3740 2719 4138 2786 constantia:
4183 2720 4298 2803 qui

2351 2798 2569 2862 fictam
2635 2802 2908 2882 tyranni
2972 2802 3483 2870 moderationem
3562 2805 3766 2871 libere
3837 2813 3904 2871 et
3967 2804 4300 2890 intrepido

2352 2885 2571 2948 animo
2615 2885 3018 2968 repudiavit:
3083 2888 3237 2973 quia
3290 2888 3418 2956 Dei
3477 2890 3814 2957 voluntati
3880 2889 4127 2973 aliquid
4184 2890 4297 2956 de-

2351 2969 2667 3036 traheret.
2776 2970 2997 3058 Negat
3059 2975 3265 3059 igitur
3328 2976 3518 3043 aliter
3595 2978 3881 3044 facturos
3958 2976 4298 3043 Israelitas

2350 3077 2546 3139 quam
2583 3059 3005 3143 praescripsit
3038 3059 3243 3128 Deus.

2522 3227 2626 3294 28.
2676 3229 2854 3295 Tunc
2906 3231 3075 3298 dixit
3133 3231 3393 3299 Pharao
3410 3259 3429 3298 :
3484 3232 3623 3318 qu
3685 3233 3997 3300 dimittam
4060 3254 4166 3300 vos
4227 3240 4300 3301 ut

2348 3313 2715 3397 sacrificetis
2748 3315 3009 3384 Iehovae
3039 3317 3178 3386 Deo
3218 3325 3418 3387 vestro
3452 3320 3524 3386 in
3561 3320 3799 3387 deserto
3812 3346 3831 3385 .-
3871 3325 4298 3387 vevwntamen

2348 3421 2473 3466 non
2684 3403 2777 3468 'us
2818 3406 3098 3487 peryetis
3152 3407 3351 3473 eundo
3366 3431 3385 3470 .·
3439 3410 3611 3473 orate
3657 3427 3779 3490 pro
3818 3428 3934 3472 me.
4042 3407 4146 3473 29.
4207 3406 4299 3473 Et

2346 3487 2518 3553 dixit
2639 3508 2804 3555 oses:
2845 3489 3022 3570 Ecce,
3068 3511 3175 3575 eqo
3218 3493 3505 3577 eyredior
3546 3514 3590 3558 a
3632 3497 3705 3572 te,
3750 3497 3808 3557 et
3845 3491 4069 3577 royabo
4113 3492 4293 3560 Ieho-

2345 3593 2494 3639 vam
2535 3578 2606 3638 ut
2644 3576 2884 3642 recedat
2926 3596 3188 3642 examen
3231 3579 3598 3644 insectorum
3639 3599 3682 3644 a
3730 3576 4080 3657 Pharaone,
4142 3584 4198 3644 et
4250 3600 4297 3645 a

2347 3659 2549 3726 servis
2591 3660 2757 3741 eia-e,
2799 3667 2856 3728 et
2898 3683 2940 3728 a
2973 3663 3212 3746 populo
3253 3665 3390 3729 eius
3422 3684 3584 3731 cras,
3689 3663 4127 3731 Verumtamen
4168 3684 4295 3732 non

2348 3745 2612 3811 adiiciat
2658 3745 2918 3812 Pharao
3041 3769 3143 3813 ere
3180 3748 3514 3831 fallaciter,
3549 3768 3672 3814 non
3707 3749 4067 3817 dimittendo
4090 3771 4295 3834 popu-

2347 3830 2481 3896 lum
2520 3836 2594 3896 ut
2632 3833 2935 3915 sacrificet
2961 3770 3250 3900 illqehovae.
3296 3835 3400 3902 30.
3444 3835 3620 3901 Tunc
3642 3856 3931 3920 cyressus
3965 3841 4056 3902 est
4077 3835 4293 3902 Moses

2348 3940 2392 3984 a
2441 3915 2791 3996 Pharaone,
2838 3924 2897 3984 et
2934 3920 3136 3986 oravit
3176 3921 3264 3987 ad
3306 3920 3615 3988 Iehovam.
3706 3922 3808 3987 31.
3855 3921 3946 3986 Et
3991 3923 4140 4004 fecit
4194 3920 4294 3986 Ie-

2348 4002 2507 4068 hova
2550 4005 2886 4070 secundum
2927 4006 3177 4072 verbum
3220 4006 3444 4086 Most-9,
3489 4012 3547 4073 et
3584 4008 3832 4073 recessit
3864 4009 4145 4072 mixtura
4190 4006 4290 4071 in-

2348 4094 2650 4155 sectorum
2691 4112 2733 4156 a
2780 4089 3132 4173 Pharaone,
3198 4098 3257 4158 et
3296 4113 3340 4159 a
3371 4093 3611 4175 populo
3671 4094 3843 4159 eius:
3906 4113 4028 4157 non
4092 4112 4294 4160 anum

2345 4175 2476 4258 fuit
2515 4176 2857 4243 residuum.
2966 4178 3071 4244 32.
3116 4177 3206 4243 Et
3246 4180 3617 4263 ayyravavit
3662 4176 3921 4245 Pharao
3961 4198 4067 4245 eor
4106 4199 4298 4245 suum

2348 4261 2538 4327 etiam
2580 4261 2696 4326 hac
2729 4262 2878 4342 vice,
2923 4284 3031 4331 nee
3070 4264 3316 4330 dimisit
3346 4264 3676 4347 populum.

2521 4433 2623 4504 28.
2678 4432 2853 4499 Tunc
2892 4434 3062 4501 dixit
3108 4434 3401 4502 Pharao:
3445 4431 3585 4518 qu
3630 4434 3960 4501 dimittam.
4052 4435 4180 4501 Ubi
4224 4458 4295 4504 se

2352 4521 2520 4586 nihil
2565 4521 2879 4604 proficere
2922 4520 3104 4586 videt
3136 4521 3276 4587 suis
3320 4520 3571 4587 cavillis
3601 4527 3664 4585 et
3700 4521 3892 4586 amba
3939 4520 4101 4603 ibus,
4146 4543 4296 4605 per-

2350 4607 2596 4672 fectum
2662 4607 3044 4691 obsequium
3114 4607 3401 4672 simulat.
3525 4606 3678 4672 Non
3756 4627 3883 4688 quo
4006 4617 4161 4674 tunc
4234 4608 4298 4675 ei

2352 4694 2760 4777 propositum
2804 4692 3003 4758 fuerit
3045 4692 3272 4758 fallere
3316 4704 3383 4758 et
3424 4691 3711 4770 mentiri,
3757 4692 3910 4775 quia
3953 4700 4136 4760 metu
4171 4692 4296 4759 im·

2355 4778 2769 4863 pediebatur:
2843 4777 2959 4844 sed
3038 4778 3193 4861 quia
3258 4778 3583 4861 praesenti
3649 4791 3908 4844 tantum
3973 4778 4298 4845 malorum

2356 4885 2553 4930 sensu
2587 4863 2907 4941 deiectus,
2953 4885 3085 4929 non
3132 4864 3414 4929 audebat
3447 4865 3680 4930 cristas
3724 4864 4043 4932 adversus
4079 4866 4295 4932 Deum

2357 4954 2627 5034 erigere.
2673 4951 2853 5034 Ergo
2919 4960 2992 5015 ut
3027 4951 3211 5034 prius
3245 4949 3490 5018 dictum
3528 4948 3654 5036 est)
3698 4972 3828 5016 non
3876 4960 4009 5016 tam
4060 4952 4296 5017 Mosen

2356 5037 2698 5103 fallacibus
2742 5036 2962 5102 verbis
3009 5036 3268 5119 placare
3312 5047 3380 5102 et
3420 5036 3725 5101 frustrari
3760 5037 4053 5104 consulto
4090 5036 4300 5102 voluit

2357 5144 2552 5207 quam
2597 5143 2669 5187 se
2701 5122 2916 5206 ipsum
2958 5121 3111 5188 dece
3159 5122 3226 5189 it.
3265 5121 3640 5188 Notandum
3666 5124 3841 5188 enim
3865 5133 3965 5188 est
3985 5120 4087 5208 (ac
4117 5123 4172 5187 si
4196 5122 4298 5188 lu·

2359 5230 2518 5292 pum
2553 5206 2818 5274 auribus
2859 5215 3114 5273 teneret
3187 5221 3481 5276 coactum
3524 5208 3724 5278 fuisse
3769 5207 4146 5292 promittere
4182 5229 4299 5273 ex-

2357 5298 2526 5361 itum
2594 5294 2863 5377 popu10,
2923 5316 3119 5377 quem
3171 5295 3459 5361 maximo
3511 5316 3630 5360 suo
3675 5294 3910 5359 damno
3955 5294 4296 5360 retinebat.

2361 5385 2583 5464 Atque
2650 5380 2781 5446 huc
2849 5381 3136 5464 pertinet
3201 5380 3373 5464 quod
3438 5403 3507 5447 se
3585 5377 3999 5447 commendat
4073 5379 4301 5464 populi
