4867 6150
550 460 679 526 615

2031 458 2418 529 SEXTUM
2461 457 3110 527 PRAECEP'JJUM.

4431 459 4535 523 616

1146 920 1153 931 .
1233 860 1909 938 APPENDICES
1955 855 2866 938 GAEREMONIALES
2911 857 3221 935 SEXTI
3265 856 3897 935 PRAEOEPTI.

1200 1161 1337 1229 Ex
1377 1162 1652 1231 DEUT.
1699 1160 1897 1227 XXI.

741 1335 798 1400 1.
848 1334 1056 1415 Quum
1098 1334 1415 1400 inventum
1484 1335 1651 1400 uerit
1708 1333 1976 1400 cadaver
2028 1330 2300 1399 hominis
2341 1329 2528 1396 occisi

560 1423 643 1488 in
684 1427 854 1487 terra
896 1439 1090 1501 quam
1134 1419 1365 1486 Iehova
1478 1440 1589 1486 eus
1623 1420 1782 1485 'tuus
1836 1417 2011 1484 dabit
2064 1417 2179 1483 tibi
2218 1421 2292 1482 ut
2320 1414 2531 1498 possi-

565 1509 720 1575 deas
765 1526 936 1585 eam,
991 1510 1393 1588 prostratum
1434 1505 1507 1570 in
1566 1526 1744 1589 ayro,
1809 1524 1916 1570 nec
1972 1503 2275 1587 coynitum
2332 1502 2530 1582 fuerit

563 1593 712 1676 quis
745 1592 1130 1675 percusserit
1185 1612 1356 1657 eum:
1442 1591 1502 1656 2.
1568 1591 1745 1658 Tunc
1779 1590 2197 1674 eyredientur
2252 1589 2527 1655 seniores

567 1681 685 1758 tui,
728 1684 787 1744 et
817 1678 1060 1745 iudices
1094 1678 1206 1758 tui,
1252 1682 1308 1743 et
1341 1678 1666 1743 metientur
1697 1695 1899 1759 usque
1932 1676 2019 1741 ad
2052 1676 2338 1741 civitates
2368 1692 2528 1755 quae

568 1769 717 1832 sunt
782 1765 850 1829 in
914 1763 1277 1831 circuitibus
1344 1763 1672 1830 cadaveris
1742 1761 2014 1828 hominis
2073 1760 2254 1825 illius
2318 1759 2522 1825 occisi.

568 1850 631 1916 3.
676 1850 767 1916 Et
809 1851 1078 1916 seniores
1119 1848 1313 1926 urbis,
1350 1849 1828 1933 propinquioris
1868 1846 2045 1912 urbis
2087 1846 2187 1912 illi
2231 1845 2526 1911 cadaveri

568 1938 767 2004 occiso
783 1986 800 2015 ,
865 1937 1110 2019 capient
1167 1936 1435 2002 vitulam
1491 1936 1570 2002 de
1615 1939 1892 2001 arnwnto
1951 1953 2079 2015 qua
2134 1951 2308 1997 neaeno
2363 1950 2525 1997 usus

563 2023 795 2105 fuerit,
850 2026 905 2086 et
960 2042 1120 2104 quae
1159 2042 1282 2087 non
1325 2022 1595 2087 traxerit
1634 2021 1873 2105 iuyum.
1962 2018 2022 2084 4.
2078 2017 2167 2083 Et
2213 2017 2523 2083 adducent

567 2108 842 2174 seniores
884 2109 1021 2173 eius
1063 2106 1241 2172 urbis
1282 2107 1551 2173 vitulam
1595 2107 1683 2173 ad
1723 2105 1948 2172 vallem
1991 2123 2282 2188 asperam
2300 2154 2315 2180 ,
2360 2122 2521 2185 quae

564 2213 893 2347 ..Ἓῆΐῖ
901 2193 1134 2345 ..ξιῗὶἒξ
1174 2199 1420 2344 ‚iffi-2.
1448 2212 1643 2343 2355?
1684 2189 2522 2344 ὙἜἭῶῗΐέἶῗῗ

568 2365 739 2432 dotes
775 2364 902 2446 filii
946 2364 1103 2430 Levi
1144 2362 1272 2451 (eos
1326 2364 1494 2429 enim
1546 2362 1723 2447 eleyit
1766 2362 1996 2429 Iehova
2038 2361 2218 2429 Deus
2260 2365 2409 2426 tuus
2451 2364 2521 2426 ut

560 2452 921 2517 ministrent
951 2450 1101 2533 ipsi,
1135 2454 1194 2515 et
1226 2449 1313 2515 ad
1346 2448 1818 2515 benedicendum
1849 2450 1922 2515 in
1953 2449 2197 2513 nomine
2221 2445 2488 2511 Iehovae
2502 2471 2522 2511 .·

561 2542 622 2600 et
660 2536 847 2601 iuxta
888 2555 1151 2617 quorum
1192 2553 1531 2601 sermonem
1573 2535 1696 2601 erit
1736 2534 1941 2600 omnis
1979 2533 2065 2599 lis
2099 2538 2282 2615 atque
2314 2532 2521 2598 omnis

551 2620 804 2709 playa).
886 2623 946 2686 6.
992 2619 1082 2686 Et
1122 2640 1331 2687 omnes
1368 2621 1645 2687 seniores
1684 2621 1823 2687 eius
1864 2620 2060 2694 urbis,
2105 2618 2217 2684 ubi
2258 2636 2519 2683 accesse-

563 2707 699 2773 rint
738 2707 826 2774 ad
866 2708 1138 2773 cadaver
1177 2705 1451 2773 hominis
1493 2706 1709 2786 occisi,
1756 2705 2052 2773 lavabunt
2089 2723 2319 2770 manus
2360 2723 2520 2769 suas

559 2813 755 2875 super
793 2792 1057 2858 vitulam
1086 2812 1456 2874 percussam
1493 2793 1562 2857 in
1606 2791 1781 2858 valle.
1874 2792 1931 2858 7.
1977 2790 2068 2856 Et
2103 2788 2518 2873 testificabun-

559 2884 687 2958 tur,
733 2898 808 2944 ac
849 2879 1084 2945 dicent.-
1129 2877 1374 2944 Manus
1415 2882 1663 2944 nostrae
1704 2897 1831 2943 non
1872 2877 2221 2960 effuderunt
2258 2875 2517 2960 sanqui-

560 2984 704 3030 nem
763 2965 985 3040 istum,
1043 2984 1238 3046 neque
1293 2963 1454 3028 oculi
1511 2964 1708 3029 nostri
1760 2965 2067 3028 viderunt.
2172 2962 2230 3028 8.
2291 2960 2518 3044 Expia

551 3050 865 3134 populum
922 3056 1097 3115 tuum
1152 3045 1363 3116 Israel
1415 3069 1597 3132 quem
1648 3049 1964 3116 redemisti
2008 3047 2239 3115 Iehova
2257 3100 2272 3126 ,
2328 3052 2387 3113 et
2438 3067 2518 3113 ne

563 3308 815 3391 auferes
878 3308 1249 3391 sanquinem
1314 3308 1697 3374 innocentem
1760 3328 1794 3373 e
1855 3306 2057 3373 medio
2121 3307 2250 3387 tui,
2327 3325 2521 3388 quum

559 3394 788 3476 feceris
829 3394 995 3477 quod
1034 3398 1264 3460 rectum
1306 3397 1396 3458 est
1435 3394 1508 3459 in
1550 3392 1745 3459 oculis
1790 3393 2071 3460 Iehovae.

741 3565 797 3631 1.
844 3565 1049 3646 Quum
1083 3565 1413 3630 inventum.
1480 3563 1667 3630 Haec
1702 3562 2031 3649 appendix
2068 3565 2266 3630 mista
2302 3572 2402 3629 est
2437 3583 2519 3628 ex

562 3652 709 3717 iure
764 3650 1011 3717 forensi
1061 3659 1135 3716 -et
1189 3650 1619 3716 caeremonia.
1709 3649 1920 3716 Porro
1975 3651 2045 3715 in
2091 3671 2168 3716 ea
2215 3649 2523 3717 docemur

569 3758 766 3821 quam
812 3737 1095 3821 pretiosa
1137 3737 1225 3802 sit
1246 3736 1393 3801 Deo
1435 3735 1726 3802 hominis
1770 3736 1942 3802 vita:
1986 3736 2143 3819 quia
2186 3736 2242 3802 si
2286 3736 2520 3802 caedes

569 3826 743 3888 sacta
786 3822 983 3886 fuerit
1016 3822 1265 3889 incerto
1301 3830 1546 3902 autore,
1591 3821 2030 3906 expiationem
2069 3821 2361 3906 requirit,
2392 3843 2525 3905 qua

570 3931 644 3975 se
681 3908 879 3973 urbes
914 3909 1170 3974 vicinae
1205 3929 1246 3971 a
1281 3906 1544 3974 sceleris
1567 3908 1957 3993 contagione
1979 3921 2281 3992 purgent.
2328 3907 2522 3974 Unde

572 4002 851 4080 apparet
892 3994 1216 4079 sanguine
1250 3994 1541 4059 humano
1578 4002 1818 4059 terram
1866 3994 1960 4059 ita
2004 3993 2224 4077 pollui,
2269 4003 2345 4059 ut
2379 3994 2520 4077 qui·

569 4101 830 4165 cunque
895 4079 1290 4162 impunitate
1354 4079 1586 4146 caedes
1652 4080 1867 4157 alunt,
1930 4079 2158 4145 eadem
2218 4100 2289 4145 se
2348 4099 2524 4145 noxa

573 4167 1011 4251 obstringant.
1100 4165 1229 4233 Hie
1289 4163 1370 4230 de
1425 4166 1679 4233 occulto
1736 4165 1979 4232 scelere
2119 4166 2281 4245 ’tur,
2336 4167 2523 4232 cuius

569 4253 829 4336 culpam
868 4252 1202 4318 sustinent
1234 4251 1488 4318 vicinae
1525 4251 1738 4329 urbes,
1778 4250 1982 4318 donec
2003 4273 2035 4317 s
2119 4250 2230 4316 ula
2250 4253 2524 4336 inquisi-

573 4338 754 4403 tione
798 4340 1205 4421 perfunctae,
1250 4339 1477 4404 testari
1520 4346 1767 4422 queant
1808 4345 2100 4403 autorem
2148 4359 2276 4403 non
2322 4338 2525 4404 fuisse

574 4432 1015 4504 compertum:
1053 4436 1301 4508 quanto
1339 4424 1557 4507 itaque
1579 4423 1799 4489 minus
1820 4436 2016 4490 erunt
2037 4423 2444 4491 excusabiles
2469 4428 2522 4491 si

581 4508 975 4575 homicidam
1019 4511 1291 4593 impune
1335 4509 1503 4575 elabi
1562 4508 1831 4575 sinaut?
1896 4509 2094 4576 Ritus
2137 4531 2294 4575 vero
2340 4531 2524 4595 prae-

577 4593 920 4671 scribitur,
979 4604 1055 4660 ut
1097 4596 1389 4662 seniores
1432 4594 1613 4662 urbis
1656 4596 1866 4680 magis
1901 4597 2306 4680 propinquae
2351 4598 2524 4661 vitu·

575 4680 711 4746 lam
757 4692 1024 4745 sumant
1066 4702 1231 4764 quae
1276 4683 1502 4766 iugum
1549 4702 1681 4747 non
1729 4683 2037 4761 traxerit,
2084 4682 2412 4748 adducant
2455 4684 2526 4747 in

577 4766 824 4832 vallem
892 4786 1193 4831 saxosam
1256 4777 1323 4832 et
1376 4768 1700 4847 sterilem,
1767 4769 2087 4835 cervicem
2143 4769 2531 4854 praecidant

579 4850 897 4918 adhibitis
941 4851 1401 4933 sacerdotibus,
1448 4854 1675 4920 lavent
1710 4874 1947 4925 manus
1982 4875 2136 4920 suas
2180 4863 2248 4919 et
2291 4864 2530 4920 testen-

577 4948 692 5004 tur
734 4961 805 5005 se
848 4939 1093 5004 habere
1128 4958 1364 5003 manus
1397 4960 1592 5023 puras
1635 4949 1703 5005 et
1747 4941 1985 5019 oculos,
2030 4940 2183 5023 quia
2222 4962 2357 5007 nou
2393 4941 2533 5006 sint

577 5026 841 5092 conscii.
931 5021 1129 5106 Quod
1174 5024 1446 5089 vitulam
1491 5026 1629 5111 iugi
1684 5035 2025 5110 expertem
2082 5027 2282 5112 elegit
2326 5025 2530 5103 Deus,

577 5111 824 5178 factum
884 5123 985 5176 est
1044 5130 1172 5194 quo
1227 5112 1440 5194 magis
1500 5112 1582 5175 ad
1642 5113 1869 5177 vivum
1928 5122 2531 5196 repraesentaretur

573 5198 1023 5282 compensatio
1058 5197 1397 5280 sanguinis
1430 5198 1701 5263 innoxii.
1769 5198 2050 5264 Mactari
2089 5220 2245 5264 vero
2281 5199 2350 5264 in
2387 5199 2529 5265 loco

577 5284 764 5349 arido
809 5284 1113 5368 oportuit,
1160 5291 1233 5347 ut
1276 5282 1358 5348 ab
1402 5283 1580 5367 agris
1625 5283 1818 5348 cultis
1862 5284 2202 5350 tolleretur
2243 5285 2533 5350 immun-

575 5369 792 5435 dities.
879 5369 1049 5434 Nam
1097 5371 1153 5436 si
1197 5370 1262 5434 in
1310 5370 1526 5435 medio
1584 5370 1723 5435 foro
1782 5368 1995 5453 urbis,
2053 5370 2160 5437 vel
2213 5372 2279 5435 in
2341 5381 2531 5456 parte

2624 1159 2846 1244 aliqua
2887 1158 3227 1227 habitabili
3273 1160 3461 1226 fusus
3503 1168 3680 1226 esset
3721 1158 3995 1242 sanguis
4037 1157 4321 1237 vitulae,
4375 1156 4541 1222 fami·

2623 1244 2773 1311 liari
2834 1245 3307 1312 immolationis
3364 1255 3661 1328 aspectu,
3722 1247 3935 1330 magis
3988 1242 4441 1309 obduruissent
4479 1240 4551 1309 ad

2623 1331 3121 1397 immanitatem.
3180 1331 3518 1416 Gigneudi
3540 1351 3697 1415 ergo
3721 1331 4013 1396 horroris
4045 1350 4244 1396 causa
4282 1337 4553 1394 extracta

2623 1417 2748 1483 fuit
2789 1417 2863 1482 in
2905 1416 3122 1484 locum
3169 1416 3531 1484 solitarium
3577 1428 3644 1483 et
3686 1416 4050 1496 horridum,
4094 1423 4173 1481 ut
4218 1415 4341 1481 hoc
4382 1414 4553 1480 modo

2622 1502 2704 1568 ad
2783 1502 3239 1569 crudelitatem
3320 1503 3771 1570 detestandam
3861 1504 4309 1568 assuefiereut.
4422 1500 4554 1566 Etsi

2625 1597 2845 1655 autem
2904 1589 3164 1672 proprie
3218 1589 3543 1673 loquendo
3606 1610 3738 1654 uon
3796 1588 3922 1653 fuit
3977 1587 4103 1654 hoc
4158 1587 4553 1665 sacrificium,

2622 1675 2776 1759 quia
2818 1676 2919 1740 fas
2960 1696 3091 1741 non
3134 1674 3372 1742 fuisset
3429 1675 3583 1741 alibi
3628 1695 3824 1758 quam
3870 1674 3943 1739 in
4003 1674 4371 1740 sanctuario
4425 1694 4554 1756 per-

2625 1762 2764 1845 agi:
2825 1762 3099 1828 accessit
3156 1769 3374 1827 tamen
3423 1759 3506 1825 ad
3543 1761 3845 1827 sacrificii
3883 1768 4185 1826 naturam
4203 1810 4218 1836 ,
4268 1758 4557 1843 quoniam

2624 1846 2903 1913 adhibiti
2945 1847 3213 1913 fuerunt
3236 1847 3530 1928 Levitae,
3575 1857 3642 1912 et
3686 1845 4053 1930 deprecatio
4095 1844 4385 1911 solennis
4425 1866 4557 1912 con-

2624 1945 2812 2015 cepta
2877 1933 3020 1999 fuit.
3126 1931 3521 2017 Quanquam
3592 1954 3726 1998 non
3806 1940 4063 1997 tantum
4137 1939 4215 1997 ut
4293 1930 4557 1996 ministri

2625 2019 2872 2098 altaris,
2920 2019 3037 2086 sed
3081 2019 3280 2084 etiam
3329 2028 3404 2083 ut
3437 2016 3686 2085 iudices
3722 2019 3908 2084 asciti
3947 2018 4250 2083 fuerunt:
4297 2016 4556 2101 qualitas

2624 2104 2803 2170 enim
2846 2104 2952 2171 his
2997 2105 3215 2171 verbis
3258 2104 3668 2188 exprimitur,
3715 2104 3887 2187 quod
3933 2102 4017 2169 ad
4051 2103 4305 2169 cultum
4331 2101 4454 2168 Dei
4483 2100 4555 2167 ad

2625 2189 3143 2258 benedicendum
3206 2191 3517 2274 populum
3538 2240 3554 2271 ,
3613 2198 3679 2254 et
3723 2190 3804 2255 ad
3850 2189 4190 2256 ferendam
4236 2188 4321 2254 de
4365 2187 4555 2273 plagis

2624 2277 3021 2343 sententiam
3066 2276 3255 2343 electi
3300 2276 3562 2341 fuerint.

2765 2363 2854 2428 -6.
2901 2361 2992 2429 Et
3043 2383 3251 2429 omnes
3307 2364 3593 2428 seniores.
3682 2361 4004 2427 Manuum
4066 2359 4318 2426 ablutio
4373 2359 4555 2426 valuit

2623 2446 2706 2514 ad
2750 2470 2860 2514 eos
2918 2448 3154 2515 melius
3211 2448 3627 2526 excitandos,
3689 2467 3773 2512 ne
3829 2454 4076 2512 temere
4132 2445 4392 2511 solenni
4445 2447 4553 2509 isto

2621 2534 2758 2599 ritu
2794 2535 3308 2602 testificarentur
3348 2554 3419 2599 se
3462 2554 3662 2619 puros
3705 2553 3847 2599 esse
3891 2544 3957 2597 et
3997 2532 4352 2597 immunes.
4414 2532 4554 2597 Per-

2620 2619 2773 2686 inde
2830 2621 3005 2686 enim
3066 2629 3210 2686 erat
3252 2641 3326 2687 ac
3370 2620 3427 2685 si
3471 2620 3755 2687 cadaver
3823 2620 4061 2685 mortui
4120 2618 4410 2684 hominis
4449 2620 4553 2683 sis·

2622 2714 2839 2771 terent
2893 2728 3110 2772 coram
3156 2705 3330 2783 Deo,
3391 2712 3459 2771 et
3512 2706 3638 2789 ipsi
3697 2727 3779 2771 ex
3841 2706 4135 2789 opposito
4187 2714 4443 2770 starent
4482 2700 4552 2767 ad

2619 2793 2872 2860 crimen
2908 2791 3309 2858 diluendum.
3354 2790 3622 2857 Interea
3657 2800 3875 2856 tamen
3915 2791 4175 2857 veniam
4214 2790 4552 2874 postulant,

2620 2880 2774 2962 quia
2818 2879 2961 2944 fieri
3006 2880 3216 2961 potuit
3259 2884 3336 2944 ut
3378 2898 3601 2943 eorum
3646 2877 3902 2944 incuria
3944 2877 4142 2942 fuerit
4186 2876 4386 2943 homo
4426 2896 4554 2959 per·

2619 2985 2877 3031 cussus:
2940 2964 3175 3049 deinde
3231 2985 3430 3047 quum
3476 2963 3708 3030 sacrile
3758 2962 3819 3028 io
3871 2964 4067 3028 unius
4111 2963 4373 3028 Acham
4417 2982 4556 3028 con·

2623 3050 2981 3118 taminatus
3047 3051 3246 3117 fuerit
3308 3059 3485 3116 totus
3541 3070 3712 3134 popu
3741 3070 3851 3130 us,
3900 3047 4267 3114 timendum
4314 3049 4437 3115 fuit
4484 3064 4557 3112 ne

2622 3136 2755 3203 Dei
2797 3137 3090 3205 vindicta
3147 3136 3346 3202 latius
3404 3144 3701 3220 serperet
3754 3136 3837 3201 ob
3883 3136 4306 3202 commissum
4351 3136 4555 3220 piacu-

2623 3222 2781 3289 lum.
2869 3222 3089 3307 Atque
3145 3223 3243 3288 ita
3298 3243 3534 3289 rursus
3592 3219 3804 3288 edocti
3863 3222 4129 3287 fuerunt
4173 3234 4557 3306 quantopere

2623 3308 2976 3375 homicidia
3034 3309 3449 3375 abominetur
3504 3309 3717 3389 Deus,
3772 3307 3882 3373 ubi
3942 3308 4226 3393 populus
4289 3307 4556 3373 alienum

2622 3402 2965 3479 peccatum
3002 3394 3125 3461 sibi
3161 3395 3411 3496 ignosci
3448 3395 3771 3479 postulat:
3807 3412 3884 3459 ac
3918 3394 3976 3459 si
4011 3414 4093 3459 ex
4130 3393 4274 3460 solo
4310 3402 4559 3478 aspectu

2625 3501 2867 3547 noxam
2919 3489 3418 3549 contraxissent.
3505 3480 3910 3547 Pronunciat
3965 3479 4229 3544 tandem
4278 3480 4463 3546 Deus
4498 3496 4559 3542 se

2624 3589 2754 3633 non
2800 3567 3279 3651 imputaturum
3325 3566 3457 3632 illis
3500 3565 3611 3632 ubi
3668 3565 3784 3631 tali
3845 3565 4242 3650 purgatione
4296 3566 4421 3631 rite
4461 3561 4558 3628 de-

2624 3653 2835 3719 functi
2876 3653 3159 3719 fuerint:
3206 3673 3336 3718 nou
3382 3650 3555 3737 quod
3600 3651 3815 3718 vitula
3859 3652 4145 3734 pretium
4189 3651 4557 3718 satisfactio-

2625 3738 2729 3807 nis
2774 3749 2945 3806 esset
2987 3739 3070 3805 ad
3116 3740 3331 3805 Deum
3378 3738 3803 3823 placandum:
3859 3735 3972 3803 sed
4018 3737 4172 3820 quia
4217 3737 4344 3803 hoc
4386 3733 4558 3801 modo

2624 3825 3008 3909 suppliciter
3064 3846 3135 3891 se
3190 3825 3334 3891 Deo
3396 3822 3935 3904 reconciliabant,
3996 3835 4062 3889 et
4116 3824 4185 3888 iu
4244 3833 4558 3907 posterum

2624 3912 2893 3977 ianuam
2937 3910 3327 3978 claudebant
3369 3909 3756 3976 homicidiis.
3824 3908 3971 3975 Hac
4006 3909 4263 3975 ratione
4311 3908 4554 3974 dicitur:

2625 3997 2843 4064 Tolles
2888 4018 2924 4061 e
2967 3996 3183 4062 medio
3227 3996 3646 4081 sanguinem:
3711 3997 3866 4080 quia
3908 3995 3966 4062 si
4010 3995 4392 4080 negligatur
4429 4013 4554 4058 cae·

2625 4082 2767 4164 des,
2828 4084 3071 4150 residet
3113 4083 3184 4147 in
3241 4082 3478 4167 populo
3535 4082 3827 4161 macula,
3885 4091 3954 4147 et
3997 4090 4178 4147 terra
4218 4082 4364 4166 ipsa
4422 4097 4558 4164 quo-

2626 4167 2972 4235 dammodo
3016 4169 3189 4253 apud
3236 4168 3451 4234 Deum
3499 4169 3717 4234 foetet.

3275 4509 3408 4576 Ex
3452 4509 3722 4578 DEU'I'.
3767 4509 3931 4577 XII.

2806 4682 2905 4749 15.
2956 4681 3087 4749 Pro
3130 4683 3300 4749 omni
3342 4682 3650 4750 desiderio
3692 4683 3944 4750 animae
3983 4687 4127 4750 tuae
4167 4682 4476 4762 machis,
4513 4682 4560 4743 et

2630 4770 2903 4837 comedes
2956 4789 3179 4836 carnes
3234 4770 3570 4836 secundum
3629 4767 4098 4835 benedictionem
4154 4768 4414 4835 Iehovac
4450 4763 4560 4832 Dei

2633 4857 2757 4938 tui,
2813 4875 3005 4938 quam
3059 4855 3297 4921 dederit
3348 4854 3463 4920 tibi
3503 4856 3673 4920 intra
3717 4875 3926 4921 amires
3970 4860 4197 4937 portas
4235 4861 4411 4922 tuas:
4460 4852 4558 4916 im-

2633 4942 2911 5009 mundus
2950 4947 3006 5007 et
3036 4941 3311 5007 mundus
3352 4941 3617 5007 comedet
3658 4961 3783 5021 eas,
3828 4941 3992 5008 sicut
4030 4961 4325 5025 capream
4364 4946 4419 5006 et
4453 4956 4558 5004 cer·

2633 5049 2797 5094 vum,
2913 5028 3009 5093 16.
3096 5026 3545 5094 Tantummodo
3615 5028 3984 5112 sanquinem
4060 5048 4181 5093 non
4243 5023 4554 5102 comedetis,

2634 5135 2824 5198 super
2864 5119 3095 5181 terram
3130 5112 3461 5195 effundetis
3501 5112 3685 5178 illum
3727 5115 3936 5180 instar
3978 5135 4199 5198 aquae.
