4867 6150
350 466 489 533 279

355 673 397 719 a
454 662 730 737 paterna
794 652 924 719 Dei
988 651 1336 718 clementia
1399 659 1722 718 remotum
1788 650 2018 718 videri.
2131 649 2304 715 Nam

358 745 536 806 certe
580 739 690 806 ubi
733 760 805 805 se
859 739 1104 824 ingerit
1160 738 1365 805 oculis
1422 738 1842 817 miraculum,
1904 736 2164 802 difficile
2207 743 2309 801 est

358 844 497 890 non
540 825 980 892 succumbere.
1071 822 1203 890 Sed
1246 843 1449 908 quum
1493 825 1712 889 nullos
1754 822 1956 889 laedit
2013 821 2304 898 tentatie,

356 911 490 977 nisi
553 931 835 994 quorum
898 910 1229 994 impietas,
1302 929 1469 994 quae
1525 907 1890 995 detegitur,
1955 908 2083 973 iam
2154 921 2308 973 ante

361 998 665 1067 convicta
698 1006 841 1060 erat
874 1005 940 1062 et
975 996 1306 1074 damnata,
1340 996 1578 1063 sinceri
1614 1006 1833 1062 autem
1862 995 1988 1061 Dei
2025 993 2309 1060 cultores

360 1095 715 1150 servantur
757 1083 1087 1148 immunes
1133 1102 1172 1146 a
1214 1102 1422 1163 noxa,
1467 1103 1662 1166 quam
1706 1082 1950 1147 iniuste
1993 1080 2309 1163 eripietur

357 1166 523 1234 Deo.
549 1169 711 1234 haec
753 1168 1055 1246 libertae,
1111 1178 1187 1233 ιιι
1239 1166 1527 1252 perfidae
1591 1167 1998 1233 simulationi
2053 1164 2306 1231 larvam

361 1252 709 1320 detrahat?
786 1252 1106 1337 Quisquis
1149 1275 1313 1337 puro
1355 1252 1550 1320 corde
1593 1254 1811 1319 Deum
1857 1261 2063 1326 amat,
2121 1251 2306 1316 inex·

409 1337 706 1425 ugnabili
770 1339 1067 1406 coelestis
1131 1341 1400 1424 spiritus
1465 1341 1714 1405 virtute
1780 1339 2159 1416 instruitur,
2227 1357 2311 1401 ne

357 1426 749 1508 illaqueetur
794 1424 1170 1492 mendaciis.
1239 1426 1389 1493 Hac
1430 1426 1730 1491 mercede
1774 1424 2087 1508 dignatur
2124 1423 2310 1487 Deus

360 1511 596 1578 seriam
622 1521 692 1576 et
714 1532 848 1576 non
885 1513 1102 1578 fictam
1143 1511 1476 1596 pietatem,
1514 1521 1589 1577 ιιι
1621 1511 1797 1577 fideli
1836 1511 1976 1575 eius
2011 1509 2311 1575 custodia

356 1598 636 1681 protecti
657 1597 1030 1681 quicunque
1051 1608 1226 1663 recto
1248 1607 1407 1663 sunt
1439 1597 1652 1678 corde,
1687 1616 2024 1680 nunquam
2063 1594 2310 1660 lethale

360 1682 609 1749 vulnus
688 1683 1002 1749 sentiant.
1111 1682 1248 1750 Cur
1308 1684 1562 1749 interea
1638 1684 1816 1749 iusto
1893 1682 2096 1747 exitio
2175 1700 2307 1745 non

360 1767 693 1836 addiceret
756 1769 870 1852 qui
934 1791 966 1834 s
1012 1779 1164 1835 onte
1228 1778 1551 1853 appetunt
1616 1767 1878 1853 perire?
1959 1768 2098 1833 Nec
2150 1786 2310 1831 vero

362 1853 607 1919 mirum
653 1855 826 1937 quod
887 1854 972 1919 ali
1017 1856 1039 1920 i
1099 1856 1520 1939 pronunciat,
1574 1876 1645 1921 se
1703 1877 1844 1920 esse
1899 1855 2012 1936 qui
2070 1852 2310 1934 decipit

365 1941 988 2024 pseudoprophetas,
1023 1961 1264 2023 nempe
1285 1953 1361 2007 ut
1382 1941 1622 2007 iustam
1653 1941 1971 2005 ultionem
2008 1946 2313 2004 exerceat

362 2026 436 2091 in
502 2027 843 2109 reprobos,
924 2026 1035 2110 qui
1099 2027 1223 2092 sibi
1289 2027 1524 2111 cupide
1590 2027 1957 2092 mortiferae
2020 2025 2311 2090 fallacias

365 2121 728 2178 accersunt.
839 2112 1018 2196 Ergo
1081 2134 1284 2196 quum
1348 2125 1526 2181 certa
1589 2113 1680 2178 sit
1744 2113 1930 2178 bonis
2008 2111 2311 2176 omnibus

363 2197 667 2278 victoria,
723 2206 801 2262 ut
858 2197 1133 2265 insidiae
1176 2199 1463 2265 Satanae
1521 2199 1689 2264 nihil
1743 2198 1876 2264 illis
1934 2198 2070 2262 sint
2114 2216 2310 2277 quam

363 2284 632 2349 virtutis
698 2284 1038 2349 exercitia:
1123 2305 1240 2351 cur
1303 2286 1374 2349 in
1439 2286 1684 2351 crimen
1750 2284 2059 2350 trahatur
2123 2280 2312 2347 Deus

363 2367 535 2452 quod
595 2367 885 2436 Satanae
944 2378 1011 2435 et
1064 2370 1414 2453 impiorum
1468 2371 1722 2436 malitia
1777 2370 1912 2435 illis
1968 2369 2309 2433 materiam

235 2522 254 2541 ,
364 2475 645 2523 coronae
706 2467 771 2521 et
830 2455 1150 2539 triumphi
1206 2456 1439 2539 parat?
1521 2457 1811 2521 Tantum
1873 2455 1996 2520 hoc
2051 2456 2313 2519 axioma

364 2546 742 2621 teneamus,
786 2539 917 2606 Dei
959 2543 1360 2626 protectione
1421 2563 1681 2626 semper
1738 2550 1913 2606 tutos
1972 2549 2037 2605 et
2092 2540 2312 2605 salvos

362 2626 507 2693 fore
571 2627 943 2711 quicunque
1009 2648 1092 2692 ex
1150 2630 1368 2693 animo
1426 2629 1643 2693 Deum
1704 2636 1928 2693 amant
1985 2647 2060 2692 ac
2123 2645 2311 2691 reve·

362 2722 616 2777 rentur.
704 2713 828 2778 Est
883 2713 1140 2796 quidem
1187 2714 1523 2799 singulare
1569 2713 1697 2779 Dei
1742 2715 1986 2779 donum
2031 2722 2101 2776 et
2142 2710 2309 2777 elec·

364 2798 566 2864 tionis
632 2818 909 2865 arcanae
986 2800 1269 2879 fructus,
1352 2799 1568 2865 cordis
1635 2799 2009 2883 integritas:
2073 2799 2310 2862 fateor:

365 2905 596 2950 verum
621 2884 883 2967 quando
906 2886 1215 2970 reprobos
1250 2894 1683 2969 contemptus,
1721 2885 1825 2950 vel
1857 2883 2312 2964 simulationis,

365 2969 476 3037 vel
519 2970 898 3053 superbiae,
956 2970 1065 3038 vel
1125 2973 1469 3056 pravitatis
1511 2972 1810 3055 coarguit
1850 2971 2114 3055 propria
2157 2990 2309 3035 con-

362 3057 663 3137 scientia,
742 3057 935 3140 culpa
1001 3057 1383 3124 defectionis
1448 3080 1616 3142 quae
1680 3059 1748 3123 in
1828 3057 1989 3141 ipsis
2067 3054 2312 3122 residet

361 3142 634 3227 indigne
689 3144 762 3209 in
811 3145 1030 3209 Deum
1087 3145 1496 3211 transfertur.
1585 3143 1765 3211 Satis
1807 3144 2012 3228 igitur
2070 3153 2171 3207 est
2228 3139 2309 3206 ad

360 3229 778 3295 refutandam
821 3231 1038 3297 carnis
1080 3233 1478 3314 proterviam
1498 3282 1512 3309 ,
1573 3239 1641 3296 et
1683 3229 2033 3296 maledicta
2070 3229 2309 3306 omnia,

364 3314 739 3400 quicunque
780 3325 958 3382 recto
998 3325 1160 3382 sunt
1203 3317 1395 3384 corde
1438 3316 1688 3381 muniri
1730 3316 2001 3399 spiritus
2046 3313 2307 3391 auxilio,

362 3420 452 3466 ne
496 3398 704 3467 Satan
763 3421 875 3468 eos
926 3404 1062 3468 suis
1119 3403 1398 3469 venenis
1454 3402 1703 3469 inficiat
1758 3421 1880 3466 nec
1941 3421 2308 3484 quenquam

362 3487 577 3569 perire
642 3486 769 3554 nisi
832 3488 1185 3554 volentem.
1287 3488 1513 3571 Atque
1573 3488 1665 3554 ita
1729 3487 2150 3554 statuendum
2212 3493 2313 3551 est

364 3592 478 3639 eos
535 3593 762 3639 omnes
805 3574 916 3656 qui
960 3574 1190 3639 salutis
1246 3574 1609 3640 doctrinam
1666 3594 1863 3657 quam
1923 3571 2126 3637 semel
2185 3571 2312 3637 visi

363 3659 626 3725 fuerant
667 3658 991 3743 amplecti,
1031 3668 1258 3743 postea
1289 3669 1610 3744 respuunt
1645 3669 1713 3725 et
1755 3659 2105 3744 abnegant,
2142 3656 2310 3722 nihil

364 3743 542 3810 aliud
587 3766 783 3828 quam
826 3745 1042 3812 fallaci
1089 3746 1486 3829 professione
1519 3747 1743 3813 fucum
1778 3745 2026 3825 fecisse,
2070 3744 2223 3828 quia
2255 3743 2311 3809 si

365 3830 585 3896 Deum
622 3831 872 3897 sincere
910 3831 1277 3916 diligerent,
1313 3832 1491 3897 firmi
1531 3831 1724 3898 corde
1758 3841 2107 3897 manerent
2140 3831 2315 3895 inter

363 3915 685 4000 quaslibet
711 3918 1118 4002 agitationes.
1143 3918 1505 4002 Continget
1526 3917 1787 4001 quidem
1811 3916 2149 3983 interdum
2175 3917 2313 3999 pios

364 4023 619 4086 quoque
663 4000 794 4068 labi
827 4004 898 4068 in
932 4024 1206 4084 errores,
1251 4014 1316 4069 et
1352 4004 1434 4070 ab
1467 4003 1785 4086 improbis
1819 4002 2310 4070 circumveniri:

363 4087 479 4154 sed
506 4098 760 4154 tantum
791 4089 1012 4172 aliqua
1045 4090 1113 4154 in
1151 4099 1356 4171 parte,
1394 4097 1460 4155 et
1500 4088 1583 4155 ad
1621 4099 1914 4173 tempus:
1952 4097 2031 4154 ut
2064 4089 2314 4154 scilicet

362 4195 702 4258 nunquam
726 4175 1034 4242 excidant
1068 4197 1107 4241 a
1144 4176 1584 4254 fundamentO,
1622 4184 1689 4240 et
1712 4196 1866 4240 mox
1905 4175 2310 4257 resipiscant.

363 4261 458 4325 At
512 4269 671 4327 tunc
730 4282 986 4345 quoqne
1045 4262 1404 4327 notandum
1464 4270 1594 4340 est,
1653 4283 1811 4328 suae
1869 4261 2311 4346 negligentiae

362 4352 482 4411 aut
544 4346 838 4413 levitatis
903 4348 1059 4413 dare
1118 4368 1390 4431 poenas:
1458 4348 1611 4431 quia
1665 4370 1799 4413 non
1858 4349 2019 4413 satis
2076 4347 2311 4412 attenti

364 4429 641 4496 fuerunt
683 4433 765 4498 ad
788 4433 917 4498 Dei
962 4454 1353 4514 sermonem,
1401 4434 1502 4501 vel
1549 4454 1678 4500 non
1723 4434 1885 4499 satis
1925 4442 2313 4498 reverenter

364 4516 712 4582 coluerunt
755 4518 1016 4602 pietatis
1060 4519 1371 4585 studium.
1456 4520 1635 4586 Hinc
1680 4529 2017 4604 praeterea
2060 4518 2309 4602 colligi-

352 4623 530 4682 mus,
578 4603 734 4668 dum
780 4604 971 4669 multi
1016 4606 1538 4689 tergiversantur
1580 4627 1653 4671 se
1697 4628 1780 4671 ex
1816 4605 2107 4690 professo
2142 4606 2314 4669 refu-

362 4710 518 4774 gere
562 4689 823 4773 pietatis
869 4688 1250 4771 doctrinam,
1293 4693 1444 4775 quia
1485 4692 1717 4759 vident
1757 4692 1985 4757 multis
2026 4689 2312 4755 dissidiis

365 4783 434 4841 et
499 4776 1024 4842 contentionibus
1091 4778 1219 4844 huc
1283 4777 1441 4844 illuc
1506 4777 1817 4858 distrahi,
1884 4776 2052 4842 nihil
2134 4775 2312 4840 aliud

362 4881 562 4945 quam
607 4862 949 4945 profanum
988 4863 1116 4928 Dei
1158 4864 1529 4948 neglectum
1575 4864 1681 4930 vel
1724 4863 1944 4929 odium
1987 4862 2315 4928 inutiliter

359 4948 601 5013 fucare.
691 4947 1001 5014 Certatur
1043 4950 1243 5016 variis
1287 4950 1733 5033 opinionibus,
1792 4952 2054 5015 fervent
2110 4949 2310 5012 etiam

361 5055 654 5118 pugnae:
712 5055 946 5100 verum
989 5035 1285 5119 quisquis
1329 5036 1518 5103 docili
1563 5047 1628 5101 et
1669 5049 2018 5102 mansueto
2075 5035 2311 5118 spiritu

363 5140 600 5185 verum
661 5129 961 5204 quaeret,
1022 5141 1098 5187 ac
1141 5122 1283 5187 Deo
1342 5144 1411 5188 se
1455 5122 1671 5188 tradet
1712 5143 1788 5189 ac
1831 5121 2133 5188 subiiciet
2177 5120 2308 5185 dis-

362 5206 689 5288 cipulum,
769 5228 1108 5290 nunquam
1175 5208 1414 5291 spiritu
1481 5208 1700 5274 iudicii
1765 5217 1832 5273 et
1896 5207 2311 5273 discretionis

359 5292 746 5375 privabitur.
836 5291 970 5359 Sed
1011 5293 1164 5377 quia
1205 5295 1317 5359 alii
1361 5293 1698 5360 fastidiose
1748 5294 2058 5372 audiunt,
2118 5294 2227 5358 alii
2272 5314 2309 5358 e

359 5377 625 5443 sublimi
705 5377 1102 5463 despiciunt,
1181 5381 1293 5446 alii
1370 5381 1768 5448 exstinctum
1834 5379 2113 5465 cupiunt
2177 5379 2307 5443 Dei

1834 461 2212 529 PRIMUM
2261 459 2913 527 PRAEOEPTUM.

4231 455 4379 523 280

2409 649 2686 715 verbum
2706 698 2721 728 ,
2773 647 2889 714 alii
2932 645 3384 731 vilipendunt,
3441 645 3801 711 tenendum
3848 655 3948 712 est
3989 645 4162 730 quod
4204 644 4365 713 dicit

2407 735 2760 820 propheta:
2785 732 2981 815 Quod
3005 732 3180 818 perit
3199 741 3422 816 pereat
3445 730 3669 819 (Zach.
3696 732 3799 809 11,
3823 730 3923 820 9):
3948 743 4015 798 et
4035 741 4186 815 post
4206 753 4362 798 eum

2407 821 2679 899 Paulus,
2715 818 2852 901 Qui
2874 820 3197 903 ignorat‚i
3293 828 3434 884 oret
3455 816 3543 905 (1.
3569 819 3722 885 Cor.
3748 819 3851 899 14,
3887 817 4019 906 38).
4073 817 4377 900 Quando

2408 928 2668 990 semper
2711 926 2943 971 verum
2990 904 3151 970 illud
3225 905 3344 983 uit,
3389 905 3637 970 nemini
3682 906 4003 971 occultam
4048 925 4192 971 esse
4225 903 4360 970 Dei

2410 993 2772 1069 veritatem,
2818 990 2946 1056 nisi
2991 992 3178 1058 cuius
3214 1002 3502 1055 mentem
3539 992 3919 1057 excaecavit
3960 989 4124 1057 deus
4159 990 4362 1056 huius

2409 1078 2654 1145 saeculi
2718 1075 2804 1164 (2.
2873 1076 3025 1142 Cor.
3092 1076 3153 1156 4,
3214 1075 3313 1163 4):
3375 1075 3445 1141 id
3512 1097 3669 1143 vero
3733 1077 4078 1161 praecipue
4144 1076 4368 1143 locum

2411 1165 2608 1232 habet
2650 1164 2761 1231 ubi
2806 1163 2923 1228 lux
2962 1162 3210 1228 affulsit
3244 1184 3281 1228 e
3319 1162 3518 1243 coele,
3559 1183 3725 1246 quae
3759 1183 3982 1228 errare
4018 1182 4146 1227 non
4181 1162 4357 1246 pati-

2411 1260 2553 1330 tur,
2597 1250 2728 1315 nisi
2769 1249 2880 1333 qui
2925 1249 3145 1314 oculos
3188 1248 3522 1314 claudunt.
3612 1248 3771 1315 Ideo
3823 1268 3979 1314 mox
4039 1249 4375 1315 attexitur·

2412 1336 2804 1403 remedium:
2853 1335 3015 1400 Post
3046 1334 3364 1400 Iehovam
3410 1334 3860 1400 ambulabitis:
3905 1357 3980 1401 ac
4016 1334 4075 1400 si
4110 1334 4363 1400 diceret

2412 1423 2635 1489 Moses
2690 1421 2992 1487 sufficere
3049 1420 3130 1485 ad
3189 1419 3556 1487 cavendum
3617 1419 3790 1503 quod
3832 1420 4049 1486 Deum
4117 1419 4366 1486 habent

2415 1518 2632 1575 rectae
2674 1510 2823 1574 viae
2867 1506 3130 1573 ducem:
3188 1507 3382 1573 sicuti
3435 1507 3567 1572 iam
3631 1527 3742 1572 eos
3786 1507 4078 1591 gratuita
4117 1505 4362 1572 libera·

2413 1594 2600 1660 litate
2645 1601 3095 1679 praevenerat.
3182 1593 3439 1658 Verum
3476 1592 3651 1676 ,quia
3704 1613 3948 1677 magna
4008 1613 4165 1676 pars
4209 1590 4372 1658 Deo

2415 1682 2673 1747 vocanti
2715 1701 2845 1745 non
2892 1678 3272 1762 respondet,
3335 1679 3643 1762 viamque
3700 1688 4180 1744 monstrantem
4224 1699 4363 1744 non

2412 1767 2713 1850 respicit:
2795 1763 3066 1830 additur
3142 1766 3339 1830 etiam
3421 1777 3497 1829 ιιι
3561 1765 3747 1829 illum
3815 1764 4120 1831 timeant:
4201 1767 4362 1848 quia

2413 1854 2612 1917 timor
2633 1852 2761 1917 Dei
2782 1860 2979 1934 caput
3002 1861 3101 1916 est
3124 1849 3485 1935 sapientiae
3504 1848 3707 1937 (Psal.
3736 1850 3878 1931 111,
3904 1849 4033 1936 10).
4060 1850 4360 1916 'l'andem

2414 1959 2644 2004 rursus
2709 1937 2997 2004 inculcat
3065 1938 3318 2017 Moses,
3398 1937 3453 2001 si
3533 1938 3726 2003 modo
3803 1936 4211 2022 propositum
4274 1937 4364 2003 sit

2413 2024 2792 2090 hominibus
2836 2022 3098 2089 obedire
3138 2023 3296 2101 Dec,
3343 2022 3505 2088 satis
3541 2022 3843 2088 edoctum
3889 2024 3971 2088 iri
4015 2022 4155 2089 eius
4196 2041 4375 2089 voce

2412 2111 2570 2193 quid
2625 2109 2801 2176 factu
2860 2109 2950 2174 sit
3005 2130 3191 2193 opus.
3295 2108 3718 2175 Adhaerendi
3787 2109 3989 2175 verbo
4060 2129 4362 2192 persevc-

2413 2197 2699 2262 rantiam
2746 2196 3041 2274 denotat,
3106 2204 3175 2260 et
3231 2195 3325 2260 ita
3379 2194 3642 2278 oblique
3701 2195 4087 2279 perstringit
4130 2214 4361 2260 eorum

2412 2282 2960 2361 inconstantiam,
3018 2283 3131 2364 qui
3191 2300 3269 2347 eo
3313 2281 3540 2347 relicto
3599 2290 3664 2346 et
3716 2281 3937 2346 valere
3995 2283 4172 2348 iusso
4213 2286 4373 2365 post

2413 2369 2641 2434 inania
2682 2375 3051 2434 commenta
3093 2375 3437 2452 vagantur.

2590 2455 2784 2523 Dent.
2845 2453 2947 2531 18,
3027 2454 3132 2519 21.
3197 2453 3366 2536 Quia
3430 2452 3494 2517 si
3555 2451 3804 2517 dixeris
3868 2452 3940 2517 in
4001 2451 4181 2517 corde
4236 2454 4371 2517 ὑαο,

2414 2539 2673 2606 Pendet
2737 2540 3035 2624 exceptio
3101 2539 3262 2604 haec
3327 2559 3367 2602 a
3433 2538 3866 2621 prohibitione
3930 2557 4127 2621 quam
4207 2546 4363 2604 ante

2414 2627 2837 2692 recitavimus
2874 2647 2955 2690 ex
2994 2625 3075 2691 18
3111 2627 3323 2709 capite
3344 2625 3616 2689 Deuter.
3684 2624 4049 2707 Prophetas
4073 2624 4257 2690 Deus
4291 2624 4363 2689 in

2413 2712 2628 2779 locum
2666 2733 2854 2777 suum
2893 2712 3265 2796 subrogans
3301 2708 3588 2776 docendo
3624 2710 3883 2794 popule,
3922 2731 4059 2775 non
4098 2709 4366 2794 vulgari

2415 2819 2526 2864 eos
2581 2800 2932 2864 autoritate
2990 2807 3374 2876 ornaverat,
3425 2795 3663 2861 iuben's
3717 2815 3944 2861 eorum
3997 2799 4365 2880 praeceptis

2416 2885 2843 2969 acquiescere.
2934 2882 3139 2967 Atqui
3198 2903 3332 2948 non
3391 2903 3650 2966 semper
3692 2883 3905 2949 officio
3948 2882 4367 2949 satisfaciunt

2416 2972 2651 3054 quibus
2687 2968 2963 3037 docendi
2998 2978 3217 3053 partes
3253 2977 3411 3033 sunt
3443 2968 3804 3053 impositae.
3863 2968 4104 3034 Merito
4139 2970 4377 3052 itaque

2414 3057 2669 3142 obrepit
2707 3057 3045 3135 dubitatio,
3092 3054 3414 3140 quomodo
3449 3062 3696 3121 statuet
3730 3054 4008 3139 populus
4047 3063 4375 3139 tanquam·

2413 3165 2527 3209 ore
2571 3144 2699 3209 Dei
2739 3143 2953 3227 loqui,
3014 3151 3087 3208 ut
3145 3141 3479 3207 discernat
3519 3160 3715 3208 veros
3757 3163 3798 3206 a
3839 3141 4039 3207 falsis.
4129 3141 4369 3225 Itaque

2414 3251 2547 3296 non
2615 3231 2892 3314 ponitur
2954 3227 3201 3295 vocalis
3278 3228 3745 3312 interrogatio:
3824 3226 3940 3292 sed
4019 3227 4369 3312 praevenit

2415 3315 2600 3382 Deus
2646 3316 2880 3381 tacitas
2936 3314 3433 3393 haesitationes,
3493 3335 3659 3397 quae
3716 3333 4065 3397 suspensos
4122 3312 4376 3396 alioqui

2416 3411 2725 3467 tenerent
2767 3402 3038 3467 animos.
3113 3401 3356 3467 Dicere
3398 3400 3575 3465 enim
3620 3400 3690 3466 in
3735 3399 3930 3465 corde
3973 3397 4365 3466 tantundem

2416 3489 2597 3554 valet
2640 3510 2716 3554 ac
2762 3507 2982 3554 secum
3027 3485 3378 3570 ambigere,
3421 3484 3535 3551 ubi
3570 3485 3937 3568 periculum
3974 3484 4363 3551 ostenditur.

2414 3574 2623 3640 Porro
2668 3583 2744 3639 ιιι
2783 3573 3165 3657 scrupulum
3212 3574 3490 3649 eximat,
3548 3594 3680 3637 non
3738 3581 4082 3637 enumerat
4132 3591 4369 3637 omnes

2416 3659 2830 3727 discretionis
2904 3668 3130 3739 notas,
3208 3659 3366 3743 quia
3443 3679 3572 3723 non
3653 3655 4015 3724 doctrinam
4095 3657 4373 3741 quidem

2416 3747 2716 3831 attingit,
2782 3745 2895 3812 sed
2957 3744 3287 3810 duntaxat
3343 3742 3675 3809 vaticinia.
3763 3743 4111 3810 Caeterum
4159 3765 4369 3828 popu·

2414 3832 2678 3909 lariter,
2726 3840 2801 3897 ιιι
2834 3829 3031 3896 rudes
3066 3841 3133 3896 et
3165 3851 3421 3898 crassos
3458 3830 3777 3910 homines,
3810 3830 3992 3897 iubet
4026 3830 4377 3896 attendere

2416 3940 2503 3984 an
2549 3939 2705 3983 vera
2749 3917 3128 4001 praedicant
3169 3917 3282 4001 qui
3325 3915 3448 3982 sibi
3511 3915 3867 3982 vendicant
3916 3936 4156 3982 nomen
4211 3937 4365 4000 pro-

2413 4006 2770 4088 pheticum.
2880 4003 3023 4068 Etsi
3104 4013 3320 4068 autem
3390 4000 3491 4089 (ut
3556 4022 3767 4085 nuper
3833 4000 4148 4090 diximus)
4213 4001 4367 4068 falsi

2412 4112 2668 4175 quoque
2704 4090 2996 4156 doctores
3030 4089 3155 4155 hac
3184 4089 3256 4153 in
3291 4098 3479 4172 parte
3515 4087 3930 4153 aemulantur
3952 4088 4080 4153 Dei
4113 4109 4364 4168 servos,

2414 4186 2484 4242 et
2527 4178 2596 4240 in
2641 4175 3020 4260 particulari
3065 4175 3377 4241 vaticinio
3420 4193 3692 4241 veraces
3746 4173 4375 4257 deprehenduntur:

2414 4261 2662 4329 sufficit
2722 4272 2940 4327 tamen
3006 4261 3408 4343 probationis
3473 4270 3791 4327 tesseram
3857 4281 3896 4325 a
3944 4260 4131 4343 poni,
4196 4281 4373 4345 quae

2415 4347 2517 4412 ἐπὶ
2559 4346 2625 4411 τὰ
2669 4346 2823 4411 noan}
2860 4347 3125 4414 accidit:
3172 4348 3364 4414 sicuti
3388 4348 3573 4413 Deus
3607 4347 3748 4429 ipse
3794 4367 3870 4411 eo
3917 4367 4020 4410 em
4065 4346 4367 4432 symbolo

2415 4434 2561 4501 vult
2621 4433 2700 4498 ab
2757 4433 2951 4499 idolis
3010 4432 3328 4519 distingui
3387 4445 3454 4498 et
3509 4433 3819 4515 separari.
3920 4432 4023 4497 Ne
4068 4453 4151 4497 ue
4207 4454 4367 4500 vero

2416 4520 2814 4585 affirmative
2857 4521 3246 4603 pronunciat
3283 4520 3518 4597 Moses,
3563 4518 3758 4583 fidem
3804 4518 4020 4583 haben
4069 4538 4175 4582 am
4220 4540 4378 4585 esse

2418 4605 2712 4686 vatibus,
2795 4608 3046 4689 quoties
3125 4605 3318 4672 dictis
3383 4602 3795 4688 responderit
3860 4613 4170 4671 eventus:
4248 4604 4379 4672 sed·

2415 4700 2677 4757 tantum
2720 4691 3062 4770 admonet,
3115 4693 3170 4758 si
3214 4700 3465 4757 attente
3507 4691 3924 4757 considerent
3980 4711 4115 4755 non
4292 4711 4367 4757 se

2416 4778 2661 4861 decipi,
2720 4778 2874 4861 quia
2918 4777 3102 4843 Deus
3156 4778 3381 4843 statim
3441 4776 4038 4860 pseudoprophetas
4081 4778 4152 4841 lu
4199 4777 4368 4843 ibrio

2413 4871 2730 4948 exponet,
2793 4885 3145 4948 eorumque
3201 4864 3573 4930 fatuitatem
3641 4862 3914 4928 refellet.
4016 4861 4123 4927 Ita
4187 4864 4365 4929 hunc

2411 4950 2628 5015 locum
2700 4949 3057 5033 prudenter
3123 4950 3572 5016 accommodat
3636 4948 3953 5015 Ieremias
4018 4948 4122 5027 28,
4188 4949 4230 5014 6
4291 4948 4361 5013 in

2413 5057 2609 5101 usum
2669 5036 2769 5101 sui
2830 5037 3176 5118 temporis,
3244 5045 3319 5100 ut
3377 5057 3450 5100 re
3504 5035 3651 5119 ipsa
3706 5044 3930 5118 pateat
3985 5034 4365 5101 Hananiam

2412 5129 2662 5186 temere
2684 5122 2951 5186 mentiri
2976 5121 3129 5186 dum
3166 5120 3493 5204 promittit
3527 5121 3846 5187 scelerum
3882 5121 4381 5203 impunitatem,

2411 5210 2720 5291 quamvis
2781 5205 3157 5290 impendeat
3215 5208 3340 5273 Dei
3407 5206 3589 5294 ulti0.
3689 5205 3769 5271 In
3841 5227 4131 5289 summa,
4198 5206 4363 5272 nihil

2414 5293 2594 5360 aliud
2638 5293 2783 5359 vult
2822 5293 3039 5360 Moses
3074 5314 3268 5376 quam
3305 5291 3616 5378 populum
3654 5313 3788 5357 non
3825 5292 3967 5358 fore
4002 5292 4364 5359 obnoxium

2413 5378 2681 5445 errandi
2724 5378 3012 5463 periculo
3055 5380 3112 5445 si
3157 5378 3303 5446 Deo
3346 5400 3511 5464 pure
3554 5378 3819 5445 obedire
3862 5378 4152 5446 studeat:
4210 5378 4381 5465 qnia
