4867 6150
330 447 441 512 241

331 643 398 700 ut
450 630 773 699 sedandae
821 632 1011 699 famis
1069 655 1266 701 causa
1321 633 1578 701 iuberet
1631 635 1878 719 lapides
1935 637 2004 702 in
2052 659 2255 721 panes

330 719 629 799 converti,
674 719 1030 803 respondit,
1076 718 1413 803 Scriptum
1459 730 1578 800 est,
1625 744 1754 787 non
1800 723 1869 788 in
1913 745 2082 806 pane
2118 724 2256 791 solo

329 805 490 873 vivit
532 806 744 886 homo,
790 815 910 872 etc.
992 809 1089 873 Ac
1133 808 1189 872 si
1232 805 1496 887 diceret,
1540 807 1717 873 aliud
1762 829 1904 875 esse
1947 811 2013 874 in
2056 831 2255 876 manu

329 893 447 959 Dei
491 890 888 972 remedium,
932 892 1041 974 qui
1088 902 1161 957 ut
1205 893 1452 959 victum
1502 914 1633 959 non
1670 895 2074 978 suppeditet,
2116 897 2253 963 solo

328 988 486 1044 nutu
506 988 719 1060 potest
743 978 1043 1044 homines
1067 986 1384 1063 vegetare.
1410 977 1660 1044 Verum
1686 982 1840 1064 quia
1862 981 2022 1048 haec
2045 982 2255 1050 fusius

326 1063 596 1130 tractavi
643 1064 713 1129 in
759 1063 922 1129 meis
971 1065 1484 1147 commentariis,
1545 1066 1778 1149 quibus
1818 1068 2253 1134 Harmoniam

325 1149 764 1234 evangelicam
809 1150 1111 1232 exposui,
1171 1171 1345 1216 nunc
1386 1150 1597 1218 levius
1640 1152 1913 1237 attingo.
1999 1153 2252 1219 Eodem

323 1238 447 1302 fine
508 1235 690 1300 addit
753 1246 973 1302 vestes
1031 1256 1258 1302 eorum
1325 1257 1454 1302 non
1533 1238 1732 1304 fuisse
1808 1240 2070 1305 attritas
2134 1261 2254 1324 per

322 1323 585 1405 longum
622 1332 898 1404 tempus,
936 1329 1006 1386 et
1037 1320 1285 1388 calceos
1308 1324 1623 1391 mansisse
1659 1325 1980 1409 integros:
2019 1348 2251 1409 nempe

320 1417 392 1474 ut
438 1416 617 1473 certo
675 1408 972 1490 persuasi
1027 1416 1272 1488 essent,
1331 1429 1756 1494 quaecunque
1811 1420 2111 1494 spectant
2167 1412 2249 1477 ad

320 1494 493 1559 vitae
539 1493 864 1559 humanae
907 1495 1465 1560 conservationem
1509 1505 1577 1561 et
1619 1496 2032 1579 quotidianos
2071 1520 2249 1579 usus,

317 1579 406 1646 sic
450 1600 595 1645 esse
636 1579 708 1644 in
755 1600 954 1644 manu
1001 1579 1127 1645 Dei
1170 1581 1410 1664 posita,
1473 1591 1543 1646 ut
1597 1603 1727 1648 non
1773 1583 1981 1650 solum
2026 1584 2251 1651 fruitio

317 1664 396 1730 ab
436 1667 582 1731 eius
627 1664 1075 1732 benedictione
1118 1665 1435 1749 pendeat,
1477 1666 1592 1734 sed
1638 1668 1837 1734 etiam
1882 1668 2140 1736 duratio
2184 1678 2253 1736 et

312 1758 540 1819 status.

484 1839 684 1903 Dent.
730 1836 790 1915 8,
836 1835 896 1902 5.
980 1835 1276 1919 Sciaeque
1331 1838 1403 1903 in
1457 1840 1641 1906 corde
1694 1844 1814 1906 tuo.
1904 1838 2254 1907 Concludit

311 1925 379 1989 in
423 1923 737 1989 continuo
780 1943 1130 2007 progressu
1174 1942 1442 2006 operum
1488 1922 1648 2006 Dei,
1707 1947 1790 1990 ex
1847 1947 1975 2010 quo
2034 1927 2255 1994 educti

313 2009 583 2075 fuerant
635 2008 974 2074 Israelitae
1029 2029 1113 2073 ex
1169 2008 1271 2074 Ae
1368 2017 1507 2092 pto,
1571 2014 1871 2096 cognosci
1936 2032 2128 2095 posse
2184 2014 2255 2078 in

311 2094 440 2161 illis
505 2094 812 2160 docendis
868 2104 1213 2177 paternam
1340 2096 1400 2161 ei
1460 2117 1707 2162 curam.
1813 2098 2026 2165 Nimis
2077 2099 2252 2165 enim

309 2182 613 2246 restricte
679 2202 720 2246 a
784 2179 1173 2262 quibusdam
1240 2181 1557 2264 accipitur
1622 2182 1897 2249 verbum
1956 2197 2070 2252 50โน
2134 2205 2256 2268 pro

310 2270 668 2350 castigare,
734 2289 935 2349 quum
999 2287 1227 2333 omnes
1291 2277 1505 2332 rectae
1571 2269 1970 2336 educationis
2036 2281 2257 2354 partes

307 2350 857 2436 comprehendat:
904 2372 979 2418 ac
1023 2353 1081 2418 si
1126 2352 1419 2432 dixisset,
1466 2354 1594 2418 nisi
1637 2354 1911 2438 posthac
1945 2356 2257 2440 morigeri

305 2439 466 2517 sint,
536 2448 731 2522 atque
775 2439 857 2504 ad
916 2438 1200 2504 officium
1258 2440 1596 2523 propensi,
1656 2440 1804 2523 plus
1857 2462 2054 2525 quam
2114 2463 2257 2508 esse

303 2523 659 2603 indociles,
718 2546 918 2608 quum
963 2525 1164 2608 probe
1206 2524 1416 2592 edocti
1451 2526 1700 2591 fuerint
1749 2534 1816 2592 et
1850 2527 1970 2593 sub
2007 2528 2257 2611 optima

304 2607 657 2693 disciplina
700 2609 925 2690 habiti,
971 2633 1092 2677 nec
1137 2609 1486 2694 quidquam
1532 2612 1824 2678 omiserit
1855 2612 2040 2679 Deus
2083 2614 2255 2696 quod

304 2717 342 2761 a
377 2695 857 2779 patrefamilias
880 2697 1121 2780 requiri
1144 2698 1368 2781 possit.
1436 2697 1616 2764 Hinc
1651 2700 1960 2782 sequitur,
1999 2699 2251 2783 pridem

302 2791 368 2846 et
391 2782 628 2847 multis
651 2780 1035 2848 rudimentis
1059 2781 1455 2849 assuefactos
1479 2805 1619 2849 csse
1643 2782 1724 2849 ad
1749 2785 2250 2868 amplexandam

298 2865 469 2951 legis
525 2866 920 2945 doctrinam,
971 2890 1106 2933 non
1149 2889 1334 2935 secus
1378 2890 1454 2936 ac
1494 2870 1666 2937 filios
1709 2871 1894 2938 decet
1936 2880 2252 2954 paternae

299 2955 444 3021 voci
509 2953 886 3021 obedientes
944 2976 1102 3020 esse.
1193 2954 1389 3035 Quod
1444 2957 1638 3021 etiam
1698 2959 2000 3041 proximo
2054 2979 2249 3023 versu

298 3038 556 3107 clarius
598 3040 900 3125 explicat,
946 3041 1185 3108 iterum
1229 3040 1562 3127 colligens,
1607 3042 2001 3111 servandam
2047 3043 2252 3128 igitur

298 3126 462 3209 ipsis
516 3147 660 3193 esse
699 3127 932 3212 legem,
978 3135 1046 3193 et
1087 3129 1157 3193 in
1203 3130 1564 3213 praeceptis
1585 3130 1714 3196 Dei
1758 3129 2248 3196 ambulandum.

299 3210 434 3279 Ubi
480 3213 686 3278 etiam
729 3214 1020 3279 breviter
1076 3214 1439 3280 notandum
1483 3223 1613 3295 est,
1672 3223 1870 3299 caput
1912 3215 2080 3300 legis
2124 3217 2251 3282 rite

297 3298 672 3363 servandae
715 3321 857 3366 esse
903 3300 1030 3365 Dei
1087 3300 1419 3366 timorem:
1479 3322 1609 3383 qua
1659 3301 1740 3367 de
1783 3323 1855 3366 ro
1899 3302 2027 3366 iam
2074 3301 2249 3369 alibi.

300 3381 500 3465 Quod
575 3406 658 3451 ex
730 3385 1075 3451 undecimo
1146 3389 1357 3470 capite
1426 3386 1921 3453 Deuteronomii
1981 3387 2250 3467 attexui,

295 3478 526 3552 posset
571 3473 766 3537 etiam
817 3470 1045 3537 referri
1086 3472 1262 3538 inter
1320 3474 1814 3557 promissiones:
1873 3474 2023 3556 quia
2065 3474 2250 3540 Deus

296 3577 414 3639 spe
499 3578 662 3622 suae
734 3556 1209 3623 benedictionis
1275 3559 1585 3642 populum
1657 3559 1738 3624 ad
1812 3558 2249 3625 obedientiam

294 3642 544 3708 allicit:
592 3643 703 3708 sed
751 3644 904 3727 quia
948 3646 1333 3728 proponitur
1376 3666 1544 3728 quae
1590 3656 1747 3711 tunc
1788 3647 1857 3709 in
1900 3656 2254 3729 conspectu

295 3739 442 3793 erat
483 3739 704 3794 terrae
763 3730 1115 3812 possessio,
1171 3731 1351 3798 locus
1394 3731 1502 3797 hic
1547 3753 1677 3796 non
1724 3730 1892 3797 male
1935 3731 2256 3816 quadrare

292 3816 487 3880 visus
537 3827 673 3881 est:
727 3815 882 3897 quia
925 3837 1059 3881 non
1105 3816 1283 3883 aliud
1329 3818 1454 3882 fuit
1497 3816 1624 3882 Dei
1669 3816 2015 3883 consilium
2061 3839 2251 3901 quam

292 3899 419 3964 hac
480 3901 1054 3967 commendatione
1107 3924 1503 3988 praeparare
1561 3904 1814 3969 animos
1879 3904 2105 3986 populi
2170 3902 2255 3970 ad

292 3984 518 4071 legem
567 3985 979 4054 servandam.

909 4328 1043 4395 EX
1085 4317 1356 4395 DEU'P.
1401 4328 1671 4396 XXIX.

467 4500 516 4566 2
555 4498 624 4587 ยน).
727 4499 1098 4582 Vocavitque
1189 4498 1396 4567 Moses
1480 4502 1845 4568 universum
1929 4500 2250 4584 Israelem,

280 4591 338 4650 et
420 4587 602 4652 dixit
664 4585 788 4651 eis.-
877 4584 1002 4652 Vos
1077 4585 1207 4667 ipsi
1281 4588 1537 4653 vidistis
1612 4589 1824 4653 omnia
1888 4609 2047 4670 quae
2106 4589 2254 4672 fecit

282 4671 538 4738 Ielzova
596 4673 669 4737 in
723 4670 920 4737 oeulis
974 4672 1194 4739 vestris
1246 4671 1320 4737 in
1374 4679 1546 4740 terra
1605 4673 1876 4758 Aeqypti
1923 4671 2253 4741 Pharaoni

277 4764 338 4823 et
405 4757 709 4825 omnibus
783 4757 983 4822 servis
1059 4758 1221 4838 eius,
1301 4764 1357 4824 et
1423 4760 1756 4825 universae
1816 4765 2017 4825 terrae
2080 4761 2251 4828 eius:

259 4844 341 4909 -3.
397 4842 822 4910 Probationes
862 4863 1127 4927 maqnas
1169 4864 1331 4928 qaas
1370 4846 1661 4911 viderunt
1702 4845 1866 4911 oculi
1904 4848 2018 4927 tui,
2062 4848 2251 4930 siqua

274 4936 335 4995 et
370 4935 680 5013 portenta
719 4929 837 4994 illa
878 4948 1127 5012 mayna.
1215 4931 1275 4995 4.
1327 4930 1541 5013 Neque
1594 4931 1765 4997 dedit
1805 4931 1975 4998 vobis
2019 4931 2251 4999 Iehova

273 5036 387 5082 cor
433 5017 530 5082 ad
578 5015 1063 5098 intelliqmdum,
1105 5021 1163 5082 et
1203 5016 1403 5082 oeulos
1447 5018 1531 5083 ad
1572 5017 1923 5094 videndum,
1969 5023 2030 5084 et
2060 5039 2251 5086 aure-sฮ

274 5102 370 5167 ad
427 5102 832 5169 audiendum
879 5121 1078 5183 usque
1133 5103 1205 5168 in
1256 5102 1420 5170 hunc
1476 5104 1659 5168 diem.
1749 5103 1809 5170 5.
1877 5102 1964 5168 Et
2016 5105 2250 5171 deduxi

271 5209 387 5255 voe
409 5187 854 5272 quadraqinta
883 5188 1072 5253 annis
1096 5209 1218 5272 per
1250 5189 1588 5257 desertum.-
1620 5208 1742 5256 non
1765 5192 2252 5258 inveteraverant

459 5376 530 5447 1)
569 5375 740 5429 Hebr.
774 5375 928 5430 1โ8.

501 5459 735 5517 Galvim'
763 5475 952 5532 opera.
1029 5461 1147 5518 Vol.
1183 5461 1346 5518 XXI
1355 5463 1413 5518 V.

1774 446 2307 513 PRAEFATIO
2346 447 2449 514 IN
2492 447 2841 516 LEGEM.

4174 458 4302 523 242

2354 636 2714 704 vestimenta
2751 644 2958 706 vestra
2994 660 3187 729 super
3218 661 3344 721 vos,
3386 659 3496 707 nec
3527 641 3998 709 calceamentum
4030 648 4301 710 vesmm

2353 724 2648 788 veteravit
2687 745 2879 807 super
2911 727 3132 808 pedem
3170 732 3459 793 vestrum.
3549 728 3608 793 6.
3660 727 3902 795 Panem
3943 749 4065 794 non
4106 750 4298 796 come-

2353 807 2561 886 distis,
2604 830 2797 892 neque
2838 811 3055 877 vinum
3097 818 3155 878 et
3194 814 3462 879 siceram
3503 813 3778 880 bibistis.-
3821 820 3894 880 ut
3932 814 4299 899 inteuiyabis

2352 895 2516 975 quod
2558 916 2662 979 eqo
2698 895 2930 963 Iehova
2968 896 3150 963 Deus
3189 903 3401 965 vester.
3485 899 3543 964 โท.
3603 898 3878 966 Venistis
3919 902 4170 967 tandem
4212 901 4299 967 ad

2592 982 2816 1047 istum.-
2858 1002 3259 1066 cyre-esusque
3301 989 3392 1049 est
3431 982 3636 1051 Sehon
3677 1006 3794 1051 rex
3833 985 4062 1067 Esbon,
4105 991 4163 1052 et
4204 985 4298 1071 09

2353 1085 2469 1130 rex
2512 1065 2739 1132 Basan
2782 1069 2851 1133 in
2893 1088 3208 1134 occursum
3244 1074 3524 1135 nostrum
3565 1071 3652 1136 ad
3683 1072 4013 1152 proelium,
4058 1078 4115 1137 et
4144 1092 4294 1155 per-

2352 1151 2664 1218 cussimus
2726 1174 2826 1218 eos
2844 1178 2863 1217 .ฮ
2962 1153 3022 1220 8.
3094 1154 3185 1219 Et
3245 1155 3618 1221 abstulimus
3681 1163 3914 1223 terram
3988 1158 4293 1240 ipsorum,

2349 1236 2856 1321 tradidimusque
2894 1240 2963 1304 in
3005 1238 3444 1309 haereditatem
3490 1242 3817 1308 Rubenius
3832 1294 3848 1320 ,
3914 1247 3972 1309 et
4018 1242 4294 1323 Gaditis,

2351 1326 2410 1388 et
2442 1323 2752 1390 dimidiae
2788 1323 2985 1390 tribui
3019 1325 3342 1392 Manasse.
3414 1327 3476 1393 9.
3527 1326 3905 1394 Custodiatis
3937 1348 4076 1413 erqo
4110 1328 4295 1395 verba

2344 1409 2519 1489 pacti
2536 1408 2729 1476 huius
2747 1415 2805 1476 et
2832 1411 3019 1493 facite
3040 1432 3132 1492 ea,
3153 1417 3226 1477 ut
3245 1432 3550 1496 prospere
3583 1416 3791 1497 ayatis
3816 1413 3865 1502 ยน)
3899 1415 3971 1481 in
4004 1414 4294 1481 omnibus

2350 1513 2510 1575 quae
2548 1494 2785 1577 facturi
2825 1497 2992 1563 estis,

2527 1664 2586 1731 2.
2668 1665 3038 1749 Vocavitque
3105 1667 3328 1735 Moses.
3440 1669 3573 1735 Hic
3636 1670 3834 1736 etiam
3900 1670 4080 1737 locus
4145 1680 4297 1755 apte

2354 1747 2520 1833 legis
2563 1753 2954 1835 praefationi
2996 1754 3320 1834 convenit,
3365 1756 3521 1839 quia
3565 1753 3775 1822 tendit
3817 1753 3899 1820 ad
3945 1757 4087 1823 eius
4128 1776 4301 1823 com-

2356 1836 2841 1904 mendationem
2860 1888 2876 1919 ,
2962 1848 3031 1904 et
3106 1840 3329 1924 populi
3409 1842 3662 1907 animos
3740 1841 3821 1907 ad
3901 1842 4297 1908 docilitatem

2355 1920 2644 1987 instituit
2688 1946 2764 1990 ac
2806 1935 3155 2009 comparat.
3223 1926 3592 1993 Exordium
3638 1949 3792 1995 vero
3837 1929 4040 1994 sumit
4083 1950 4124 1995 a
4165 1928 4298 1995 Dei

2357 2006 2720 2089 beneficiis,
2762 2030 2927 2094 quae
2970 2011 3231 2095 experti
3272 2012 3534 2078 fuerant
3577 2021 3712 2079 tam
3757 2014 3828 2079 in
3873 2016 4058 2079 exitu
4101 2035 4299 2099 quam

2356 2092 2423 2157 in
2494 2096 2972 2178 eregrinatione
2993 2097 3427 2181 quadraginta
3462 2120 3805 2166 annorum.
3853 2101 4299 2184 Turpissimae

2358 2199 2534 2243 emm
2570 2180 3066 2263 ingratitudinis
3103 2182 3349 2261 fuisset,
3388 2204 3520 2249 non
3556 2206 3626 2250 se
3662 2183 3963 2253 addicere
3998 2186 4301 2271 redemp-

2359 2264 2503 2343 tori,
2551 2266 2661 2348 qui
2702 2265 2863 2332 adeo
2906 2266 3265 2334 liberaliter
3307 2288 3457 2333 cum
3501 2271 3660 2353 ipsis
3705 2280 3948 2356 egerat.
4016 2273 4109 2338 Et
4143 2294 4304 2339 sane

2358 2350 2529 2433 quod
2596 2353 3054 2435 potentissimo
3121 2354 3259 2438 regi
3318 2375 3388 2420 se
3444 2366 3841 2439 opposuerat
3896 2358 3962 2422 in
4023 2359 4303 2441 gratiam

2356 2457 2697 2503 servorum
2718 2490 2733 2515 ,
2799 2437 3273 2505 inaestimabile
3317 2443 3573 2524 paterni
3617 2463 3775 2526 erga
3816 2443 3995 2527 ipsos
4058 2445 4302 2512 amoris

2358 2524 2620 2605 signum
2684 2522 2827 2589 fuit.
2931 2525 3140 2591 Porro
3207 2548 3287 2592 ne
3350 2526 3623 2593 obscura
3688 2540 3865 2595 esset
3919 2528 4301 2614 redemptio,

2359 2608 2673 2674 virtutem
2700 2631 2894 2693 quam
2932 2611 3064 2676 illic
3086 2613 3271 2677 Deus
3306 2614 3613 2695 exseruit,
3658 2615 4027 2700 magnificis
4071 2617 4301 2703 elogiis

2358 2715 2476 2778 pro
2520 2693 2840 2779 dignitate
2882 2717 2985 2761 am
3037 2697 3251 2763 lificat.
3924 2702 3943 2709 โ

2528 2781 2589 2846 4.
2673 2781 2891 2864 Neque
3003 2783 3131 2848 edit
3193 2783 3439 2850 Iehova.
3548 2785 3907 2851 Praeteriti
3985 2788 4300 2870 temporis

2309 2886 2324 2906 ฮ
2357 2866 2718 2932 socordiam
2763 2868 3237 2951 exprobrando,
3283 2869 3366 2935 ad
3411 2871 3701 2935 studium
3747 2871 4154 2955 intelligendi
4189 2895 4302 2941 eos

2357 2951 2688 3017 stimulat:
2735 2973 2811 3019 ac
2846 2954 2903 3019 si
2948 2953 3209 3033 diceret,
3257 2955 3453 3020 nimis
3488 2955 3599 3021 diu
3635 2956 4046 3041 obstupuisse
4080 2956 4164 3023 ad
4204 2966 4302 3025 tot

2357 3037 2705 3104 miracula:
2774 3038 3043 3123 ideoque
3110 3061 3240 3107 non
3308 3061 3450 3107 esse
3513 3042 3792 3126 amplius
3858 3044 4301 3113 cunctandum

2355 3125 2513 3208 quin
2560 3126 2999 3209 expergefacti
3043 3126 3278 3192 melius
3317 3127 3399 3192 ad
3445 3126 3662 3194 Deum
3723 3130 4098 3196 attendant:
4163 3152 4300 3198 non

2355 3209 2525 3293 quod
2595 3232 2862 3294 prorsus
2927 3232 3038 3277 eos
3105 3212 3454 3280 latuissent
3518 3213 3641 3280 Dei
3711 3235 3909 3299 opera
3986 3224 4299 3301 tanquam

2357 3296 2702 3362 attonitos:
2749 3297 2861 3362 sed
2907 3298 3060 3380 quia
3103 3298 3326 3364 statim
3372 3299 3714 3366 effluxerat
3750 3303 3961 3368 omnis
3995 3304 4297 3386 cognitio,

2356 3381 2527 3447 Nam
2575 3383 2766 3449 sicuti
2825 3382 3072 3460 ebrius,
3136 3393 3254 3450 aut
3295 3386 3406 3468 qui
3452 3396 3717 3452 veterno
3760 3387 3984 3453 morbo
4028 3388 4300 3470 laborat,

2356 3467 2577 3533 audito
2634 3469 2917 3536 clamore
2970 3470 3303 3554 paulisper
3362 3472 3607 3537 attollit
3661 3483 3891 3555 caput,
3957 3484 4024 3539 et
4080 3475 4300 3542 oculos

2356 3554 2597 3636 aperit,
2658 3577 2807 3620 mox
2867 3576 3025 3620 vero
3069 3556 3138 3619 in
3185 3577 3480 3638 soporem
3543 3558 3932 3624 revolvitur:
3993 3561 4085 3624 ita
4131 3582 4301 3624 nun-

2356 3660 2550 3722 quam
2619 3642 2791 3706 serio
2853 3640 2936 3705 ad
3016 3641 3488 3707 consideranda
3555 3644 3682 3709 Dei
3747 3665 3946 3727 opera
4008 3655 4297 3712 mentem

2356 3726 2675 3808 applicuit
2707 3727 3003 3810 populus,
3038 3727 3191 3810 quia
3221 3728 3331 3794 ubi
3368 3729 3682 3795 miraculo
3720 3730 3939 3813 aliquo
3975 3732 4299 3797 excitatus

2355 3812 2515 3890 fuit,
2591 3811 2787 3896 paulo
2853 3825 2999 3895 post
3063 3825 3336 3896 sequuta
3400 3824 3500 3880 est
3578 3815 3847 3892 oblivi0,
3930 3826 4003 3881 ut
4067 3819 4300 3885 merito

2357 3919 2651 3964 crassum
2688 3898 2874 3963 illum
2911 3909 3233 3982 torporem
3276 3899 3470 3965 variis
3505 3900 3712 3966 modis
3748 3902 4038 3985 exagitet
4060 3903 4297 3970 Moses.

2357 3982 2710 4049 Caeterum
2754 4005 2891 4050 non
2933 3985 3317 4067 simpliciter
3358 4006 3468 4053 eos
3509 3988 3832 4052 amentiae
3875 3988 4175 4067 damnat,
4233 3998 4299 4055 et

2358 4071 2719 4148 caecitatis,
2788 4081 2855 4136 et
2919 4071 3287 4138 surditatis:
3357 4073 3472 4137 sed
3536 4085 3860 4147 amentes,
3940 4094 4164 4140 caecos
4230 4081 4299 4140 et

2358 4154 2589 4222 surdos
2630 4156 2835 4223 fuisse
2878 4157 3297 4240 pronunciat,
3358 4158 3511 4240 quia
3555 4178 3687 4223 non
3736 4158 3981 4224 fuerint
4022 4160 4303 4244 praediti

2357 4241 2622 4308 coelesti
2665 4242 2897 4326 gratia,
2937 4252 3011 4307 ut
3045 4244 3170 4308 rite
3204 4243 3276 4308 in
3313 4252 3410 4308 tot
3444 4243 3851 4311 documentis
3886 4247 4300 4327 proficerent.

2357 4326 2551 4393 Unde
2594 4327 2903 4394 discimus
2946 4328 3277 4413 singulare
3321 4351 3465 4396 esse
3510 4330 3773 4412 spiritus
3818 4330 4079 4413 donum,
4124 4341 4301 4399 recta

2355 4412 2796 4498 intelligentia
2839 4413 3113 4498 pollere:
3167 4416 3321 4499 quia
3371 4436 3629 4497 semper
3675 4415 3778 4481 vel
3821 4417 3888 4481 in
3934 4417 4111 4483 clara
4153 4417 4297 4485 luce

2355 4500 2719 4567 caecutient
2762 4501 3080 4581 homines,
3123 4497 3327 4566 donec
3370 4522 3409 4566 a
3444 4499 3589 4565 Deo
3631 4499 3982 4566 illuminati
4027 4504 4293 4572 fuerint.

2355 4586 2548 4666 Quod
2614 4585 2695 4651 de
2759 4585 3081 4653 Israelitis
3146 4597 3369 4652 narrat
3433 4586 3682 4668 Moses,
3749 4588 4051 4654 omnibus
4116 4588 4293 4656 haud

2356 4670 2550 4739 dubie
2614 4693 2960 4739 commune
3026 4679 3144 4738 est.
3256 4671 3624 4755 Conspicua
3684 4673 3808 4738 Dei
3875 4674 4085 4758 gloria
4146 4675 4294 4742 ideo

2353 4777 2487 4822 non
2551 4758 2754 4825 fuisse
2814 4758 2895 4824 ad
2963 4757 3105 4824 eius
3170 4758 3471 4823 timorem
3540 4766 3609 4824 et
3672 4759 3922 4824 cultum
3983 4759 4295 4828 adductos

2353 4844 2763 4927 pronunciat,
2810 4844 2963 4927 quia
3000 4862 3119 4908 nec
3153 4853 3463 4924 mentem,
3505 4863 3623 4910 nec
3659 4843 3899 4926 oculos,
3947 4867 4067 4911 nec
4101 4867 4295 4912 aures

2351 4930 2484 4995 illis
2542 4929 2812 4996 dederit.
2918 4929 3120 5013 Atqui
3176 4929 3474 4995 homines
3530 4929 3840 5011 creand0,
3908 4933 4296 4998 naturaliter

2351 5015 2484 5081 illis
2529 5025 2817 5082 mentem
2860 5015 3216 5095 indiderat,
3273 5015 3642 5081 contulerat
3696 5017 3894 5082 etiam
3949 5037 4171 5098 aures,
4227 5026 4297 5084 et

2352 5102 2603 5168 oculos:
2674 5101 2788 5167 sed
2845 5102 3063 5168 Moses
3122 5100 3480 5186 significat,
3550 5099 3862 5186 quidquid
3928 5103 4293 5187 ingenitum

2352 5195 2455 5253 est
2510 5186 2698 5253 nobis
2755 5187 2953 5267 lucie,
3020 5187 3123 5253 vel
3192 5188 3496 5254 suffocari
3563 5187 3670 5254 vel
3735 5209 4150 5268 evanescere,
4220 5199 4296 5254 ut

2526 5376 2585 5446 1)
2603 5375 2676 5431 In
2711 5377 2982 5447 momine:
3020 5375 3144 5443 Vel,
3181 5375 3517 5446 intelligatis.
3819 5460 3888 5514 16
