4867 6150
337 467 467 535 677

858 656 991 722 EX
1033 653 1363 723 EODEM
1409 654 1768 722 OAPI'PE.

519 828 618 927 10.
680 827 884 909 Quum
907 827 1225 895 manabis
1245 828 1545 911 proximo
1568 832 1675 895 tao
1708 825 1957 927 aliquid
1989 829 2293 926 medeam,

339 934 464 1065 '1²33‘
515 914 1815 1080 fflfffflssffimvssssfflfflffi
1842 932 2083 1097 :ff
2114 931 2299 1063 3⁴5:

335 1087 575 1172 piynus
624 1086 823 1168 foras.
918 1086 1018 1152 12.
1103 1086 1278 1167 Quod
1329 1087 1392 1152 si
1443 1087 1548 1151 vir
1591 1105 1846 1167 pauper
1895 1086 2119 1166 fuera,
2175 1103 2299 1150 non

342 1172 620 1238 dormies
660 1193 803 1238 cum
847 1173 1110 1256 pignore
1152 1173 1305 1237 eius.
1398 1171 1501 1238 13.
1571 1171 1970 1237 Restituendo
2012 1172 2071 1236 ei
2124 1169 2302 1235 resti-

340 1263 480 1324 tues
524 1258 767 1341 piynus
822 1258 973 1324 dum
1020 1258 1114 1324 sol
1168 1258 1492 1327 occumbit.-
1548 1262 1619 1323 αἰ
1668 1257 1944 1322 dormiat
1998 1257 2069 1321 in
2121 1256 2302 1321 vesti-

340 1348 539 1411 mento
579 1363 726 1422 suo,
785 1349 842 1409 et
881 1344 1191 1410 benedicat
1232 1343 1382 1409 tibi.-
1434 1343 1672 1426 eritque
1712 1342 1827 1408 tibi
1860 1343 1932 1409 in
1986 1342 2301 1407 iustitiam

338 1450 551 1499 eoram
596 1429 826 1496 Iekova
866 1429 1008 1498 Deo
1047 1435 1168 1495 tuo.

864 1685 993 1751 Ex
1027 1660 1372 1755 ’11881111
1417 1685 1776 1753 sams.

514 1858 619 1924 17.
691 1857 838 1924 Non
871 1862 1187 1941 pervertes
1229 1857 1539 1923 &adiciam
1569 1857 1816 1941 pupilli
1856 1862 1914 1922 et
1958 1853 2302 1938 pereyrini,

339 1966 466 2012 non
515 1945 732 2027 capies
784 1944 857 2009 in
896 1945 1138 2027 piqnas
1195 1946 1626 2010 vestimentum
1666 1944 1913 2009 viduae.
2006 1941 2109 2007 18.
2180 1939 2305 2005 Re-

340 2031 601 2099 cordare
640 2031 805 2112 quod
842 2050 1063 2096 servus
1106 2030 1312 2112 fueris
1374 2032 1442 2094 in
1499 2031 1813 2113 AeyyptO,
1866 2033 1923 2094 et
1976 2027 2306 2094 redemerit

341 2114 1338 2270 {azolehovaDeustuasindoe
1402 2115 2007 2198 ideireopraeeaepio
2068 2112 2307 2178 tibiut

489 2204 715 2286 facias,

520 2373 723 2441 Deut.
770 2373 887 2451 24,
947 2374 1006 2438 6.
1079 2372 1225 2437 Non
1264 2372 1542 2452 accipiet.
1633 2373 1934 2437 Alteram
1986 2391 2163 2436 nunc
2205 2390 2309 2434 88-

347 2462 665 2543 quitatem
685 2459 755 2524 in
788 2461 1041 2524 ratione
1083 2459 1428 2524 mutuandi
1454 2457 1872 2523 commendat
1915 2459 1980 2521 in
2020 2456 2306 2540 pignori·

355 2547 478 2613 bus
534 2545 912 2629 exigendis,
979 2544 1092 2609 ubi
1140 2564 1335 2627 saepe
1391 2544 1569 2609 ultra
1617 2543 1883 2609 modum
1943 2552 2309 2626 gravantur

352 2653 694 2719 pauperes.
781 2630 1009 2696 Primo
1054 2641 1271 2696 autem
1317 2630 1455 2697 loco
1498 2641 1683 2695 vetat
1726 2632 2016 2713 accipere
2050 2630 2118 2693 in
2165 2628 2309 2711 pig-

352 2740 480 2785 nus
555 2718 864 2801 quidquid
945 2715 1026 2781 ad
1120 2716 1320 2781 vitam
1401 2715 1811 2781 tolerandam
1906 2715 2309 2800 pauperibus

353 2805 793 2873 necessarium
838 2812 956 2867 est.
1045 2801 1218 2868 Nam
1255 2803 1322 2868 in
1383 2800 1651 2869 vocibus
1708 2801 1912 2867 catilli
1957 2811 2024 2866 et
2076 2810 2307 2879 metae,

353 2890 462 2956 vel
505 2891 716 2957 molae
755 2889 1111 2971 superioris
1155 2903 1225 2953 et
1267 2888 1627 2963 inferioris,
1687 2908 1805 2971 per
1848 2886 2309 2972 synecdochen

352 2977 483 3043 alia
522 2997 776 3060 quoque
818 2976 1256 3040 instrumenta
1289 2972 1607 3056 designat,
1653 2974 1888 3056 quibus
1932 2971 2015 3038 ad
2059 2974 2309 3038 victum

353 3063 640 3147 quotidie
662 3060 1109 3146 quaerendum
1130 3081 1353 3128 carere
1376 3074 1714 3143 nequeunt
1733 3060 2016 3144 opifices.
2061 3057 2308 3141 Quem-

354 3150 708 3217 admodum
803 3149 859 3213 si
926 3148 1071 3230 quis
1162 3146 1491 3231 agricolae
1580 3159 1909 3222 aratrum,
2004 3146 2308 3229 ligonem,

353 3246 675 3311 rastrum,
740 3235 998 3317 aliaque
1063 3243 1486 3315 extorqueat,
1542 3232 1648 3297 vel
1690 3233 2020 3298 officinam
2081 3233 2307 3297 exina-

356 3325 498 3388 niat
539 3322 800 3400 sutoris,
846 3323 986 3386 sive
1020 3318 1229 3403 figuli,
1275 3320 1420 3384 sive
1455 3319 1729 3384 alterius
1762 3318 2149 3400 cuiuspiam,
2199 3319 2312 3399 qui

353 3419 564 3475 artem
608 3427 800 3473 suam
844 3425 1152 3472 exercere
1195 3425 1324 3469 non
1368 3405 1626 3486 poterit,
1670 3404 2135 3469 instrumentis
2177 3404 2311 3488 pri-

355 3502 588 3560 vatus:
632 3491 801 3575 quod
846 3491 1008 3558 satis
1051 3490 1310 3556 elicitur
1354 3510 1441 3556 ex
1462 3491 1606 3574 ipso
1628 3501 1963 3568 contextu,
2008 3490 2124 3555 ubi
2158 3488 2315 3555 sub·

356 3580 604 3646 iicitur:
651 3578 805 3645 Una
850 3599 1001 3643 cum
1037 3577 1230 3642 molis
1277 3576 1567 3641 animam
1609 3575 2053 3659 oppignorari.
2144 3575 2313 3642 Cru-

356 3665 525 3732 delis
566 3685 725 3749 ergo
768 3673 869 3730 est
912 3661 1207 3746 quisquis
1249 3663 1319 3727 in
1364 3664 1609 3761 pignus
1663 3662 1868 3727 sumit
1922 3661 2096 3744 quod
2153 3682 2315 3745 pau-

236 3807 244 3814 .
355 3754 532 3836 peris
576 3751 780 3817 vitam
825 3751 1123 3828 sustinet,
1157 3767 1244 3814 'ac
1279 3747 1337 3815 si
1380 3759 1628 3813 victum
1673 3750 1957 3832 eriperet
1995 3748 2315 3827 famelico,

356 3838 648 3921 adeoque
703 3836 909 3902 vitam
969 3836 1180 3917 ipsam
1201 3884 1217 3915 ,
1274 3856 1441 3917 quae
1486 3847 1561 3898 ut
1610 3835 1831 3899 labore
1874 3833 2164 3910 fovetur,
2221 3834 2317 3900 ita

358 3923 594 3990 ablatis
650 3922 884 3988 mediis
941 3921 1266 3986 exciditur
1307 3918 1784 4004 quodammodo
1826 3921 2024 3984 etiam
2069 3920 2227 4002 ipsa.

534 4010 634 4075 10.
718 4009 923 4089 Quam
974 4006 1311 4072 mutuabis.
1402 4007 1701 4071 Alteram
1768 4006 2177 4088 iniquitatem
2244 4007 2315 4072 in

356 4093 678 4179 captando
742 4094 1021 4178 pignore
1077 4092 1459 4174 compescit,
1541 4113 1625 4157 ne
1689 4092 1977 4157 creditor
2046 4094 2316 4159 domum

358 4183 683 4258 excutiat,
729 4192 796 4245 et
838 4178 1354 4264 suppellectilem
1404 4177 1630 4244 fratris
1674 4179 1775 4244 sui
1796 4228 1811 4255 ,
1856 4191 1932 4242 ut
1974 4180 2128 4246 inde
2173 4181 2316 4264 pig-

357 4290 485 4333 nus
521 4289 638 4332 suo
683 4266 955 4331 arbitrio
1001 4265 1265 4348 deligat.
1354 4263 1528 4328 Nam
1570 4264 1629 4330 si
1674 4263 1867 4331 detur
1911 4266 2088 4347 optio
2148 4265 2317 4331 divi-

356 4355 538 4420 tibus
583 4353 801 4418 avaris
826 4402 842 4431 ,
889 4351 1073 4417 nulla
1117 4349 1566 4417 mediocritate
1613 4351 1904 4418 contenti
1950 4354 2023 4416 in
2066 4353 2318 4434 optima

359 4460 653 4524 quaeque
695 4437 1108 4516 involabant,
1154 4455 1230 4502 ac
1272 4437 1328 4501 si
1372 4439 1690 4521 impetum
1733 4436 2025 4506 facerent
2066 4439 2140 4503 in
2183 4439 2315 4504 vis-

360 4546 513 4593 cera
586 4526 889 4607 inopum:
947 4532 1118 4588 totas
1177 4520 1455 4603 denique
1525 4522 1754 4588 domos
1805 4521 2148 4605 diripient,
2211 4524 2316 4589 vel

355 4612 592 4680 saltem
647 4609 981 4675 fastidiose
1039 4608 1165 4674 hoc
1219 4607 1329 4672 vel
1377 4607 1544 4676 illud
1588 4607 1983 4692 respuendo,
2037 4609 2317 4676 miseros

354 4717 598 4782 propro
661 4706 728 4760 et
783 4693 1034 4778 pudore
1099 4694 1403 4760 afficient.
1492 4694 1642 4760 Non
1711 4693 1853 4758 vult
1913 4715 2071 4779 ergo
2127 4696 2316 4762 Deus

357 4782 536 4849 aliud
579 4782 822 4866 pignus
868 4780 1082 4866 exigi,
1126 4780 1254 4846 nisi
1299 4779 1469 4862 quod
1505 4789 1770 4863 sponte,
1816 4800 1935 4863 pro
1980 4802 2101 4846 sua
2144 4800 2318 4847 com·

357 4868 705 4948 moditate,
786 4866 1037 4932 debitor
1109 4878 1301 4931 extra
1377 4865 1642 4932 domum
1715 4866 2015 4948 proferet.
2123 4867 2317 4934 Ultra

356 4956 559 5022 etiam
603 4951 1055 5039 progreditur,
1101 4974 1184 5017 nc
1222 4953 1461 5036 pignus
1498 4950 1771 5035 recipiat
1814 4950 2098 5019 creditor
2141 4953 2315 5038 quod

360 5043 632 5126 pauperi
679 5039 1118 5106 necessarium
1161 5058 1300 5103 esse
1357 5045 1724 5123 cognoscet.
1813 5037 2121 5123 Exempli
2164 5059 2317 5124 gra-

358 5130 473 5207 tia,
520 5130 575 5192 si
619 5124 961 5191 culcitram
1004 5124 1076 5189 111
1122 5143 1250 5205 qua
1294 5122 1563 5204 dormit,
1610 5134 1724 5189 aut
1767 5132 2016 5190 vestem
2060 5135 2316 5211 stragu-

361 5213 527 5292 lam,
585 5222 699 5277 aut
742 5211 1013 5295 pallium
1035 5260 1051 5288 ,
1113 5207 1217 5273 vel
1274 5210 1548 5276 mantile
1591 5211 1995 5295 oppignoret.
2086 5211 2317 5295 Neque

359 5301 535 5364 enim
604 5318 884 5380 aequum
950 5304 1053 5360 est
1114 5294 1380 5378 spoliari
1448 5305 1523 5362 ut
1587 5296 1836 5381 algeat,
1896 5297 2001 5361 vel
2068 5298 2316 5380 privari

357 5385 511 5452 aliis
553 5381 880 5462 subsidiis,
925 5400 1204 5467 quorum
1239 5401 1402 5447 usus
1445 5383 1587 5448 sine
1627 5382 1883 5449 iactura
1916 5392 1982 5447 et
2017 5382 2318 5450 molestia

1764 465 2218 535 OCTAVUM
2262 466 2915 535 PRAEOEPTUM.

4225 470 4355 536 678

2394 654 2641 720 auferri
2677 675 2809 719 non
2855 663 3084 737 potest.
3176 654 3335 719 Ideo
3381 653 3649 723 additur
3689 656 4072 739 promissi0,
4118 658 4355 724 huma-

2392 740 2671 806 nitatem
2714 739 2885 805 hanc
2929 741 3073 805 Deo
3139 749 3397 823 gratam
3470 741 3640 820 fore,
3706 763 3910 825 quum
3975 764 4227 827 pauper
4282 746 4352 810 in

2396 834 2584 894 veste
2627 825 2753 891 sibi
2796 824 3055 892 reddita
3098 824 3392 893 dormiet.
3464 827 3857 895 Distinctius
3890 840 4112 897 tamen
4148 830 4359 914 loqui·

2396 924 2541 979 tur:
2611 912 2971 979 Benedicet
3029 911 3149 977 tibi
3205 933 3479 996 pauper,
3535 914 3781 995 inquit,
3840 923 4041 1001 atque
4098 915 4166 980 id
4231 915 4356 982 tibi

2397 999 2470 1063 in
2515 998 2830 1064 iustitiam
2879 996 3308 1084 reputabitur.
3401 997 3751 1083 Significat
3794 1010 4016 1067 autem
4051 1002 4237 1068 Deus
4281 1023 4353 1069 se

2397 1084 2711 1151 exaudire
2744 1085 2970 1150 miseri
2999 1091 3068 1151 et
3088 1087 3275 1169 egeni
3306 1083 3592 1151 hominis
3622 1095 3791 1164 vota,
3837 1108 3922 1152 ne
3946 1082 4132 1171 putet
4171 1088 4357 1157 dives

2399 1170 2731 1255 perditum
2811 1191 2956 1235 8888
3052 1170 3437 1236 beneficium
3519 1171 3689 1255 quod
3769 1174 3941 1256 apud
4021 1173 4355 1241 hominem

2401 1257 2726 1322 abiectum
2763 1256 3133 1322 contulerit.
3201 1256 3368 1321 Plus
3407 1277 3602 1339 quam
3640 1268 3858 1323 autem
3897 1260 4090 1325 ferrei
4127 1281 4357 1326 sumus

2401 1343 2532 1408 nisi
2577 1342 2700 1409 hoc
2744 1342 2824 1408 ad
2869 1341 3326 1409 liberalitatem
3373 1364 3494 1408 nos
3536 1365 3896 1429 propensos
3930 1343 4194 1424 reddat,
4243 1345 4353 1412 ubi

2400 1428 2862 1512 intelligimus,
2920 1428 3224 1512 quamvis
3282 1428 3392 1493 ino
3438 1451 3508 1495 88
3565 1429 3824 1496 deficiat
3873 1432 4145 1497 facultas
4190 1430 4358 1498 bene

2402 1514 2485 1581 de
2539 1515 2728 1581 nobis
2772 1513 3067 1580 merendi
3110 1516 3182 1580 in
3226 1535 3384 1579 mun
3432 1536 3503 1596 o,
3565 1515 3810 1581 habere
3854 1525 4076 1582 tamen
4132 1538 4355 1585 coram

2400 1602 2548 1669 Deo
2581 1599 2755 1684 quod
2790 1599 2979 1669 nobis
3014 1599 3407 1684 rependant:
3455 1622 3709 1686 nempe,
3748 1610 3820 1668 ut
3854 1604 4043 1670 nobis
4077 1605 4359 1687 gratiam

2401 1686 2752 1754 concilient
2794 1686 2935 1753 suis
2977 1687 3297 1769 precibus.
3388 1684 3632 1753 Subest
3674 1698 3895 1754 autem
3936 1689 4140 1756 tacita
4183 1709 4360 1755 com·-

2402 1773 2711 1851 minatio,
2777 1773 2835 1838 si
2892 1771 3142 1838 duriter
3205 1770 3404 1838 cubet
3467 1794 3746 1857 pauper,
3827 1776 3933 1842 vel
4006 1776 4061 1841 si
4118 1775 4362 1861 frigeat

2404 1871 2630 1926 nostra
2673 1857 2898 1942 culpa,
2944 1859 3165 1925 Deum
3210 1858 3671 1925 exauditurum
3717 1861 3857 1929 eius
3914 1862 4232 1946 gemitus,
4277 1882 4364 1931 ne

2403 1945 2731 2029 impunita
2764 1954 3032 2010 maneat
3066 1954 3290 2010 nostra
3312 1943 3683 2012 crudelitas.
3740 1944 3938 2027 Quod
3974 1948 4028 2012 si
4056 1948 4361 2033 ingratus

2404 2032 2605 2097 fuerit
2647 2052 2898 2115 pauper
2940 2032 3043 2096 cui
3103 2031 3551 2115 pepercimus:
3608 2053 3683 2098 eo
3736 2040 3997 2099 tacente
4051 2033 4361 2101 clamabit

2405 2126 2634 2183 nostra
2697 2117 3130 2183 beneficentia
3211 2115 3294 2181 ad
3361 2119 3607 2183 Deum:
3686 2118 3879 2183 sicuti
3946 2140 4211 2187 rursum
4277 2118 4361 2189 ad

2408 2201 2891 2288 provocandam
2970 2203 3100 2268 Dei
3186 2203 3551 2269 vindictam
3621 2204 3901 2270 sufficiet
3973 2205 4364 2291 tyrannicus

2405 2298 2631 2355 noster
2674 2289 2886 2374 rigor,
2931 2289 3235 2372 quamvis
3271 2290 3680 2372 iniquitatem
3727 2293 4053 2374 patienter
4090 2291 4364 2357 devoret

2405 2377 2518 2460 qui
2583 2376 2881 2458 asperius
2947 2383 3266 2442 tractatus
3344 2376 3559 2441 fuerit.
3649 2376 3817 2441 Esse
3893 2376 3967 2440 in
4040 2378 4363 2443 iustitiam

2405 2460 2798 2528 tantundem
2858 2459 3036 2527 valet
3087 2482 3163 2527 ac
3221 2460 3365 2526 Deo
3419 2462 3710 2544 probari,
3761 2462 3867 2528 vel
3912 2471 4169 2544 gratum
4219 2484 4363 2530 8888

2406 2570 2445 2614 8
2495 2568 2594 2613 118.
2680 2547 2747 2613 N
2749 2567 2856 2611 am
2899 2568 3107 2629 quum
3149 2547 3314 2632 legis
3351 2548 3721 2613 observatio
3757 2569 3917 2614 vera
3959 2549 4045 2614 sit
4087 2549 4361 2629 iustitia,

2407 2570 2490 2699 id
2532 2633 2733 2698 etiam
2798 2633 3083 2717 elogium
3136 2634 3515 2699 extenditur
3572 2633 3656 2698 ad
3709 2633 4004 2718 singulas
4061 2635 4369 2701 obedien-

2412 2722 2543 2786 tiae
2588 2725 2825 2803 partes.
2916 2718 3312 2803 Quanquam
3362 2719 3725 2785 notandum
3770 2728 3904 2800 est,
3961 2720 4134 2791 hanc
4178 2722 4366 2787 iusti-

2414 2807 2577 2872 tiam
2623 2804 2913 2871 defluere
2952 2814 3020 2870 et
3063 2824 3483 2883 evanescere,
3544 2805 3675 2869 nisi
3720 2805 4015 2872 numeris
4062 2808 4367 2875 omnibus

2414 2890 2860 2974 compleamus
2919 2912 3342 2974 quaecunque
3396 2889 3582 2956 Deus
3640 2891 3975 2975 praecipit.
4063 2892 4368 2959 Iustitiae

2416 2976 2676 3062 quidem
2736 2996 2890 3059 pars
2934 2985 3063 3055 est,
3117 2975 3392 3042 reddere
3441 2977 3685 3059 pignus
3738 2997 3979 3063 egeno:
4033 3000 4265 3047 verum
4310 2979 4371 3044 si

2417 3063 2563 3149 quis
2607 3063 2678 3130 in
2720 3062 2843 3129 hac
2889 3073 3146 3128 tantum
3192 3070 3379 3147 parte
3426 3061 3751 3131 beneficus
3808 3066 3913 3143 sit,
3961 3063 4106 3131 aliis
4150 3064 4368 3133 modis

2416 3149 2772 3233 praedetur
2831 3170 2984 3214 suos
3040 3149 3315 3215 fratres:
3382 3150 3486 3214 vel
3551 3150 3611 3214 si
3664 3171 3870 3234 purus
3927 3151 4010 3217 ab
4073 3152 4372 3232 avaritia,

2418 3237 2802 3301 violentiam
2838 3243 3159 3314 exerceat,
3195 3234 3455 3301 libidini
3496 3235 3583 3300 sit
3620 3234 3879 3302 deditus
3909 3237 4016 3302 vel
4046 3237 4371 3321 crapulae,

2418 3321 2837 3406 particularis
2892 3321 3171 3403 iustitia,
3223 3321 3525 3405 quamvis
3590 3342 3709 3404 per
3762 3343 3834 3388 se
3898 3323 4043 3388 Deo
4101 3324 4381 3408 placeat,

2417 3429 2553 3474 non
2597 3408 2821 3474 veniet
2874 3417 3095 3473 tamen
3148 3408 3215 3473 in
3260 3408 3603 3473 rationem.
3694 3409 3794 3473 Ac
3838 3409 4104 3474 omnino
4150 3421 4376 3475 tenen-

2419 3494 2575 3559 dum
2641 3502 2743 3559 est
2807 3491 2975 3558 illud
3042 3493 3333 3570 axioma,
3401 3492 3651 3559 nullum
3721 3513 3886 3577 opus
3949 3514 4170 3560 coram
4228 3496 4375 3561 Deo

2416 3579 2670 3647 censeri
2726 3578 3004 3659 iustum,
3062 3579 3194 3645 nisi
3251 3579 3612 3662 profectum
3670 3600 3711 3644 a
3765 3601 3933 3662 puro
3990 3593 4056 3645 et
4116 3582 4377 3665 integro

2417 3666 2715 3732 homine:
2777 3666 3111 3731 neminem
3167 3686 3328 3730 vero
3393 3664 3590 3731 talem
3644 3665 3937 3748 reperiri.
4027 3663 4221 3734 Unde
4273 3689 4375 3732 se-

2415 3753 2642 3836 quitur
2677 3773 2809 3816 non
2861 3751 3053 3817 aliter
3091 3751 3404 3834 imputari
3462 3770 3662 3835 opera
3709 3753 3779 3816 in
3839 3751 4156 3817 iustitiam
4176 3803 4194 3833 ,
4247 3752 4378 3818 11181

2417 3839 2573 3922 quia
2620 3837 2803 3902 Deus
2846 3836 3071 3902 fideles
3115 3837 3405 3921 gratuito
3451 3837 3677 3902 favore
3711 3837 4039 3922 dignatur.
4129 3838 4262 3903 Per
4306 3858 4378 3904 se

2418 3923 2686 4009 quidem
2732 3944 2962 3988 verum
3009 3933 3214 4004 esset,
3272 3943 3731 4006 quamcunque
3775 3922 4180 3989 obedientiae
4223 3945 4375 4009 par·

2419 4006 2552 4075 tem
2589 4010 2734 4074 Deo
2769 4019 3199 4093 praestemus,
3237 4009 3304 4073 id
3342 4029 3461 4092 pro
3490 4008 3745 4073 iustitia
3780 4010 4099 4091 reputari:
4141 4030 4378 4093 nempe

2418 4098 2478 4162 si
2522 4106 2699 4161 totus
2744 4096 2919 4161 vitae
2962 4103 3309 4162 contextus
3352 4094 3773 4177 respondeat:
3831 4116 4060 4159 verum
4106 4116 4146 4161 a
4189 4094 4379 4162 nobis

2422 4181 2675 4247 nullum
2701 4201 2866 4264 opus
2888 4182 3108 4264 prodit
3142 4179 3314 4264 quod
3362 4201 3494 4244 non
3543 4181 3809 4246 vitietur
3846 4181 4061 4264 aliquo
4099 4180 4377 4248 defectu.

2419 4268 2528 4334 Ita
2593 4266 2675 4332 ad
2742 4265 3257 4333 misericordiam
3328 4265 3458 4331 Dei
3538 4264 4039 4350 confugiendum
4108 4277 4230 4345 est,
4303 4274 4380 4334 ut

2420 4353 2610 4420 nobis
2676 4352 3168 4429 reconciliatus,
3233 4372 3433 4436 opera
3495 4373 3750 4436 quoque
3819 4366 4047 4417 nostra
4112 4364 4379 4437 accepta

2409 4440 2678 4524 babeat.
2782 4438 2976 4522 Quod
3057 4438 3137 4504 de
3213 4438 3614 4522 pauperibus
3692 4449 3845 4503 ante
3938 4450 4376 4523 praeceperat,

2420 4526 2691 4592 tandem
2736 4523 2819 4589 ad
2862 4524 3037 4591 solas
3080 4523 3320 4590 viduas
3365 4524 3705 4589 transfert:
3753 4524 3845 4589 sic
3885 4532 4102 4590 tamen
4139 4535 4217 4590 ut
4253 4526 4376 4591 sub

2417 4632 2644 4678 earum
2712 4612 2976 4677 nomine
3039 4631 3267 4676 omnes
3340 4609 3570 4692 inopes
3648 4609 4079 4675 commendet.
4183 4609 4376 4690 Quod

2418 4710 2551 4764 tam
2622 4719 2705 4761 ex
2772 4696 3091 4780 principio
3156 4716 3422 4774 versus,
3489 4694 3602 4761 ubi
3665 4717 3748 4760 ex
3816 4694 3983 4762 bono
4050 4706 4119 4761 et
4167 4716 4374 4778 aequo

2418 4782 2747 4867 agendum
2815 4803 2956 4848 esse
3023 4782 3212 4848 docet
3280 4802 3427 4848 cum
3500 4782 3865 4865 peregrinis
3942 4788 4009 4846 et
4082 4782 4373 4865 pupillis,

2416 4889 2615 4952 quam
2657 4890 2741 4933 ex
2785 4871 3041 4933 ratione
3090 4867 3313 4932 addita
3354 4867 3714 4951 colligitur:
3763 4888 4032 4950 nempe,
4077 4878 4153 4932 ut
4195 4868 4374 4952 cogi-

2421 4966 2563 5020 tent
2619 4976 2690 5020 88
2742 4974 2968 5019 servos
3023 4953 3226 5019 fuisse
3282 4952 3351 5017 in
3412 4965 3591 5018 terra
3647 4955 3958 5039 Aegypti.
4063 4952 4373 5020 Oonditio

2418 5042 2597 5106 enim
2640 5040 2756 5105 illa
2799 5061 2929 5104 non
2974 5038 3369 5122 patiebatur,
3415 5048 3491 5104 ut
3534 5042 3791 5105 miseris
3843 5038 4123 5123 superbe
4163 5039 4372 5104 insul-

2420 5134 2670 5192 tarent:
2726 5137 2792 5189 et
2851 5136 3361 5192 consentaneum
3415 5137 3545 5206 est,
3604 5125 3873 5190 alterius
3925 5124 4116 5188 malis
4158 5125 4373 5210 magis

2418 5213 2591 5278 affici
2646 5212 2760 5294 qui
2819 5210 3045 5276 eadem
3106 5220 3418 5292 expertus
3469 5221 3586 5275 est.
3677 5211 3885 5276 Porro
3929 5231 4130 5291 quum
4177 5231 4375 5296 gene-

2420 5299 2575 5364 ralis
2637 5300 2726 5363 sit
2789 5296 2952 5363 haec
3008 5297 3206 5373 ratio,
3266 5296 3571 5379 generale
3637 5316 3889 5379 quoque
3950 5308 4372 5379 praeceptum

2418 5404 2563 5451 8888
2606 5390 2897 5468 apparet,
2943 5391 3018 5448 ut
3062 5382 3333 5447 humani
3369 5383 3503 5448 sint
3547 5402 3705 5465 erga
3747 5380 4069 5464 quoslibet
4112 5403 4375 5468 egenos.

3858 5481 3961 5537 43*
