4867 6150
409 449 541 517 277

414 659 578 706 vera
620 648 779 704 sunt
822 638 1129 705 dicuntur
1164 660 1203 704 a
1238 637 1382 704 Deo
1426 640 1765 723 proficisci,
1812 649 1879 707 et
1923 649 2142 707 tamen
2187 640 2361 707 idem

414 723 736 808 propheta
797 725 910 807 qui
977 742 1207 790 verum
1276 725 1638 808 praedixit,
1699 727 1830 792 alia
1891 727 1964 792 in
2107 740 2208 793 rte
2264 736 2366 794 est

412 811 751 894 impostor.
821 812 912 877 Et
946 811 1016 875 in
1053 811 1279 893 primis
1313 811 1598 877 tenenda
1622 824 1720 878 est
1746 813 1937 879 Pauli
2055 814 2363 879 monitio:

416 895 592 978 Quia
634 896 894 980 reprobi
939 919 1074 961 non
1118 897 1441 980 recipiunt
1476 897 1890 965 dilectionem
1928 901 2244 979 veritatis,
2288 909 2364 965 ut

416 981 584 1049 salvi
630 984 827 1062 fiant,
871 981 1092 1048 Deum
1134 984 1398 1049 mittere
1454 983 1809 1050 efficaciam
1869 985 2228 1062 illusionis,
2289 994 2366 1069 ut

409 1067 689 1137 credant
721 1068 1080 1147 mendacio,
1118 1078 1193 1133 ut
1225 1067 1613 1148 iudicentur,
1650 1071 1760 1153 qui
1792 1092 1924 1136 non
1950 1069 2366 1137 crediderunt

417 1154 703 1233 veritati,
727 1155 842 1220 sed
880 1153 1328 1238 approbarunt
1366 1156 1753 1221 iniustitiam
1778 1156 1846 1243 (2
1870 1159 2098 1224 Thess.
2136 1159 2198 1235 2,
2237 1156 2364 1244 10).

416 1241 596 1307 Hinc
642 1240 950 1306 docemur
992 1262 1125 1305 non
1172 1248 1423 1306 tantum
1474 1241 1680 1307 laxari
1727 1242 2016 1309 Satanae
2072 1243 2365 1309 habenas

417 1326 499 1393 ad
541 1325 926 1421 nocendum,
977 1326 1093 1393 sed
1139 1329 1381 1392 armari
1427 1329 1725 1410 potentia
1769 1339 1844 1395 ut
1887 1329 2241 1395 efficaciter
2283 1330 2364 1395 ad

413 1420 781 1478 extremum
842 1413 1186 1478 interitum
1246 1412 1555 1496 reprobos
1614 1415 1855 1480 trahat.
1944 1415 2128 1480 Idem
2189 1437 2364 1480 nunc

416 1499 604 1565 docet
639 1499 877 1565 Moses.
940 1498 1111 1564 Nam
1147 1498 1318 1580 quod
1357 1499 1438 1564 de
1472 1500 1679 1584 signis
1719 1501 2119 1566 dissentiunt
2160 1502 2364 1566 inter—

415 1595 636 1668 pretes
680 1582 998 1665 Hebraei,
1067 1583 1253 1649 nulla
1292 1587 1546 1651 ratione
1605 1586 1856 1652 nititur.
1945 1586 2219 1652 Certum
2263 1598 2367 1652 est

410 1669 712 1737 adhibita
774 1670 979 1736 fuisse
1046 1671 1238 1753 signa
1302 1692 1470 1752 quae
1533 1673 1866 1738 vaticiniis
1944 1674 2362 1737 autoritatem

414 1757 843 1840 acquirerent,
879 1766 955 1820 ut
977 1777 1177 1840 quum
1203 1755 1413 1822 Isaiae
1435 1757 1651 1822 nudus
1674 1758 1944 1823 incessit
1994 1757 2120 1824 Isa.
2147 1759 2250 1836 20,
2276 1757 2364 1845 2),

411 1842 730 1909 Ieremias
753 1852 1052 1907 catenam
1088 1843 1256 1908 collo
1277 1843 1494 1907 induit
1515 1841 1775 1928 (Ierem.
1802 1844 1906 1923 28,
1934 1844 1967 1907 1
2016 1843 2070 1930 );
2108 1856 2362 1910 certum

413 1949 674 2012 quoque
730 1936 831 1993 est
875 1928 1151 2012 magicis
1207 1929 1762 1995 incantationibus
1807 1929 2125 1997 Satanam
2170 1950 2366 2014 saepe

412 2014 658 2081 ludere.
701 2011 836 2080 Sed
862 2035 994 2079 non
1018 2014 1244 2079 dubito
1267 2014 1429 2098 quin
1453 2036 1570 2098 per
1590 2016 1853 2100 signum
1891 2027 1957 2081 et
1993 2028 2364 2099 portentum

413 2100 746 2184 intelligat
789 2099 1173 2166 incredibile
1215 2100 1552 2184 quidpiam
1596 2113 1663 2167 et
1705 2103 2147 2185 inopinatum,
2194 2103 2363 2186 quod

413 2186 497 2253 ad
563 2186 1108 2270 praesagiendum
1176 2187 1412 2252 valeat.
1500 2200 1738 2257 n'nmn
1792 2197 2030 2255 vocant
2077 2189 2366 2255 Hebraei

412 2272 734 2347 miracula
776 2273 1013 2356 quibus
1035 2272 1221 2338 Deus
1262 2274 1561 2338 futurum
1608 2273 1854 2357 aliquid
1901 2274 2251 2358 portendit,
2288 2294 2365 2339 ac

414 2359 475 2424 si
516 2378 554 2423 ε
599 2358 798 2425 coelis
854 2359 1248 2441 loqueretur.
1339 2358 1734 2425 Generalius
1793 2373 1895 2426 est
1943 2382 2180 2425 nomen
2226 2375 2365 2429 mre,

416 2446 573 2530 quia
614 2465 731 2528 pro
775 2445 1038 2521 vexillo,
1087 2444 1192 2509 vel
1231 2440 1498 2524 tessera,
1543 2445 1650 2511 vel
1694 2446 1991 2532 symbolo
2034 2446 2363 2511 interdum

418 2531 694 2616 capitur.
760 2529 1131 2613 Utrumque
1166 2530 1273 2596 hic
1309 2532 1594 2615 positum
1638 2542 1740 2598 est
1784 2552 1900 2615 pro
1941 2533 2146 2616 signis
2189 2533 2364 2597 inso-

418 2617 577 2694 litis,
601 2637 767 2700 quae
789 2626 1120 2681 testantur
1144 2619 1329 2698 quasi
1371 2628 1777 2700 praesentem
1806 2616 1932 2682 Dei
1970 2620 2364 2703 potentiam:

465 2722 551 2770 uo
615 2723 812 2768 sensu
879 2702 1188 2767 admonet
1244 2701 1554 2768 Christus
1619 2701 1809 2787 (Mat.
1869 2704 1973 2783 24,
2044 2702 2150 2791 11)
2213 2725 2369 2769 ειιοε

468 2789 778 2871 iscipulos
844 2800 915 2854 ut
981 2789 1105 2854 sibi
1183 2798 1461 2855 caveant
1525 2810 1566 2854 a
1627 2790 1836 2874 signis
1912 2800 1982 2855 et
2056 2789 2369 2874 prodigiis

423 2875 870 2942 mendacibus.
952 2875 1100 2940 Etsi
1145 2886 1365 2940 autem
1411 2875 1634 2940 oculos
1678 2877 1952 2959 spectris
1985 2878 2371 2961 perstringit

425 2960 664 3039 Satan,
739 2970 817 3026 ut
879 2960 1043 3025 falsa
1121 2962 1554 3026 aemulatione
1620 2962 1744 3027 Dei
1808 2960 2086 3045 gloriam
2152 2962 2232 3027 ad
2299 2983 2371 3027 se

421 3046 664 3127 trahat,
699 3046 1112 3114 ostendimus
1147 3057 1370 3113 tamen
1407 3069 1486 3113 ex
1512 3047 1742 3128 Paulo,
1776 3058 1844 3113 et
1879 3058 2037 3114 ante
2070 3048 2371 3114 narravit

423 3135 666 3211 Moses,
702 3133 1091 3217 impostores
1124 3134 1192 3198 in
1230 3134 1498 3199 edendis
1522 3133 1856 3199 miraculis
1879 3156 2021 3201 esse
2041 3134 2372 3200 vindictae

425 3219 556 3287 Dei
598 3219 968 3297 ministros,
1029 3231 1101 3284 ut
1150 3220 1387 3285 talibus
1423 3220 1673 3302 laqueis
1707 3223 2055 3303 capiantur
2090 3220 2369 3305 reprobi.

426 3305 505 3374 si
539 3307 687 3390 quis
723 3305 1031 3390 excipiat,
1075 3307 1264 3391 signa
1297 3306 1500 3390 igitur
1534 3305 1672 3371 fore
1707 3306 1987 3384 inutilia,
2031 3328 2199 3391 quae
2236 3319 2369 3372 tam

426 3394 663 3458 noxiae
707 3399 984 3475 possunt
1025 3412 1169 3458 esse
1214 3392 1548 3475 decipulae
1590 3413 1788 3475 quam
1835 3394 1978 3459 veri
2022 3393 2372 3458 confirma-

425 3479 660 3554 tiones,
697 3477 1080 3561 respondeo,
1114 3499 1450 3561 nunquam
1486 3487 1743 3543 tantum
1777 3477 2080 3544 licentiae
2114 3477 2374 3544 diabolo

416 3562 696 3631 concedi
736 3564 898 3646 quin
942 3585 1059 3647 per
1101 3563 1353 3629 medias
1396 3563 1701 3630 tenebras
1759 3565 2024 3630 tandem
2082 3574 2377 3651 emergat

424 3649 547 3716 lux
593 3650 737 3716 Dei.
828 3648 1186 3734 Continget
1228 3671 1400 3729 ergo,
1447 3670 1670 3715 veram
1717 3649 1845 3715 Dei
1890 3652 2244 3733 potentiam
2292 3652 2374 3715 ad

422 3744 691 3819 tempus
745 3735 1083 3801 obscurari
1135 3733 1334 3822 (quod
1393 3745 1550 3801 ante
1622 3735 1905 3802 vidimus
1968 3739 2034 3801 in
2101 3736 2377 3803 historia

423 3820 823 3906 magorum‚)
857 3820 972 3887 sed
1010 3842 1342 3904 nunquam
1380 3821 1708 3888 obruetur.
1776 3822 1881 3888 Ita
1915 3824 1986 3887 in
2025 3823 2376 3902 miraculis,

430 3908 673 3992 quibus
716 3908 822 3973 lex
881 3908 1010 3972 fuit
1067 3909 1352 3985 sancita,
1412 3909 1504 3974 sic
1559 3908 1818 3973 refulsit
1872 3909 2086 3992 gloria
2131 3909 2257 3975 Dei
2302 3918 2377 3973 ut

425 3995 576 4060 sine
633 3992 1037 4059 dubitatione
1101 3993 1299 4059 fidem
1354 3993 1526 4078 apud
1595 3994 1734 4077 pios
1801 3995 2160 4060 obtineant.
2264 3993 2379 4061 Sic

432 4090 627 4146 extra
702 4081 1220 4146 controversiam
1300 4092 1455 4145 sunt
1533 4081 1852 4146 miracula
1934 4101 2101 4163 quae
2181 4081 2377 4146 fidem

430 4165 777 4250 evangelio
810 4166 1175 4245 conciliant,
1222 4167 1374 4248 quia
1407 4174 1597 4231 notas
1632 4186 1787 4248 prae
1831 4186 1903 4231 se
1946 4166 2170 4231 ferunt
2213 4166 2380 4232 divi-

433 4253 614 4318 nitus
677 4252 1067 4333 insculptas,
1147 4252 1384 4336 quibus
1459 4253 1671 4317 omnis
1733 4252 2029 4318 fallaciae
2094 4254 2380 4336 suspicio

432 4337 626 4406 facile
662 4337 933 4402 tollitur.
999 4338 1091 4404 Et
1124 4358 1300 4413 saue,
1337 4349 1410 4403 ut
1445 4357 1663 4402 crassa
1698 4337 2097 4402 hebetudine
2132 4340 2379 4404 obsitae

435 4431 595 4490 suut
636 4424 976 4489 hominum
1023 4436 1294 4501 mentes,
1339 4423 1889 4507 quemadmodum
1934 4426 2002 4488 in
2047 4423 2378 4489 ordinario

435 4531 632 4578 cursu
685 4528 958 4594 operum
1002 4511 1126 4575 Dei
1186 4512 1588 4588 caecutiunt,
1645 4510 1741 4574 ita
1795 4523 1861 4573 et
1915 4510 1983 4574 in
2044 4511 2379 4577 miraculis

417 4616 678 4680 semper
743 4596 880 4661 fere
945 4596 1469 4673 hallucinantur,
1551 4596 1677 4661 nisi
1744 4596 1823 4660 ad
1896 4596 2375 4662 discutiendam

404 4683 766 4766 caliginem
807 4681 1078 4748 verbum
1105 4683 1231 4748 Dei
1266 4681 1698 4766 praefulgeat.
1760 4683 1940 4766 Ergo
1977 4683 2139 4747 utin
2167 4684 2375 4766 signis

417 4769 543 4835 rite
579 4769 1017 4851 proficiamus,
1054 4767 1402 4834 statuenda
1425 4777 1524 4833 est
1548 4768 2001 4852 inseparabilis
2036 4768 2376 4834 doctrinae

404 4875 569 4921 cum
614 4854 824 4939 signis
867 4857 1205 4920 connexio.
1294 4854 1502 4919 Recte
1556 4856 1777 4938 itaque
1823 4856 2041 4921 Moses
2088 4876 2197 4920 eos
2263 4857 2373 4939 qui

418 4940 755 5024 signorum
804 4951 1151 5023 praetextu
1196 4941 1503 5024 pietatem
1550 4957 1846 5006 evertere
1889 4941 2134 5019 volent,
2180 4962 2371 5024 repu-

413 5026 693 5091 diandos
737 5046 881 5091 esse
926 5025 1141 5093 docet:
1185 5028 1341 5110 quia
1383 5027 1579 5108 impie
1616 5037 1682 5091 et
1716 5027 2030 5093 scelerate
2068 5026 2374 5093 dividunt

417 5133 585 5196 quae
605 5112 791 5178 Deus
826 5113 1187 5189 coniunxit,
1232 5126 1299 5177 et
1342 5114 1551 5197 sigua,
1599 5135 1765 5196 quae
1810 5125 2125 5195 tanquam
2165 5113 2369 5178 admi-

415 5198 638 5264 nicula
671 5206 888 5263 rectae
927 5198 1263 5265 doctrinae
1298 5199 1737 5279 subserviunt,
1775 5219 2115 5282 perperam
2155 5200 2367 5264 detor-

415 5297 623 5369 quent
665 5285 734 5350 in
777 5286 1177 5350 contrarium
1225 5305 1437 5349 usum.
1502 5286 1857 5369 Postquam
1907 5297 2126 5350 autem
2172 5290 2368 5353 certis

408 5379 484 5437 et
529 5368 947 5437 evidentibus
989 5371 1196 5456 signis
1250 5370 1592 5454 obsignata
1645 5373 1864 5437 fuerat
1918 5370 2150 5455 religio
2195 5374 2368 5457 apud

1875 452 2257 521 PRIMUM
2299 453 2947 521 PRAECEPTUM.

4190 441 4196 445 ⁸
4284 453 4413 521 278

2466 641 2778 720 Iudaeos,
2832 641 3209 707 adventitiis
3265 641 3473 725 signis
3526 639 3869 707 attendere
3920 642 4019 706 fas
4074 662 4202 706 non
4248 653 4411 722 erat,

2467 747 2588 792 nec
2664 727 2928 794 carebat
3004 727 3183 812 turpi
3253 727 3747 811 ingratitudine.
3859 726 4051 793 Nunc
4116 740 4414 795 tenemus

2468 834 2792 881 summam
2841 814 3037 879 huius
3080 814 3220 892 loci,
3262 813 3816 898 perseverandum
3863 813 4113 879 scilicet
4154 833 4299 880 esse
4339 815 4414 881 in

2467 900 2665 965 unius
2708 898 2838 964 Dei
2894 899 3111 977 cultu,
3178 909 3254 964 ut
3312 920 3397 962 ne
3439 909 3701 965 ostenta
3744 898 4001 981 quidem
4049 900 4131 964 ad
4174 921 4413 967 concu-

2467 986 2724 1052 tiendos
2768 986 2988 1070 populi
3034 986 3287 1050 animos
3330 983 3683 1068 quidquam
3745 985 4034 1050 habeant
4074 986 4411 1052 momenti.

2467 1071 2625 1137 Ideo
2669 1072 2961 1137 notanda
3004 1081 3105 1137 est
3152 1071 3504 1155 particula:
3566 1069 3750 1152 Quos
3805 1091 3939 1136 non
3996 1072 4202 1137 nosti:
4259 1073 4415 1155 quia

2469 1159 2799 1241 significat
2846 1158 3063 1222 Moses
3082 1208 3098 1235 ,
3159 1158 3400 1223 certius
3442 1165 3747 1222 testatam
3794 1177 3934 1222 esse
3978 1156 4237 1223 Iudaeis
4283 1157 4416 1223 Dei

2468 1266 2658 1326 quem
2705 1244 2927 1308 colunt
2968 1243 3274 1327 gloriam,
3328 1264 3520 1326 quam
3563 1251 3643 1307 ut
3683 1241 4088 1308 deflectendo
4130 1243 4260 1310 huc
4304 1242 4414 1309 vel

2464 1330 2624 1396 illuc
2669 1330 3060 1395 excusabilis
3103 1333 3191 1394 sit
3233 1349 3459 1394 eorum
3506 1328 3767 1393 levitas:
3839 1339 4032 1412 atque
4077 1330 4169 1394 ita
4210 1350 4414 1414 oppo-

2469 1416 2651 1480 nitur
2694 1415 3000 1499 cognitio,
3045 1436 3211 1497 quae
3255 1416 3465 1480 infixa
3507 1434 3649 1479 esse
3694 1414 3969 1479 debebat
4012 1436 4236 1480 eorum
4273 1435 4416 1480 cor-

2468 1502 2660 1567 dibus
2677 1553 2691 1579 ,
2730 1514 2799 1567 et
2833 1501 3037 1566 solide
3061 1501 3415 1566 subsistere
3438 1499 3834 1582 quibuslibet
3857 1499 4098 1565 diaboli
4122 1503 4415 1567 artificiis

2466 1609 2633 1670 quae
2678 1598 2936 1652 tantum
2979 1588 3321 1653 instabiles
3367 1586 3752 1670 percellunt.
4208 1624 4217 1639 κ

2639 1675 2700 1739 3.
2767 1674 2933 1756 Quia
2986 1678 3182 1740 tentat
3233 1693 3343 1739 vos
3402 1673 3651 1738 Iehova.
3755 1670 4077 1737 Tentandi
4141 1673 4415 1738 verbum

2468 1761 2720 1842 quoties
2765 1759 2911 1824 Deo
2956 1761 3287 1837 tribuitur,
3334 1780 3465 1823 non
3510 1765 3702 1823 sonat
3744 1758 3816 1821 in
3862 1757 4101 1823 malam
4146 1769 4419 1841 partem,

2469 1868 2589 1912 nec
2655 1847 2941 1912 sumitur
3016 1868 3135 1929 pro
3211 1845 3519 1910 insidiose
3580 1855 3874 1926 captare,
3944 1843 4045 1909 vel
4111 1845 4414 1910 fraudum

2468 1934 2740 2015 aucupia
2774 1932 3043 1997 tendere
3080 1932 3162 1998 ad
3196 1930 3583 1996 irretiendos
3618 1930 3964 2013 simplices,
4008 1929 4124 1996 sed
4158 1940 4416 1997 tantum

2466 2040 2587 2103 pro
2652 2019 3050 2084 examinare.
3156 2017 3477 2101 Explorat
3540 2028 3757 2081 autem
3826 2016 4010 2080 Deus
4072 2015 4415 2083 hominum

2467 2106 2694 2182 corda,
2755 2125 2888 2169 non
2949 2115 3023 2169 ut
3080 2104 3291 2170 discat
3341 2102 3509 2187 quod
3573 2102 3754 2184 prius
3811 2101 3938 2167 fuit
3985 2102 4415 2186 incognitum,

2467 2190 2579 2255 sed
2626 2203 2700 2255 ut
2744 2212 2815 2255 re
2856 2192 3000 2274 ipsa
3044 2188 3396 2274 patefaciat
3435 2186 3611 2271 quod
3644 2188 3859 2253 latuit.
3924 2187 4030 2252 Ita
4065 2191 4205 2254 eius
4226 2187 4419 2256 Scire

2469 2275 2550 2341 ad
2594 2277 3067 2360 experientiam
3124 2286 3386 2340 tautum
3445 2277 3746 2339 refertur.
3836 2274 4107 2356 Frigida
4151 2275 4415 2358 quidem

2469 2370 2571 2428 est
2615 2384 2690 2429 ac
2733 2363 2999 2446 spinosa
3035 2362 3393 2447 Augustini
3435 2361 3707 2438 solutio,
3752 2359 3845 2427 Ut
3887 2361 4080 2437 sciat,
4127 2360 4252 2427 hoc
4296 2368 4414 2440 est,

2470 2449 2636 2514 scire
2695 2470 2812 2514 vos
2868 2448 3086 2515 faciat.
3190 2446 3325 2514 Sed
3392 2466 3591 2530 quum
3651 2444 3731 2510 ad
3790 2445 4003 2509 Deum
4074 2445 4416 2511 transferri

2473 2535 2793 2601 humanos
2848 2555 3079 2599 sensus
3134 2534 3380 2618 passim
3436 2533 3665 2597 tritum
3724 2531 3842 2610 sit,
3910 2531 4064 2614 quid
4107 2552 4272 2615 opus
4316 2541 4419 2598 εει

2473 2621 2674 2686 verba
2717 2630 3052 2703 torquere,
3109 2640 3276 2704 quae
3335 2618 3502 2683 nihil
3561 2616 3738 2682 aliud
3798 2617 4169 2700 significant
4217 2636 4419 2701 quam

2472 2708 2689 2772 Deum
2751 2706 3127 2789 explorare,
3184 2716 3260 2771 ut
3314 2726 3387 2769 re
3439 2704 3586 2786 ipsa
3642 2713 3865 2787 pateat
3921 2702 4090 2784 quod
4146 2701 4416 2768 dubium

2475 2812 2616 2858 esse
2637 2791 2893 2875 potuit?
2935 2791 3046 2858 Sic
3079 2792 3366 2857 tentavit
3385 2790 3575 2854 Deus
3598 2788 3934 2854 Abrabam
3958 2786 4159 2874 (Gen.
4187 2789 4290 2868 22,
4333 2789 4417 2877 1),

2475 2879 2631 2944 dum
2677 2879 3199 2960 experimentum
3258 2877 3331 2941 in
3376 2897 3449 2941 re
3500 2875 3670 2940 seria
3725 2878 4008 2957 sumpsit
4058 2874 4210 2940 fidei
4252 2876 4415 2956 eius,

2474 2965 2580 3031 vel
2617 2964 3039 3030 obedientiae.
3105 2963 3336 3045 Neque
3372 2974 3596 3026 tamen
3618 2960 3771 3025 huic
3794 2961 4155 3026 sententiae
4179 2982 4418 3046 repug-

2477 3063 2594 3116 nat
2648 3051 2817 3134 quod
2879 3071 3091 3134 nuper
3149 3048 3373 3133 attigi,
3440 3059 3507 3112 et
3563 3046 3825 3129 saepius
3887 3046 4156 3130 legitur,
4203 3048 4419 3113 Deum

2477 3138 2762 3204 Satanae
2807 3148 2872 3201 et
2913 3138 3264 3219 impiorum
3309 3154 3508 3219 opera
3549 3135 3648 3197 uti
3693 3133 3776 3197 ad
3816 3133 4220 3214 tentandum,
4265 3136 4420 3217 quia

2476 3223 2872 3307 spectandus
2948 3232 3048 3288 est
3120 3221 3271 3287 finis
3349 3220 3431 3285 ad
3510 3239 3702 3301 quem
3780 3219 4193 3301 probationes
4270 3239 4424 3287 suas

2479 3311 2723 3395 dirigit,
2771 3308 2944 3374 uude
2985 3307 3238 3391 patebit
3280 3307 3474 3391 longe
3518 3305 3763 3370 distare
3798 3306 3949 3370 -eius
3993 3306 4335 3370 consilium
4381 3327 4422 3372 a

2480 3395 2767 3464 Satanae
2810 3393 3061 3460 malitia
3104 3404 3171 3459 et
3214 3393 3398 3459 dolis.
3487 3392 3737 3457 Notatu
3790 3404 4008 3455 autem
4067 3392 4268 3474 digna
4322 3402 4424 3457 est

2476 3483 2640 3549 haec
2686 3482 2884 3559 ratio,
2941 3499 3107 3564 quae
3165 3477 3631 3545 absurditatem
3679 3488 3972 3541 removet
4015 3498 4145 3559 qua
4190 3478 4423 3542 terreri

2478 3567 2668 3636 facile
2713 3577 2858 3633 erat
2901 3565 3148 3632 debiles
3191 3566 3462 3629 animos.
3551 3563 3735 3628 Nihil
3788 3564 3962 3627 enim
4007 3564 4227 3629 minus
4269 3585 4422 3629 con-

2479 3666 2868 3722 sentaneum
2914 3672 3106 3736 quam
3154 3660 3229 3715 ut
3270 3649 3547 3716 insultet
3589 3646 3734 3712 Deo
3781 3647 4021 3726 Satan,
4069 3656 4137 3713 et
4180 3650 4422 3716 inferos

2479 3741 2660 3807 coelo
2721 3739 3020 3816 misceat,
3080 3737 3182 3801 vel
3244 3736 3324 3800 ad
3385 3756 3455 3800 se
3512 3736 3783 3816 impune
3827 3734 4040 3815 rapiat
4081 3734 4250 3817 quod
4298 3736 4423 3801 Dei

2479 3826 2814 3912 proprium
2859 3834 2979 3889 est.
3070 3823 3250 3906 Ergo
3295 3843 3377 3886 ne
3423 3821 3571 3884 talis
3614 3820 3997 3901 disceptatio
4040 3819 4243 3887 bonos
4289 3832 4424 3886 tor-

2477 3921 2676 3997 queat
2754 3931 2828 3977 ac
2906 3909 3164 3993 fatiget,
3242 3908 3352 3973 vel
3430 3905 3772 3990 perplexos
3837 3915 4085 3986 teneat,
4164 3917 4421 3973 mature

2478 3997 2765 4065 occurrit
2799 3996 3038 4074 Moses,
3082 3994 3458 4072 admonens,
3502 3993 3718 4057 Deum
3756 3993 4009 4055 interea
4044 4011 4173 4056 non
4210 3994 4424 4058 iacere

2481 4086 2762 4150 otiosum
2809 4081 2913 4147 vel
2959 4090 3271 4159 stertere,
3328 4079 3621 4161 deposita
3682 4076 3993 4142 ecclesiae
4047 4097 4202 4141 suae
4244 4098 4419 4158 cura,

2482 4169 2596 4236 sed
2639 4168 2936 4234 consulto
2995 4187 3225 4233 vocare
3270 4165 3350 4230 ad
3392 4183 3670 4228 examen
3725 4183 3918 4228 veros
3960 4162 4241 4228 cultores
4284 4165 4422 4246 pie-

2480 4255 2664 4335 tatis,
2708 4265 2786 4320 ut
2827 4254 2908 4319 ab
2951 4251 3316 4338 hypocritis
3358 4272 3466 4315 eos
3525 4249 3871 4313 discernat.
3959 4248 4038 4312 Id
4084 4261 4301 4313 autem
4347 4251 4422 4315 fit

2480 4344 2633 4408 dum
2682 4339 2999 4407 adversus
3044 4339 3480 4402 tentationum
3521 4336 3804 4400 insultus
3855 4343 4232 4400 constanter
4273 4357 4424 4419 per-

2480 4438 2664 4495 stant
2704 4431 2773 4493 in
2819 4436 2998 4491 recta
3036 4425 3183 4503 fide,
3231 4444 3440 4506 neque
3485 4423 3792 4485 labuntur
3836 4443 3871 4484 e
3917 4418 4141 4502 gradu.
4232 4421 4418 4486 Idem

2479 4526 2546 4580 et
2589 4514 2670 4579 de
2712 4513 2906 4579 sectis
2951 4510 3341 4594 pronunciat
3385 4507 3737 4592 apostolus,
3784 4507 4149 4571 necessario
4193 4525 4304 4572 eas
4349 4509 4415 4573 in

2478 4601 2749 4668 ecclesia
2791 4618 3083 4683 surgere,
3128 4606 3201 4661 ut
3246 4594 3355 4678 qui
3401 4593 3650 4676 probati
3698 4604 3856 4658 sunt
3893 4593 4220 4657 manifesti
4259 4595 4420 4659 fiant

2477 4685 2564 4774 (1.
2612 4687 2764 4753 Gor.
2813 4684 2914 4762 11,
2962 4681 3089 4770 19).
3179 4680 3402 4762 Quare
3459 4702 3584 4744 non
3641 4692 3741 4743 est
3784 4678 4008 4761 inique
4055 4680 4414 4758 ferendum,

2479 4794 2597 4839 nec
2652 4770 3157 4856 obstrependum
3205 4769 3347 4832 Deo
3393 4767 3449 4830 si
3506 4765 3661 4830 fidei
3721 4765 4188 4842 constantiam,
4249 4787 4417 4848 quae

2475 4881 2634 4926 auro
2678 4868 2746 4925 ει
2788 4866 3061 4942 argento
3105 4854 3450 4937 pretiosior
3485 4862 3603 4930 est,
3647 4852 3802 4934 igne
3836 4851 4118 4915 fornacis
4153 4851 4417 4932 probari

2474 4946 2670 5012 velit:
2730 4944 2843 5009 sed
2901 4945 3071 5008 iusto
3126 4941 3267 5005 eius
3325 4939 3598 5003 consilio
3658 4938 3952 5002 modeste
4007 4938 4416 5018 acquiescere

2473 5041 2747 5115 oportet.
2841 5029 2916 5096 Si
2959 5029 3103 5112 quis
3165 5046 3393 5090 rursus
3448 5025 3742 5103 obiiciat,
3803 5043 4006 5106 quum
4066 5021 4208 5103 plus
4253 5024 4414 5087 satis

2475 5129 2631 5184 nota
2685 5119 2771 5182 sit
2826 5115 3172 5179 hominum
3231 5110 3669 5186 imbecillitas,
3744 5131 3975 5193 parum
4038 5107 4415 5173 humaniter

2474 5204 2692 5269 Deum
2760 5202 2996 5279 facere,
3064 5200 3218 5264 dum
3280 5217 3389 5261 eos
3450 5196 3710 5262 subiicit
3769 5194 4145 5279 periculosis
4200 5202 4417 5258 tenta-

2474 5291 2791 5356 tionibus:
2838 5288 2906 5351 in
2953 5295 3258 5370 promptu
3295 5293 3398 5348 est
3434 5282 3788 5366 responsio.
3857 5281 4102 5345 Fateor
4136 5279 4418 5362 quidem,

2474 5385 2551 5443 ut
2607 5385 2799 5442 tener
2855 5384 2954 5439 est
3008 5371 3226 5438 carnis
3270 5381 3534 5435 nostrae
3577 5388 3838 5445 sensus,
3897 5366 4133 5430 durum
4183 5365 4306 5433 hoc
4350 5380 4419 5433 et

3911 5466 4014 5522 18*
