4867 6150
540 412 630 477 63

546 601 726 666 enim
785 619 937 664 suos
991 596 1357 681 appellans,
1427 616 1539 661 eos
1602 594 1674 661 in
1740 595 2107 660 libertatem
2167 593 2501 661 vendicat:

548 687 702 771 quia
742 683 1089 769 indignum
1150 692 1284 760 est,
1344 682 1558 746 Deum
1604 680 1854 765 ipsum,
1909 701 2241 746 summum
2288 692 2503 745 terrae

546 784 618 838 et
661 769 826 838 coeli
868 790 1092 855 regem
1149 768 1302 834 filiis
1359 768 1495 832 suis
1536 766 1755 833 orbari
1809 787 1975 849 quos
2019 766 2317 851 adoptari
2362 765 2506 852 dig-

551 866 746 924 natus
800 865 917 921 est.
1025 855 1132 919 Ita
1185 852 1441 936 oblique
1485 852 1668 919 Deus
1730 852 2012 935 patriam
2053 873 2244 918 suam
2286 861 2505 936 potes·

550 954 752 1010 tatem
822 950 1155 1025 comparat
1230 952 1528 1004 terrenae
1585 939 2041 1004 dominationi:
2116 940 2269 1022 quia
2338 937 2505 1003 nihil

551 1031 771 1097 minus
815 1036 1329 1095 consentaneum
1380 1032 1513 1104 est,
1573 1045 1774 1107 quam
1834 1033 1910 1089 ut
1967 1025 2262 1090 mortalis
2307 1024 2504 1089 homo

550 1116 780 1183 cedere
823 1134 945 1179 suo
989 1122 1056 1177 et
1099 1112 1300 1177 totius
1350 1109 1581 1175 mundi
1625 1111 1842 1193 opifici
1898 1123 2173 1176 recuset.
2277 1110 2505 1192 Neque

552 1194 779 1268 tamen
823 1200 945 1265 hoc
999 1197 1396 1283 generaliter
1441 1196 1523 1261 ad
1583 1195 1905 1279 quoslibet
1962 1195 2188 1262 fideles
2232 1196 2504 1261 trahen-

554 1290 711 1354 dum
777 1294 906 1351 est:
972 1306 1049 1350 ac
1094 1284 1149 1349 si
1193 1283 1375 1348 nefas
1441 1292 1610 1347 esset
1654 1283 1830 1367 ipsos
1889 1283 2157 1349 subesse
2212 1282 2500 1366 regibus,

554 1372 790 1458 quibus
844 1369 1227 1454 temporalis
1284 1368 1567 1434 servitus
1625 1389 1758 1433 non
1803 1368 2034 1433 adimit
2076 1368 2306 1434 mundi
2347 1368 2503 1433 hae·

555 1459 929 1526 reditatem:
989 1455 1101 1522 sed
1147 1462 1410 1519 tantum
1455 1453 1562 1520 hic
1607 1454 1964 1539 singularis
2012 1455 2504 1539 praerogativae

555 1549 629 1613 fit
665 1545 945 1623 mentio,
981 1563 1111 1625 qua
1144 1540 1448 1623 dignatus
1482 1540 1699 1605 fuerat
1733 1541 1914 1605 Deus
1952 1540 2257 1606 Abrahae
2292 1548 2506 1624 poste-

556 1654 685 1711 ros,
732 1629 1089 1696 dominium
1136 1627 1269 1692 illis
1314 1625 1527 1691 dando
1572 1634 1787 1690 terrae
1832 1625 2169 1692 Chanaan.
2269 1627 2505 1709 Itaque

556 1717 835 1802 simplici
868 1715 1013 1780 filii
1071 1713 1508 1796 appellatione
1574 1732 1703 1777 non
1762 1722 2135 1792 contentus,
2189 1712 2504 1778 Israelem

557 1804 855 1871 nominat
920 1799 1435 1885 primogenitum
1518 1819 1728 1863 suum.
1842 1796 1990 1879 Quo
2054 1798 2263 1882 elogio
2328 1796 2507 1863 haud

559 1890 752 1956 dubie
794 1886 1062 1969 reliquis
1105 1884 1408 1970 gentibus
1451 1904 1602 1949 eum
1646 1884 1961 1967 praefert:
2020 1885 2203 1967 quasi
2262 1884 2508 1951 diceret

559 1996 711 2043 eum
756 1973 1313 2058 primogeniturae
1373 1969 1579 2054 gradu
1636 1970 1984 2050 excellere,
2043 1979 2110 2036 et
2168 1992 2373 2036 uuum
2433 1970 2506 2034 in

562 2070 700 2128 toto
746 2059 901 2125 orbe
950 2078 1092 2124 esse
1148 2057 1485 2122 eximium.
1586 2056 1819 2139 Itaque
1877 2064 2092 2139 potest
2147 2077 2507 2123 accommo-

563 2147 702 2214 dari
748 2147 855 2212 hic
897 2145 1076 2210 locus
1120 2143 1201 2208 ad
1247 2144 1541 2227 gentium
1586 2142 2011 2213 vocationem.
2058 2163 2218 2225 quas
2261 2145 2393 2207 iam
2438 2143 2512 2229 iq

562 2234 939 2302 societatem
1002 2230 1189 2296 electi
1253 2227 1479 2313 populi
1547 2229 1860 2294 asciscere
1926 2238 2249 2294 statuerat.
2307 2230 2507 2307 Deus,

562 2329 638 2386 ut
694 2328 1009 2401 tanquam
1068 2316 1356 2381 minores
1415 2322 1573 2379 natu
1640 2313 2021 2380 accederent
2084 2334 2203 2379 suo
2267 2316 2511 2397 primo·

557 2406 798 2493 genito.
907 2404 1152 2468 Fateor
1216 2398 1479 2484 quidem
1543 2407 1755 2466 totum
1815 2400 2000 2465 Adae
2074 2422 2283 2485 genus
2345 2409 2510 2467 tunc

556 2494 759 2559 fuisse
809 2489 1235 2556 reieetitium:
1295 2484 1410 2552 sed
1471 2487 1623 2569 quia
1679 2486 1979 2552 conditus
2037 2487 2250 2552 fuerat
2292 2486 2511 2552 Adam

560 2578 645 2644 ad
686 2578 1044 2661 imaginem
1089 2574 1236 2652 Dei,
1282 2574 1531 2656 posteri
1567 2573 1707 2637 eius
1743 2592 2002 2655 semper
2036 2571 2510 2656 quodammodo

560 2662 846 2747 reputati
889 2660 1157 2726 fuerunt
1199 2660 1375 2724 inter
1417 2657 1547 2722 Dei
1589 2659 1776 2723 filios.
1868 2659 2018 2724 Etsi
2062 2669 2281 2724 autem
2322 2659 2512 2724 facile

563 2748 842 2817 admitto
885 2747 1167 2814 conferri
1223 2752 1516 2811 sanctam
1562 2745 1870 2809 Abrahae
1926 2745 2304 2829 progeniem
2360 2766 2512 2811 cum

565 2835 870 2921 gentibus
912 2844 1069 2898 tunc
1105 2832 1319 2896 adhuc
1348 2830 1655 2914 profanis,
1701 2838 1765 2895 et
1804 2830 1925 2896 hoc
1959 2841 2256 2913 respectu
2294 2833 2513 2897 vocari

564 2920 1106 3006 primogenitum,
1164 2917 1318 3001 quia
1360 2917 1431 2980 in
1477 2914 1684 3000 gradu
1730 2918 2025 2999 superior
2068 2910 2380 2983 emineat:
2439 2926 2513 2982 ut

565 3018 785 3075 tamen
826 3007 1017 3070 firma
1053 3004 1140 3068 sit
1178 3003 1461 3090 adoptio,
1509 3002 1589 3066 ad
1631 3003 1896 3068 unicum
1936 3012 2132 3088 eaput
2168 3003 2511 3071 Christum

567 3097 792 3160 venire
830 3112 1093 3159 necesse
1137 3099 1255 3156 est.
1338 3088 1725 3154 Tenendum
1771 3097 1872 3154 est
1912 3089 2075 3154 illud
2122 3090 2333 3171 Pauli,
2380 3112 2514 3155 non

565 3183 768 3247 fuisse
815 3178 1123 3243 Abrahae
1179 3176 1568 3261 promissam
1628 3175 2141 3241 benedictionem
2187 3176 2258 3241 in
2320 3179 2513 3244 semi·

568 3266 782 3342 nibus,
830 3264 944 3330 sed
990 3264 1057 3328 in
1107 3263 1356 3327 semine
1402 3259 1578 3346 (Gal.
1626 3261 1686 3339 3,
1736 3259 1874 3348 16):
1923 3262 2078 3345 quia
2114 3284 2243 3328 non
2289 3285 2515 3330 omnes

567 3353 681 3436 qui
726 3351 1042 3436 originem
1084 3356 1433 3413 traxerunt
1466 3368 1548 3412 ex
1597 3348 1737 3412 eius
1774 3369 1990 3426 carne,
2037 3351 2324 3432 reputati
2361 3359 2518 3414 suut

565 3439 742 3504 inter
776 3437 963 3516 filios,
999 3434 1111 3500 sed
1149 3434 1263 3517 qui
1304 3434 1514 3498 vocati
1554 3443 1735 3498 sunt:
1783 3434 1949 3500 sicut
1993 3434 2196 3513 Isaac,
2235 3436 2517 3502 Ismaele

566 3525 829 3603 reiect0,
872 3532 939 3586 et
983 3523 1153 3588 sicut
1187 3519 1402 3596 Iacob,
1448 3519 1803 3602 praeterito
1840 3520 2020 3585 Esau
2056 3519 2273 3608 (Rom.
2319 3522 2380 3602 9,
2428 3522 2516 3610 6).

568 3609 952 3676 Vocationis
1018 3614 1239 3673 autem
1298 3604 1485 3670 radix
1544 3612 1644 3671 est
1702 3604 2028 3672 Christus.
2131 3607 2288 3673 Ideo
2345 3607 2517 3691 quod

569 3696 742 3779 apud
792 3694 1033 3760 Oseam
1056 3691 1186 3778 (11,
1217 3690 1282 3777 1)
1327 3689 1407 3755 de
1431 3700 1566 3756 toto
1587 3691 1830 3775 populo
1867 3693 2036 3758 sicut
2057 3692 2164 3757 hic
2185 3696 2519 3777 praedica-

569 3792 683 3847 tur
694 3780 1098 3867 (Matthaeus
1112 3778 1173 3859 2,
1196 3775 1320 3864 15),
1336 3777 1415 3842 ad
1433 3776 1775 3844 Christum
1791 3780 2155 3863 restringit:
2175 3791 2242 3845 et
2264 3782 2520 3860 merito,

571 3868 881 3951 quoniam
925 3867 998 3931 in
1054 3867 1193 3948 ipso
1238 3864 1374 3928 solo
1418 3861 1690 3929 fundata
1736 3873 1836 3928 est
1878 3862 2241 3947 adoptionis
2286 3867 2517 3950 gratia.

744 3954 847 4018 23.
907 3951 1044 4036 Eyo
1085 3955 1292 4016 autem
1331 3945 1500 4014 iussi
1538 3954 1594 4014 tc
1636 3950 1961 4016 dimittere.
2030 3951 2177 4018 Non
2222 3952 2354 4018 fuit
2398 3954 2521 4020 hoc

571 4039 920 4126 legationis
976 4038 1352 4113 exordium,
1420 4034 1535 4100 sed
1594 4046 1923 4118 postrema
1975 4038 2296 4105 clausula:
2364 4061 2521 4123 quo-

573 4127 753 4191 niam
796 4124 1100 4191 omnibus
1144 4123 1388 4187 frustra
1433 4122 1718 4199 tentatis,
1765 4121 1845 4186 de
1889 4122 2009 4187 filii
2053 4137 2263 4191 morte
2307 4127 2520 4193 homi·

571 4233 727 4277 nem
772 4210 1191 4294 desperatum
1234 4207 1577 4273 admonuit
1620 4208 1856 4273 Moses.
1917 4206 2166 4276 Sensus
2210 4235 2365 4296 ergo
2401 4223 2520 4293 est,

575 4297 1077 4363 obstinationem
1147 4293 1416 4380 tyranni
1479 4314 1613 4357 non
1680 4292 1915 4358 debere
1978 4296 2314 4364 obstaculo
2379 4320 2522 4365 esse

573 4383 922 4466 quominus
967 4403 1116 4446 eum
1161 4378 1435 4446 subinde
1480 4391 1715 4463 urgeat
1756 4401 1963 4462 usque
2021 4383 2104 4448 ad
2148 4384 2325 4450 hunc
2368 4383 2522 4450 ulti-

572 4490 756 4535 mum
823 4483 1056 4534 actum.
1170 4468 1399 4549 Itaque
1481 4474 1896 4547 praeceptum
1963 4468 2086 4535 hoc
2151 4470 2521 4537 exhortatio

574 4556 699 4620 fuit
756 4553 836 4618 ad
904 4552 1484 4636 perseverantiam:
1553 4551 1749 4635 idque
1808 4574 1889 4616 ex
1948 4563 2259 4621 contextu
2316 4566 2519 4639 patet,

575 4642 688 4706 ubi
737 4647 1203 4706 commemorat
1258 4639 1439 4703 Deus
1499 4659 1568 4702 se
1625 4657 1899 4721 poenam
1961 4642 2225 4726 exigere
2282 4641 2361 4707 de
2416 4643 2525 4709 ob-

577 4727 928 4792 stinatione
976 4725 1272 4810 tyranni:
1331 4723 1486 4807 quia
1536 4723 1756 4789 iussus
1812 4726 2123 4808 populum
2172 4727 2520 4809 dimittere,

578 4812 876 4879 noluerit.
978 4812 1185 4876 Porro
1249 4808 1554 4893 quoniam
1621 4810 1783 4875 haec
1850 4808 2267 4879 denunciatio
2330 4814 2524 4880 valde

580 4898 748 4963 dura
811 4907 956 4962 erat
1025 4905 1092 4961 et
1148 4897 1431 4960 maxime
1486 4896 1897 4962 inflammare
1966 4909 2217 4981 poterat
2272 4901 2522 4967 rabiem

578 4984 864 5069 tyranni,
910 4982 1055 5049 ideo
1097 4992 1353 5047 mature
1390 4980 1651 5050 iubetur
1687 4983 1905 5048 Moses
1940 5006 2009 5050 se
2046 5006 2292 5067 parare,
2332 5009 2416 5051 ne
2451 4987 2524 5052 in

578 5071 720 5154 ipso
767 5069 1038 5134 articulo
1082 5068 1356 5135 deficiat.

754 5240 858 5306 24.
914 5240 1163 5307 Accidit
1203 5246 1410 5306 autem
1452 5243 1526 5307 in
1567 5242 1816 5319 itinere,
1861 5242 1928 5306 in
1974 5241 2268 5326 hospitio,
2316 5251 2388 5311 ut
2429 5266 2524 5313 oc-

582 5332 859 5394 curreret
899 5328 957 5393 ei
1003 5327 1247 5405 sebove,
1294 5333 1349 5393 et
1390 5333 1711 5410 quaereret
1752 5328 2020 5393 occidere
2061 5350 2216 5396 eum.
2290 5331 2393 5399 25.
2440 5330 2531 5398 Et

1525 405 2269 473 COMMENTARIUS
2315 405 2417 471 IN
2463 404 2763 471 EXODI
2809 407 3005 473 OAP.
3052 408 3171 473 IV.
4462 415 4539 480 64
4577 430 4586 443 ·

2605 597 2747 694 tulit
2793 595 3070 678 Sephora
3112 597 3394 681 lapidem
3422 596 3469 683 ¹)
3511 603 3787 677 acuum,
3857 602 3914 662 et
3969 601 4320 680 amputavit
4362 621 4539 683 proe-

2593 687 2852 765 putzum
2889 682 3018 763 filii
3060 685 3196 763 sui,
3251 690 3307 750 et
3349 685 3615 765 proiecit
3656 685 3742 751 ad
3773 684 3967 765 pedes
4021 687 4191 750 eius:
4240 707 4314 750 ac
4354 688 4537 753 dixit.-

2611 767 2786 834 Certc
2827 788 3095 851 sponsus
3134 771 3521 854 sanquinum
3571 775 3638 834 tu
3680 769 3843 835 mihi
3883 791 3967 837 es.
4073 771 4174 836 26.
4232 771 4321 836 Et
4358 793 4537 854 quum

2610 854 2944 919 discederet
2986 856 3063 921 ab
3107 856 3234 936 illo,
3277 861 3422 922 tunc
3461 856 3581 922 illa
3623 857 3819 922 dixit.-
3857 855 4137 938 Sponsus
4170 861 4536 941 eanyumum

2606 939 2680 1005 ob
2719 940 3268 1008 circumcisionem.
3336 943 3440 1006 27.
3485 942 3679 1007 Dixit
3723 947 3934 1006 autem
3977 942 4207 1009 Iehova
4250 944 4335 1009 ad
4376 944 4538 1010 Aha-

2605 1046 2721 1092 ron
2734 1050 2762 1125 ε·
2810 1026 2984 1093 Vade
3024 1028 3097 1091 in
3139 1048 3461 1128 occursum·
3503 1026 3675 1128 Moci
3716 1029 3787 1093 in
3827 1029 4154 1127 desertum.
4235 1027 4544 1112 Profectus

2606 1118 2765 1264 acm.
2867 1163 2971 1263 225.
2993 1118 3467 1266 &Egcffiingqt
3502 1113 4065 1266 Ἑοΐὲεηιὲἷξιῗοηρἒ
4108 1115 4541 1268 wlmare&

2606 1283 2871 1350 lehovae
2911 1287 3025 1383 qui
3065 1285 3324 1350 miserat
3365 1306 3538 1385 eum,
3596 1290 3653 1385 et
3693 1286 3902 1384 omnia
3957 1286 4144 1370 siqua
4177 1308 4337 1369 quae
4376 1308 4540 1353 man-

2603 1371 3235 1539 fflfflg‘jassttumffi
3267 1370 3561 1524 Ρᾼᾭξῗὲ
3603 1370 4238 1538 ..ἯωΜῗῗιῖνὲᾅ
4263 1373 4540 1526 Ἢὲἕιζ

2603 1541 2710 1607 30.
2771 1542 2861 1606 Et
2920 1543 3213 1624 loquutus
3275 1548 3369 1609 est
3421 1542 3689 1608 Aharon
3746 1543 3956 1642 omniu
4010 1543 4199 1642 verbu
4255 1566 4415 1627 quae
4465 1545 4541 1610 lo-

2605 1632 2838 1711 quutus
2876 1627 3091 1710 fuerat
3133 1629 3362 1695 Ichova
3402 1630 3486 1695 ad
3530 1627 3774 1708 Mosen,
3814 1630 4076 1712 secatque
4116 1650 4302 1715 sayna
4343 1651 4541 1696 coram

2601 1713 2848 1797 populo.
2961 1714 3065 1779 31.
3133 1714 3222 1779 Et
3287 1715 3551 1780 credidit
3599 1715 3909 1798 populus:
3981 1717 4140 1798 quia
4217 1717 4544 1782 audierunt

2607 1800 2771 1899 quod
2813 1800 3128 1900 pisitasset
3160 1800 3390 1867 Iehova
3421 1800 3591 1900 filios
3625 1801 3851 1881 Israel,
3896 1805 3954 1866 et
3983 1802 4148 1883 quod
4184 1803 4544 1884 respexisset

2608 1886 3007 1968 afflwtwnem
3047 1907 3293 1952 eorum.-
3333 1892 3389 1952 et
3429 1907 3494 1952 se
3536 1887 3923 1953 meur-vando
3966 1887 4407 1955 adoraverunt.

2782 2057 2883 2123 24.
2930 2058 3182 2124 Accidit
3219 2063 3426 2124 autem
3467 2059 3537 2123 in
3579 2059 3814 2125 itinere.
3897 2057 4263 2126 Occurrere
4299 2059 4406 2126 hic
4448 2082 4545 2127 ac·

2609 2143 2850 2227 cipitur
2905 2143 2978 2208 in
3034 2143 3276 2210 malam
3333 2153 3586 2228 partem
3656 2166 3773 2227 pro
3840 2146 4078 2210 venire*
4123 2168 4206 2210 ex
4263 2145 4545 2223 adverso,

2611 2230 2716 2296 vel
2784 2230 3113 2295 hostiliter
3189 2230 3491 2315 aggredi:
3571 2232 3752 2313 quasi
3834 2230 4102 2321 diceret!
4144 2232 4367 2297 Moses
4430 2232 4548 2298 Dei

2610 2336 2883 2380 manum
2924 2315 3049 2380 sibi
3091 2316 3292 2382 fuisse
3337 2317 3683 2396 obiectam,
3741 2338 3906 2400 quae
3949 2318 4077 2382 iter
4121 2317 4545 2402 abrumperet.

2614 2400 2766 2483 Qua
2824 2410 3041 2468 autem
3111 2402 3323 2467 forma
3390 2404 3767 2486 apparuerit
3821 2403 4137 2469 nescitur:
4200 2405 4328 2469 nisi
4387 2401 4548 2488 quod

2617 2486 2821 2554 verba
2877 2488 3035 2553 satis
3090 2488 3263 2554 clare
3320 2488 3612 2555 iudicant
3657 2489 3886 2554 Mosen
3941 2487 4021 2553 de
4079 2488 4223 2554 eius
4283 2492 4383 2555 ira
4423 2512 4548 2556 cer·

2617 2575 2849 2638 tiorem
2893 2574 3094 2639 fuisse
3158 2575 3430 2651 sactum,
3496 2582 3571 2640 ut
3636 2583 3914 2640 mortem
3960 2574 4082 2641 sibi
4124 2577 4550 2661 propinquam

2615 2680 2758 2725 esse
2801 2668 3238 2742 cognosceret.
3326 2661 3475 2725 Nisi
3518 2661 3698 2725 enim
3740 2661 4000 2727 oraculo
4053 2662 4155 2727 vel
4199 2682 4321 2746 per
4364 2682 4550 2746 auge-

2615 2746 2753 2811 lum
2811 2743 3047 2811 fuissot
3102 2745 3401 2825 edoctus,
3463 2746 3629 2812 nihil
3687 2747 4039 2829 profuisset
4079 2748 4339 2813 ostendi
4396 2748 4552 2832 peri-

2616 2833 2838 2899 culum
2896 2831 3070 2914 quod
3128 2833 3432 2898 instabat.
3519 2832 3749 2916 Neque
3807 2841 4025 2898 tamen
4083 2853 4284 2899 causa
4347 2833 4551 2917 expri-

2615 2921 2821 2983 mitur
2882 2938 3001 2982 cur
3042 2918 3263 2984 Deum
3328 2918 3452 2983 sibi
3510 2928 3646 2984 tam
3692 2919 4008 2985 infestum
4067 2922 4379 2985 senserit:
4435 2917 4553 2985 nisi

2617 3004 2786 3088 quod
2837 3003 3150 3069 iudicium
3193 3003 3403 3069 facere
3459 3026 3541 3070 ex
3586 3013 3896 3070 contextu
3942 3005 4114 3071 licet.
4204 3005 4346 3071 Cur
4388 3005 4551 3071 enim

2615 3099 2875 3173 arrepto
2932 3090 3149 3174 lapide
3193 3092 3306 3155 *vel
3366 3091 3577 3157 cultro
3623 3094 3832 3156 filium
3879 3091 4397 3158 circumcidisset
4439 3090 4550 3158 Sc-

2617 3176 2859 3260 phora,
2905 3177 3031 3242 nisi
3077 3176 3246 3259 quod
3291 3178 3537 3243 sciebat
3581 3179 3800 3243 Deum
3854 3178 4193 3261 praeputio
4239 3179 4552 3244 offensum

2619 3262 2805 3328 esse?
2872 3261 3092 3328 Stulte
3126 3283 3280 3344 ergo
3324 3263 3624 3329 divinant
3668 3263 3932 3347 quidam
3979 3263 4282 3343 Rabbini,
4333 3265 4553 3330 Mosen

2621 3348 2791 3414 hanc
2851 3350 2918 3413 in
2975 3349 3217 3414 se'Dei
3275 3348 3631 3415 vindictam
3685 3370 4107 3434 provocasse,
4166 3351 4339 3433 quod
4398 3349 4555 3416 filios

2619 3443 2686 3500 et
2741 3456 3014 3500 uxorem
3072 3455 3294 3501 secum
3345 3435 3667 3513 traheret,
3725 3435 4025 3501 inutilem
4084 3436 4443 3517 sarcinam,
4497 3441 4556 3499 et

2620 3542 2787 3604 quae
2855 3520 3322 3604 impedimento
3384 3520 3613 3586 futura
3669 3530 3865 3588 esset.
3979 3522 4081 3586 De
4159 3522 4302 3604 ipso
4371 3523 4555 3588 etiam

2619 3606 2865 3691 flagelli
2931 3627 3171 3690 genere
3226 3608 3424 3673 nimis
3487 3608 3797 3673 audacter
3840 3608 4307 3691 pronunciant,
4374 3604 4554 3693 gravi

2620 3694 2865 3759 scilicet
2908 3696 3133 3758 morbo
3181 3694 3379 3758 fuisse
3425 3694 3773 3770 afflictum,
3818 3703 3894 3759 ut
3937 3693 4017 3758 de
4057 3694 4196 3759 vita
4239 3694 4555 3778 periclita-

2621 3779 2828 3845 retur]
2866 3778 3070 3844 Nobis
3114 3780 3397 3845 sufficiat
3440 3779 3728 3847 oblatum
3775 3779 3980 3846 fuisse
4025 3789 4365 3860 terrorem,
4410 3801 4481 3845 ac
4507 3779 4558 3844 si

2622 3875 2803 3933 certa
2873 3863 3130 3931 adesset.
3193 3867 3545 3948 pernicies,
3628 3878 3691 3931 et
3759 3866 3953 3931 simul
4022 3866 4348 3932 rationem
4416 3863 4558 3930 mali

2622 3953 2822 4017 fuisse
2858 3967 3203 4031 ostensam,
3247 3957 3326 4016 ut
3367 3951 3447 4017 de
3482 3952 3848 4035 quaerendo
3892 3951 4180 4018 remedio
4217 3959 4554 4035 satageret.

2622 4037 2981 4121 Nunquam
3042 4038 3215 4102 enim
3277 4035 3377 4124 (ut
3433 4059 3641 4122 nuper
3701 4037 4013 4124 diximus)
4080 4038 4184 4103 vel
4243 4037 4403 4122 ipsi,
4460 4035 4557 4104 vel

2625 4124 2815 4190 uxori
2860 4124 2929 4187 in
2976 4133 3264 4188 mentem
3309 4125 3616 4203 venisset,
3667 4123 3966 4208 placandi
4003 4123 4134 4188 Dei
4169 4146 4371 4190 causa
4412 4143 4560 4207 pue-

2624 4232 2771 4275 rum
2817 4208 3297 4276 circumcidere.
3388 4211 3476 4274 Et
3539 4211 3737 4293 paulo
3802 4221 3950 4294 post
4003 4211 4246 4275 iterum
4303 4208 4564 4293 liquebit

2623 4296 2825 4362 fuisse
2871 4296 2992 4361 hoc
3025 4296 3284 4378 piaculo
3319 4297 3504 4379 quasi
3548 4297 3842 4361 litatum:
3888 4298 4042 4380 quia
4081 4297 4265 4362 Deus
4300 4314 4561 4362 manum

2624 4401 2812 4448 suam
2856 4382 3153 4460 retraxit,
3200 4391 3266 4447 et
3308 4382 3572 4447 sustulit
3614 4384 3990 4448 offensionis
4033 4384 4313 4463 signum.
4394 4382 4561 4464 Ergo

2625 4468 2768 4534 sine
2811 4468 3258 4533 controversia
3306 4476 3525 4534 statuo
3577 4469 3938 4535 vindictam
3997 4469 4196 4533 fuisse
4240 4477 4561 4551 sumptam

2625 4554 2706 4618 de
2772 4553 3177 4637 negligentia
3238 4554 3468 4639 Mosis,
3532 4575 3699 4637 quae
3765 4554 4120 4621 maioribus
4187 4549 4367 4618 vitiis
4433 4557 4563 4617 erat

2623 4639 2957 4724 implicita.
3080 4639 3310 4722 Neque
3386 4640 3561 4706 enim
3637 4640 3758 4706 filii
3834 4639 4393 4707 circumcisionem
4466 4636 4560 4705 vel

2626 4726 2968 4806 oblivione,
3018 4725 3118 4790 vel
3164 4726 3442 4805 inscitia,
3488 4727 3595 4793 vel
3628 4727 3885 4793 incuria
3918 4727 4246 4793 duntaxat
4281 4733 4563 4810 praeter-

2625 4812 2836 4877 misit:
2882 4811 2996 4878 sed
3040 4811 3211 4894 quod
3256 4824 3565 4895 expertus
3609 4823 3782 4878 esset
3825 4814 3932 4878 vel
3976 4814 4167 4877 uxori
4204 4813 4308 4878 vel
4352 4830 4562 4877 socero

2626 4919 2767 4963 esse
2804 4899 3112 4964 odiosam.
3181 4897 3364 4983 Ergo
3401 4921 3484 4964 ne
3519 4921 3665 4964 eum
3705 4921 3874 4964 uxor
3917 4898 4082 4963 rixis
4131 4906 4418 4976 vex'aret,
4465 4894 4561 4960 vel

2626 5006 2809 5049 socer
2853 4995 3024 5049 esset
3076 4983 3421 5064 molestus,
3478 4985 3611 5051 illis
3667 4985 4024 5069 gratificari
4085 4983 4322 5050 maluit
4377 5001 4560 5065 quam

2628 5069 2939 5145 dissidiis,
3009 5069 3115 5134 vel
3182 5070 3656 5149 simultatibus,
3723 5072 3828 5137 vel
3895 5071 4104 5138 turbis
4169 5069 4560 5136 occasionem

2627 5155 2801 5221 dare.
2904 5156 3169 5222 Interea
3210 5178 3364 5222 vero
3423 5158 3493 5221 in
3553 5157 3894 5222 hominum
3946 5158 4224 5241 gratiam
4271 5157 4413 5221 Deo
4455 5172 4560 5237 pa·

2767 5345 2824 5414 1)
2859 5345 2934 5399 In
2970 5347 3244 5416 maraine.-
3281 5346 3383 5401 Vel
3416 5346 3671 5416 gladium.
