4867 6150
335 443 470 513 665

335 637 452 704 ubi
509 636 905 721 exprimitur
956 637 1259 705 diversus
1315 637 1482 723 legis
1541 638 1726 719 finis,
1779 657 1865 704 ne
1928 635 2165 737 iurgiis
2230 643 2298 704 et

333 723 873 791 contentionibus
932 735 1210 790 vexetur
1261 743 1428 807 quae
1480 723 1654 790 bona
1692 722 1824 790 fide
1865 744 1958 790 nu
2005 729 2118 800 sit,
2155 742 2298 790 cer-

333 818 479 875 tum
538 817 642 876 est
697 808 823 875 hac
879 809 1263 894 exceptione
1304 808 1599 876 fraenari
1640 808 2053 895 polygamiae
2094 807 2297 876 licen·

333 896 522 974 tiam,
565 904 642 960 ut
682 892 1029 963 Israelitae
1071 896 1364 964 contenti
1405 916 1545 962 una
1585 895 1849 975 iniuria,
1912 893 2145 961 saltem
2191 914 2297 961 so-

333 1002 524 1048 rores
566 1001 702 1047 non
744 980 1235 1050 committerent
1292 983 1363 1048 in
1426 980 1667 1049 hostile
1709 988 2062 1048 certamen.
2151 980 2296 1046 Iam

334 1068 535 1135 nimis
578 1068 809 1152 iniqua
850 1078 992 1133 erat
1033 1068 1292 1151 primae
1332 1066 1566 1134 uxoris
1605 1066 1898 1135 conditio
1938 1065 2053 1133 ubi
2105 1086 2298 1152 coge·

331 1155 528 1223 batur
570 1152 898 1220 aemulam
942 1162 1012 1220 et
1053 1152 1351 1239 pellicem
1393 1152 1590 1235 ferre,
1633 1153 1747 1219 sed
1792 1150 2052 1220 assidue
2087 1151 2297 1218 rixari

330 1264 483 1310 eum
525 1261 648 1308 sua
691 1239 1178 1325 consanguinea
1217 1241 1440 1307 minus
1471 1239 1810 1305 tolerabile
1852 1248 2014 1307 erat.
2060 1240 2297 1325 Itaque

331 1348 575 1396 nomen
620 1326 862 1395 sororis
904 1347 1040 1393 non
1083 1327 1512 1412 restringitur
1554 1326 1766 1392 solum
1802 1325 1887 1392 ad
1923 1346 2294 1412 germanas,

331 1414 447 1482 sed
489 1414 895 1498 propinquas
950 1412 1146 1479 etiam
1208 1411 1676 1497 comprehendi
1735 1411 2043 1478 existimo
2060 1462 2077 1492 ,
2132 1433 2287 1498 qua-

330 1523 477 1567 rum
538 1501 786 1585 alioqui
827 1500 1237 1566 incestuosae
1292 1519 1428 1564 non
1487 1499 1773 1564 fuissent
1825 1498 2117 1582 nuptiae.
2205 1497 2291 1564 In

329 1606 619 1667 summa,
675 1607 808 1652 non
865 1592 1006 1651 tam
1062 1585 1356 1651 incestus
1414 1583 1767 1650 damnatur
1824 1605 2023 1669 quam
2069 1584 2294 1651 mariti

328 1672 703 1753 crudelitas,
736 1674 792 1737 si
813 1672 977 1738 velit
1010 1680 1358 1756 cognatam
1392 1672 1618 1737 uxoris
1640 1689 1803 1736 suae
1828 1692 1905 1737 su
1992 1668 2290 1737 rdueere.

327 1760 394 1826 N
395 1781 469 1825 ec
515 1780 670 1825 vero
713 1758 908 1823 aliter
946 1778 1035 1822 ex
1079 1756 1302 1824 verbis
1336 1757 1548 1823 Mosie
1580 1765 1874 1823 statuere
1938 1759 2095 1823 icet:
2134 1777 2293 1822 nam

328 1846 390 1913 si
430 1847 752 1929 retegitur
787 1844 1010 1909 fratris
1044 1843 1408 1927 turpitudo,
1455 1843 1567 1910 ubi
1603 1843 1807 1909 frater
1845 1842 1986 1909 eius
2020 1841 2291 1909 viduam

329 1931 541 2010 ducit,
599 1950 731 1996 non
785 1929 1005 1995 minus
1038 1928 1360 2014 retegitur
1404 1928 1745 2013 turpitudo
1786 1930 2050 2008 sororis,
2085 1949 2292 2012 quum

327 2020 469 2084 eius
512 2016 752 2082 marito
795 2025 943 2100 post
979 2014 1367 2081 viduitatem
1403 2015 1598 2080 nubit
1633 2015 1841 2081 altera
1874 2036 2076 2082 soror.
2124 2015 2291 2081 Cae-

325 2115 541 2170 terum
578 2102 731 2169 hine
764 2101 1161 2186 perspicitur
1204 2100 1523 2167 diabolica
1563 2121 1771 2185 papae
1815 2101 2140 2185 superbia,
2179 2101 2292 2185 qui

326 2210 537 2256 novos
558 2187 996 2273 excogitando
1015 2187 1522 2272 propinquitatis
1542 2187 1808 2271 gradus,
1845 2208 2047 2272 supra
2067 2185 2288 2253 Deum

324 2296 557 2361 sapere
600 2273 830 2341 voluit.
920 2271 1189 2339 Astutia
1232 2294 1490 2357 quoque
1534 2274 1675 2339 eius
1718 2294 1790 2340 se
1832 2273 2071 2356 prodit,
2114 2272 2288 2357 quod

325 2385 410 2429 ex
489 2361 612 2426 hcc
690 2380 931 2444 genere
1009 2361 1272 2443 aucupii
1351 2359 1617 2426 uberem
1697 2358 1850 2426 fecit
1919 2368 2284 2444 quaestum.

325 2447 501 2530 Quia
557 2455 785 2513 tamen
843 2445 1044 2531 longo
1094 2466 1225 2512 usu
1282 2455 1622 2530 receptum
1684 2455 1785 2512 est
1829 2466 1913 2511 ne
1955 2444 2287 2512 consobri-

323 2556 453 2600 nus
512 2532 617 2600 vel
672 2531 996 2614 patruelis
1052 2552 1343 2598 sororem
1387 2551 1579 2598 suam
1625 2530 1844 2609 ducat,
1902 2531 2287 2598 offensionis

321 2617 629 2687 habenda
670 2618 859 2684 nobis
893 2618 1060 2683 ratio
1093 2627 1212 2700 est,
1250 2639 1333 2683 ne
1366 2617 1748 2700 importuna
1779 2615 2050 2684 libertas
2083 2640 2285 2685 evan-

323 2705 571 2792 gelium
628 2711 915 2788 exponat
972 2703 1199 2770 multis
1268 2703 1556 2789 probris:
1612 2725 1689 2771 ac
1749 2703 2035 2770 tenenda
2088 2702 2285 2770 Pauli

322 2791 699 2866 admonium
768 2799 843 2856 ut
884 2789 1330 2856 abstineamus
1372 2789 1576 2855 etiam
1632 2810 1672 2855 a
1713 2789 1948 2870 licitis,
2006 2789 2137 2857 nisi
2188 2791 2285 2856 ita

322 2876 634 2963 expediat
675 2874 761 2961 (1.
808 2875 960 2942 Cor.
1007 2875 1067 2955 9,
1105 2874 1190 2941 25
1222 2926 1235 2941 .

496 2964 771 3028 Denter.
819 2961 923 3043 22,
967 2961 1071 3028 30.
1234 2981 1315 3028 ou
1355 2962 1617 3045 acciffiet
1657 2962 2013 3044 quiequam.
2105 2958 2282 3042 Quia

320 3047 447 3116 hec
488 3049 630 3116 leco
673 3048 891 3115 nullos
933 3048 1098 3114 alios
1141 3049 1434 3115 incestus
1476 3047 1748 3134 attingit
1771 3047 2011 3130 Moses,
2052 3045 2169 3114 sed
2200 3047 2281 3114 de

322 3157 607 3203 noverca
650 3155 942 3202 seorsum
988 3135 1325 3220 praecipit,
1372 3135 1729 3201 verisimile
1769 3146 1869 3201 est
1921 3155 2086 3220 quae
2130 3155 2279 3218 pro·

319 3221 459 3288 lixe
502 3220 883 3303 tradiderat,
940 3218 1230 3287 breviter
1272 3218 1396 3287 sub
1441 3242 1574 3286 una
1615 3222 1830 3305 specie
1872 3222 1944 3287 in
1989 3230 2279 3287 mentem

320 3328 661 3375 revocasse
702 3306 1045 3374 Israelitis.
1134 3305 1331 3373 Certe
1373 3307 1573 3373 unius
1616 3306 1881 3374 sceleris
1924 3305 2281 3390 prohibitio

320 3393 470 3460 aliis
512 3392 1030 3476 inquinamentis
1063 3392 1333 3458 ianuam
1367 3415 1498 3459 non
1545 3394 1771 3477 aperit.
1840 3391 2032 3475 Quod
2076 3391 2281 3473 addit,

320 3480 425 3547 Ne
466 3490 726 3563 retegas
770 3498 953 3544 oram
997 3480 1223 3563 patris,
1268 3478 1656 3546 tantundem
1702 3480 1880 3546 valet
1922 3501 1998 3546 ac
2042 3479 2283 3545 nudari

318 3567 529 3651 patris
563 3564 1001 3648 opprobrium,
1039 3565 1150 3631 ubi
1186 3565 1439 3632 abiecta
1473 3563 1888 3646 verecundia,
1930 3564 2283 3649 privignus

323 3650 407 3718 ad
464 3670 820 3717 novercam
876 3650 1279 3735 ingreditur:
1368 3651 1574 3717 Forte
1629 3650 1712 3717 ad
1762 3651 2006 3717 factum
2066 3651 2283 3717 Oham

322 3737 576 3817 alludit,
637 3736 752 3820 qui
794 3737 1000 3820 patris
1043 3737 1475 3822 ignominiam
1520 3737 1869 3822 vulgando,
1923 3758 2113 3804 suam
2157 3739 2282 3803 im·

321 3825 629 3909 pietatem
675 3821 983 3906 prodidit.

948 4164 1081 4235 Ex
1123 4164 1430 4232 LEVI'P.
1473 4164 1635 4234 XX.

492 4335 602 4403 11.·
648 4337 1014 4421 Quicunque
1057 4336 1444 4404 concubuerit
1483 4358 1627 4405 cum
1665 4358 1860 4404 uxore
1888 4340 2112 4422 patris
2152 4340 2279 4419 sui,

318 4423 773 4504 mitudinem
807 4425 1023 4507 patris
1063 4424 1171 4490 sui
1213 4423 1536 4490 revelavit.-
1574 4425 1892 4491 moriendo
1932 4427 2283 4492 morientur

321 4508 519 4590 ambo,
564 4508 828 4594 sanquis
870 4530 1082 4576 eorum
1123 4529 1315 4592 super
1359 4530 1476 4576 eos.
1571 4511 1669 4575 12.
1742 4510 1862 4576 Vir
1913 4512 2027 4594 qui
2066 4512 2285 4579 coierit

324 4615 657 4660 cumnum
675 4616 815 4675 sua,
858 4596 1178 4662 moriendo
1209 4596 1555 4662 medentur
1579 4595 1785 4663 anthe.-
1819 4597 2137 4681 flagitium
2169 4598 2280 4665 ad-

322 4682 645 4761 miserunt,
689 4683 953 4767 sanquis
985 4702 1199 4747 eorum
1238 4703 1433 4767 super
1474 4702 1595 4749 eos.

844 5021 978 5090 Ex
1021 5019 1357 5089 EODEM
1400 5022 1758 5090 ΟΔΡῙΤΕ.

502 5196 603 5262 14.
656 5195 784 5277 ραι·
825 5194 1124 5278 acceperit
1162 5194 1491 5262 muuerem
1525 5199 1863 5264 etmatrem
1887 5198 2040 5276 eiua,
2079 5196 2281 5265 scelus

320 5282 1023 5439 ffissgssssimwe'd
1062 5280 1250 5349 illum
1293 5285 1350 5346 et
1389 5282 1558 5364 alas,
1601 5283 2279 5351 neeitxelueinme-

1750 446 2241 517 summm(
2297 445 2948 520 PRAEORPTUM.

2922 639 3055 706 Ex
3096 638 3432 709 EODEM
3476 640 3834 711 CAPI'PE.

2478 896 2492 910 ·
2576 809 2679 912 ¹⁷:
2732 810 3035 912 Quisquis
3076 813 3380 894 acceperit
3434 832 3711 882 sororem
3764 834 3955 916 suana
3991 815 4202 899 filiam
4234 839 4362 901 pa-

2399 896 3981 981 meeuv,velfil=ammams⁸uae,etvidmt
4178 905 4193 918 ’
4307 904 4364 971 i·

2396 1000 2540 1047 nem
2580 984 2736 1063 eius,
2782 983 3045 1066 ipsaque
3075 984 3310 1050 viderit
3341 987 3794 1069 turpitudinem
3834 987 4016 1054 illiue
4030 1040 4045 1066 ‚
4085 990 4365 1072 foeditas

2398 1072 2521 1134 est.-
2563 1073 2905 1151 propterea
2945 1069 3387 1138 succindentur
3425 1073 3605 1139 ambo
3646 1092 3862 1140 coram
3904 1073 4100 1142 oeulis
4128 1076 4363 1159 populi

2394 1154 2537 1219 sui.-
2593 1155 3050 1322 &tupitudinem
3090 1158 3337 1223 sororis
3376 1177 3535 1225 suae
3584 1159 3906 1239 revelavit,
3961 1161 4361 1244 inmotam·

2393 1258 2582 1306 mam
2654 1246 2795 1307 eret.

2878 1562 3044 1650 'Ex
3087 1582 3423 1652 EODEM
3470 1585 3830 1657 οΑΡῙΤΕ.

2570 1755 2672 1821 19.
2724 1754 3048 1838 Turpitud‘
3047 1757 3216 1822 uncta
3255 1759 3498 1824 sororis
3537 1759 3769 1825 matr-tc
3809 1764 3954 1825 mae
4006 1764 4065 1826 et
4116 1762 4360 1828 sororis

2382 1842 3405 1924 patrietuimndwcoopems·
3325 1844 4050 1928 :quiapropiuqua
4050 1866 4356 1913 msuam

2393 1926 2673 2003 mdavit,
2733 1928 3132 2009 iniquitatem‘
3185 1948 3372 1994 suam
3420 1929 3775 2012 portabunt.
3876 1931 3983 1997 20.
4050 1932 4359 2015 Quisquis

2392 2012 2719 2079 dormierit
2755 2032 2898 2079 cum
2929 2034 3128 2081 uxore
3164 2015 3397 2097 fratris
3438 2018 3646 2099 patnc'
3708 2018 3844 2098 stoi,
3900 2019 4187 2100 mutua·
4188 2020 4355 2085 inem

2388 2097 2626 2180 fratris
2668 2100 2887 2182 patrie
2945 2101 3056 2165 sui
3116 2101 3414 2168 revelavit’
3426 2153 3442 2180 ,
3511 2103 3904 2184 imqmtatem·
3706 2104 3717 2116 '
3971 2124 4157 2170 suam
4197 2124 4355 2187 por·-

2391 2185 2625 2260 tabunt,
2685 2184 2892 2252 orbati
2947 2187 3306 2253 morientur.
3395 2188 3497 2253 21.
3563 2188 3690 2270 Qui
3742 2191 4043 2272 accepemt'
4094 2210 4354 2257 uxorem

2387 2270 2621 2352 fratris
2661 2273 2787 2352 sui,
2831 2271 3234 2353 opprobnum‘
3289 2279 3398 2352 est,
3455 2273 3909 2356 turpitudinem
3956 2275 4187 2358 fratris
4245 2278 4353 2342 sui

2389 2356 2700 2436 revelavit,
2768 2358 2970 2424 orbati
3034 2363 3230 2425 erunt.
3331 2358 3436 2424 22.
3487 2357 3800 2427 Custodite
3861 2361 4039 2443 πίειρα·
4041 2382 4074 2426 e
4135 2364 4351 2429 omnia

2388 2446 2628 2508 statuta
2684 2463 2855 2523 mea,
2911 2449 2970 2510 et
3024 2446 3237 2510 omnia
3289 2445 3552 2526 iudicia,
3610 2446 3895 2528 etfacite
3935 2467 4043 2526 ea,
4100 2452 4171 2512 ut
4226 2468 4352 2513 non

2388 2533 2625 2594 evomat
2675 2549 2783 2596 vos
2833 2542 3006 2595 terra
3062 2531 3134 2595 in
3182 2551 3374 2612 quam
3416 2551 3523 2615 eyo
3574 2532 3897 2598 introduco
3939 2552 4047 2599 vos
4087 2539 4159 2598 ut
4214 2534 4351 2600 illic

2388 2613 2620 2680 habaet·
2619 2616 2696 2681 is.
2768 2616 2873 2681 23.
2923 2615 3139 2698 Neque
3179 2615 3507 2683 ambuletis
3540 2617 3612 2683 in
3642 2618 3898 2684 statutus·
3922 2620 4126 2701 yentis·
4158 2640 4350 2702 quam

2390 2721 2498 2785 eqo
2539 2701 2793 2768 eiiciam
2834 2723 2878 2767 a
2916 2702 3083 2784 facie
3123 2707 3366 2769 vestra.-
3422 2704 3634 2768 omnia
3676 2704 3846 2768 enim
3886 2705 4014 2769 ista
4052 2705 4347 2787 fecerunt,

2389 2792 2449 2851 et
2487 2787 2823 2853 detestat&
2865 2806 3008 2854 eum
3049 2809 3175 2854 eas.
3263 2788 3367 2853 24.
3429 2788 3613 2855 Vobis
3653 2793 3861 2854 autem
3902 2788 4081 2857 dixi:
4130 2790 4346 2859 Possi-

2388 2871 2618 2939 debitis
2672 2878 2912 2939 terram
2962 2894 3206 2954 eorum,
3271 2894 3461 2956 quam
3518 2894 3624 2959 eqo
3678 2873 3947 2940 daturus
3990 2895 4134 2941 sum
4175 2878 4350 2944 vobis

2387 2963 2460 3023 ut
2513 2957 2895 3027 haereditate
2948 2980 3085 3025 eam
3130 2960 3533 3043 possideam,
3587 2965 3825 3026 terram
3860 2960 4151 3041 fluentem
4195 2964 4353 3030 lacte

2389 3049 2447 3111 et
2486 3045 2700 3198 mark:
2755 3066 2862 3132 eqo
2918 3043 3147 3114 Iehova
3189 3043 3369 3112 Deus
3421 3050 3618 3113 vester
3659 3046 3775 3130 qui
3816 3049 4115 3131 separavi
4157 3070 4263 3118 vos
4307 3070 4352 3116 a

2371 3153 2552 3213 popu
2576 3153 2654 3198 w·

2555 3302 2741 3369 Nihil
2788 3303 2897 3369 hic
2939 3324 3188 3369 novum
3223 3304 3526 3385 occurrit,
3572 3306 3728 3389 quia
3750 3308 3959 3375 Mcsis
3997 3307 4346 3375 consilium

2384 3389 2537 3469 fuit,
2590 3391 2822 3474 poenis
2877 3390 3224 3470 iniunctis,
3286 3390 3652 3458 doctrinam
3710 3415 3922 3478 nuper
3976 3394 4346 3478 expositam

2385 3475 2660 3543 sancire.
2708 3476 3095 3543 Incestuosa
3139 3477 3447 3561 coniugia
3490 3488 3645 3544 ante
3689 3478 4083 3563 damnando,
4126 3480 4343 3546 Israc-

2385 3562 2538 3627 litas
2584 3582 2802 3628 coram
2850 3563 2995 3629 Deo
3038 3561 3271 3628 sistere
3316 3561 3557 3644 voluit,
3617 3573 3690 3629 ut
3734 3588 3774 3631 a
3817 3566 4062 3633 scelere
4105 3566 4344 3632 abhor-

2384 3655 2610 3713 rerent
2643 3669 2869 3714 eorum
2914 3648 3371 3728 conscientiae,
3413 3650 3721 3732 quamvis
3760 3651 4014 3717 nullum
4062 3674 4101 3717 a
4136 3660 4339 3718 terre-

2385 3736 2491 3801 nis
2533 3733 2862 3801 iudicibus
2904 3742 3154 3800 metum
3199 3735 3542 3802 incuteret.
3632 3735 3830 3804 Nunc
3893 3759 4049 3805 vero
4093 3759 4343 3822 poenae

2385 3842 2640 3906 quoque
2697 3830 2878 3886 metu
2938 3827 3048 3886 ebs
3107 3831 3342 3899 terret,
3403 3821 3460 3887 si
3519 3822 3632 3904 qui
3702 3823 3899 3890 nimis
3942 3845 4171 3891 secure
4214 3824 4342 3891 sibi

2384 3907 2789 3991 indulgeant.
2894 3903 3291 3972 Verberibus
3350 3917 3567 3972 autem
3612 3929 3744 3974 non
3809 3911 4093 3994 castigat
4132 3913 4341 3976 inees-

2384 4003 2634 4060 tuosos:
2697 4013 2773 4059 ae
2832 3993 2886 4059 si
2945 3992 3071 4057 levi
3133 4001 3387 4057 tantum
3456 3992 3692 4059 delicto
3736 3996 4031 4062 obstricti
4085 4009 4340 4064 essent:

2383 4080 2499 4146 sed
2553 4079 2802 4145 crimen
2862 4078 3257 4162 pronunciat
3314 4079 3592 4162 capitale
3636 4101 3777 4146 esse
3823 4082 3879 4147 si
3923 4082 4069 4166 quis
4113 4105 4152 4148 a
4195 4083 4339 4149 iure

2385 4176 2661 4231 naturae
2716 4164 3094 4230 desciverit:
3157 4184 3233 4229 ac
3286 4164 3501 4248 primo
3545 4165 3812 4250 quidem
3867 4187 4218 4234 novercam
4274 4177 4340 4235 et

2382 4251 2761 4336 privignum
2806 4250 3004 4316 morti
3049 4249 3296 4316 addicit
3337 4251 3393 4316 si
3436 4251 3611 4317 inter
3654 4274 3724 4319 se
3768 4254 4060 4320 coierint.
4150 4253 4342 4321 Idem

2381 4358 2637 4423 quoque
2682 4336 2918 4402 statuit
2961 4334 3043 4401 de
3072 4357 3313 4408 ,socero
3357 4347 3424 4401 et
3467 4359 3656 4404 nuru.
3714 4338 3936 4406 Tertio
3979 4338 4061 4405 de
4106 4341 4339 4408 vitrico

2382 4435 2452 4491 et
2492 4422 2821 4507 privigna.
2910 4419 3106 4503 Quod
3167 4442 3323 4488 vero
3374 4419 3519 4510 [ubi
3567 4426 3762 4491 matri
3818 4439 3885 4491 et
3938 4425 4113 4492 filiae
4157 4429 4337 4512 quis-

2381 4512 2555 4594 piam
2601 4509 2796 4574 simul
2842 4529 2913 4575 se
2957 4505 3358 4595 permiscet]‚
3403 4529 3681 4593 poenam
3729 4509 3812 4576 ad
3854 4521 4135 4579 matrem
4180 4537 4337 4597 quo-

2381 4618 2508 4747 gue
2561 4593 2892 4675 extendit,
2947 4593 3277 4679 intellige,
3345 4595 3402 4660 si
3462 4594 3608 4679 ipsa
3668 4617 3922 4681 quoque
3979 4600 4047 4664 in
4108 4600 4335 4665 nefan-

2426 4703 2530 4748 am
2577 4680 3066 4765 permistionem
3114 4681 3538 4747 consenserit.
3619 4680 3789 4747 Nam
3834 4683 3889 4749 si
3934 4687 4084 4768 quis
4127 4686 4339 4752 invita

2380 4781 2593 4834 matre
2636 4766 2841 4833 filiam
2886 4766 3130 4833 alliciat
3172 4767 3243 4831 in
3280 4766 3657 4833 societatem
3701 4767 3893 4849 thori,
3938 4792 4105 4854 quae
4139 4772 4336 4837 resis-

2382 4862 2523 4919 tere
2591 4874 2723 4919 non
2788 4851 3005 4936 potuit
3067 4873 3267 4935 quum
3338 4852 3569 4933 vellet,
3637 4862 3824 4919 extra
3889 4857 4147 4940 eulpam
4214 4866 4332 4923 est.

2380 4938 2631 5005 Eadem
2679 4938 3048 5022 iniungitur
3090 4958 3305 5022 poena
3348 4937 3540 5004 fratri
3597 4950 3663 5004 et
3719 4943 3924 5008 sorori
3982 4943 4334 5025 germanie,

2381 5026 2684 5091 similiter
2729 5025 2948 5108 nepoti
2986 5031 3054 5089 et
3088 5032 3501 5106 materterae,
3539 5023 3642 5091 vel
3679 5028 3937 5092 amitae.
3985 5028 4337 5094 Praeterea

2381 5112 2464 5177 ad
2511 5111 2899 5177 affinitatem
2944 5109 3344 5191 extenditur,
3388 5110 3447 5175 si
3489 5112 3635 5194 quis
3678 5133 3829 5178 cuni
3875 5133 4079 5180 uxore
4112 5116 4335 5197 patrui

2381 5198 2484 5265 sui
2520 5197 2626 5264 vel
2675 5195 2907 5262 fratris
2957 5197 3061 5261 sui
3111 5197 3411 5281 germani
3455 5195 3801 5263 cohabitet.
3890 5197 4069 5264 Alibi
4114 5213 4337 5267 autem

2382 5282 2805 5367 exposuimus
2883 5280 3038 5366 quid
3120 5282 3337 5348 valeat
3408 5282 3570 5350 haec
3635 5281 3964 5366 loquutio:
4046 5283 4335 5372 Sanguis

2380 5390 2606 5435 eorum
2663 5389 2862 5453 super
2917 5388 3028 5434 eos
3044 5418 3061 5449 ,
3120 5389 3357 5453 nempe
3414 5389 3675 5435 causam
3721 5370 3948 5435 mortis
4004 5393 4136 5438 non
4189 5374 4336 5441 aliis
