4867 6150
417 453 547 520 325

417 665 560 711 esse
587 644 821 720 Deum,
866 651 932 708 et
975 642 1205 726 procul
1248 642 1529 708 arcenda
1562 664 1705 709 esse
1727 643 2241 728 inquinamenta,
2286 663 2369 708 ne

417 731 802 816 profanetur
867 729 1115 809 religio.
1207 728 1536 810 Quoniam
1593 729 1800 813 igitur
1857 729 2038 812 lepra
2104 730 2370 813 pollutio

419 817 735 901 quaedam
791 827 966 893 erat,
1025 815 1136 898 qui
1196 818 1276 879 ab
1335 835 1413 878 ea
1455 817 1669 880 sanati
1715 826 1921 893 erant,
1990 836 2100 882 eos
2158 816 2373 881 noluit

419 903 604 967 Deus
648 902 773 967 nisi
830 899 1216 983 interposito
1259 902 1575 966 sacrificio
1630 902 1699 966 in
1758 913 2055 967 sanctum
2113 911 2371 967 coetum

417 989 655 1072 recipi:
715 1008 790 1052 ac
846 987 903 1052 si
959 1008 1069 1051 eos
1140 987 1593 1053 reconciliaret
1657 986 1957 1053 sacerdos
2030 997 2369 1071 postquam

420 1072 968 1141 excommunicati
1004 1073 1280 1138 fueraut.
1350 1072 1489 1137 Iam
1536 1093 1703 1156 quac
1747 1085 1974 1139 notatu
1997 1073 2197 1157 digna
2218 1082 2373 1139 sunt

419 1171 731 1226 excutere
791 1158 1120 1226 convenit.
1218 1157 1560 1225 Sacerdoti
1618 1160 1986 1244 iniungitur
2041 1158 2367 1244 purgandi

418 1266 691 1311 munus:
737 1257 804 1311 et
847 1255 1070 1310 tamen
1115 1244 1309 1309 simul
1358 1245 1773 1312 interdicitur
1816 1268 1901 1310 ne
1938 1267 2100 1329 quos
2136 1257 2371 1329 purget

417 1333 546 1398 nisi
587 1332 695 1416 qui
740 1333 871 1396 iam
919 1331 1067 1414 puri
1103 1340 1169 1395 et
1212 1331 1440 1395 muudi
1474 1340 1651 1397 sunt.
1712 1331 1842 1398 Ubi
1888 1333 2067 1397 Deus
2112 1332 2194 1397 ab
2239 1353 2372 1397 una

415 1430 605 1504 parte
645 1417 768 1482 sibi
815 1417 1120 1482 vendicat
1162 1415 1421 1481 laudem
1471 1419 1859 1495 sanationis,
1905 1440 1990 1482 ne
2035 1417 2116 1483 ad
2158 1417 2369 1482 homi·

418 1526 536 1571 nes
570 1504 900 1568 trahatur:
947 1523 1177 1567 rursus
1214 1512 1434 1566 tamen
1471 1502 1722 1569 stabilit
1759 1503 2169 1587 disciplinam
2205 1523 2371 1587 quae

417 1593 645 1676 vigere
682 1588 874 1653 debet
893 1588 966 1652 in
1010 1588 1298 1654 ecclesia.
1345 1587 1438 1654 Ut
1473 1610 1581 1655 res
1614 1589 1855 1656 clarius
1890 1598 2130 1673 pateat,
2167 1589 2371 1655 solius

417 1677 548 1742 Dei
581 1686 682 1741 est
716 1684 983 1759 peccata
1017 1675 1366 1739 remittere.
1427 1674 1602 1756 Quid
1643 1676 1845 1761 igitur
1883 1677 2130 1741 homini
2166 1686 2372 1742 restat

418 1763 547 1828 nisi
605 1772 678 1826 ut
742 1760 927 1826 testis
993 1759 1080 1825 sit
1125 1781 1200 1825 ac
1242 1781 1477 1843 praeco
1521 1765 1769 1844 gratiae
1814 1762 2130 1828 divinitus
2172 1760 2369 1826 colla-

419 1847 568 1913 tae?
659 1847 806 1911 Non
851 1856 1065 1929 potest
1108 1867 1263 1928 ergo
1309 1846 1645 1912 absolvere
1704 1847 1829 1912 Dei
1888 1848 2187 1912 minister
2239 1846 2372 1912 nisi

418 1955 612 2018 quem
667 1944 821 1997 ante
880 1930 1062 1996 Deus
1118 1930 1490 1997 absolverit.
1578 1932 1661 1997 In
1727 1954 2014 2010 summa,
2084 1954 2216 1997 non
2272 1944 2373 1998 est

415 2020 490 2087 in
557 2028 874 2103 potestate
945 2017 1047 2082 vel
1115 2017 1380 2081 arbitrio
1465 2019 1751 2084 hominis
1827 2019 2180 2097 absolutio,
2255 2018 2370 2085 sed

416 2114 674 2172 tantum
720 2102 1039 2169 secundas
1106 2116 1324 2186 partes
1384 2104 1670 2170 sustinet
1713 2106 2049 2181 minister,
2105 2114 2182 2170 ιιι
2238 2102 2372 2169 Dei

414 2191 656 2257 iudicio
721 2189 1118 2267 subscribat,
1190 2188 1292 2253 vel
1364 2192 1581 2271 potius
1652 2200 1727 2255 ut
1792 2191 2162 2274 promulget
2241 2190 2372 2255 Dei

415 2277 829 2345 sententiam.
918 2275 1096 2340 Hinc
1152 2274 1265 2338 illa
1318 2275 1599 2359 insignis
1664 2277 1876 2343 Isaiae
1930 2277 2036 2354 43,
2081 2276 2185 2353 25,
2226 2299 2371 2342 sen-

416 2364 660 2429 tentia:
726 2362 870 2444 Ego
914 2381 1084 2444 sum,
1149 2381 1271 2443 ego
1324 2381 1505 2441 sum,
1575 2363 1686 2445 qui
1744 2363 1926 2428 deleo
1990 2364 2372 2447 iniquitates

416 2457 585 2528 tuas,
626 2448 851 2528 Israel,
897 2458 963 2512 et
1006 2446 1234 2511 nullus
1279 2460 1537 2530 praeter
1581 2468 1705 2513 me.
1753 2447 1904 2530 Quo
1947 2449 2143 2514 etiam
2176 2470 2372 2514 sensu

419 2536 664 2619 passim
708 2534 883 2616 apud
927 2554 1157 2598 omnes
1191 2532 1547 2616 prophetas
1592 2535 1914 2617 promittit
1962 2536 2143 2601 Deus
2177 2555 2371 2599 mun·

420 2622 579 2687 dum
622 2621 759 2685 fore
803 2620 1136 2704 populum,
1180 2619 1289 2684 ubi
1335 2620 1547 2700 ipsum
1593 2621 2021 2686 mundaverit
2107 2620 2372 2686 Interea

418 2717 643 2773 tamen
690 2705 814 2771 hoc
872 2727 1006 2772 non
1056 2704 1272 2770 obstat
1312 2707 1663 2788 quominus
1698 2729 1816 2773 suo
1859 2706 2138 2790 quodam
2181 2706 2373 2772 modo

418 2792 644 2859 sordes
701 2792 922 2876 populi
975 2790 1248 2856 abluant
1310 2791 1422 2874 qui
1486 2794 1699 2859 vocati
1756 2805 1915 2859 sunt
1968 2793 2051 2859 ad
2097 2792 2372 2860 docendi

419 2900 684 2945 munus.
727 2878 899 2943 Nam
943 2898 1144 2960 quum
1189 2875 1329 2941 sola
1371 2878 1531 2943 fides
1575 2878 1773 2945 corda
1813 2880 2147 2963 purificet,
2215 2899 2371 2962 qua·

420 2976 615 3031 tenus
676 2965 908 3045 recipit
970 2961 1146 3045 quod
1209 2984 1292 3027 ex
1357 2983 1470 3029 ore
1536 2965 1820 3032 hominis
1879 2966 2124 3049 profert
2188 2965 2372 3030 Deus

418 3051 900 3118 testimonium:
989 3048 1318 3127 minister,
1388 3050 1498 3133 qui
1559 3073 1676 3117 nos
1736 3050 1880 3118 Deo
1924 3050 2374 3119 reconciliatos

421 3159 564 3204 csse
623 3149 925 3214 testatur,
983 3136 1216 3200 merito
1257 3149 1560 3202 censetur
1610 3138 1868 3205 abolere
1927 3148 2185 3203 nostras
2235 3160 2371 3204 sor-

422 3224 555 3289 des.
601 3223 786 3289 Haec
831 3222 1120 3305 expiatio
1165 3242 1344 3288 nunc
1388 3244 1644 3307 quoque
1690 3223 1887 3308 viget,
1932 3224 2195 3290 tametsi
2237 3224 2372 3308 pri-

423 3310 571 3376 dem
618 3308 880 3374 desierit
925 3308 1332 3374 caeremonia
1376 3330 1518 3375 esse
1553 3311 1620 3374 in
1667 3332 1811 3376 usu.
1858 3309 2034 3392 Quia
2072 3320 2288 3376 autem
2335 3328 2375 3373 a

420 3416 604 3463 mera
662 3395 789 3460 Dei
846 3395 1059 3479 gratia
1121 3394 1558 3478 proficiscitur
1601 3397 1963 3479 spiritualis
2009 3417 2202 3480 quam
2245 3394 2375 3461 fide

419 3482 828 3565 percepimus
872 3480 1156 3556 sanitas,
1219 3480 1398 3547 illius
1442 3482 1687 3566 gloriae
1730 3482 1898 3547 nihil
1943 3482 2214 3566 derogat
2257 3482 2374 3546 ho-

420 3568 617 3634 minis
660 3567 1119 3632 ministerium.
1211 3567 1714 3634 Meminerimus
1769 3569 1991 3651 itaque
2041 3568 2203 3633 haec
2247 3567 2374 3633 duo

419 3654 596 3719 inter
639 3673 711 3718 se
753 3654 995 3735 optime
1038 3652 1380 3734 quadrare,
1426 3662 1690 3719 nostrae
1745 3653 2054 3737 puritatis
2108 3655 2373 3721 unicum

419 3760 563 3806 esse
629 3749 922 3805 autorem
988 3736 1243 3803 Deum:
1324 3761 1533 3822 neque
1596 3756 1817 3805 tamen
1882 3741 2030 3805 ideo
2107 3740 2374 3806 modum

414 3847 541 3910 quo
599 3826 807 3890 utitur
885 3821 969 3889 ad
1035 3844 1154 3888 nos
1217 3826 1598 3908 purgandos
1668 3825 2136 3910 negligendum
2210 3848 2372 3892 esse.

411 3914 629 3994 Atque
687 3910 809 3975 hoc
866 3911 1126 3992 proprie
1183 3911 1265 3976 ad
1334 3912 1745 3995 disciplinam
1792 3923 2075 3994 spectat,
2137 3928 2210 3978 ut
2262 3914 2374 3996 qui

420 3996 681 4081 publica
722 3996 1078 4062 autoritate
1113 3997 1313 4061 semel
1372 4000 1617 4063 eiectus
1673 4007 1774 4064 est
1831 4020 1870 4063 a
1926 4018 2109 4065 sacro
2167 4012 2374 4078 coetu,

423 4105 551 4148 non
599 4083 953 4165 recipiatur
997 4082 1123 4147 nisi
1168 4083 1631 4164 poenitentiam
1680 4095 1745 4149 et
1792 4087 1961 4149 vitae
2019 4083 2374 4150 novitatem

425 4168 775 4253 professus.
874 4168 976 4234 Ac
1034 4166 1570 4248 notandum'est,
1634 4169 1804 4236 hanc
1858 4169 2377 4236 iurisdictionem

428 4254 643 4320 datam
713 4254 915 4319 fuisse
980 4253 1456 4332 sacerdotibus,
1529 4276 1656 4319 non
1735 4266 1991 4320 tantum
2050 4268 2377 4340 quatenus

428 4341 775 4425 gestabant
831 4339 1083 4405 Christi
1142 4361 1514 4423 personam,
1581 4340 1698 4407 sed
1751 4342 1949 4406 etiam
2010 4343 2376 4422 ministerii,

430 4425 600 4510 quod
646 4426 792 4491 illis-
825 4424 1159 4491 nobiscum
1203 4428 1332 4491 fuit
1370 4448 1732 4505 commune,
1779 4437 2097 4511 respectu.

603 4513 663 4578 3.
712 4511 802 4576 Et
838 4512 1182 4595 eyredidur
1221 4514 1526 4579 sacerdo&
1604 4512 1789 4580 Haec
1835 4523 1935 4578 est
1977 4515 2262 4600 cognitio
2298 4514 2379 4580 de

431 4619 561 4681 qua
604 4599 815 4663 fusius
862 4608 1213 4663 tractatum
1257 4598 1384 4664 fuit
1425 4599 1729 4681 proximo
1772 4599 2014 4684 capite,
2066 4603 2207 4666 sine
2251 4621 2380 4685 qua

432 4684 533 4749 fas
590 4705 720 4749 non
781 4692 924 4748 erat
986 4704 1135 4748 eum
1180 4685 1289 4767 qui
1335 4684 1538 4750 semel
1573 4688 1814 4751 eiectus
1858 4701 2028 4751 esset
2071 4687 2378 4770 recipere.

434 4771 865 4852 Praeceptum
910 4769 1097 4835 cuius
1133 4772 1440 4835 continuo
1496 4785 1642 4855 post
1699 4773 1776 4836 fit
1839 4771 2115 4851 mentio,
2172 4773 2382 4837 refero

434 4856 518 4921 ad
553 4856 847 4934 Levitae,
885 4876 969 4919 ex
1006 4855 1244 4938 quibus
1281 4877 1485 4922 unum
1522 4857 1803 4940 aliquem
1839 4859 2141 4924 comitem
2176 4858 2382 4924 fuisse

438 4940 758 5008 sacerdoti
815 4940 1148 5024 probabile
1206 4952 1334 5021 est,
1388 4955 1461 5008 ut
1502 4944 1891 5010 sacrificium
1938 4955 2217 5027 pararet,
2285 4954 2382 5009 at-

438 5049 564 5112 que
619 5027 714 5092 ita
779 5027 1021 5109 primas
1086 5037 1343 5094 tantum
1408 5041 1625 5113 partes
1682 5031 1941 5097 obirent
1995 5030 2380 5097 sacerdotes.

440 5114 719 5180 Summa
763 5123 984 5177 autem
1028 5113 1214 5190 ritus,
1272 5115 1481 5197 quoad
1526 5116 1691 5182 duas
1736 5138 1919 5196 aves,
1980 5118 2112 5182 huc
2155 5116 2380 5197 tendit,

439 5201 893 5284 purgationem
941 5221 980 5263 a
1023 5198 1205 5282 lepra
1247 5201 1527 5283 speciem
1585 5203 1911 5286 quandam
1946 5224 2109 5270 esse
2166 5225 2382 5269 resur·

438 5285 767 5352 rectionis.
874 5284 1057 5350 Aves
1114 5284 1278 5349 duae
1341 5286 1849 5353 subiiciebantur
1914 5301 2068 5354 ante
2132 5289 2383 5356 oculos:

437 5374 637 5438 unius
681 5371 1004 5454 sauguine
1070 5368 1508 5437 redimebatur
1555 5372 1825 5439 alterius
1882 5374 2175 5451 libertas,
2234 5376 2385 5460 quia

1878 456 2256 523 PRIMUM
2313 457 2860 524 PRAEOEPTU
2869 457 2961 523 M.

4300 459 4430 526 326

2477 666 2607 710 non
2654 645 2876 710 exibat
2920 644 3048 710 nisi
3139 645 3274 710 rius
3318 643 3617 711 demersa
3657 643 3730 710 in
3766 644 4088 728 sauguine
4131 654 4199 710 et
4239 665 4432 730 aqua,

2476 730 2634 796 hinc
2686 731 2974 814 aspersio
3174 730 3506 796 hominem
3572 730 4006 814 purgandum.
4093 732 4430 815 Repetitio

2474 818 2715 900 septies
2774 816 3000 897 fiebat,
3065 825 3139 881 ut
3203 817 3402 882 altius
3442 816 3750 901 infigeret
3795 817 4132 882 hominum
4189 840 4433 885 memo-

2475 904 2611 967 riae
2668 902 2992 968 assiduam
3040 904 3292 986 gratiae
3334 901 3841 968 meditationem.
3933 902 4196 970 Scimus
4247 906 4428 970 enim

2474 987 2845 1073 septenario
2888 1008 3164 1053 numero
3207 989 3668 1071 perfectionem
3730 1009 3922 1072 saepe
3965 991 4032 1055 in
4100 992 4431 1074 scriptura

2476 1075 2713 1139 notari.
2756 1075 2837 1139 In
2884 1074 3166 1139 eundem
3210 1077 3408 1139 finem
3455 1074 3660 1156 pilum
3704 1073 3993 1155 radebat,
4041 1087 4110 1141 et
4143 1097 4213 1142 se
4247 1078 4428 1143 lava·

2473 1159 2589 1224 bat
2631 1180 2801 1244 aqua
2842 1161 2955 1243 qui
3014 1160 3226 1225 fuerat
3269 1170 3557 1225 sanatus.
3668 1161 3897 1243 Neque
3941 1170 4163 1227 tamen
4211 1164 4424 1247 primo

2476 1245 2579 1311 die
2637 1244 2898 1311 domum
2957 1245 3479 1328 ingrediebatur,
3538 1245 3653 1311 scd
3697 1245 3960 1312 demum
4011 1257 4243 1313 octavo
4301 1248 4423 1315 die.

2475 1331 2739 1396 Interea
2794 1332 3070 1414 septimo
3129 1330 3400 1398 radebat
3459 1331 3744 1408 barbam,
3803 1333 4222 1416 supercilium
4272 1356 4426 1401 ocu-

2476 1416 2705 1497 lorum,
2749 1427 2816 1482 et
2870 1437 3098 1482 omnes
3141 1417 3338 1500 pilos:
3399 1439 3469 1484 se
3521 1426 3588 1482 et
3644 1428 3863 1488 vestes
3916 1419 4215 1486 lavabat:
4271 1420 4427 1486 hinc

2474 1503 2798 1569 transibat
2841 1503 2921 1568 ad
2966 1504 3378 1571 sacrificium.
3442 1502 3626 1569 Adeo
3669 1513 3769 1568 est
3812 1503 4076 1571 difficile
4125 1506 4427 1571 homines

2475 1590 2882 1655 assuefacere
2925 1591 3006 1654 ad
3042 1594 3279 1656 seriam
3326 1592 3670 1672 utriusque
3712 1590 3808 1654 rei
3851 1591 4307 1674 cognitionem,
4353 1598 4427 1657 ut

2475 1676 2625 1740 odio
2670 1674 2955 1741 habeant
2997 1697 3116 1741 sua
3164 1677 3356 1755 vitia,
3424 1687 3489 1741 et
3530 1695 3650 1759 pro
3695 1674 4015 1761 dignitate
4076 1677 4426 1744 aestiment

2474 1760 2755 1846 gratiam
2795 1762 2920 1826 Dei
2965 1783 3093 1845 qua
3137 1761 3519 1828 liberantur.

2649 1846 2750 1912 10.
2793 1846 2922 1913 Die
2962 1854 3166 1914 autem
3198 1853 3424 1915 octavo.
3468 1846 3682 1914 Sicuti
3725 1848 4011 1914 infantes
4054 1849 4159 1913 die
4195 1858 4427 1915 octavo

2477 1942 2622 2016 post
2665 1933 2953 1998 ablutam
3012 1934 3494 1999 immunditiem
3554 1955 3748 2017 quam
3805 1955 3888 1999 ex
3945 1943 4130 2000 utero
4188 1934 4426 2001 attule-

2475 2027 2659 2098 rant,
2722 2017 3180 2085 iuserebantur
3251 2021 3322 2085 in
3388 2019 3760 2097 ecclesiam,
3834 2028 3898 2085 et
3968 2022 4214 2087 fiebant
4284 2021 4428 2087 eius

2473 2103 2789 2183 membra,
2829 2108 2923 2170 ita
2967 2127 3142 2172 nunc
3185 2104 3325 2171 dies
3369 2116 3638 2172 octavus
3684 2105 4145 2188 praescribitur
4189 2106 4271 2171 ad
4318 2127 4429 2173 eos

2476 2190 2915 2257 restituendos
2958 2192 3069 2274 qui
3113 2194 3374 2275 recepta
3429 2194 3712 2257 sanitate
3761 2193 3945 2274 quasi
4002 2193 4242 2257 iterum
4278 2214 4428 2259 nas-

2474 2287 2734 2342 cuntur.
2834 2277 3004 2342 Nam
3064 2298 3184 2360 pro
3237 2278 3513 2343 mortuis
3575 2278 3782 2342 habiti
3826 2285 3983 2343 sunt
4026 2299 4187 2361 quos
4242 2277 4428 2361 lepra

2474 2383 2515 2427 a
2548 2381 2735 2428 sacro
2779 2374 2963 2428 coetu
3008 2361 3365 2429 abdicabat.
3455 2364 3637 2447 Ergo
3681 2363 4072 2429 sacrificium
4133 2364 4425 2430 institui-

2475 2457 2589 2514 tur
2641 2448 2811 2531 quod
2869 2449 3425 2516 circumcisionem
3482 2448 3702 2533 aliqua
3755 2471 3837 2514 ex
3899 2460 4084 2532 parte
4143 2449 4427 2515 deletam

2476 2535 2822 2600 instauret.
2925 2535 3133 2600 Porro
3187 2557 3316 2601 non
3383 2535 3676 2601 omnium
3740 2556 3907 2618 quae
3973 2535 4079 2600 hic
4140 2555 4426 2602 comme·

2474 2634 2819 2686 morantur
2861 2621 3028 2686 ratio
3062 2620 3224 2686 mihi
3269 2630 3551 2698 constat,
3610 2629 3680 2687 et
3722 2621 3920 2688 velim
3964 2621 4240 2687 lectores
4296 2642 4429 2687 non

2477 2728 2621 2773 esse
2672 2707 2869 2772 nimis
2911 2708 3216 2773 curiosos.
3304 2706 3641 2789 Quaedam
3687 2706 3814 2772 dici
3875 2715 4152 2790 possunt
4195 2706 4429 2790 proba-

2478 2791 2724 2871 biliter,
2777 2794 3097 2878 sangnine
3147 2793 3400 2860 hostiae
3458 2793 3625 2878 tingi
3682 2793 4044 2858 auriculam
4104 2791 4428 2877 dextram,

2477 2878 2777 2961 pollicem
2825 2900 3059 2945 manus
3118 2889 3186 2944 et
3240 2879 3535 2962 pollicem
3593 2879 3795 2962 pedis,
3862 2878 4017 2961 quia
4059 2878 4430 2944 restituitur

2477 2965 2561 3030 ad
2604 2985 3015 3031 communem
3061 2967 3236 3031 vitae
3281 2985 3469 3030 usum
3515 2974 3583 3029 et
3638 2963 4174 3030 consuetudinem
4219 2963 4431 3046 lepro-

2478 3071 2611 3129 sus,
2656 3064 2734 3117 ut
2776 3050 3056 3117 liberum
3100 3050 3340 3118 habeat
3381 3052 3783 3135 ingressum,
3837 3049 4078 3117 liberas
4119 3049 4430 3130 actiones,

2477 3137 2751 3203 liberam
2812 3137 3091 3219 denique
3147 3138 3467 3204 sermonis
3522 3138 4209 3203 communicationem:
4276 3135 4433 3219 quia

2476 3223 2548 3288 in
2615 3244 2772 3289 aure
2830 3236 3057 3289 mutua
3135 3235 3238 3289 est
3301 3222 3608 3307 loquendi
3675 3232 3743 3288 et
3804 3221 4115 3288 audiendi
4179 3221 4429 3288 relatio.

2459 3309 2839 3395 ,Inungitur
2860 3309 2968 3375 vel
3006 3309 3405 3394 abstergitur
3447 3318 3643 3393 caput
3670 3308 3829 3389 oleo,
3875 3329 3960 3374 ne
3994 3307 4151 3391 quid
4187 3307 4257 3373 in
4294 3313 4433 3373 toto

2479 3417 2749 3479 corpore
2791 3397 3126 3479 impurum
3169 3395 3471 3463 resideat.
3559 3395 3809 3480 Egenis
3843 3405 4063 3460 autem
4105 3402 4173 3460 et
4214 3392 4433 3459 tenui-

2478 3481 2603 3547 bus
2658 3482 2871 3566 parcit
2929 3483 3148 3560 Deus,
3197 3503 3281 3547 nc
3334 3492 3657 3566 cogantur
3714 3480 3880 3546 duos
3924 3501 4130 3564 agnos
4174 3480 4430 3559 offerre,

2478 3582 2672 3651 atque
2715 3570 2810 3633 ita
2854 3580 3113 3651 praeter
3173 3566 3549 3633 facultatem
3593 3577 3974 3650 graventur.
4065 3563 4256 3633 Unde
4314 3584 4432 3648 ap-

2478 3666 2666 3737 paret
2708 3676 2837 3719 non
2861 3655 3192 3720 aestimari
3237 3653 3451 3738 pretio
3493 3654 3827 3732 sacrificia,
3871 3651 3986 3718 sed
4031 3652 4137 3735 pio
4172 3651 4427 3731 affectu,

2476 3741 2586 3806 ubi
2630 3739 2986 3806 liberaliter
3030 3742 3302 3823 quisque
3345 3739 3538 3805 offert
3581 3747 3778 3823 prout
3819 3737 4043 3803 datum
4088 3744 4207 3804 est.

2648 3826 2752 3893 34.
2806 3827 3010 3908 Quum
3051 3827 3327 3906 inm-essi
3365 3825 3623 3910 fueritis
3663 3831 3916 3890 terram.
4003 3823 4135 3889 Hic
4179 3822 4260 3888 dc
4302 3822 4431 3888 alio

2478 3913 2698 3996 leprae
2742 3933 2983 3996 genere
3027 3912 3390 3991 disseritur,
3457 3912 3625 3995 quod
3674 3910 3858 3976 nobis
3901 3909 4098 3975 hodie
4141 3928 4283 3974 esse
4326 3909 4429 3972 in·

2476 4000 2833 4081 cognitum,
2887 4019 3018 4063 nou
3063 3999 3209 4063 sine
3251 4019 3448 4065 causa
3490 3997 3869 4081 gaudemus.
3961 3993 4153 4062 Sicut
4207 4001 4425 4058 autem

2478 4084 2921 4169 singularibus
3001 4084 3364 4168 privilegiis
3442 4093 3793 4149 ornaverat
3856 4082 4038 4146 Deus
4116 4078 4428 4164 populum

2477 4170 2684 4246 illum,
2728 4170 2822 4235 ita
2867 4172 2921 4236 si
2966 4169 3139 4235 dona
3180 4167 3412 4252 quibus
3475 4167 3836 4235 excellebat
3897 4166 4217 4244 foedaret,
4274 4185 4430 4229 con-

2479 4269 2865 4323 sentaneum
2945 4257 3068 4321 fuit
3153 4254 3693 4339 ingratitudinem
3757 4254 3937 4318 illam
4003 4248 4431 4318 atrocioribus

2478 4342 2797 4425 exemplis
2843 4341 3080 4425 puniri.
3124 4340 3357 4423 Itaque
3399 4342 3642 4405 mirum
3680 4360 3808 4405 non
3845 4347 3943 4403 est
3965 4359 4210 4422 poenas
4232 4337 4431 4401 fuisse

2478 4430 2793 4507 inflictas,
2852 4448 3130 4511 quarum
3187 4427 3449 4492 auditus
3514 4424 4011 4491 admirationem
4080 4423 4264 4489 nobis
4321 4443 4434 4486 ex:-

2479 4516 2640 4581 citat
2682 4523 2751 4579 et
2792 4513 3149 4579 horrorem.
3237 4513 3397 4577 Fuit
3440 4512 3629 4577 triste
3671 4510 4114 4594 spectaculum
4133 4559 4147 4588 ,
4204 4507 4431 4574 videre

2480 4602 2727 4684 lepram
2773 4609 3182 4685 grassantem
3220 4599 3286 4662 in
3333 4597 3642 4663 humanis
3683 4596 4090 4681 corporibus:
4147 4594 4261 4662 sed
4308 4594 4434 4659 hoc

2481 4687 2696 4753 simile
2764 4695 3101 4771 portento,
3176 4683 3399 4750 domos
3472 4702 3728 4766 quoque
3807 4681 4138 4765 inquinari
4225 4681 4431 4764 lepra,

2481 4795 2647 4857 quae
2683 4771 2979 4838 dominos
3022 4791 3171 4836 cum
3216 4768 3487 4835 familiis
3532 4768 3810 4846 eiicerct,
3856 4769 4010 4852 quia
4052 4768 4107 4834 si
4142 4767 4280 4832 illic
4315 4785 4429 4831 vo-

2481 4860 2696 4925 lentes
2740 4867 2807 4924 et
2849 4859 3127 4923 scientes
3161 4855 3623 4935 substitissent,
3667 4854 3747 4920 ad
3784 4875 3897 4919 eos
3931 4864 4000 4919 et
4022 4874 4177 4919 vasa
4211 4850 4433 4917 omnia

2483 4946 2785 5029 serpebat
2826 4941 3148 5027 contagio.
3240 4940 3568 5022 Quoniam
3613 4953 3831 5006 autem
3880 4960 3990 5005 eos
4034 4939 4297 5023 publica
4337 4936 4434 5019 ig·

2484 5032 2777 5096 nominia
2834 5031 3018 5095 Deus
3068 5028 3336 5094 notabat
3354 5078 3369 5106 ,
3430 5048 3701 5111 quorum
3762 5026 3985 5091 domos
4028 5020 4434 5109 percutiebat

2484 5120 2701 5201 lepra,
2764 5114 2950 5181 iubet
3012 5136 3121 5181 eos
3186 5124 3439 5180 reatum
3502 5113 3824 5197 profiteri:
3880 5131 4000 5176 nec
4053 5109 4258 5176 solum
4318 5104 4435 5205 ubi

2485 5205 2728 5269 malum
2775 5201 3149 5280 invaluerit,
3194 5200 3306 5266 sed
3354 5200 3464 5266 ubi
3504 5220 3838 5283 emergere
3880 5195 4165 5278 coeperit
4217 5212 4433 5291 susp}-

2484 5292 2601 5356 cio.
2689 5289 2896 5353 Porro
2962 5309 3048 5352 ex
3113 5287 3257 5371 lege
3314 5295 3589 5371 apparet
3630 5285 3943 5369 quosdam
4010 5280 4209 5346 fuisse
4269 5282 4433 5346 levi·

2486 5386 2589 5440 ter
2630 5375 3015 5458 castigatos:
3061 5374 3208 5457 quia
3252 5372 3308 5439 si
3350 5384 3501 5456 post
3542 5370 4016 5455 inspectionem
4054 5365 4438 5445 sacerdotis,

3913 5467 4018 5524 21*
