4867 6150
339 463 460 531 553

335 652 749 740 probationes
792 657 982 718 erant
1028 651 1311 718 invictae
1355 653 1496 718 eius
1539 651 1820 717 virtutis.
1907 647 2104 718 Unde
2146 655 2279 716 sta-

338 752 519 807 tuere
544 737 884 817 debebant,
921 738 1089 803 nihil
1127 759 1267 803 esse
1304 738 1733 803 metuendum
1772 735 1967 801 modo
2002 736 2283 819 praeiret

337 827 535 905 Deus,
594 845 671 890 ac
728 822 1001 908 proinde
1054 825 1214 888 certi
1276 822 1356 889 de
1400 825 1708 902 victoria,
1754 845 1885 888 non
1932 821 2278 888 descende·

336 919 482 977 rent
518 909 599 974 ad
643 906 818 975 ullas
859 911 1211 993 pactiones.

503 995 606 1061 20.
657 993 986 1061 Praeterea
1029 994 1406 1061 orabo-onena
1453 994 1782 1077 Quoniam
1826 993 2024 1078 longa
2072 993 2278 1057 videri

331 1093 588 1170 poterat
631 1080 919 1147 hostium
963 1081 1385 1166 expugnatio,
1441 1082 1498 1147 si
1539 1101 1742 1146 manu
1785 1089 1853 1146 et
1894 1079 2095 1146 armis
2140 1089 2281 1144 tan-

327 1183 475 1235 tum
538 1166 874 1235 sternendi
936 1167 1188 1232 forent:
1253 1165 1491 1233 deinde
1556 1169 1704 1251 quia
1785 1166 1897 1232 vix
1967 1165 2280 1233 credibile

331 1260 494 1334 erat,
541 1254 783 1320 omissa
826 1252 1200 1319 defensione
1255 1253 1430 1319 ultro
1487 1254 1509 1317 i
1602 1253 1786 1318 ulum
1843 1260 2277 1335 porrecturos,

331 1340 652 1426 promittit
709 1339 896 1405 Deus
948 1339 1075 1404 alio
1131 1359 1384 1422 quoque
1440 1359 1548 1404 mo
1594 1361 1632 1404 0
1697 1351 1984 1423 stragem
2029 1360 2101 1403 se
2143 1336 2279 1403 edi-

334 1441 559 1492 turum
606 1425 688 1491 ad
734 1445 845 1490 eos
886 1424 1342 1510 profligandos.
1428 1425 1521 1490 Et
1560 1446 1647 1490 ne
1690 1424 2054 1504 Israelitae‚
2121 1421 2278 1488 dum

329 1513 556 1578 hostes
589 1512 853 1597 fingunt
890 1509 973 1575 ad
1008 1511 1446 1577 resistendum
1482 1519 1815 1595 promptos
1850 1508 2007 1590 fore,
2043 1520 2107 1575 et
2142 1510 2277 1575 ala-

334 1620 496 1677 cres,
541 1597 892 1663 turbentur
926 1596 1033 1661 vel
1072 1595 1416 1680 trepident,
1454 1596 1617 1662 alios
1652 1596 1777 1662 sibi
1813 1596 2052 1661 milites
2089 1615 2277 1680 prae-

332 1693 429 1750 sto
473 1687 612 1749 fore
652 1682 837 1749 Deus
879 1682 1301 1766 pronunciat:
1359 1684 1515 1766 quia
1558 1681 1910 1749 crabrones
1956 1682 2057 1747 vel
2110 1680 2279 1747 aliae

315 1770 698 1837 ·virulentae
761 1767 1074 1835 bestiolae
1144 1767 1454 1854 profugos
1532 1790 1756 1834 omnes
1835 1769 2277 1852 exstinguent.

331 1855 585 1922 Eadem
655 1855 984 1920 sententia
1036 1853 1282 1939 legitur
1335 1853 1551 1920 Exodi
1610 1854 1695 1920 23
1750 1855 1978 1937 capite.
2082 1853 2279 1936 Quod

331 1963 488 2010 vero
530 1941 858 2026 pollicitus
904 1941 1116 2006 fuerat
1151 1941 1356 2020 Deus,
1400 1939 1595 2006 Iosue
1638 1940 2034 2025 completum
2079 1941 2280 2006 fuisse

328 2037 797 2096 commemorat
857 2024 1078 2112 (Iosue
1142 2026 1245 2105 24,
1315 2025 1443 2113 12).
1556 2024 2107 2122 Caeterum'quia
2150 2048 2280 2091 non

327 2134 458 2180 uno
505 2119 839 2179 momento
882 2112 1255 2197 perdendae
1294 2119 1485 2178 erant
1528 2123 1760 2197 gentes
1800 2112 1974 2189 illae,
2020 2134 2105 2177 ne
2144 2121 2278 2177 tae-

329 2200 434 2266 dio
484 2209 830 2284 propterea
874 2198 1235 2264 labasceret
1278 2197 1590 2283 populus,
1637 2199 1744 2263 vel
1770 2197 2035 2282 segnior
2057 2197 2283 2263 redde-

327 2294 539 2365 retur,
585 2295 843 2350 mature
887 2286 1170 2350 occurrit
1204 2284 1406 2365 Deus,
1450 2292 1516 2350 et
1560 2283 1868 2349 admonet
1903 2282 2278 2349 tarditatem

326 2372 505 2438 hano
546 2372 685 2436 fore
729 2371 990 2436 utilem:
1051 2370 1203 2453 quia
1263 2368 1605 2436 exstinctis
1660 2368 1962 2435 omnibus
2021 2370 2277 2447 incolis,

326 2459 775 2540 irrumperent
829 2457 1008 2521 ferae
1065 2454 1309 2522 bestiae
1353 2458 1422 2521 10
1468 2475 1741 2522 vacuam
1787 2464 2050 2522 terram.
2139 2456 2283 2522 Mo-

325 2545 497 2610 lesta
541 2543 747 2628 igitur
790 2564 921 2607 non
966 2539 1190 2608 debuit
1232 2564 1376 2608 esse
1418 2542 1679 2626 longior
1713 2540 1866 2606 belli
1901 2542 2275 2625 protractio,

324 2631 392 2696 in
437 2649 574 2715 qua
607 2629 794 2695 Deus
837 2627 1059 2713 populi
1104 2627 1302 2694 saluti
1347 2628 1746 2707 consulebat,
1794 2628 1947 2710 quia
1990 2628 2275 2694 homini-

322 2716 442 2783 bus
496 2714 794 2782 celeriter
837 2713 1090 2794 deletis,
1136 2713 1510 2780 bellandum
1557 2735 1705 2780 cum
1748 2714 1906 2780 feris
1935 2714 2275 2799 sylvestri-

324 2804 441 2869 bus
511 2800 759 2867 fuisset.
841 2800 1041 2865 Illum
1102 2820 1259 2866 vero
1303 2822 1497 2883 quem
1541 2799 1744 2865 citavi
1789 2801 2001 2865 locum
2039 2798 2273 2881 Exodi,

322 2888 591 2955 tametsi
636 2886 852 2952 verbis
895 2885 1126 2952 similis
1169 2895 1287 2965 est,
1332 2886 1627 2952 consulto
1661 2886 1730 2951 in
1767 2885 1896 2951 alia
1935 2886 2143 2953 classe
2179 2887 2274 2953 lo-

322 2974 503 3042 cavi:
560 2973 712 3056 quia
766 2993 942 3038 nunc
988 2970 1172 3037 Deus
1225 2972 1296 3036 in
1340 2971 1546 3038 alium
1593 2974 1790 3037 finem
1837 2971 1916 3037 de
1963 2975 2273 3038 extermi-

319 3059 569 3128 nandis
605 3058 911 3143 gentibus
948 3056 1227 3138 disserit,
1273 3080 1356 3124 ne
1392 3057 1544 3142 quid
1577 3057 1828 3125 scilicet
1861 3079 1940 3124 ex
1984 3059 2274 3144 antiquis

318 3146 799 3233 pollutionibus
862 3146 932 3209 in
1000 3153 1173 3210 terra
1239 3144 1576 3210 residuum
1647 3155 1941 3224 maneat,
2021 3165 2141 3212 000
2205 3167 2277 3212 80

320 3235 649 3301 misceant
691 3229 1031 3297 Israelitae
1075 3230 1323 3315 impiis,
1392 3252 1666 3315 quorum
1712 3231 1962 3297 artibus
2007 3231 2274 3298 tandem

320 3321 404 3388 ad
445 3317 676 3388 cultus
721 3316 1124 3382 adulterinos
1168 3316 1657 3383 abstrahantur.

494 3403 603 3472 25.
654 3402 992 3485 Sculptilia
1033 3402 1304 3468 deorum.
1351 3402 1592 3469 Finem
1637 3404 1851 3486 ipsum
1891 3423 2010 3468 cur
2052 3403 2274 3488 profli-

327 3491 581 3577 gandae
651 3490 785 3556 sint
837 3496 1101 3573 gentes,
1172 3510 1400 3555 rursus
1453 3489 1774 3556 inculcat:
1835 3488 1949 3554 sed
2008 3490 2275 3575 longius

326 3599 518 3662 quam
569 3586 722 3641 ante
764 3574 1195 3658 progreditur.
1257 3574 1438 3641 Deos
1481 3575 1695 3641 colere
1739 3584 2058 3656 vetuerat,
2095 3597 2274 3643 nunc

326 3662 657 3748 sculptilia
702 3661 880 3726 iubet
917 3659 1060 3745 igni
1104 3682 1516 3726 consumere:
1577 3683 1729 3727 nam
1797 3675 1871 3726 ut
1915 3662 1995 3726 ad
2042 3683 2275 3745 super-

326 3751 660 3815 stitionem
705 3745 1010 3830 proclivis
1055 3755 1197 3811 erat
1239 3747 1539 3831 populus,
1584 3748 1749 3813 tales
1794 3745 2134 3814 illecebrae
2179 3749 2274 3813 fa·

327 3836 448 3903 cile
493 3856 645 3901 eum
690 3854 728 3897 a
773 3851 937 3916 puro
983 3831 1109 3897 Dei
1152 3833 1333 3898 cultu
1379 3832 1793 3899 alienassent.
1877 3834 2015 3900 Nec
2060 3834 2274 3899 solum

327 3922 614 3989 conflare
660 3938 889 3984 aurum
940 3929 1005 3982 et
1048 3934 1394 4002 argentum
1431 3918 1629 3999 iubet,
1678 3929 1751 3984 ut
1793 3920 2074 4004 figuram
2127 3941 2273 3985 mu-

326 4018 438 4086 tet,
484 4005 599 4073 sed
645 4005 823 4072 omni
870 4025 995 4069 usu
1031 4004 1383 4083 interdicit,
1431 4005 1738 4088 quoniam
1776 4006 2154 4090 contagiosa
2188 4007 2275 4072 sit

323 4094 485 4160 lues.
534 4093 744 4159 Docet
787 4090 962 4155 enim
1009 4089 1228 4155 Deum
1289 4100 1626 4174 tantopere
1667 4091 1844 4156 idola
1889 4092 2272 4172 abominari,

325 4188 400 4247 ut
441 4178 737 4263 quisquis
780 4176 1122 4241 materiam
1189 4175 1363 4241 unde
1408 4178 1684 4243 conflata
1744 4189 1900 4243 sunt
1961 4178 2272 4262 attigerit,

325 4265 756 4350 pollutionem
790 4261 945 4328 iude
980 4261 1343 4342 contrahat,
1381 4272 1446 4327 et
1483 4265 1601 4329 fiat
1626 4262 1994 4330 anathema.
2043 4264 2274 4329 Videri

324 4350 586 4435 quidem
647 4348 856 4432 potuit
919 4348 1084 4413 haec
1127 4347 1333 4412 nimia
1376 4351 1721 4427 severitas,
1785 4349 2051 4416 metalla
2102 4358 2273 4433 quae

325 4440 397 4503 in
442 4436 786 4501 hominum
826 4455 1018 4499 usum
1054 4444 1273 4500 creata
1308 4443 1478 4514 sunt,
1521 4436 1924 4518 impuritatis
1955 4437 2271 4517 damnari,

323 4543 398 4591 ao
456 4522 514 4589 si
574 4529 849 4587 naturae
891 4520 1239 4604 integritas
1283 4520 1621 4586 hominum
1669 4522 2056 4605 corruptelis
2100 4533 2274 4588 esset

325 4609 628 4677 obnoxia.
715 4606 922 4690 Atqui
978 4604 1104 4671 hoc
1145 4604 1338 4672 modo
1381 4605 1582 4672 solem
1643 4615 1709 4671 et
1761 4607 1983 4672 lunam
2049 4618 2268 4673 conta-

325 4697 661 4761 minarent
714 4691 1097 4758 idololatrae
1155 4692 1310 4758 dum
1368 4693 1501 4757 illis
1571 4715 1951 4776 perversum
2020 4694 2271 4760 cultum

325 4782 677 4866 affingunt.
744 4776 1306 4862 Respondendum
1350 4792 1450 4846 cst
1493 4799 1723 4844 aurum
1771 4779 1878 4844 vel
1923 4789 2270 4864 argentum

323 4869 529 4951 impio
583 4867 790 4930 abusu
834 4863 1107 4928 minime
1150 4864 1353 4930 fuisse
1411 4864 1744 4930 vitiatum:
1802 4864 1915 4930 sed
1973 4868 2270 4950 quamvis

326 4954 507 5020 omni
552 4951 805 5018 macula
852 4951 917 5015 iu
965 4970 1035 5015 80
1081 4960 1363 5028 careret,
1423 4952 1644 5034 populi
1706 4962 2005 5033 respectu
2072 4953 2271 5018 fuisse

322 5040 666 5124 pollutum.
779 5036 959 5101 Talis
1000 5035 1127 5100 fuit
1170 5037 1550 5102 animalium
1596 5035 2078 5103 immundities:
2140 5060 2271 5103 non

325 5125 498 5211 quod
550 5122 620 5188 in
679 5144 749 5188 se
808 5120 1161 5207 quidquam
1219 5123 1541 5188 haberent
1584 5122 2096 5206 inquinamenti,
2155 5123 2269 5189 sed

323 5212 635 5296 quoniam
704 5208 886 5275 Deus
950 5227 1175 5272 eorum
1240 5229 1356 5273 esu
1423 5208 1873 5275 interdixerat.
1976 5210 2269 5275 Pollutio

322 5299 544 5381 itaque
605 5296 789 5362 cuius
839 5312 1016 5359 nunc
1072 5294 1147 5358 fit
1204 5294 1488 5375 mentio,
1554 5320 1588 5360 a
1656 5295 1857 5361 simili
1923 5296 2270 5363 interdicto

319 5381 584 5467 pendet,
631 5381 785 5464 quia
827 5381 1001 5446 enim
1049 5381 1237 5445 aliter
1282 5381 1572 5447 cohiberi
1616 5403 1749 5447 non
1795 5390 2055 5466 poterat
2088 5383 2271 5449 rudis

1741 459 2253 530 SECUNDUM
2299 459 2950 528 PRAEOEPTUM.

4209 466 4339 534 554

2386 649 2699 733 populus,
2754 650 2925 733 quod
2972 672 3089 734 per
3135 672 3206 717 se
3249 672 3487 735 purum
3534 661 3704 731 erat,
3773 653 3958 720 Deus
4004 654 4340 722 abomina-

2386 736 2516 801 bile
2582 756 2724 801 esse
2805 736 3049 801 voluit:
3134 739 3439 820 quamvis
3518 748 3736 804 autem
3806 741 4148 825 politicum
4214 741 4338 808 hoc

2383 820 2586 886 fuerit
2629 834 3069 904 praeceptum,
3115 836 3182 899 et
3226 833 3480 889 tantum
3529 826 3735 891 veteri
3780 826 4018 909 populo
4054 826 4133 891 ad
4173 837 4335 892 tcm-

2384 928 2508 991 pus
2554 907 2802 983 datum,
2847 929 2930 972 ex
2955 930 3030 973 00
3054 918 3276 975 tamen
3301 909 3672 995 colligimus
3703 931 3895 994 quam
3937 910 4340 978 detestabilis

2381 992 2474 1057 'sit
2507 992 2897 1145 idolglatria,
2945 1017 3111 1079 quae
3156 996 3302 1080 ipsa
3346 997 3543 1061 etiam
3567 997 3694 1063 Dei
3739 1017 3938 1079 opera
3980 1019 4100 1064 sua
4133 999 4336 1065 foedi-

2383 1086 2517 1144 tate
2559 1080 2628 1144 in
2681 1080 2786 1144 cit.

3003 1423 3134 1489 EX
3168 1423 3439 1492 DEUT.
3485 1422 3714 1490 XXV.

2559 1595 2659 1660 17.
2707 1593 3014 1661 Memento
3077 1597 3236 1677 quid
3293 1596 3511 1679 fecerit
3572 1596 3687 1663 tibi
3754 1598 4011 1665 Amalec
4074 1599 4143 1664 in
4208 1602 4334 1682 via,

2381 1682 2635 1764 quando
2677 1683 2909 1767 eyressi
2955 1682 3111 1747 estis
3151 1702 3227 1747 ex
3270 1683 3580 1766 Aeqyptos
3668 1682 3768 1749 18.
3834 1685 4011 1767 Quod
4065 1685 4180 1751 tib-i
4242 1706 4336 1753 oc-

2381 1767 2650 1834 curra-it
2690 1768 2760 1832 in
2803 1769 2932 1846 via,
2979 1772 3035 1832 et
3074 1772 3133 1833 te
3174 1768 3244 1833 in
3286 1769 3492 1835 cauda
3535 1770 3812 1854 aymim's
3856 1791 4192 1856 ayyressus
4225 1774 4331 1851 sit,

2382 1854 2662 1919 omnium
2704 1853 3008 1920 debilium
3038 1859 3187 1937 post
3230 1858 3288 1920 te
3301 1906 3315 1926 .
3376 1874 3571 1936 quum
3626 1876 3792 1922 esses
3832 1857 4046 1923 lassus
4089 1863 4148 1924 et
4182 1858 4335 1941 fali-

2378 1944 2597 2022 9alus‚
2652 1944 2709 2005 et
2762 1959 2886 2006 non
2941 1939 3219 2006 timae-it
3268 1939 3494 2007 Deum.
3589 1938 3688 2006 19.
3744 1941 3896 2008 Erit
3959 1963 4101 2027 erqo
4142 1965 4336 2027 quum

2382 2025 2622 2091 dederit
2672 2026 2947 2109 requiem
3006 2025 3235 2092 Iehova
3290 2026 3470 2094 Deus
3534 2034 3683 2093 tuus
3738 2028 3852 2093 tibi
3911 2028 3989 2094 ab
4053 2031 4336 2096 omnibus

2381 2111 2668 2177 inimicis
2722 2113 2850 2177 tuis
3070 2112 3399 2179 circuitum
3415 2163 3431 2193 ,
3489 2113 3561 2178 in
3619 2119 3790 2179 terra
3849 2135 4040 2197 quam
4106 2116 4337 2183 Iehova

2380 2195 2567 2262 Deus
2607 2203 2756 2264 tuus
2796 2199 2908 2264 dat
2948 2198 3064 2263 tibi
3105 2198 3176 2263 in
3218 2197 3661 2266 haereditatem
3702 2205 3771 2265 w:
3799 2202 4135 2284 possideas
4180 2223 4332 2281 eam,

2380 2282 2607 2349 delebis
2648 2284 3014 2350 memoriam
3036 2283 3295 2351 Amalec
3335 2286 3412 2350 de
3446 2284 3560 2350 sub
3592 2286 3766 2364 coelo,
3812 2307 3888 2351 ne
3923 2286 4332 2356 obliviscaris.

2557 2456 2658 2522 17.
2725 2455 3031 2521 Memento
3094 2455 3251 2537 quid
3312 2455 3541 2539 fecerit.
3649 2457 3959 2523 Vidimus
4023 2457 4197 2540 alibi,
4257 2467 4333 2524 ut

2383 2542 2787 2609 Amalecitae
2823 2541 3020 2625 primi
3056 2541 3381 2607 hostiliter
3414 2542 3731 2608 irruerint
3774 2545 3843 2609 in
3887 2544 4220 2629 populum,
4264 2552 4334 2611 et

2381 2631 2598 2695 conat-i
2656 2628 2908 2693 fuerint
2967 2628 3096 2692 iter
3138 2629 3282 2694 eius
3331 2627 3740 2713 abrumpere.
3829 2630 4091 2696 Retulit
4131 2633 4331 2696 etiam

2382 2715 2604 2781 Moses
2665 2714 2793 2780 Dei
2851 2712 3163 2780 iudicium
3232 2714 3549 2780 adversus
3616 2715 3819 2799 ipsos,
3895 2718 4080 2784 euius
4155 2738 4331 2783 nuno

2386 2801 2924 2884 exsequutionem
2983 2800 3220 2884 populo
3262 2802 3566 2885 iniungit.
3653 2800 3925 2868 Iurabat
3967 2803 4101 2869 illic
4147 2801 4331 2869 Deus

2383 2888 2766 2952 continuum
2827 2885 2949 2953 sibi
2992 2906 3112 2969 per
3153 2906 3379 2952 omnes
3424 2895 3671 2953 aetates
3713 2909 3861 2953 cum
3906 2888 4041 2953 illis
4084 2888 4330 2953 bellum

2381 2974 2551 3038 fore:
2610 2994 2693 3037 ne
2745 2973 2936 3038 irrita
2990 2980 3165 3038 esset
3220 2974 3666 3049 comminatio,
3731 2974 4041 3056 populum
4090 2976 4330 3039 consti-

2383 3059 2515 3124 tuit
2558 3057 2885 3126 vindicem
2932 3065 3154 3123 tantae
3199 3058 3514 3125 saevitiae
3568 3067 3636 3123 et
3692 3059 4065 3144 impietatis.
4154 3060 4327 3127 Nam

2382 3166 2587 3229 quum
2642 3145 2808 3210 nihil
2865 3144 3205 3211 molestiae
3255 3145 3362 3209 vel
3417 3144 3637 3210 damni
3681 3145 3812 3211 illis
3855 3147 4178 3212 inferrent
4233 3147 4330 3213 Is-

2382 3232 2684 3309 raelitae,
2743 3231 3063 3297 iniustum
3117 3242 3260 3296 erat
3304 3231 3505 3296 armis
3550 3230 3866 3297 lacessere
3924 3232 4328 3316 tranquissoe,

2380 3329 2449 3384 et
2483 3317 2724 3400 absque
2766 3317 3084 3383 maleficio
3119 3325 3471 3404 pergentes
3505 3318 3575 3381 in
3620 3318 3819 3383 aliam
3862 3325 4125 3384 terram.
4192 3318 4329 3385 Sed

2379 3404 2647 3488 gravius
2693 3402 2775 3468 ab
2810 3402 2945 3468 illis
2989 3403 3231 3468 violata
3265 3405 3390 3469 fuit
3432 3404 3827 3486 humanitas,
3872 3404 4041 3488 quod
4087 3424 4328 3490 cogna-

2379 3492 2466 3555 tis
2522 3490 2658 3554 suis
2714 3509 2845 3555 non
2902 3487 3261 3573 parcend0,
3320 3487 3672 3556 abiecerint
3719 3497 3995 3556 naturae
4038 3512 4325 3556 sensum.

2378 3574 2777 3641 Amalecitas
2820 3598 2904 3642 ex
2948 3575 3160 3661 primo
3203 3575 3369 3641 libro
3392 3575 3599 3642 Mosis
3640 3583 3822 3660 patet
3862 3577 4067 3642 fuisse
4108 3586 4324 3660 poste·

2377 3684 2485 3728 ros
2529 3662 2708 3727 Esau
2751 3659 2951 3747 (Gen.
2996 3660 3100 3742 36,
3140 3658 3280 3746 12):
3327 3659 3505 3728 unde
3549 3662 3846 3745 sequitur
3880 3662 4079 3728 fuisse
4114 3672 4324 3728 utros-

2376 3769 2502 3833 que
2546 3748 2856 3814 oriundos
2900 3769 2982 3813 ex
3048 3746 3277 3812 eodem
3337 3755 3521 3832 patre
3577 3748 3781 3814 Isaac.
3872 3745 4005 3830 Sed
4063 3749 4326 3814 videtur

2374 3843 2797 3919 praeceptum
2857 3833 2979 3901 hoc
3039 3834 3268 3915 pietati
3322 3832 3596 3900 minime
3651 3845 4198 3914 consentaneum,
4252 3844 4325 3901 ut

2373 3920 2632 3987 retaliet
2692 3919 2970 4004 populus
3023 3920 3278 3984 illatam
3322 3920 3446 3985 sibi
3502 3921 3825 3985 iniuriam.
3915 3920 4326 4004 Respondeo,

2375 4028 2505 4072 non
2551 4006 2877 4073 stimulari
2922 4005 3026 4071 his
3074 4003 3292 4072 verbis
3335 4006 3417 4073 ad
3453 4005 3809 4073 ulciscendi
3845 4006 4172 4086 affectum,
4210 4005 4325 4072 sed

2374 4093 2696 4170 mandari,
2743 4101 2815 4157 ut
2859 4090 3085 4159 eodem
3130 4113 3379 4175 poenae
3423 4093 3639 4178 rigore
3672 4101 4152 4176 persequantur
4186 4114 4324 4159 sce-

2375 4179 2517 4244 lera
2569 4178 2869 4256 Amalec,
2935 4199 3060 4261 quo
3121 4179 3397 4244 aliorum
3446 4182 3755 4262 gentium.
3845 4178 4132 4244 Videtur
4187 4179 4328 4261 qui-

2377 4264 2523 4331 dem
2587 4266 2845 4347 privato
2900 4273 3202 4347 respectu
3260 4263 3443 4330 Deus
3503 4265 3679 4348 ipsos
3733 4264 4097 4348 impellere,
4164 4263 4323 4329 dum

2374 4350 2608 4417 recitat
2672 4350 3014 4416 saevitiam
3081 4372 3210 4433 qua
3275 4352 3376 4415 usi
3442 4359 3629 4416 sunt:
3698 4350 3812 4415 sed
3884 4349 4196 4416 iudicium
4244 4348 4326 4415 de

2372 4436 2766 4521 legislatoris
2825 4435 3094 4502 consilio
3159 4437 3371 4502 facero
3430 4443 3687 4519 oportet
3745 4458 3828 4502 ex
3883 4437 4023 4501 eius
4068 4448 4323 4502 natura.

2374 4522 2638 4589 Scimus
2698 4530 2919 4587 autem
2975 4521 3191 4588 nullos
3250 4522 3386 4587 irae
3443 4521 3549 4587 vel
3605 4521 3733 4588 odii
3792 4523 4077 4605 impetus
4137 4543 4325 4605 posse

2374 4609 2520 4674 Deo
2585 4607 2879 4691 probari:
2947 4617 3140 4691 atque
3206 4607 3361 4673 hinc
3400 4618 3714 4673 'statuere
3769 4617 4146 4693 promptum
4204 4617 4324 4687 est,

2371 4693 2675 4780 mandari
2717 4693 2887 4777 quod
2924 4694 3064 4760 zelo
3100 4706 3274 4758 recte
3308 4695 3661 4777 composito
3696 4694 3990 4778 perficiat
4025 4695 4321 4779 populus.

2371 4781 2463 4846 Et
2510 4789 2778 4846 notatur
2821 4781 3037 4863 prima
3081 4780 3345 4845 sceleris
3398 4780 3614 4864 origo,
3675 4782 3845 4863 quod
3909 4780 4155 4847 scilicet
4191 4801 4322 4845 non

2374 4867 2719 4932 timuerint
2763 4866 3004 4932 Deum.
3091 4866 3169 4931 Id
3217 4878 3439 4931 autem
3487 4868 3692 4950 accipi
3738 4887 3870 4932 non
3919 4864 4110 4932 debet
4147 4887 4320 4932 com-

2371 4953 2558 5017 muni
2617 4972 2829 5018 more:
2886 4952 3000 5017 sed
3057 4952 3210 5035 quia
3268 4962 3496 5018 contra
3540 4954 3758 5018 Deum
3805 4953 3991 5036 quasi
4046 4971 4127 5015 ex
4171 4971 4322 5035 pro-

2370 5040 2543 5105 fesso
2601 5037 3103 5104 insurrexerint.
3191 5038 3421 5122 Neque
3482 5039 3655 5105 enim
3716 5040 3939 5124 ignota
3995 5036 4128 5102 illis
4183 5057 4324 5103 esse
4422 5045 4426 5052 ’

2370 5124 2586 5209 potuit
2638 5124 2983 5208 promissio
3044 5123 3351 5190 Abrahae
3410 5133 3477 5190 et
3519 5125 3708 5191 Isaac
3752 5124 3928 5189 data:
3997 5122 4110 5188 sed
4170 5123 4323 5207 quia

2373 5219 2564 5277 autor
2607 5212 2864 5293 generis
2917 5211 3097 5276 Esau
3160 5233 3199 5275 a
3255 5211 3398 5276 iure
3454 5210 4011 5296 primogeniturae
4067 5208 4323 5275 excide-

2371 5308 2509 5376 rat,
2568 5318 2778 5381 prava
2836 5305 2904 5362 et
2946 5297 3264 5382 sacrilega
3309 5297 3744 5362 aemulatione
3789 5295 4032 5361 factum
4092 5304 4193 5360 est
4250 5306 4325 5360 ut

2369 5391 2705 5450 tentarent
2747 5382 2977 5449 foedus
3021 5382 3146 5448 Dei
3192 5383 3551 5449 exinanire.
3638 5382 3822 5447 Haeo
3870 5382 4032 5446 ratio
4073 5389 4173 5446 est
4206 5403 4325 5448 cur
