4867 6150
344 428 480 495 429

347 610 924 698 incomparabilem
959 613 1279 681 virtutum
1312 620 1618 680 ornatum
1651 611 2009 697 spectabat.
2075 613 2301 697 Atque

353 699 479 766 hoc
523 700 788 784 quidem
833 699 1162 785 posterius
1207 697 1292 767 ad
1333 698 1642 766 ecelesiae
1698 708 1992 782 pastores
2049 695 2299 782 aliqua·

347 796 546 852 tenus
589 786 934 853 transferri
990 792 1222 870 potest.
1312 784 1375 852 N
1459 806 1546 852 ue
1601 785 1779 852 enim
1839 783 2123 852 absurda
2173 785 2300 849 erit

345 870 676 958 analogia,
732 872 789 939 si
846 870 1140 939 dicamus
1193 891 1326 937 non
1386 891 1428 937 a
1452 872 1549 937 ios
1592 890 1735 937 esse
1777 877 1915 936 tam
1959 867 2297 954 praeclaro

347 959 601 1024 honore
644 956 897 1043 dignos,
946 956 1077 1023 nisi
1119 956 1190 1022 in
1232 956 1469 1042 quihus
1511 954 1885 1039 resplendet
1927 956 2137 1022 virtus
2180 976 2296 1021 ex-

346 1043 587 1128 quisita
630 1052 697 1109 et
728 1042 998 1108 minime
1040 1042 1353 1128 vulgaris.
1421 1039 1558 1110 Sed
1600 1062 1639 1107 a
1684 1041 1894 1125 prime
1936 1041 2294 1107 tenendum

345 1140 450 1196 est
513 1128 687 1213 quod
752 1127 893 1193 dixi
911 1179 928 1208 ,
991 1129 1062 1194 in
1132 1128 1256 1196 hoc
1312 1127 1562 1196 vestitu
1666 1127 2029 1212 asignatam
2087 1125 2295 1193 fuisse

345 1234 671 1281 summam
694 1212 946 1281 Christi
981 1213 1357 1297 puritatem,
1402 1221 1468 1280 et
1505 1212 1955 1280 admirabilem
1985 1211 2287 1298 gloriam:

345 1321 422 1367 ac
464 1300 522 1366 si
567 1300 752 1366 Deus
794 1301 1210 1383 promitteret
1251 1299 1678 1366 mediatorem
1716 1298 1912 1383 longe
1954 1298 2293 1383 augustio-

343 1406 484 1451 rem
529 1385 669 1451 fore
722 1404 919 1469 quam
978 1385 1148 1452 ferat
1197 1383 1493 1452 humana
1546 1383 1849 1451 conditio.
1936 1382 2095 1450 Ideo
2152 1383 2291 1449 fore

340 1469 736 1555 pronunciat
785 1470 858 1535 in
914 1470 1189 1556 gloriam
1247 1479 1316 1537 et
1372 1471 1690 1538 decorem.
1792 1470 1897 1536 De
1960 1469 2287 1537 artificum

342 1555 664 1641 sapientia
706 1556 914 1623 fusius
958 1556 1307 1622 dicendum
1354 1556 1480 1622 erit
1521 1553 1696 1640 quod
1732 1575 1906 1621 nunc
1940 1556 2283 1640 attingam,

340 1641 625 1708 imbutos
688 1641 939 1709 scilicet
1001 1642 1205 1709 fuisse
1268 1640 1399 1708 Dei
1476 1641 1717 1726 spiritu
1781 1660 2009 1707 omnes
2070 1641 2184 1725 qui
2247 1660 2287 1705 a

340 1728 587 1794 mundo
649 1727 911 1794 condito
977 1737 1152 1794 artes
1218 1728 1688 1813 excogitarunt=
1737 1725 1934 1793 utiles
1996 1726 2285 1793 humano

339 1814 600 1898 generi:
654 1820 733 1879 ut
788 1813 987 1878 etiam
1046 1814 1305 1895 profani
1360 1815 1711 1898 scriptores
1768 1813 1973 1879 coacti
2038 1812 2288 1879 fuerint

339 1919 576 1965 vocare
639 1897 908 1965 deorum
969 1898 1262 1965 inventa.
1368 1896 1502 1966 Sed
1567 1901 1721 1983 quia
1776 1899 1847 1963 in
1906 1898 2032 1963 hoc
2089 1918 2284 1982 opere

339 1984 564 2051 divino
606 2004 761 2050 rara
802 1993 870 2049 et
909 1984 1174 2051 insolita
1216 1985 1481 2051 solertia
1522 2005 1687 2069 opus
1731 1992 1903 2062 erat,
1949 1984 2285 2070 singulare

334 2070 576 2137 donum
621 2070 892 2155 spiritus
935 2070 1347 2154 exprimitur.

506 2155 569 2220 4.
615 2155 758 2222 Hae
790 2160 941 2221 sunt
969 2176 1179 2223 omnes
1206 2161 1415 2223 veste-9.
1476 2155 1607 2223 Hic
1644 2175 1875 2222 rursus
1911 2154 2284 2221 admonitos

335 2241 487 2310 volo
528 2241 825 2320 lectores,
871 2249 948 2307 ut
990 2243 1243 2328 argutis
1285 2241 1846 2326 speculationibus
1891 2241 2112 2307 valere
2145 2241 2280 2307 ius-

336 2328 449 2410 sis,
501 2327 921 2412 simplicitate
964 2328 1256 2395 contenti
1300 2328 1453 2394 sint.
1499 2328 1772 2394 Possem
1807 2328 2081 2395 recitare
2114 2325 2283 2393 mul·

334 2421 441 2481 tas
481 2413 864 2498 plausibiles
897 2412 1261 2498 allegorias,
1307 2435 1475 2498 quae
1515 2414 1682 2480 forte
1715 2412 1866 2497 plus
1901 2411 2076 2496 apud
2110 2412 2280 2478 mul-

334 2506 440 2566 tos
504 2497 823 2565 haberent
878 2502 1130 2584 gratiae
1181 2520 1378 2583 quam
1435 2499 1644 2565 solida
1694 2520 1915 2565 rerum
1971 2499 2278 2583 cognitio.

338 2583 415 2653 Si
473 2586 619 2669 quis
661 2584 784 2649 hoc
839 2583 1026 2651 lusus
1076 2606 1316 2670 genere
1360 2584 1742 2664 delectetur,
1798 2592 2059 2651 tantum
2105 2583 2282 2669 legat

334 2670 508 2756 quod
551 2670 816 2754 scripsit
855 2669 1305 2756 Hieronymus
1362 2670 1445 2736 ad
1488 2671 1860 2737 Fabiolam:
1917 2670 2025 2736 ubi
2084 2669 2278 2738 colle-

334 2758 436 2842 git
476 2755 786 2841 quidquid
845 2757 982 2822 fere
1047 2757 1307 2840 assequi
1351 2765 1606 2842 poterat
1665 2777 1750 2822 ex
1806 2756 2085 2821 aliorum
2138 2775 2278 2821 om-

331 2843 524 2909 nium
567 2840 849 2926 seriptis.
921 2840 1236 2926 Reperiet
1277 2852 1495 2909 autem
1539 2841 1814 2928 frigidas
1855 2861 2083 2926 nugas,
2120 2862 2277 2926 qua-

332 2949 483 2994 rum
529 2927 971 2994 insulsitatem
1013 2949 1148 2993 non
1191 2928 1386 2994 modo
1427 2928 1756 3008 refellere„
1787 2927 1901 2992 sed
1940 2927 2138 2994 etiam
2180 2947 2279 2992 re-

331 3015 504 3081 ferre
539 3013 737 3100 piget.
785 3012 1025 3082 Sciunt
1055 3014 1169 3098 qui
1207 3014 1448 3083 versati
1488 3022 1645 3082 sunt
1679 3014 1747 3079 in
1785 3014 1948 3079 meis
1982 3014 2273 3100 scriptis:

332 3121 442 3167 me
496 3121 625 3166 non
686 3099 966 3167 libenter
1007 3100 1317 3168 insectari
1374 3100 1648 3166 aliorum
1708 3100 2100 3178 sententias,
2160 3098 2275 3166 sed

225 3227 234 3234 -
334 3186 491 3252 dum
547 3196 777 3270 reputo
819 3207 1015 3272 quam
1070 3186 1478 3270 periculosus
1532 3186 1621 3252 sit
1661 3185 1920 3251 aurium
1962 3186 2274 3269 pruritus,

375 3294 458 3339 uo
504 3272 690 3338 multi
727 3271 1059 3353 laborant,
1117 3293 1313 3357 cogor
1352 3273 1476 3338 hoc
1513 3271 1884 3338 antidotum
1927 3291 2270 3355 opponere.

331 3295 469 3427 {lex
515 3367 734 3424 autem
780 3365 1215 3424 numerantur
1268 3357 1652 3442 praecipuae
1717 3365 1988 3423 ornatus
2031 3366 2273 3441 partes.

332 3442 530 3527 Quod
592 3443 832 3510 Graeci
898 3447 1123 3526 λογεῖον
1186 3453 1564 3523 verterunt,
1638 3442 1866 3509 Latini
1928 3442 2274 3527 pectorale,

328 3532 543 3597 instar
613 3527 918 3613 quadrati
991 3528 1279 3598 thoracis
1332 3540 1476 3597 erat
1532 3527 1872 3614 alligatum
1937 3528 2278 3609 catenulis,

327 3626 406 3683 ut
446 3616 824 3683 cohaereret
866 3636 1018 3682 cum
1062 3615 1311 3700 ephod:
1367 3616 1438 3682 in
1485 3637 1561 3682 eo
1601 3614 1841 3681 inclusi
1880 3623 2075 3681 erant
2115 3613 2274 3680 duo-

330 3702 541 3770 decim
558 3700 810 3785 lapides
843 3700 927 3767 ad
961 3698 1546 3786 repraesentandae
1578 3699 1788 3768 tribus
1810 3699 2045 3774 Israel:
2083 3709 2278 3767 erant

330 3809 587 3873 quoque
649 3807 912 3854 annexa
954 3786 1142 3855 Urim
1201 3800 1270 3853 et
1312 3787 1711 3853 Thummim.
1800 3785 2008 3853 Porro
2063 3786 2276 3871 qualis

331 3874 531 3941 fuerit
580 3873 821 3953 forma,
879 3883 1055 3940 certo
1112 3872 1373 3939 definiri
1437 3894 1568 3938 non
1716 3879 1848 3939 test
1904 3893 1991 3938 ex
2053 3873 2276 3940 verbis

332 3959 559 4039 Mosis,
617 3967 686 4025 et
725 3959 1031 4043 quoniam
1074 3960 1199 4043 ipsi
1285 3979 1498 4043 uoque
1540 3958 1622 4024 Iu
1669 3958 1770 4025 aei
1813 3958 1986 4026 inter
2028 3979 2101 4024 se
2143 3956 2276 4026 dis-

333 4046 650 4125 sentiunt,
694 4045 979 4112 sufficiat
1012 4045 1200 4111 nobis
1230 4053 1257 4108 t
1304 4044 1513 4112 oracis
1555 4045 1972 4129 comparatio.
2018 4044 2278 4110 Nomen

330 4152 494 4202 vero
538 4151 578 4196 a
619 4130 1006 4197 fortitudine
1049 4140 1165 4198 aut
1208 4131 1520 4197 thesauro
1566 4129 1919 4198 deductum
1954 4150 2099 4196 esse
2140 4150 2276 4196 non

333 4216 651 4302 displicet.
762 4216 1013 4283 Verum
1079 4217 1203 4284 hcc
1263 4235 1521 4282 summa
1576 4217 1936 4282 attentione
2000 4216 2274 4301 dignum

332 4315 464 4384 est,
518 4302 917 4369 sacerdotem
974 4302 1147 4369 filios
1188 4300 1496 4368 Abrahae
1536 4302 1724 4386 quasi
1766 4301 1837 4367 in
1879 4300 2075 4368 corde
2130 4322 2276 4387 ges-

329 4398 541 4468 tasse,
595 4408 734 4454 non
798 4396 1061 4455 tantum
1126 4395 1201 4453 ut
1246 4409 1358 4455 eos
1400 4387 1790 4472 produceret
1831 4408 2048 4454 eoram
2091 4387 2273 4454 Deo:

329 4474 447 4543 sed
503 4481 580 4540 ut
620 4495 846 4540 eorum
890 4481 1064 4544 esset
1120 4494 1402 4553 memor,
1462 4494 1539 4540 ac
1589 4472 1669 4537 de
1726 4472 1940 4540 salute
1981 4474 2274 4557 ipsorum

330 4560 667 4628 sollicitus.
759 4557 948 4641 Quod
988 4568 1209 4625 autem
1252 4558 1552 4645 symbola
1594 4557 1933 4626 duodecim
1978 4560 2274 4626 tribuum

325 4647 599 4715 fuerunt
637 4645 909 4712 totidem
953 4645 1222 4729 pretiosi
1261 4644 1546 4730 lapides,
1597 4644 1870 4711 minime
1926 4644 2079 4711 data
2140 4645 2274 4712 illis

326 4732 459 4799 fuit
509 4730 927 4815 superbiendi
982 4732 1260 4798 materia
1274 4782 1292 4813 ,
1372 4752 1449 4798 ac
1511 4733 1569 4798 si
1623 4731 1888 4815 propria
1950 4729 2274 4816 dignitate

329 4826 448 4885 aut
529 4818 930 4901 praestantia
1004 4818 1175 4884 tanti
1253 4816 1784 4884 aestimarentur:
1860 4814 1972 4884 sed
2037 4817 2272 4884 moniti

326 4904 634 4984 fuerunt,
701 4912 913 4969 totum
980 4903 1265 4988 pretium
1332 4924 1460 4987 quo
1528 4902 1756 4992 fideles
1814 4901 1987 4988 apud
2055 4904 2271 4970 Deum

327 4998 702 5067 censentur,
763 5009 802 5053 a
844 4987 1185 5056 sacerdotii
1242 4989 1593 5056 sanctitate
1644 4988 1952 5075 pendere.
2040 4989 2274 5074 Itaque

325 5097 418 5142 ex
474 5074 598 5141 hac
651 5075 866 5160 figura
922 5074 1277 5156 discamus,
1348 5083 1679 5159 utcunque
1736 5075 1808 5140 in
1865 5075 2051 5142 nobis
2108 5077 2274 5143 viles

325 5161 540 5229 simus
583 5169 648 5228 et
692 5160 943 5242 abiecti,
984 5159 1269 5243 adeoque
1312 5181 1579 5243 prorsus
1621 5160 1815 5226 nihili
1858 5161 2272 5245 quisquiliae:

329 5256 659 5333 quatenus
712 5254 935 5312 tamen
1002 5266 1122 5312 nos
1167 5247 1240 5312 in
1280 5267 1515 5331 corpus
1560 5268 1752 5315 suum
1797 5246 2089 5314 inserere
2132 5246 2273 5333 dig-

325 5341 529 5402 natus
571 5343 670 5400 est
712 5332 1020 5404 Christus
1037 5384 1054 5413 ‚
1112 5332 1185 5398 in
1239 5333 1382 5417 ipso
1431 5354 1572 5400 esse
1629 5331 1878 5417 lapides
1933 5334 2270 5419 pretiosos.

1755 422 2268 492 SECUNDUM
2308 418 2962 490 PRAECEP'I'UM.

4221 424 4357 492 430

2401 610 2623 695 Atque
2682 610 2815 678 huc
2869 608 3136 676 videtur
3199 609 3491 676 alludere
3549 609 3758 677 Isaiae
3822 611 3896 676 in
3960 611 4104 679 loco
4165 613 4350 697 prius

2400 696 2601 763 citato
2643 694 2776 783 (54,
2823 693 2964 782 11),
3030 695 3140 762 ubi
3185 694 3268 760 de
3311 695 3621 762 ecclesiae
3664 697 4137 765 instauratione
4223 719 4350 768 uae

2400 781 2526 848 sub
2565 802 2770 868 regno
2815 779 3070 849 Christi
3114 781 3339 849 futura
3382 791 3543 862 erat,
3587 783 3790 849 verba
3831 783 4109 853 faciens:
4173 720 4348 854 {oce

2397 868 2630 953 inquit,
2674 867 2914 935 colloco
2956 887 3155 951 super
3213 867 3683 935 carbunculum
3729 869 3981 953 lapides
4037 878 4220 952 tuos,
4280 882 4348 938 et

2396 951 2684 1019 fundabo
2727 962 2792 1019 te
2834 952 2907 1019 in
2942 953 3302 1038 sapphiris:
3348 960 3417 1020 et
3454 974 3694 1038 ponam
3728 955 4110 1040 crystallum
4138 956 4350 1025 fenes-

2394 1049 2533 1107 tras
2595 1048 2778 1119 tuas,
2844 1046 2912 1105 et
2974 1048 3196 1122 portas
3260 1048 3410 1105 tuas
3466 1039 3717 1124 lapides
3774 1041 3928 1127 igne
3977 1042 4345 1127 rutilantes,

2396 1132 2463 1191 et
2486 1210 2500 1225 ι
2537 1145 2765 1191 omnes
2796 1125 2996 1225 ‚fines
3060 1132 3211 1225 tuos
3241 1124 3526 1227 ‚lapides
3592 1125 4073 1194 desiderabiles.
4181 1129 4345 1198 Mox

2392 1220 2926 1363 ἒἭέἒίὲέῗω
2960 1210 3562 1381 ἕῖἔὲᾛεαωίἴ
3598 1213 4346 1384 ὃῖῗ,,ἓ““ἲ,ἶῗ,ιὲἰὲ“ἒζ

2391 1389 2552 1461 erat,
2605 1391 2882 1448 externo
2924 1381 3114 1466 signo
3157 1382 3517 1466 figuratum
3561 1383 3690 1449 fuit
3731 1382 3855 1450 sub
3896 1384 4060 1470 lege,
4102 1406 4342 1471 nempe

2388 1468 2691 1551 quamvis
2726 1468 3223 1552 peregrinemur
3255 1468 3325 1533 in
3360 1467 3626 1549 mundo,
3664 1469 3794 1535 fide
3822 1480 4041 1537 tamen
4068 1470 4336 1539 Christo

2385 1573 2532 1619 esse
2573 1554 2979 1634 coniunctos,
3030 1574 3107 1621 ac
3151 1553 3207 1618 si
3243 1574 3450 1620 unum
3498 1575 3646 1620 cum
3700 1555 3842 1639 ipso
3883 1576 4203 1624 essemus:
4255 1557 4340 1623 ad

2388 1639 2542 1720 hoc,
2607 1639 2882 1724 perinde
2945 1640 3161 1723 ipsum
3219 1660 3413 1725 agere
3469 1639 3700 1707 salutis
3766 1650 4029 1708 nostrae
4087 1663 4340 1726 curam,

2387 1744 2464 1790 ac
2508 1725 2564 1791 si
2609 1747 2730 1792 nos
2771 1727 2839 1790 in
2885 1723 3079 1792 corde
3112 1725 3399 1793 inclusos
3433 1735 3709 1810 gereret,
3745 1725 4023 1812 denique
4066 1730 4177 1796 ubi
4212 1749 4337 1795 nos

2385 1810 2457 1875 in
2500 1810 2642 1894 ipso
2704 1811 2967 1895 respicit
3023 1810 3318 1878 coelestis
3375 1822 3594 1895 pater,
3661 1812 3871 1895 pluris
3926 1815 4138 1881 facere
4197 1823 4339 1882 tota

2386 1896 2619 1961 mundi
2648 1897 2986 1981 opulentia
3021 1905 3087 1964 et
3120 1896 3488 1982 splendore.
3545 1897 3886 1980 Quantum
3923 1899 4006 1965 ad
4041 1900 4232 1968 Urim
4268 1911 4339 1967 et

2386 1982 2769 2048 Thummim
2806 1990 3073 2066 spectat,
3113 1983 3275 2048 mihi
3319 1983 3650 2067 probabile
3685 1991 3802 2065 est,
3841 1983 4005 2053 duas
4039 1986 4334 2071 insignes

2384 2068 2585 2136 fuisse
2663 2077 2855 2135 notas
2930 2069 3002 2133 in
3078 2070 3393 2154 pectorali
3410 2120 3426 2144 .
3504 2090 3672 2154 quae
3750 2069 4126 2138 nominibus
4190 2073 4337 2138 istis

2384 2154 2832 2221 convenirent.
2918 2154 3092 2220 Nam
3158 2153 3330 2239 quod
3388 2155 3689 2223 divinant
3740 2176 3825 2221 ex
3878 2155 4142 2223 Iudaeis
4185 2158 4332 2242 qui-

2385 2239 2557 2321 dam,
2608 2241 2811 2307 fuisse
2853 2240 2924 2305 in
2967 2238 3382 2325 subtegmine
3426 2241 3784 2324 repositum
3826 2242 4161 2310 ineffabile
4204 2244 4333 2310 Dei

2382 2346 2642 2406 nomen,
2685 2325 2890 2393 stulta
2931 2334 2998 2392 et
3042 2328 3239 2392 noxia
3279 2328 3740 2412 superstitione
3773 2347 3904 2394 non
3951 2338 4144 2395 caret.
4223 2329 4327 2395 Ab

2381 2411 2527 2477 aliis
2573 2413 2973 2491 commentis,
3020 2432 3189 2496 quae
3231 2433 3551 2497 peraeque
3591 2412 3827 2480 frivola
3869 2425 4057 2494 sunt,
4102 2435 4331 2500 super-

2381 2497 2591 2564 sede0.
2660 2498 2889 2583 Neque
2931 2498 3130 2564 etiam
3175 2498 3343 2564 scire
3383 2498 3633 2578 laboro,
3676 2499 3888 2582 qualis
3929 2500 4130 2567 fuerit
4172 2502 4337 2566 utri·

2383 2604 2593 2667 usque
2646 2583 2937 2670 effigies:
3002 2604 3109 2649 res
3164 2584 3307 2667 ipsa
3360 2583 3525 2650 mihi
3581 2584 3839 2651 sufficit.
3926 2584 4160 2670 Itaque
4214 2608 4334 2670 per
4406 2612 4419 2623 ·

2382 2668 2572 2736 Urim
2591 2721 2608 2750 ‚
2677 2671 2783 2736 vel
2836 2669 3216 2753 splendores
3234 2718 3252 2754 ‚
3310 2690 3443 2735 non
3499 2669 3723 2736 dubito
3780 2679 4071 2737 notatam
4130 2673 4332 2740 fuisse

2382 2753 2719 2823 doctrinae
2762 2756 3002 2835 lucem,
3048 2776 3180 2839 qua
3225 2776 3418 2822 verus
3455 2756 3756 2823 sacerdos
3810 2755 4038 2823 fideles
4101 2779 4330 2824 omnes

2378 2840 2686 2909 irradiat:
2752 2840 2965 2924 primo
3029 2841 3182 2925 quia
3236 2841 3433 2908 unica
3485 2849 3584 2907 est
3640 2841 3756 2907 lux
3819 2841 4051 2908 mundi
4115 2842 4334 2929 (Ioan.

2380 2928 2441 3007 8,
2490 2928 2601 3008 12;
2644 2927 2706 3007 9,
2745 2926 2832 3014 5),
2878 2934 3071 2992 extra
3104 2946 3302 3010 quam
3337 2927 3557 2992 omnia
3591 2925 3877 2994 tenebris
3909 2928 4108 3012 plena
4137 2939 4329 2997 sunt:

2379 3014 3131 3167 ξέὦῃῖἓὲἐῖιξὲἒὲἐξω
3132 3010 3315 3165 153ξὶ
3344 3011 4329 3184 ⁸ssssttm3ss⁸fitt¹z³⁰tt⁰ssss⁶

2379 3187 2486 3253 lus
2530 3185 2698 3274 (Col.
2744 3186 2805 3262 2,
2849 3185 2910 3251 3.
2983 3185 3042 3252 1.
3079 3184 3232 3250 Cor.
3279 3184 3341 3265 2,
3375 3183 3478 3272 2),
3545 3205 3615 3250 se
3659 3184 3828 3251 nihil
3862 3186 4027 3253 scire
4061 3195 4331 3270 praeter

2380 3273 2606 3339 Iesum
2644 3270 3020 3340 Christum:
3066 3271 3220 3355 quia
3262 3273 3402 3337 eius
3436 3269 3867 3337 sacerdotium
3903 3272 4062 3339 satis
4096 3293 4324 3356 super-

2381 3380 2508 3444 que
2573 3379 2695 3426 nos
2756 3356 3104 3423 illuminat.
3216 3353 3404 3423 Sicut
3466 3365 3683 3423 autem
3761 3356 4134 3424 admonitus
4199 3357 4329 3425 fuit

2377 3444 2659 3529 populus
2700 3443 2921 3511 oculos
2978 3441 3060 3508 ad
3105 3442 3461 3510 sacerdotis
3503 3442 3912 3526 splendorem
3959 3465 4102 3510 esse
4162 3444 4317 3509 diri·
4446 3495 4451 3506 .

2463 3531 2629 3597 ndos
2647 3582 2662 3609 ,
2726 3530 2822 3595 ita
2885 3528 3080 3594 hodie
3145 3528 3495 3613 diligenter
3558 3527 3910 3595 tenendum
3977 3539 4077 3597 est
4149 3529 4324 3614 quod

2438 3617 2688 3684 hristus
2744 3615 2885 3699 ipse
2943 3614 3132 3682 docet
3172 3612 3293 3700 (Io.
3339 3614 3400 3695 8,
3449 3611 3586 3700 12):
3674 3613 3807 3697 Qui
3865 3617 4164 3699 sequitur
4219 3638 4326 3683 me

2379 3724 2517 3769 non
2562 3699 2857 3768 ambulat
2897 3700 2969 3766 in
3013 3700 3318 3766 tenebris.
3406 3699 3514 3765 Ex
3573 3701 3780 3766 altera
3835 3712 4024 3784 parte
4077 3703 4328 3769 Thum-

2380 3790 2569 3869 mim,
2624 3785 2796 3872 quod
2852 3785 3288 3872 perfectiones
3346 3785 3704 3871 significat,
3768 3787 4142 3871 symbolum
4200 3788 4326 3855 fuit

2379 3875 2676 3959 integrae
2700 3872 3070 3956 solidaeque
3102 3871 3426 3957 puritatis,
3471 3891 3635 3954 quae
3668 3871 3938 3938 nonnisi
3958 3873 4031 3938 in
4057 3873 4326 3941 Christo

2381 3959 2756 4045 quaerenda
2797 3966 2916 4024 est.
3004 3957 3235 4042 Neque
3299 3958 3475 4023 enim
3519 3957 3850 4042 logitimus
3892 3958 4122 4025 fuisset
4162 3980 4324 4044 pon-

2382 4045 2567 4124 tifex,
2624 4045 2754 4110 nisi
2810 4044 3102 4129 integer,
3161 4064 3365 4127 purus
3420 4042 3503 4108 ab
3546 4043 3725 4108 omni
3767 4042 4045 4124 macula,
4110 4056 4178 4110 et
4218 4045 4326 4112 cui

2381 4132 2466 4199 ad
2507 4132 2768 4216 plenam
2814 4130 3228 4196 sanctitatem
3275 4127 3439 4194 nihil
3474 4128 3748 4195 deesset.
3795 4128 3934 4195 Nec
3967 4130 4190 4214 inepta
4224 4140 4326 4199 est

2381 4217 2748 4284 distinctio:
2785 4215 2979 4283 Urim
3013 4215 3097 4282 ad
3132 4214 3465 4282 doctrinae
3498 4214 3729 4295 lucem,
3752 4214 4131 4282 Thummim
4169 4239 4327 4284 vero

2381 4304 2466 4370 ad
2510 4304 2718 4371 vitam
2763 4302 3008 4368 referri.
3065 4300 3213 4368 Hoc
3256 4298 3517 4385 quidem
3561 4300 3974 4384 aliquatenus
4016 4305 4328 4370 convenit

2381 4388 2692 4458 ecelesiae
2735 4388 3134 4473 pastoribus,
3195 4406 3357 4470 quos
3400 4385 3587 4453 decet
3625 4395 3765 4450 tam
3821 4407 3984 4453 sana
4027 4386 4326 4457 doctrina

2379 4496 2579 4561 quam
2625 4475 2799 4540 vitae
2839 4472 3219 4558 integritate
3260 4472 3531 4557 fulgere.
3619 4469 3753 4538 Sed
3809 4473 4151 4540 eonsilium
4195 4477 4323 4543 Dei

2378 4563 2507 4628 fuit
2538 4560 2881 4627 ostendere
2923 4579 3058 4625 non
3102 4558 3256 4624 alibi
3299 4571 3654 4641 utrumque
3696 4576 3842 4638 esse
3877 4561 4323 4643 quaerendum

2378 4667 2576 4732 quam
2614 4645 2684 4712 in
2721 4644 3008 4725 Christo,
3054 4644 3211 4729 quia
3243 4642 3399 4709 inde
3434 4642 3622 4710 nobis
3655 4652 3724 4709 et
3754 4644 4001 4725 lumen,
4047 4655 4116 4712 et
4147 4648 4325 4732 puri-

2378 4741 2501 4814 tas,
2546 4753 2748 4818 quum
2793 4751 2913 4798 nos
2955 4732 3299 4814 utriusque
3357 4728 3667 4814 dignatur
3717 4730 3931 4797 facere
3972 4733 4323 4818 participes

2376 4838 2499 4905 pro
2542 4837 2849 4886 mensura
2912 4815 3237 4902 gratuitae
3281 4815 3672 4882 donationis.
3759 4816 3953 4884 Unde
4008 4819 4321 4902 sequitur,

2379 4906 2490 4991 qui
2544 4904 2648 4973 vel
2705 4903 3045 4969 minimam
3107 4902 3274 4970 lucis
3328 4901 3679 4968 scintillam
3734 4911 3923 4968 extra
3977 4901 4321 4974 Christum

2377 4997 2718 5076 appetunt,
2761 4989 2870 5056 vel
2905 4995 3160 5072 guttam
3194 4988 3518 5072 puritatis,
3555 4986 3933 5074 demergere
3953 5009 4023 5054 se
4042 4990 4107 5054 in
4132 4988 4321 5074 laby-

2378 5077 2678 5143 rinthum
2742 5074 2858 5141 ubi
2919 5077 2991 5140 in
3057 5072 3345 5141 tenebris
3408 5074 3798 5141 mortalibus
3841 5081 4190 5158 vagentur,
4256 5083 4324 5140 et

2377 5163 2720 5247 pestiferos
2753 5160 3069 5227 falsarum
3104 5160 3428 5228 virtutum
3464 5160 3675 5228 fumos
3709 5158 3971 5226 sorbere
4011 5159 4083 5224 in
4127 5180 4322 5226 suum

2376 5247 2738 5314 interitum.
2841 5245 3037 5329 Quod
3095 5253 3318 5312 autem
3374 5246 3699 5331 scriptura
3753 5244 4099 5329 aliquoties
4150 5266 4323 5313 com-

2377 5341 2700 5402 memorat
2754 5352 2875 5418 per
2915 5332 3106 5399 Urim
3151 5339 3219 5397 et
3261 5331 3641 5398 Thummim
3682 5330 3889 5416 petita
3928 5330 4129 5398 fuisse
4171 5352 4318 5398 ora-
