4867 6150
341 418 458 488 217

1084 610 1354 677 DEU'P.
1405 607 1530 676 IV.

510 779 613 846 32.
661 779 990 865 Interroya
1047 782 1311 867 ayedum
1366 782 1445 847 de
1507 780 1728 849 dicbus
1786 783 2101 865 antiquis,
2175 782 2284 864 qul

341 867 596 952 fuerunt
645 871 786 932 ante
838 871 911 945 te,
976 888 1055 933 ea:
1118 885 1241 951 ‘quo
1304 868 1408 933 die
1462 870 1696 934 creavit
1747 868 1930 936 Deus
1980 868 2286 933 hominem

344 973 528 1036 super
567 958 822 1034 terram,
864 957 921 1018 et
961 953 1039 1019 ab
1082 959 1351 1020 extremo
1387 954 1553 1034 coeli,
1596 974 1792 1036 usque
1825 956 1911 1021 ad
1943 959 2285 1020 extremum

344 1038 507 1123 coeli,
564 1058 651 1103 an
714 1039 1010 1105 acciderit
1074 1060 1354 1122 unquam
1413 1040 1661 1121 aliquid
1689 1060 1697 1073 ·
1724 1041 2061 1107 secundum
2125 1038 2286 1105 hanc

343 1144 475 1191 rem
511 1143 823 1208 maynam,
867 1126 966 1191 vel
1007 1127 1295 1191 auditum
1334 1126 1531 1208 ficerit
1572 1126 1801 1191 simile.
1858 1126 1966 1192 33.
2012 1126 2124 1192 An
2168 1146 2282 1190 au-

344 1210 530 1276 aierit
581 1210 859 1292 populus
919 1231 1120 1277 vocem
1188 1210 1314 1277 Dei
1380 1213 1685 1294 loquentis
1746 1232 1779 1276 e
1838 1213 2040 1278 medio
2094 1212 2280 1295 iynis,

343 1298 502 1362 sicut
542 1300 610 1359 tu
652 1296 910 1373 audisti,
951 1303 1009 1363 et
1046 1297 1245 1379 fuerit
1286 1302 1614 1380 superstes.
1713 1298 1816 1364 34.
1879 1298 1987 1364 Vel
2036 1319 2118 1363 an
2162 1302 2285 1362 ten-

343 1381 567 1448 taverit
598 1380 780 1448 Deus
812 1387 882 1447 ut
924 1384 1160 1448 veniret
1201 1383 1286 1448 ad
1325 1388 1560 1467 yentem
1602 1383 1728 1449 sibi
1768 1384 2210 1450 assumendam
2252 1403 2285 1448 e

341 1467 544 1533 medio
581 1468 799 1551 yentis,
833 1489 955 1551 per
985 1469 1401 1551 probationes,
1445 1470 1627 1552 siqua
1664 1474 1720 1534 et
1747 1470 2067 1554 promota,
2102 1488 2284 1551 proe—

344 1552 469 1630 lia,
512 1573 772 1619 manum
826 1554 1076 1636 fortan,
1139 1553 1458 1621 brachium
1515 1560 1857 1631 extentum,
1917 1561 1974 1621 et
2013 1555 2284 1621 visiones

339 1658 634 1722 maynaS,
697 1641 1032 1705 secundum
1082 1641 1296 1706 omnia
1337 1660 1496 1722 quae
1537 1639 1848 1708 vobiscum
1888 1642 2013 1725 eyit
2051 1640 2283 1706 Iehova

339 1723 524 1790 Deus
565 1729 757 1790 vester
799 1726 870 1789 in
891 1727 1168 1810 Aeqypto
1209 1745 1420 1792 coram
1460 1726 1657 1792 oculis
1695 1727 1936 1793 vestris.
1987 1726 2091 1793 35.
2136 1726 2283 1791 Tibi

337 1815 647 1875 ostensum
689 1815 780 1876 est
819 1815 890 1876 ut
924 1831 1307 1896 quosceres
1349 1812 1512 1893 quod
1545 1811 1774 1878 Iehova
1805 1813 1943 1894 ipse
1974 1817 2065 1880 est
2083 1812 2280 1892 Deus,

336 1914 447 1961 nec
489 1895 658 1960 ullus
693 1901 948 1981 praeter
989 1900 1222 1978 ipsum.
1290 1896 1393 1963 36.
1441 1896 1511 1961 Ε
1548 1898 1731 1964 coelis
1773 1898 2001 1965 audire
2043 1903 2099 1963 te
2140 1898 2283 1980 fecit

335 2000 540 2046 vocem
580 2001 783 2061 suam,
835 1987 906 2048 ut
945 1983 1218 2049 erudiret
1271 1989 1360 2049 te:
1417 1989 1473 2048 et
1526 1985 1599 2049 in
1654 1990 1821 2050 terra
1865 1986 2126 2051 ostendit
2169 1983 2283 2049 tibi

334 2067 546 2151 ignem
586 2087 774 2133 suum
815 2088 1142 2153 maynum,
1209 2074 1267 2133 et
1303 2068 1490 2135 verba
1538 2071 1680 2136 eius
1721 2070 1965 2136 audisti
2007 2091 2040 2136 e
2080 2070 2283 2136 medio

332 2152 525 2236 iynis.
610 2152 714 2219 37.
774 2154 864 2219 Et
916 2156 1070 2238 quia
1115 2153 1340 2222 dileoeit
1370 2160 1587 2238 patres
1629 2161 1796 2232 tuos,
1853 2156 2034 2240 eleyit
2074 2175 2283 2221 semen

332 2257 550 2304 eorum
579 2245 729 2321 post
769 2261 887 2319 coe,
931 2247 988 2307 et
1028 2242 1247 2307 eduxit
1285 2247 1343 2306 te
1383 2261 1590 2306 coram
1627 2242 1793 2324 facie
1834 2262 1989 2322 sua,
2042 2243 2114 2308 in
2154 2242 2284 2307 vir-

331 2329 462 2389 tute
501 2344 623 2390 sua
664 2347 894 2410 mayna
938 2348 1016 2393 ex
1058 2328 1356 2411 Aeyypto.
1436 2327 1539 2393 38.
1599 2326 1679 2393 Ut
1719 2327 2038 2410 expelleret
2075 2331 2283 2413 yentes

329 2430 603 2494 magnas
642 2433 686 2477 a
716 2413 879 2494 facie
919 2417 1048 2490 tua,
1093 2419 1150 2478 et
1190 2412 1563 2479 robustiores
1603 2418 1679 2491 te,
1723 2433 1797 2479 ac
1836 2419 1893 2479 te
1935 2414 2281 2480 introduce-

327 2501 423 2560 ret
495 2497 582 2561 ad
641 2498 919 2563 dandam
975 2497 1087 2563 tibi
1146 2503 1381 2564 terram
1443 2519 1663 2564 earum
1717 2501 1788 2565 in
1845 2499 2281 2567 haereditaten

327 2583 501 2647 sicut
550 2584 688 2648 dies
743 2584 891 2650 haec
944 2586 1337 2651 demonstrat.
1440 2583 1544 2651 39.
1605 2584 1829 2667 Itaque
1878 2586 2030 2651 scito
2082 2586 2278 2664 hodie,

325 2672 382 2733 et
422 2669 621 2735 reduc
662 2670 749 2735 ad
788 2691 892 2737 cor
932 2676 1124 2750 tuum,
1166 2671 1331 2752 quod
1364 2670 1593 2736 Iehova
1634 2676 1722 2737 est
1763 2671 1945 2738 Deus
1984 2673 2058 2738 in
2101 2671 2282 2737 coelis

326 2773 610 2835 sursunt,
668 2761 724 2820 et
787 2776 979 2839 super
1042 2762 1275 2822 terram
1336 2757 1624 2822 deorsum
1640 2805 1654 2833 ,
1711 2777 1820 2822 nec
1861 2757 2033 2822 alius
2088 2758 2275 2823 ultra.

328 2839 434 2905 40.
487 2839 772 2908 Proinde
812 2842 1162 2908 observabis
1201 2847 1430 2907 statuta
1466 2843 1619 2918 eius,
1664 2848 1723 2907 et
1751 2848 2086 2927 praecepta
2123 2844 2277 2924 eius,

328 2945 495 3010 quae
537 2928 765 2993 mando
803 2929 915 2993 mn·
955 2927 1165 3007 hodie,
1229 2932 1301 2992 ut
1341 2927 1485 2993 bene
1527 2930 1612 2994 sit
1664 2927 1780 2993 tibi
1832 2933 1888 2994 et
1936 2929 2097 3010 filiis
2150 2930 2280 2994 tuis

315 3017 470 3097 post
516 3016 602 3094 te,
660 3017 846 3097 utque
875 3013 1207 3098 prolonyes
1246 3014 1383 3080 dies
1434 3034 1627 3097 super
1667 3019 1902 3081 terram
1944 3035 2137 3099 quam
2179 3015 2279 3081 Ie-

326 3097 493 3165 hova
541 3099 721 3165 Deus
761 3106 906 3166 tuus
947 3100 1056 3165 dat
1096 3101 1212 3165 tibi
1253 3101 1536 3166 omnibus
1577 3101 1814 3168 diebus.

505 3272 612 3337 32.
672 3271 998 3356 Interroya
1054 3273 1334 3356 agedum.
1428 3271 1903 3339 Vehementius
1960 3274 2069 3341 hic
2112 3275 2275 3339 cele-

323 3358 483 3425 brat
527 3366 595 3422 et
637 3358 1005 3442 magnificis
1060 3358 1285 3442 elogiis
1348 3359 1607 3423 extollit
1648 3359 1868 3424 Moses
1914 3382 2079 3443 quae
2122 3360 2278 3425 sim-

320 3444 572 3530 plicius
624 3452 778 3510 ante
837 3445 1136 3509 narravit
1193 3444 1369 3509 edita
1409 3445 1613 3511 fuisse
1656 3445 1973 3512 miracula
2015 3447 2085 3511 in
2129 3467 2274 3529 pro·

319 3530 740 3614 mulgatione
791 3529 988 3614 legis,
1045 3551 1171 3613 quo
1215 3531 1499 3595 sanctior
1556 3542 1727 3596 esset
1761 3531 1925 3615 legis
1970 3530 2275 3617 dignitas.

317 3616 547 3683 Porro
610 3617 1089 3698 comparatione
1155 3615 1513 3700 amplificat
1570 3618 1974 3697 testimonia,
2044 3619 2278 3701 quibus

317 3702 587 3769 sancita
618 3703 836 3767 fuerat
869 3701 1033 3786 legis
1073 3702 1256 3778 fides,
1302 3701 1405 3767 vel
1449 3702 1801 3768 cert-itudo:
1848 3704 1998 3787 quia
2031 3704 2278 3770 scilicet

318 3788 497 3854 nihil
529 3809 821 3871 unquam
844 3787 1055 3852 simile
1080 3787 1419 3854 acciderat.
1465 3788 1637 3855 Nam
1675 3791 1728 3854 si
1766 3790 2125 3855 exstitisset
2148 3792 2277 3857 tale

316 3874 594 3958 aliquod
638 3874 1031 3957 exemplum,
1077 3874 1320 3957 aliquid
1345 3873 1704 3941 detractum
1741 3875 1974 3942 fuisset
2017 3897 2100 3941 ex
2131 3897 2275 3959 pre-

316 3962 434 4041 tio,
488 3961 595 4026 vel
640 3960 904 4025 honore.
994 3959 1126 4025 Sed
1173 3981 1374 4044 quum
1411 3960 1614 4026 semel
1659 3971 1918 4026 tantum
1963 3961 2044 4028 ab
2089 3984 2276 4028 exor-

316 4047 431 4113 dio
495 4045 732 4111 mundi
788 4056 925 4111 tam
982 4046 1237 4111 illustre
1296 4046 1555 4112 virtutis
1599 4067 1758 4112 suae
1818 4048 2273 4114 documentum

310 4132 677 4218 protulerit
720 4132 926 4211 Deus,
970 4132 1126 4198 hinc
1168 4131 1438 4216 gravior
1481 4132 1648 4217 legis
1691 4133 2089 4218 approbatio,
2138 4134 2273 4200 Ad-

312 4217 418 4283 dit
463 4218 689 4298 etiam,
750 4218 808 4283 si
851 4225 1061 4283 totum
1114 4218 1335 4283 orbem
1381 4218 1801 4301 perlustrent,
1848 4220 2014 4284 nihil
2059 4222 2275 4287 simile

309 4326 609 4389 usquam
653 4314 1046 4388 reperturos.
1135 4304 1304 4369 Nam
1341 4304 1511 4389 quod
1554 4303 1860 4371 subtilius
1906 4305 2026 4373 hoc
2072 4328 2272 4372 mem-

306 4392 522 4459 brum
567 4390 831 4474 quidam
875 4406 1230 4473 exponunt,
1276 4411 1350 4455 ac
1395 4392 1450 4457 si
1485 4389 1731 4458 diceret
1763 4400 2098 4458 creaturas
2133 4413 2274 4459 om-

307 4498 439 4542 nes
490 4498 755 4543 sursum
796 4485 865 4541 et
906 4476 1212 4542 deorsum
1254 4484 1457 4542 testes
1502 4477 1642 4541 fore
1686 4498 2022 4562 nunquam
2070 4488 2167 4544 tot
2207 4489 2275 4545 et

302 4573 458 4628 tam
532 4562 900 4647 insignibus
977 4562 1314 4628 miraculis
1391 4564 1805 4646 conspicuam
1885 4564 2084 4631 fuisse
2145 4565 2273 4631 Dei

301 4650 668 4728 virtutem,
715 4648 883 4715 mihi
924 4668 1056 4713 non
1101 4649 1445 4732 probatur:
1503 4649 1699 4715 sicuti
1764 4649 1963 4716 nimis
2008 4652 2272 4719 restric-

297 4743 465 4801 tum
516 4735 778 4800 videtur
822 4734 995 4818 quod
1039 4757 1155 4819 per
1200 4735 1339 4800 dies
1381 4735 1683 4818 antiquos
1728 4735 1840 4801 alii
1891 4735 2275 4821 intelligunt

300 4820 618 4898 annales,
655 4821 761 4887 vel
798 4819 1040 4887 diaria:
1077 4822 1232 4907 quia
1265 4841 1399 4885 non
1434 4819 1657 4886 dubito
1692 4823 1850 4905 quin
1888 4822 2276 4905 simpliciter

299 4906 554 4973 iubeat
595 4907 819 4972 Moses
880 4906 1211 4990 inquirere
1276 4917 1343 4974 et
1405 4906 1723 4973 sciscitari
1789 4929 1874 4973 an
1943 4929 1983 4973 a
2043 4908 2274 4974 mundi

302 4994 678 5072 creatione,
723 4993 832 5058 vel
876 4994 951 5059 in
983 4995 1423 5060 remotissima
1456 4993 1675 5077 aliqua
1708 4994 1922 5079 plaga,
1960 4994 2091 5060 tale
2115 4996 2274 5079 quid

296 5079 695 5161 contigerit.
1188 5117 1194 5121 >

502 5164 608 5231 33.
655 5167 768 5232 An
809 5166 1103 5232 audierit.
1193 5165 1726 5251 Magnitudinem
1771 5176 1836 5231 et
1871 5167 2273 5253 singularem

299 5253 803 5337 praestantiam
855 5251 953 5318 rei
1006 5252 1193 5319 cuius
1234 5253 1536 5336 proxime
1595 5252 1923 5333 meminit,
1982 5256 2273 5338 apertius

299 5338 666 5424 deffignat:
709 5359 946 5424 nempe
989 5335 1160 5423 quod
1195 5337 1523 5404 audierint
1564 5359 1791 5404 vocem
1838 5338 1965 5405 Dei
2000 5360 2082 5406 ex
2117 5341 2271 5425 igne

1727 497 1731 502 ‚
1793 419 2324 489 PRAEFATIO
2366 419 2468 486 IN
2520 420 2870 489 LEGEM.

4199 419 4328 487 218

2386 608 2731 693 loquentis.
2822 610 3070 676 Verum
3119 609 3379 693 quidem
3446 618 3547 676 est
3590 610 3815 675 multis
3856 608 4011 674 olim
4054 608 4328 690 spectris

2386 696 2810 762 confirmatas
2854 696 3054 761 fuisse
3097 697 3398 781 gentium
3441 696 3954 779 superstitiones,
4003 694 4115 760 sed
4159 695 4332 759 inter

2385 772 2690 864 portenta
2753 802 2919 866 quae
2988 781 3161 847 ultro
3235 782 3315 847 ad
3383 801 3451 848 se
3518 780 3935 864 decipiendos
3992 780 4329 845 finxerunt

2385 868 2608 933 miseri
2653 868 2984 945 homines,
3044 867 3213 933 nihil
3272 876 3372 934 est
3428 868 3600 952 quod
3645 868 3726 932 ad
3772 867 3895 932 hoc
3939 865 4327 931 miraculum

2384 954 2670 1020 accedat.
2760 953 3024 1019 Mentiti
3070 964 3227 1019 sunt
3266 975 3557 1020 seorsum
3617 952 4021 1037 complures,
4081 962 4327 1017 temere

2384 1039 2705 1105 creditum
2788 1040 2912 1104 fuit
2979 1039 3386 1106 sermonibus
3450 1060 3615 1123 quos
3679 1039 4133 1105 effutiverunt:
4216 1035 4327 1103 hic

2384 1134 2606 1191 autem
2641 1146 2772 1190 non
2811 1127 3034 1210 agitur
3078 1124 3156 1190 de
3198 1125 3572 1192 rumoribus
3614 1124 3853 1191 leviter
3896 1123 4159 1207 sparsis,
4203 1141 4327 1188 nec

2384 1209 2467 1275 de
2527 1211 2724 1277 unius
2781 1211 3068 1277 hominis
3121 1211 3405 1290 somnio,
3464 1210 3577 1276 sed
3622 1210 3842 1294 plures
3889 1209 4325 1294 septingentis

2382 1295 2676 1362 millibus
2749 1305 2952 1364 testes
3030 1296 3324 1363 oculatos
3388 1296 3692 1380 producit
3755 1297 3977 1362 Moses
4000 1345 4017 1375 ,
4090 1293 4325 1378 quibus

2382 1391 2561 1447 certo
2604 1383 2909 1466 clareque
2953 1383 3258 1467 apparuit
3280 1381 3407 1449 Dei
3452 1381 3675 1467 gloria.
3728 1382 3823 1447 Et
3862 1381 4011 1447 ideo
4046 1379 4322 1459 subiicit,

2381 1467 2599 1533 Deum
2661 1490 2995 1552 nunquam
3053 1468 3227 1534 idem
3286 1476 3604 1534 tentasse:
3665 1468 3820 1550 quia
3876 1466 4001 1533 hoc
4058 1467 4324 1532 unicum

2380 1554 2713 1636 specimen
2756 1554 3036 1620 ediderit
3079 1555 3160 1620 ad
3204 1553 3662 1621 illustrandam
3706 1553 4008 1618 omnibus
4048 1551 4324 1618 saeculis

2382 1638 2596 1724 legem
2663 1661 2870 1706 suam.
2977 1639 3369 1724 Quanquam
3435 1641 3557 1706 hoc
3608 1659 3807 1704 versu
3870 1659 4003 1703 non
4061 1647 4323 1703 tantum

2381 1725 2970 1810 promulgationem
3016 1727 3182 1810 legis
3227 1726 3514 1811 attingit,
3579 1724 3691 1791 sed
3737 1732 3947 1789 totum
3993 1722 4321 1788 liberatio·

2380 1811 2486 1877 nis
2545 1832 2843 1878 cursum:
2910 1813 3065 1896 quia
3128 1812 3197 1878 in
3262 1833 3501 1897 genere
3566 1810 3981 1894 probationes
4024 1817 4091 1873 et
4132 1808 4323 1893 signa

2382 1898 2700 1964 nominat.
2811 1896 2993 1965 Dicit
3057 1920 3127 1964 se
3190 1918 3408 1964 assum
3460 1899 3621 1963 sisse
3686 1908 3948 1995 gentem
4007 1915 4044 1960 e
4108 1893 4322 1959 medio

2382 1983 2630 2067 gentis:
2695 1984 2848 2068 quia
2887 1994 3185 2068 posteros
3226 1983 3409 2050 Abra
3459 2004 3554 2061 ae,
3610 2003 3722 2065 qm
3779 2003 3896 2065 per
3941 1984 4322 2064 Aegyptum

2382 2069 2682 2151 dispersi,
2747 2077 2814 2135 et
2879 2072 3065 2154 quasi
3131 2071 3199 2136 in
3267 2070 3408 2137 eius
3450 2067 3813 2156 visceribus
3854 2066 4125 2147 inclusi,
4168 2085 4323 2149 pars

2382 2153 2663 2221 obscura
2738 2154 3061 2222 duntaxat
3138 2164 3205 2221 et
3275 2155 3585 2240 ignobilis
3664 2166 3852 2220 erant
3915 2151 4322 2220 celeberrimi

2381 2241 2624 2324 populi,
2671 2241 3165 2327 incomparabili
3209 2242 3503 2324 potentia
3545 2239 3816 2324 eripuit:
3863 2239 4055 2322 quale
4097 2258 4321 2302 exem-

2381 2325 2563 2409 plum
2610 2348 2937 2410 nusquam
2977 2329 3322 2411 reperitur.

2554 2412 2657 2479 35.
2710 2413 2858 2478 Tibi
2898 2420 3208 2480 ostensum
3249 2419 3354 2480 est.
3419 2412 3644 2478 Primo
3688 2412 3846 2477 dicit
3889 2408 4220 2476 miraculis
4254 2415 4325 2474 et

2382 2498 2696 2583 prodigiis
2720 2498 2937 2565 Deum
2973 2500 3069 2566 ita
3102 2497 3407 2584 probasse
3441 2499 3750 2565 deitatem
3787 2518 3996 2575 suam,
4033 2506 4112 2560 ut
4144 2504 4323 2561 certo

2383 2585 2631 2650 scirent
2672 2585 3014 2653 Israelitae
3067 2586 3284 2669 ipsum
3344 2605 3487 2651 esse
3542 2585 3781 2650 Deum.
3869 2579 4063 2649 Unde
4122 2580 4321 2645 etiam

2381 2670 2868 2755 colligitipsum
2907 2692 3051 2738 esse
3092 2672 3336 2738 solum:
3382 2672 3533 2755 quia
3576 2672 3696 2735 etsi
3718 2669 4039 2734 laceratur
4062 2686 4321 2734 sacrum

2381 2754 2512 2820 Dei
2570 2777 2808 2823 nomen
2866 2757 3064 2824 variis
3127 2757 3577 2842 opinionibus,
3632 2754 3789 2821 dum
3842 2753 4143 2836 proprios
4192 2751 4320 2818 sibi

2382 2840 2538 2906 deos
2601 2844 2875 2926 quisque
2940 2843 3241 2923 fabricat,
3319 2850 3541 2909 manet
3597 2851 3816 2906 tamen
3874 2838 4038 2904 illud
4095 2838 4323 2918 fixum,

2382 2929 2741 3009 potentiam
2790 2936 2859 2992 et
2900 2929 3250 3012 imperium
3296 2929 3421 2995 Dei
3465 2948 3597 2993 non
3642 2946 3829 3010 posse
3873 2923 4170 3004 distrahi,
4206 2921 4321 2988 sed

2383 3011 2669 3081 residere
2728 3014 2797 3080 in
2856 3014 3049 3081 unico
3102 3015 3421 3094 subiecto,
3481 3022 3554 3080 ut
3607 3012 3985 3096 loquuntur.
4088 3008 4196 3075 Ita
4241 3029 4321 3074 ue

2382 3100 2666 3166 essentia
2707 3100 2906 3166 unius
2948 3099 3076 3166 Dei
3121 3101 3286 3168 alias
3328 3120 3558 3165 omnes
3601 3098 3895 3178 deitates,
3939 3117 4098 3181 quas
4134 3115 4219 3160 no
4262 3094 4322 3160 is

2381 3185 2582 3251 stulte
2625 3187 3208 3270 comminiscimur,
3265 3186 3507 3252 evertit
3551 3194 3745 3268 atque
3789 3182 4020 3248 abolet.
4127 3178 4321 3261 Quod

2383 3271 2734 3356 diligenter
2805 3272 3168 3339 notandum
3240 3281 3374 3352 est,
3451 3273 3605 3355 quia
3673 3269 3952 3336 saeculis
4016 3265 4321 3333 omnibus

2382 3378 2730 3423 commune
2788 3358 2912 3424 fuit
2968 3359 3201 3425 vitium
3260 3369 3336 3426 ut
3393 3363 3781 3443 expeterent
3825 3354 4114 3438 plurium
4169 3353 4320 3418 deo·

2381 3465 2528 3508 rum
2586 3444 2971 3510 mixturam:
3030 3467 3229 3529 quum
3289 3466 3447 3529 prae
3505 3443 3757 3527 fulgore
3815 3440 3956 3506 veri
4012 3440 4141 3506 Dei
4198 3441 4320 3523 fig-

2379 3539 2606 3595 menta
2647 3530 2870 3596 omnia
2913 3551 3303 3598 evanescere
3348 3531 3644 3597 debeant.
3746 3525 4063 3611 Sequenti
4122 3546 4319 3591 versu

2378 3616 2551 3681 hanc
2601 3616 2996 3682 sententiam
3039 3619 3409 3696 confirmat,
3465 3617 3638 3700 quod
3689 3615 3873 3680 Deus
3928 3611 4240 3696 populum
4284 3631 4321 3676 e

2378 3701 2560 3768 coelo
2617 3712 2686 3767 et
2747 3724 2828 3768 ex
2872 3702 3028 3786 igne
3071 3704 3405 3769 erudierit.
3493 3701 3849 3783 Quaeritur
3901 3707 4121 3764 tamen
4162 3717 4319 3781 quo·

2379 3786 2572 3858 modo
2618 3787 2779 3854 haec
2824 3788 2954 3853 duo
2996 3790 3410 3869 conveniant,
3456 3808 3626 3872 quae
3669 3785 3974 3854 videntur
4009 3803 4319 3868 pugnare,

2380 3894 2604 3938 vocem
2632 3872 2758 3938 Dei
2803 3874 3008 3940 fuisse
3049 3874 3339 3941 auditam
3385 3898 3420 3942 e
3464 3874 3642 3940 coelo
3685 3882 3752 3937 et
3786 3892 3822 3936 e
3866 3870 4082 3935 medio
4125 3870 4317 3953 ignis.

2378 3960 2788 4042 Respondeo,
2832 3961 3218 4044 simpliciter
3262 3963 3495 4028 Mosen
3540 3960 3803 4037 docere,
3861 3976 4086 4022 vocem
4154 3973 4319 4037 quae

2379 4068 2461 4112 ex
2506 4046 2662 4129 igne
2707 4047 3002 4112 manavit
3046 4047 3129 4113 ad
3172 4070 3363 4113 aures
3409 4046 3649 4131 populi,
3694 4043 3889 4109 certis
3911 4041 4083 4106 notis
4116 4039 4318 4105 fuisse

2377 4130 2784 4216 insignitam,
2830 4143 2899 4197 ut
2943 4142 3273 4199 constaret
3315 4134 3655 4200 coelestem
3704 4149 3863 4194 esse.

2549 4217 2653 4284 37.
2700 4217 2788 4282 Ec
2839 4220 2993 4301 quia
3048 4219 3286 4286 dilexit.
3385 4216 3607 4284 Verba
3664 4214 3992 4298 duplicem
4052 4232 4317 4277 sensum

2376 4304 2753 4371 admittunt.
2797 4304 2964 4371 Nam
2991 4305 3178 4371 initio
3206 4326 3433 4371 versus
3455 4302 3721 4387 ponitur
3753 4299 4005 4383 copula,
4042 4299 4131 4363 Et
4165 4299 4320 4382 quia

2376 4391 2610 4457 dilexit
2666 4401 2887 4473 patres
2933 4401 3107 4457 tuos:
3177 4391 3410 4456 deinde
3468 4387 3755 4456 secundo
3810 4385 4156 4469 repetitur:
4228 4384 4319 4448 Et

2376 4477 2576 4561 elegit
2621 4498 2845 4541 semen
2888 4497 3137 4543 eorum.
3226 4477 3333 4543 Ita
3376 4497 3508 4542 uno
3551 4481 3861 4541 contextu
3912 4480 4132 4556 posset
4174 4490 4318 4537 esse

2375 4582 2609 4629 causae
2652 4562 2966 4644 redditio,
3022 4563 3375 4646 superioris
3436 4560 3800 4629 sententiae
3843 4567 4175 4641 respectu:
4222 4563 4322 4621 tot

2375 4649 2693 4715 miracula
2734 4649 2938 4716 fuisse
2981 4649 3176 4729 edita,
3221 4649 3525 4732 quoniam
3566 4646 3750 4712 Deus
3793 4646 4082 4729 elegerat
4103 4642 4319 4708 Abra·

2374 4735 2531 4802 ham
2577 4747 2643 4801 et
2686 4757 2910 4802 semen
2955 4735 3115 4801 eius.
3207 4734 3342 4799 Alii
3386 4755 3574 4800 secus
3614 4732 3959 4815 accipiunt,
4003 4727 4317 4814 populum

2377 4823 2556 4888 hunc
2602 4830 2700 4887 tot
2741 4821 3073 4888 beneficiis
3117 4830 3422 4887 ornatum
3467 4820 3665 4886 fuisse
3708 4839 3748 4882 a
3792 4817 3963 4895 Deo,
4008 4816 4317 4901 quoniam

2375 4917 2600 4992 patres
2643 4929 2870 4974 eorum
2914 4908 3252 4974 dilexerat.
3342 4905 3574 4989 Itaque
3616 4902 3918 4987 copulam
3980 4903 4045 4968 in
4102 4901 4316 4967 medio

2374 5015 2574 5060 versu
2620 4994 2952 5074 omittunt,
3011 4993 3181 5077 quod
3226 5013 3419 5076 saepe
3463 4993 3607 5057 fieri
3649 4990 3832 5057 solet.
3922 4989 4003 5053 In
4059 5008 4318 5053 summa

2374 5081 2473 5146 rei
2529 5100 2763 5164 parum
2808 5088 2910 5146 est
2952 5078 3373 5146 discriminis:
3419 5079 3573 5160 quia
3615 5077 3846 5143 docere
3890 5074 4035 5140 vult
4077 5074 4315 5152 Moses,

2373 5165 2685 5250 quidquid
2733 5165 3051 5231 bonorum
3093 5166 3374 5232 contulit
3405 5163 3588 5230 Deus
3624 5162 3880 5247 populo,
3926 5160 4122 5225 fuisse
4163 5179 4318 5243 gra-

2373 5254 2649 5319 tuitum:
2701 5273 2885 5342 ,quae
2935 5251 3425 5319 circumstantia
3482 5251 3690 5334 magis
3733 5243 4145 5316 commendat
4189 5245 4314 5311 Dei

2374 5340 2675 5425 gratiam.
2716 5339 3012 5420 Dixerat,
3036 5337 3299 5406 insolito
3324 5336 3665 5422 privilegio
3687 5341 4089 5415 assumptam
4112 5331 4317 5399 fuisse
