4867 6150
549 426 635 492 83
1735 421 2482 492 COMMENTARIUS
2527 423 2627 489 IN
2673 422 2972 489 EXODI
3017 421 3215 489 OAP.
3263 421 3383 490 VI.
4469 418 4550 485 84

541 614 762 698 filiam
795 614 1230 682 Amminadab
1270 634 1542 681 sororem
1581 614 1923 680 Nahasson
1958 613 2084 679 sibi
2124 612 2198 677 iu
2228 631 2506 690 uxorem,

547 722 716 785 quae
873 703 992 767 erit
1023 703 1081 768 ei
1105 700 1334 767 Nadab
1368 706 1423 766 et
1443 700 1678 778 Abilae,
1716 704 1772 764 et
1793 698 2074 765 Eleazar
2114 703 2169 763 et
2191 696 2505 763 Ithamar.

551 788 662 855 24.
770 787 875 853 ilii
922 786 1128 854 Corah
1170 788 1371 852 Assir
1413 792 1471 852 et
1511 785 1801 852 Eleanah
1842 791 1901 851 et
1941 783 2295 865 Abiasaph.
2367 783 2510 849 Hae

551 873 845 958 familiae
870 870 1288 942 cornuorum.
1348 872 1449 937 25.
1487 870 1765 937 Eleazar
1797 876 2008 936 autem
2038 870 2220 951 filius
2243 869 2509 936 Aharon

554 959 827 1040 sumpsit
868 959 997 1024 sibi
1031 979 1062 1023 e
1099 957 1356 1041 filiabus
1393 957 1604 1024 Putiel
1647 959 1718 1023 in
1756 978 2030 1033 uxorem,
2075 977 2234 1038 quae
2265 955 2511 1038 peperit

550 1047 617 1112 ei
655 1045 917 1110 Pinhaa
999 1043 1174 1111 Haeo
1212 1044 1424 1125 capita
1456 1048 1721 1124 patrum
1763 1043 2133 1109 Levitarum
2173 1043 2509 1107 seeundum

548 1133 945 1216 aequatione-9
985 1150 1159 1196 suae.
1247 1130 1351 1196 26.
1400 1129 1528 1194 Hie
1569 1135 1659 1194 est
1698 1128 1968 1196 Aharou
2023 1133 2079 1193 et
2122 1126 2363 1208 Moses,
2422 1127 2510 1192 ad

534 1237 718 1300 ⁴quos
751 1218 918 1283 dimit
941 1217 1204 1282 Iehova:
1249 1215 1517 1282 Edueite
1540 1216 1709 1297 filios
1733 1212 1942 1281 Israel
1977 1234 2008 1278 e
2041 1218 2207 1279 terra
2233 1213 2510 1296 Aeqypti

536 1324 670 1387 per
709 1303 1014 1369 exercitus
1045 1322 1214 1368 suos
1281 1301 1386 1367 27.
1434 1300 1580 1384 Ipsi
1621 1306 1771 1367 sunt
1810 1300 1923 1383 qui
1963 1300 2203 1382 loquuti
2244 1304 2391 1365 sunt
2423 1298 2511 1363 ad

562 1387 961 1454 Pharaonem
1002 1408 1206 1471 reyem
1255 1388 1521 1471 Aeqypti
1535 1438 1552 1466 ,
1611 1391 1681 1452 ut
1732 1388 2028 1452 emitteret
2075 1386 2245 1467 filios
2301 1384 2510 1451 Israel

555 1494 638 1540 ex
678 1474 975 1558 Aeqypto.
1066 1474 1217 1555 Ipse
1260 1479 1352 1539 est
1394 1472 1605 1539 Moses
1650 1478 1707 1539 et
1738 1471 2021 1538 Aharon.
2111 1471 2213 1537 28.
2261 1471 2514 1537 Accidit

554 1564 763 1626 autem
808 1580 929 1641 quo
970 1560 1075 1624 die
1116 1559 1408 1642 loquutus
1452 1563 1540 1624 est
1574 1558 1805 1625 Iehova
1847 1558 1933 1624 ad
1967 1556 2190 1623 Mosen
2227 1559 2296 1623 ia
2339 1561 2513 1622 terra

555 1645 857 1730 Aeqypti,
960 1645 1064 1711 29.
1141 1646 1271 1726 Quo
1334 1645 1627 1727 loquutus
1688 1650 1777 1712 est
1831 1643 2063 1710 Iehova
2130 1644 2216 1709 acl
2270 1642 2509 1720 Mosen,

554 1732 847 1799 dicendo.-
898 1730 1036 1815 qu
1094 1731 1323 1797 Iehova
1339 1755 1358 1794 .·
1415 1732 1656 1813 loquere
1713 1732 1801 1796 ad
1855 1729 2252 1796 Pharaonem
2309 1749 2511 1811 reqem

556 1818 837 1902 Afflypti
878 1837 1271 1900 quaeeunque
1311 1838 1417 1901 eqo
1460 1818 1674 1899 loquor
1728 1818 1815 1882 ad
1870 1821 1956 1881 te:
2042 1816 2146 1881 30.
2201 1816 2377 1881 Tune
2421 1815 2515 1880 ait

556 1902 775 1969 Moses
838 1922 1046 1968 eoram
1109 1903 1340 1969 Ielzova
1355 1929 1374 1968 .·
1439 1901 1598 1968 Ecce
1661 1923 1767 1986 eqo
1836 1902 2311 1969 incircunwisus
2366 1920 2511 1966 sum

557 1989 766 2070 labiis',
810 1996 865 2054 et
905 1990 1201 2071 quomodo
1243 1989 1455 2054 audiet
1497 2009 1593 2054 me
1642 1988 1901 2054 Pharao
1916 1988 1953 2053 ἓ

733 2160 835 2226 14.
906 2160 1047 2226 Ista
1088 2165 1237 2226 suut
1276 2161 1503 2243 capita.
1572 2160 1703 2226 Hic
1746 2160 1919 2225 Mosi
1964 2159 2365 2243 propositum
2411 2164 2514 2223 est

555 2247 818 2332 generis
879 2247 980 2312 sui
1026 2247 1345 2331 originem
1404 2256 1706 2311 testatam
1766 2248 1979 2311 facere
2020 2245 2326 2311 omnibus
2370 2264 2511 2309 sae-

554 2333 755 2414 culis,
812 2355 896 2397 ne
932 2333 1040 2399 cui
1076 2332 1348 2399 dubium
1384 2333 1470 2397 sit
1505 2334 1574 2396 in
1609 2332 1814 2398 libero
1851 2332 2072 2415 populi
2108 2331 2294 2396 exitu
2338 2350 2512 2396 com-

556 2420 808 2503 pletam
851 2419 1052 2484 fuisse
1095 2439 1261 2502 quae
1321 2418 1473 2483 data
1521 2418 1738 2483 fuerat
1784 2415 2093 2484 Abrahae
2136 2415 2514 2500 promissio-

556 2525 733 2571 nem.
834 2504 1003 2570 Nam
1049 2505 1105 2570 si
1151 2505 1276 2569 alio
1331 2504 1493 2570 duce
1539 2504 1787 2588 egressi
1822 2503 2111 2570 fuissent
2152 2500 2515 2584 Israelitae‚

558 2591 640 2656 de
709 2591 1057 2676 praecipuo
1129 2601 1358 2656 autore
1416 2590 1657 2675 ambigi
1719 2598 2003 2673 poterat:
2077 2610 2251 2655 nunc
2312 2609 2515 2670 quum

557 2699 644 2744 ex
682 2686 875 2758 gente
910 2676 1024 2740 illa
1059 2685 1124 2741 et
1161 2675 1468 2742 Abrahae
1505 2677 1782 2758 posteris
1819 2675 2113 2742 delectus
2148 2682 2248 2740 est
2277 2676 2516 2751 Moses,

557 2762 801 2829 clarius
847 2772 1119 2847 apparet
1162 2770 1366 2827 totam
1403 2782 1542 2827 rem
1576 2762 1704 2827 Dei
1740 2763 2046 2845 auspiciis
2083 2762 2241 2846 geri.
2289 2760 2515 2841 Quan-

560 2869 762 2933 quam
829 2858 1051 2913 autem
1110 2868 1242 2913 non
1289 2847 1495 2914 solam
1540 2847 1784 2913 tribum
1830 2848 1999 2914 Levi
2043 2856 2354 2925 recenset,
2401 2844 2516 2911 sed

560 2934 809 3017 incipet
866 2955 905 2999 a
965 2933 1238 3000 Reuben
1298 2935 1752 3018 primogenito,
1804 2933 2040 2999 deinde
2087 2933 2355 3000 Simeon
2401 2930 2515 2997 ad-

559 3021 799 3106 iungit,
861 3019 1050 3087 facile
1104 3028 1327 3087 tamen
1383 3021 1796 3105 cognoscitur
1839 3020 2243 3105 singularem
2290 3017 2515 3084 haberi

558 3117 927 3191 respectum
976 3107 1187 3173 tribus
1231 3108 1551 3173 leviticae.
1627 3105 1760 3175 Sed
1805 3108 1960 3190 quia
2005 3107 2289 3171 familiae
2331 3106 2513 3169 Reu-

558 3192 688 3259 ben
727 3201 794 3258 et
830 3191 1101 3261 Simeon
1136 3193 1363 3259 ordine
1405 3194 1656 3277 priores
1693 3202 1901 3273 erant,
1950 3191 2030 3258 ab
2065 3193 2196 3259 illis
2231 3211 2515 3258 commo-

561 3278 644 3344 de
703 3280 1057 3344 transitum
1115 3278 1268 3346 fecit
1332 3280 1550 3345 Moses
1602 3278 1683 3345 ad
1740 3280 2026 3345 tertiam.
2116 3278 2303 3344 Alias
2355 3297 2515 3344 vero

562 3384 696 3429 non
743 3374 1088 3430 enumerat
1130 3365 1198 3429 iu
1248 3365 1649 3448 praesentia:
1697 3366 1849 3449 quia
1894 3365 2046 3430 alibi
2087 3362 2516 3450 opportunior

561 3449 829 3515 futurus
873 3460 1018 3516 erat
1061 3451 1256 3516 locus.
1332 3450 1645 3516 Tenenda
1684 3452 1885 3535 igitur
1919 3465 2018 3516 est
2055 3472 2131 3516 ea
2174 3451 2357 3528 ratio,
2405 3448 2515 3515 de-

562 3536 809 3601 lectum
833 3537 1032 3603 fuisse
1055 3559 1138 3603 ex
1160 3537 1474 3621 progenie
1487 3537 1795 3602 Abrahae
1817 3539 2189 3603 ministrum
2218 3535 2518 3619 redemp-

564 3622 799 3700 tionis,
867 3624 1053 3688 cuius
1112 3643 1316 3688 manu
1359 3623 1815 3706 promissionis
1873 3645 2030 3689 suae
2091 3623 2284 3688 fidem
2330 3622 2517 3687 Deus

565 3708 872 3774 sanciret.
962 3709 1052 3773 Et
1106 3719 1282 3774 certe
1340 3707 1636 3775 videmus
1704 3708 2018 3775 Satanam
2080 3730 2163 3774 ex
2221 3710 2516 3791 opposito

566 3792 1057 3859 memorabilem
1126 3795 1296 3859 hanc
1362 3795 1704 3860 historiam
1768 3816 1889 3879 per
1956 3795 2303 3878 scriptores
2369 3814 2517 3878 pro-

565 3879 756 3945 fanos
800 3880 1025 3945 multis
1068 3879 1307 3945 fabulis
1352 3880 1799 3947 obnubilasse:
1860 3903 1936 3947 ac
1982 3882 2357 3965 praesertim
2407 3879 2519 3945 ubi

565 3986 778 4049 genus
839 3965 1148 4031 Abrahae
1215 3966 1490 4049 sepelire
1550 3975 1759 4033 astute
1817 3977 2091 4033 conatus
2134 3978 2253 4032 est.
2325 3967 2521 4032 Hanc

565 4052 896 4118 vafritiem
953 4051 1219 4119 coelesti
1261 4052 1608 4135 prudentia
1660 4055 2003 4136 praevenit
2045 4053 2264 4119 Moses
2310 4054 2524 4135 capita

564 4136 969 4238 familiarum
1027 4140 1393 4218 nominans,
1455 4160 1538 4203 ne
1582 4139 1862 4206 obscura
1904 4140 2037 4205 sint
2082 4141 2296 4224 gentis
2339 4140 2523 4222 prin-

566 4241 758 4307 cipia.

746 4309 847 4375 15.
888 4305 978 4375 Et
1010 4310 1157 4376 haee
1187 4310 1441 4376 nomina
1470 4311 1754 4392 filiorum
1782 4310 1958 4375 Levi.
2020 4309 2197 4392 Quia
2232 4311 2524 4394 apprime

567 4396 841 4480 cognitu
883 4396 1065 4461 utilis
1108 4407 1251 4462 erat
1292 4397 1474 4480 origo
1512 4397 1715 4462 Mosis
1758 4408 1825 4461 et
1864 4397 2157 4477 Aharon,
2205 4396 2524 4480 prolixius

573 4481 698 4546 hac
740 4483 810 4546 in
854 4491 1042 4565 parte
1086 4483 1348 4560 insistit,
1399 4504 1473 4548 ac
1518 4483 1889 4548 distinctius
1924 4482 2206 4548 familias
2242 4503 2522 4549 comme-

572 4577 788 4632 morat
848 4587 1014 4650 quae
1070 4591 1152 4633 ex
1208 4568 1582 4652 patriarcha
1635 4569 1801 4634 Levi
1857 4570 2228 4634 fluxerunt:
2274 4591 2405 4635 non
2453 4580 2526 4635 ut

570 4665 838 4736 gentem
886 4674 1075 4719 suam
1125 4676 1280 4737 prae
1325 4655 1470 4719 aliis
1517 4655 1837 4732 nobilitet,
1883 4676 2117 4721 verum
2161 4664 2234 4720 ut
2277 4656 2523 4721 certius

569 4738 838 4823 liqueat,
878 4760 1012 4805 non
1049 4739 1132 4805 ab
1173 4741 1388 4822 aliquo
1422 4739 1689 4807 homine
1723 4751 1948 4807 extero
1983 4740 2289 4806 eductum
2322 4742 2525 4808 fuisse

570 4824 910 4909 populum,
966 4826 1082 4891 sed
1141 4847 1223 4891 ex
1284 4827 1570 4910 genuina
1628 4827 1935 4893 Abrahae
2000 4827 2219 4893 sobole
2282 4826 2522 4894 divini-

568 4919 682 4977 tus
726 4911 931 4977 fuisse
973 4922 1330 4996 sumptum,
1367 4913 1479 4995 qui
1523 4912 1699 4996 apud
1731 4913 1971 4979 fratres
2006 4935 2160 4980 suos
2197 4917 2526 4998 potentiae

572 4997 724 5075 Dei,
778 4999 1033 5080 gratiae
1077 5009 1143 5062 et
1189 4998 1484 5064 veritatis
1530 4999 1717 5064 testis
1759 5000 1943 5065 foret.
2044 5000 2137 5065 Et
2178 5011 2357 5067 certe
2403 5001 2526 5069 hoc

568 5084 1084 5165 incomparabile
1146 5085 1268 5149 Dei
1329 5084 1740 5161 beneficium,
1788 5086 1844 5150 si
1889 5086 2098 5152 ullum
2144 5086 2342 5164 aliud,
2390 5108 2523 5152 non

548 5169 768 5235 ‚modo
828 5170 1177 5250 celebrari,
1233 5169 1349 5237 sed
1416 5171 1614 5235 etiam
1675 5171 1879 5235 asseri
1938 5193 2218 5255 aequum
2265 5173 2403 5251 fuit,
2455 5183 2527 5238 ut

546 5277 724 5321 ⁸<zum
770 5256 916 5321 eius
959 5257 1277 5322 memoria
1335 5257 1404 5321 in
1461 5277 1686 5321 omnes
1741 5267 1987 5323 aetates
2029 5258 2226 5324 simul
2270 5260 2527 5343 vigeret

566 5340 918 5408 certitudo.
1020 5341 1238 5423 Quam
1293 5362 1452 5410 vero
1510 5341 1591 5406 ab
1645 5342 1825 5407 omni
1870 5343 2224 5409 ambitione
2276 5355 2525 5411 remota

2610 612 2701 676 sit
2743 612 2906 680 haec
2948 614 3259 692 narratio,
3306 635 3387 678 ex
3434 633 3569 678 uno
3614 612 3823 695 capite
3860 609 4207 693 colligitur,
4254 609 4364 675 ubi
4401 607 4551 676 dicit

2612 698 2831 764 Moses
2875 721 2945 765 se
2990 708 3215 764 natum
3262 699 3465 765 fuisse
3509 720 3592 763 ex
3638 698 3836 762 amita
3879 696 4101 779 patris,
4190 696 4335 760 Etsi
4382 696 4550 760 enim

2610 783 2899 850 nondum
2956 785 3064 849 lex
3121 785 3349 851 illicita
3401 784 3704 868 coniugia
3763 789 4081 865 vetuerat,
4126 779 4415 848 dictabat
4459 789 4551 846 ta-

2609 892 2762 935 men
2807 872 2948 953 ipsa
2993 879 3228 936 natura
3269 870 3595 955 flagitium
3632 889 3792 949 esse,
3835 876 4135 951 nepotem
4172 888 4320 933 cum
4362 867 4553 932 amita

2610 978 2746 1033 sua,
2815 977 2980 1039 quae
3046 957 3276 1022 matris
3333 957 3609 1040 gradum
3669 956 3932 1033 obtinet,
3992 954 4272 1020 misceri.
4377 952 4554 1037 Ergo

2610 1042 2724 1108 ubi
2758 1042 2950 1107 fateri
2987 1063 3121 1108 non
3159 1042 3416 1108 dubitat
3439 1042 3657 1108 Moses
3694 1063 3762 1107 se
3799 1063 3880 1107 ex
3910 1041 4275 1107 incestuoso
4311 1060 4552 1105 connu-

2610 1127 2717 1193 bio
2762 1148 2906 1193 esse
2949 1129 3262 1213 genitum,
3306 1150 3462 1194 suae
3506 1127 3973 1193 existimationi
4018 1126 4124 1191 vel
4176 1125 4355 1190 laudi
4399 1124 4553 1190 adeo

2612 1236 2745 1279 non
2802 1214 3117 1292 consulit,
3174 1228 3248 1279 ut
3303 1224 3652 1297 parentum
3717 1205 3988 1278 suoi-um
4050 1211 4331 1278 dedecus
4374 1211 4553 1294 inge-

2611 1323 2739 1365 nue
2783 1300 3088 1383 proferat,
3133 1300 3563 1366 illustrandae
3606 1299 3815 1365 solum
3863 1298 3990 1362 Dei
4050 1298 4297 1382 gloriae
4343 1318 4551 1363 causa.

2610 1387 2751 1452 Nec
2796 1408 2950 1452 vero
2996 1386 3390 1452 excusabilis
3433 1385 3810 1470 ignorantia
3850 1384 3994 1464 fuit,
4046 1384 4351 1466 quamvis
4396 1403 4556 1447 non-

2614 1473 2769 1538 dum
2815 1472 2923 1537 lex
2969 1472 3216 1555 scripta
3260 1480 3462 1551 esset,
3534 1471 3830 1555 neglecto
3897 1472 4107 1555 turpis
4174 1479 4240 1534 et
4307 1469 4556 1534 honesti

2615 1558 3018 1638 discrimine,
3080 1559 3443 1623 humanum
3502 1556 3816 1641 pudorem
3878 1555 4141 1621 violare.
4231 1554 4366 1622 Sed
4412 1555 4557 1638 quia

2614 1645 2759 1726 plus
2804 1665 3013 1727 aequo
3058 1643 3181 1710 sibi
3225 1644 3524 1710 homines
3569 1641 3934 1727 indulgent,
3982 1662 4244 1707 necesse
4290 1641 4418 1706 fuit
4461 1641 4553 1705 di-

2613 1731 2808 1795 sertis
2854 1731 3068 1797 verbis
3114 1728 3401 1795 cohiberi
3445 1729 3664 1794 foedas
3722 1728 4059 1795 libidines:
4119 1749 4397 1811 quarum
4436 1728 4551 1791 im-

2614 1815 2869 1882 modica
2911 1816 3173 1881 licentia
3217 1837 3476 1897 semper
3517 1815 3654 1880 fere
3687 1815 3864 1879 inter
3898 1814 4249 1880 orientales
4286 1812 4554 1898 populos

2616 1911 2912 1987 grassata
2955 1904 3097 1967 fuit.
3186 1900 3454 1967 Interea
3498 1901 3823 1967 discamus
3867 1922 4064 1983 quam
4112 1922 4238 1964 non
4288 1907 4434 1964 tuta
4476 1899 4554 1964 sit

2614 1999 2875 2072 pat-rum
2913 1987 3211 2064 imitatio,
3250 1986 3361 2052 ubi
3399 1988 3762 2070 promiscue
3796 1987 3995 2052 licere
4031 1985 4213 2052 nobis
4248 1998 4557 2069 putamus

2614 2074 2929 2158 quidquid
2987 2073 3069 2139 ab
3125 2073 3257 2139 illis
3323 2074 3566 2139 factum
3632 2084 3748 2139 est.
3852 2071 4046 2154 Quod
4105 2084 4329 2137 autem
4390 2072 4557 2137 vitae

2614 2181 2812 2225 cursu
2878 2161 3070 2244 longe
3149 2159 3461 2243 producto
3527 2159 3729 2238 Levi,
3809 2158 4084 2224 Kehath
4150 2165 4217 2223 et
4284 2160 4555 2222 Amram

2616 2267 2855 2331 paucos
2899 2254 3157 2311 tantum
3204 2244 3441 2310 liberos
3485 2245 3868 2329 genuerint,
3913 2265 4146 2328 nempe
4193 2265 4365 2309 unus
4410 2256 4556 2321 tres,

2618 2333 2947 2399 secundus
2990 2340 3302 2415 quatuor,
3349 2333 3587 2396 tertius
3632 2329 3824 2410 duos,
3872 2352 4003 2395 non
4047 2331 4189 2396 sine
4236 2330 4362 2395 Dei
4410 2349 4555 2393 con·

2618 2419 2763 2484 silio
2809 2420 3052 2484 factum
3096 2427 3214 2495 est,
3259 2427 3337 2482 ut
3371 2417 3443 2481 in
3477 2418 3945 2501 propagatione
3991 2415 4363 2482 incredibili
4400 2434 4560 2497 quae

2617 2528 2771 2571 mox
2838 2512 3114 2588 sequuta
3180 2512 3309 2583 est,
3375 2503 3615 2567 clarius
3673 2503 3923 2588 gratiae
3981 2503 4119 2568 eius
4174 2501 4558 2568 miraculum

2618 2592 2916 2675 fulgeret.
3008 2588 3174 2671 Quis
3231 2589 3404 2655 enim
3464 2597 3764 2671 putasset
3822 2590 3964 2654 fieri
4023 2610 4211 2671 posse
4266 2597 4348 2653 ut
4389 2590 4561 2653 intra

2620 2698 2826 2743 annos
2893 2676 3205 2742 ducentos
3271 2697 3355 2740 ex
3421 2675 3533 2741 illa
3599 2675 3930 2759 paucitate
3995 2676 4318 2740 immensa
4385 2673 4562 2757 copia

2619 2761 3029 2847 emergeret?
3111 2761 3249 2826 Nec
3301 2783 3459 2827 sane
3510 2760 3898 2826 humanitus
3952 2761 4194 2826 factum
4252 2769 4383 2835 ost,
4450 2755 4558 2825 sed

2618 2860 2962 2933 postquam
3027 2846 3209 2913 Deus
3274 2847 3343 2911 in
3410 2847 3691 2912 exilibus
3765 2847 4286 2931 contemptisque
4366 2846 4561 2910 initiis

2620 2957 2740 3002 suo
2761 2954 2944 2999 more
2967 2933 3257 2999 ludentis
3279 2935 3559 3017 speciem
3591 2934 3913 3016 praebuit,
3951 2934 4169 2999 subita
4203 2940 4269 2998 et
4305 2931 4563 2997 insolita

2621 3021 3165 3105 multiplicatione
3200 3019 3522 3086 illustrius
3558 3019 3883 3104 patefacta
3917 3019 4040 3086 fuit
4074 3021 4215 3086 eius
4247 3016 4560 3103 potentia.

2623 3109 2777 3174 Alia
2821 3107 3053 3191 quibus
3097 3106 3266 3171 nihil
3320 3117 3433 3170 aut
3489 3127 3725 3190 parum
3787 3106 4052 3172 videtur
4110 3104 4384 3172 subesse
4428 3124 4562 3169 mo-

2621 3194 2856 3269 menti,
2898 3199 3250 3277 praetereO.

2793 3280 2896 3345 26.
2946 3278 3074 3344 Hic
3105 3285 3197 3344 est
3229 3277 3493 3344 Aharon
3529 3282 3584 3342 et
3619 3277 3851 3344 Moses.
3916 3277 4067 3343 Non
4105 3279 4221 3345 abs
4256 3300 4331 3344 re
4377 3276 4562 3342 toties

2622 3367 2909 3433 inculcat
2952 3366 3171 3430 Moses
3225 3364 3607 3447 impositum
3664 3364 3864 3430 fuisse
3925 3362 4047 3429 sibi
4103 3377 4170 3429 et
4211 3363 4404 3430 fratri
4447 3361 4563 3426 hoc

2622 3474 2865 3519 munus
2889 3451 3017 3516 Dei
3052 3452 3252 3532 iussu,
3299 3460 3437 3516 tum
3474 3458 3547 3516 ut
3583 3451 3871 3515 sentiant
3914 3449 4259 3516 Israelitae
4302 3445 4563 3518 coelesti

2623 3540 2837 3624 gratia
2895 3559 2965 3602 se
3023 3536 3224 3602 fuisse
3278 3557 3360 3601 ex
3421 3535 3933 3619 profundissima
3985 3537 4221 3622 abysso
4286 3544 4559 3620 ereptos,

2626 3637 2765 3690 tum
2815 3635 2886 3689 ut
2926 3631 3181 3688 mentes
3240 3635 3548 3689 revocent
3603 3621 3686 3686 ad
3744 3622 4085 3705 antiquum
4133 3621 4263 3689 Dei
4321 3619 4561 3697 foedus,

2626 3721 2693 3777 et
2759 3717 3121 3794 agnoscant
3183 3729 3366 3792 spem
3443 3724 3708 3792 patrum
3787 3730 3916 3774 non
3996 3709 4198 3774 fuisse
4277 3708 4559 3774 irritam:

2623 3804 2950 3881 postremo
2997 3804 3070 3860 ut
3113 3797 3182 3860 in
3227 3798 3521 3860 futurum
3566 3802 3824 3877 tempus
3869 3816 3938 3860 se
3984 3802 4153 3861 totos
4199 3795 4345 3860 Deo
4389 3788 4562 3860 addi·

2624 3891 2793 3950 cant.
2886 3880 3168 3946 Videtur
3211 3891 3429 3945 autem
3489 3880 3752 3964 obliqua
3808 3901 3950 3946 esse
4003 3881 4353 3947 antithesis
4397 3881 4562 3943 inter

2625 3968 2848 4054 populi
2892 3968 3247 4045 exercitus,
3316 3979 3382 4032 et
3439 3965 3603 4032 duos
3662 3966 3827 4032 viles
3885 3976 4078 4049 atque
4121 3967 4410 4033 abiectos
4454 3964 4560 4028 ho·

2627 4055 2855 4120 mines.
2953 4053 3188 4138 Longe
3244 4054 3422 4117 enim
3479 4063 3690 4118 tanto¹
3718 4054 3898 4117 oneri
3954 4052 4221 4119 ferendo
4282 4053 4563 4135 impares

2624 4141 2937 4216 fuissent,
3000 4139 3128 4205 nisi
3185 4138 3571 4204 mirabiliter
3615 4138 3799 4204 Deus
3858 4159 3975 4222 per
4026 4161 4251 4204 eorum
4296 4154 4560 4205 manum

2627 4223 2955 4311 operando
3027 4245 3211 4308 spem
3290 4226 3585 4289 omnium
3662 4234 4054 4307 superasset.
4164 4224 4322 4290 Ideo
4398 4222 4561 4287 hanc

2627 4313 2906 4399 gratiam
2941 4310 3094 4376 alibi
3130 4309 3542 4377 commendat
3576 4310 3865 4395 spiritus,
3891 4310 4064 4394 quod
4101 4309 4365 4376 duxerit
4388 4310 4560 4374 Deus

2628 4399 2815 4483 quasi
2870 4418 3025 4463 oves
3082 4396 3393 4480 populum
3446 4417 3635 4462 suum
3681 4397 3801 4462 sub
3847 4395 4100 4462 duobus
4145 4397 4249 4462 his
4293 4390 4559 4481 pastori·

2629 4486 2751 4550 bus
2816 4481 3015 4570 (Psal.
3064 4484 3166 4561 77,
3209 4480 3340 4569 21).
3441 4482 3619 4563 Quid
3688 4483 3863 4548 enim
3931 4485 4151 4548 minus
4213 4477 4557 4566 probabile,

2627 4590 2823 4654 quam
2866 4571 3201 4653 ingentem
3249 4568 3763 4647 multitudinem,
3810 4590 3973 4652 quae
4017 4568 4241 4652 plures
4284 4569 4563 4635 efficeret

2628 4658 2934 4741 populos,
2972 4655 3251 4721 duorum
3294 4654 3634 4719 hominum
3678 4655 3952 4738 imperio
3994 4677 4255 4740 parere,
4299 4650 4557 4721 consilio

2629 4744 2788 4829 regi,
2825 4751 2892 4807 et
2923 4762 3119 4825 opera
3154 4742 3224 4805 in
3263 4762 3464 4806 unum
3501 4740 3719 4824 colligi
3755 4762 3961 4824 posse,
4008 4748 4083 4806 ut
4117 4738 4557 4826 potentissimo

2629 4841 2657 4894 t
2707 4849 2913 4894 ranno
2979 4836 3390 4912 repugnante
3454 4827 3523 4891 in
3592 4826 3788 4892 aliam
3857 4838 4098 4893 terram
4158 4818 4554 4912 migrarent?

2693 4933 2801 4979 am
2859 4914 3068 4997 qualis
3134 4915 3473 4996 utriusque
3528 4911 3656 4977 fuit
3714 4914 4059 4988 autoritas,
4116 4925 4188 4979 ut
4233 4908 4554 4980 duodecim

2629 5001 2953 5066 exercitus
3030 4997 3366 5064 ordinibus
3445 4999 3584 5063 suis
3665 4983 4001 5065 distinctos
4079 4991 4557 5083 gubernarent?

2629 5087 2823 5168 Quod
2869 5084 3036 5151 nulli
3082 5086 3322 5151 terreni
3368 5105 3559 5169 reges
3603 5085 3848 5167 opibus,
3894 5085 4275 5170 prudentia,
4324 5097 4556 5149 terrore

2628 5185 2693 5237 et
2737 5172 2934 5236 minis
2978 5172 3285 5255 consequi
3331 5179 3629 5253 possent,
3684 5170 3864 5237 nullo
3921 5173 4183 5256 negotio
4227 5171 4410 5238 Deus
4450 5183 4559 5249 per

2630 5258 2793 5322 duos
2838 5256 3136 5323 homines
3180 5257 3507 5335 imbelles,
3572 5277 3784 5340 neque
3843 5279 3969 5323 usu
4029 5259 4301 5342 peritos,
4359 5268 4556 5334 neque

2629 5345 2805 5410 fama
2839 5342 3125 5410 celebres
3161 5344 3515 5427 praestitit:
3555 5364 3757 5427 quum
3783 5343 4004 5410 Moses
4037 5345 4175 5427 ipse
4196 5345 4293 5410 rei
4317 5336 4555 5424 magni·
