4867 6150
388 470 510 537 341

393 665 518 723 tur.
587 655 756 722 Nam
784 666 958 722 certe
1001 656 1126 722 hac
1150 656 1566 723 caeremonia
1608 666 1946 722 ostensum
1992 656 2119 722 fuit
2161 656 2334 740 quod

393 743 579 809 docet
637 742 889 808 Paulus
949 743 1015 826 (1
1077 743 1313 809 Timot.
1370 743 1445 818 4,
1491 741 1593 829 5),
1659 742 2052 809 sanctificari
2117 744 2336 808 omnia

393 828 691 914 precibus
730 838 798 894 et
844 829 1069 895 verbo:
1129 850 1259 894 non
1321 828 1492 912 quod
1552 851 1666 912 per
1725 851 1795 895 se
1848 827 2200 912 quidquam
2247 830 2338 894 sit

392 919 755 998 impurum:
800 916 911 981 sed
959 917 1115 998 quia
1156 937 1238 980 ex
1295 915 1712 998 corruptione
1770 915 2055 980 hominis
2114 925 2332 980 conta-

394 1003 653 1086 gionem
702 1014 878 1066 terra
921 1002 1278 1067 contraxit:
1328 1002 1561 1066 merito
1606 1001 1818 1083 quoad
1863 1022 1982 1066 nos
2026 1001 2337 1065 innoxiae

395 1089 590 1152 etiam
635 1087 859 1170 fruges
902 1098 1258 1153 censentur
1312 1087 1555 1153 habere
1608 1087 2088 1152 immunditiem
2149 1107 2336 1169 prae-

394 1175 582 1258 putii.
651 1172 729 1238 In
777 1194 1036 1238 summa
1077 1173 1286 1238 voluit
1321 1174 1504 1239 Deus
1547 1173 1899 1239 maceriam
1944 1173 2337 1249 interficere,

395 1281 524 1342 qua
565 1260 874 1343 populum
923 1281 1116 1326 suum
1162 1282 1199 1324 a
1244 1259 1551 1344 gentibus
1595 1271 1961 1342 separaret,
2023 1278 2098 1323 ac
2141 1258 2338 1324 simul

396 1344 985 1424 commonefacere,
1054 1367 1280 1410 eorum
1341 1367 1506 1429 quae
1564 1355 1742 1410 terra
1810 1345 2111 1428 producit
2178 1343 2341 1428 legi·

394 1433 625 1496 timum
696 1452 882 1496 usum
956 1433 1214 1497 nonnisi
1275 1432 1592 1515 singulari
1662 1430 2005 1515 privilegio
2091 1452 2130 1497 a
2187 1430 2343 1497 filiis

394 1517 580 1584 Adae
637 1517 899 1602 percipi.
1002 1516 1136 1583 Sed
1196 1518 1541 1602 aptissima
1606 1518 1734 1582 fuit
1800 1518 2128 1600 praeputii
2188 1525 2343 1581 ante

397 1602 764 1670 condictum
856 1604 1373 1670 circumcisionis
1470 1624 1718 1668 annum
1787 1603 2181 1682 similitud0,
2269 1612 2344 1667 ut

398 1698 865 1774 agnoscerent,
924 1689 1151 1754 eodem
1215 1690 1356 1755 iure
1414 1711 1543 1773 quo
1598 1689 1959 1755 consecrati
2029 1698 2220 1755 erant
2272 1687 2341 1753 in

400 1775 522 1840 Dei
584 1777 942 1859 peculium.
1004 1796 1205 1860 puros
1276 1776 1399 1843 sibi
1478 1776 1786 1842 arborum
1858 1796 2000 1841 esse
2071 1776 2342 1841 fructus.

397 1863 604 1928 Porro
651 1885 732 1927 ne
774 1863 997 1945 gravis
1040 1863 1127 1926 sit
1170 1863 1364 1926 trium
1412 1882 1734 1927 annorum
1780 1862 2124 1938 sterilitas,
2170 1882 2345 1926 com-

399 1950 850 2032 pensationem
895 1949 1227 2031 promittit
1281 1969 1362 2013 ex
1424 1949 1645 2013 futura
1690 1948 1815 2013 Dei
1875 1946 2343 2026 benedictione,

398 2036 549 2117 quia
595 2035 702 2099 ubi
762 2035 843 2098 ab
902 2035 1241 2099 immundo
1296 2036 1514 2099 fructu
1572 2033 2042 2113 abstinuerint,
2099 2032 2345 2117 largior

400 2133 758 2203 proventus
801 2121 867 2184 in
915 2132 1245 2204 posterum
1293 2120 1654 2202 sperandus
1697 2120 1842 2186 fuit.

568 2207 673 2272 26.
723 2206 870 2271 Non
910 2206 1300 2272 attondebitis
1351 2226 1607 2272 comam.
1698 2204 1987 2289 Liquido
2048 2213 2343 2286 apparet,

399 2313 531 2357 non
580 2293 756 2357 aliud
804 2292 1002 2357 fuisse
1041 2292 1168 2356 Dei
1210 2291 1558 2359 consilium
1604 2311 1797 2374 quam
1845 2303 1918 2355 ut
1961 2289 2344 2374 interposito

400 2378 728 2444 obstaculo
774 2378 1085 2461 populum
1131 2399 1324 2443 suum
1381 2398 1421 2441 a
1477 2378 1767 2461 profanis
1820 2375 2126 2460 gentibus
2183 2376 2340 2442 diri-

399 2476 625 2530 meret.
705 2463 889 2529 Nihil
934 2463 1111 2528 enim
1158 2464 1369 2548 magis
1415 2462 1701 2546 proclive
1746 2484 1938 2546 quam
1987 2476 2062 2527 ut
2106 2461 2215 2527 alii
2261 2463 2344 2529 ad

396 2549 668 2615 aliorum
714 2548 1256 2616 consuetudinem
1304 2571 1373 2615 se
1417 2550 1719 2614 forment.
1786 2549 1891 2613 Ita
1932 2551 2010 2615 fit
2053 2556 2129 2613 ut
2171 2549 2344 2615 inter

396 2658 465 2701 se
526 2639 700 2700 ultro
757 2638 1049 2718 citroque
1104 2637 1588 2702 communicent
1653 2657 1773 2701 sua
1831 2635 2014 2700 vitia.
2117 2634 2341 2715 Quare

395 2723 461 2786 in
509 2724 736 2805 primis
780 2722 1139 2789 cavendnm
1187 2723 1312 2787 fuit
1356 2744 1436 2786 ne
1482 2721 1760 2805 populus
1796 2720 2004 2787 Israel
2050 2722 2222 2787 susci
2274 2743 2339 2787 e·

397 2818 498 2872 ret
553 2824 810 2873 exteros
866 2811 1062 2888 ritus,
1122 2821 1189 2874 et
1245 2808 1368 2874 hac
1423 2807 1738 2874 facilitate
1792 2828 1831 2873 a
1887 2807 2171 2891 genuino
2282 2808 2339 2872 ei

395 2895 577 2960 cultu
624 2897 960 2960 deficeret:
1023 2895 1197 2960 unde
1241 2895 1437 2959 etiam
1485 2893 1767 2959 obtinuit
1825 2894 2119 2977 vulgaris
2164 2914 2340 2974 usus,

398 2993 471 3045 ut
513 3002 857 3046 commune
896 2980 1222 3065 acciperet
1264 3001 1383 3063 pro
1443 2979 1800 3044 immundo.
1891 2977 2139 3046 Severe
2181 3000 2340 3064 ergo
2381 3015 2386 3019 ·

395 3066 698 3151 prohibet
752 3067 937 3133 Deus
1003 3090 1084 3133 ne
1142 3066 1529 3134 declinando
1589 3064 1671 3131 ad
1740 3065 2039 3151 gentium
2105 3087 2338 3144 mores,

397 3154 749 3219 discrimen
796 3176 834 3218 a
877 3177 948 3219 se
993 3155 1279 3238 positum
1324 3152 1744 3219 confundant.
1812 3151 2022 3217 Notas
2067 3152 2134 3217 in
2172 3152 2340 3219 facie

394 3239 699 3321 incidere,
739 3260 988 3305 comam
1033 3239 1306 3305 tondere
1349 3239 1431 3305 ad
1489 3250 1704 3304 certos
1752 3237 1995 3320 gradus
2056 3238 2160 3305 vel
2213 3241 2339 3305 cir-

396 3326 592 3400 culos,
639 3337 706 3392 et
751 3328 815 3390 in
863 3327 1038 3392 luctu
1084 3347 1348 3391 carnem
1408 3346 1592 3390 suam
1638 3326 1958 3400 lacerare,
2008 3323 2114 3390 vel
2175 3326 2336 3409 stig-

398 3413 680 3478 matibus
724 3413 1002 3490 foedare,
1051 3433 1184 3476 non
1229 3410 1499 3476 dubium
1561 3412 1719 3494 quin
1778 3410 2087 3494 gentibus
2144 3413 2343 3477 usita-

399 3510 532 3561 tum
580 3497 780 3563 fuerit
814 3499 1297 3581 superstitionis
1341 3518 1555 3563 causa.
1623 3497 1867 3562 Notum
1892 3506 1990 3562 est
2029 3505 2104 3561 ut
2146 3496 2342 3562 sacri-

396 3585 501 3649 fici
548 3583 829 3668 Cybeles
873 3584 1104 3650 cultris
1149 3605 1223 3650 ac
1271 3583 1604 3649 novaculis
1648 3603 1909 3648 carnem
1971 3603 2153 3647 suam
2202 3582 2341 3648 lan·

395 3671 730 3746 cinarent,
794 3692 869 3736 ac
915 3670 1299 3736 vulneribus
1353 3692 1423 3734 se
1473 3680 1640 3748 totos
1697 3668 2068 3746 foedarent,
2127 3678 2341 3734 osten·

397 3756 578 3820 tandi
637 3757 755 3821 zeli
803 3777 1016 3822 causa.
1108 3757 1184 3820 ld
1232 3756 1380 3822 aliis
1416 3756 1613 3820 etiam
1660 3775 2008 3821 commune
2052 3755 2208 3820 fuit:
2257 3757 2342 3820 si·

393 3843 531 3907 cuti
610 3864 995 3927 pomparum
1087 3844 1343 3909 obiectu
1421 3839 1707 3906 mundus
1803 3840 1990 3905 facile
2068 3842 2339 3924 capitur.

397 3928 786 4011 Quanquam
857 3940 1075 3993 autem
1143 3939 1285 3993 erat
1352 3928 1417 3992 id
1484 3948 1602 4009 per
1667 3947 1737 3992 se
1781 3927 2102 4007 medium,
2153 3925 2340 3992 Deus

397 4028 615 4079 tamen
665 4015 900 4099 populo
944 4035 1060 4079 suo
1106 4015 1314 4078 noluit
1357 4015 1630 4079 liberum
1677 4033 1849 4092 esse,
1907 4023 1985 4077 ut
2028 4024 2337 4095 tanquam

397 4102 582 4182 pueri
627 4123 709 4165 ex
757 4102 977 4184 parvis
1021 4100 1409 4165 rudimentis
1469 4100 1812 4175 discerent,
1858 4120 1928 4164 se
1973 4120 2103 4164 non
2149 4099 2342 4164 aliter

400 4185 540 4250 Deo
587 4189 720 4251 fore
765 4201 988 4270 gratos
1033 4186 1159 4252 nisi
1203 4187 1447 4251 exteris
1502 4197 1570 4249 et
1629 4184 2059 4268 praeputiatis
2120 4197 2342 4250 essent

395 4293 661 4354 prorsus
707 4273 1075 4347 dissimiles,
1113 4293 1188 4336 ac
1233 4271 1611 4356 longissime
1648 4273 1951 4336 abessent
1985 4270 2066 4335 ab
2111 4293 2338 4337 eorum

395 4359 747 4440 exemplis:
823 4360 1204 4442 praesertim
1277 4378 1431 4423 vero
1498 4357 1663 4421 ritus
1742 4378 1967 4421 omnes
2033 4357 2341 4441 fugerent

397 4444 631 4525 quibus
710 4457 949 4510 testata
1025 4445 1229 4511 fiebat
1307 4442 1555 4527 religio.
1664 4442 2093 4524 Experientia
2161 4445 2336 4508 enim

395 4530 583 4594 docet
625 4543 1023 4614 quantopere
1069 4550 1301 4594 verum
1348 4530 1475 4594 Dei
1519 4528 1768 4594 cultum
1814 4530 2118 4593 obscuret
2151 4531 2338 4611 quid·

396 4617 549 4698 quid
599 4627 697 4680 est
741 4617 1113 4696 ascititium,
1159 4626 1227 4682 et
1271 4638 1465 4700 quam
1512 4614 1704 4680 facile
1738 4615 2056 4696 obrepant
2100 4636 2339 4698 pravae

396 4703 925 4783 superet-itiones,
981 4703 1092 4769 ubi
1139 4703 1262 4767 Dei
1322 4701 1526 4767 verbo
1585 4714 1938 4765 assuuntur
1998 4700 2335 4767 hominum

394 4802 782 4853 commenta.
860 4789 1094 4854 Posset
1137 4787 1398 4871 quidem
1443 4808 1598 4871 pars
1641 4788 1787 4866 ista,
1835 4784 2049 4868 Super
2085 4801 2341 4855 mortuo

395 4896 528 4938 non
595 4875 841 4941 incides
886 4887 1006 4941 etc.
1062 4874 1303 4958 exponi
1359 4884 1674 4956 tanquam
1733 4872 2063 4937 immodici
2123 4873 2342 4942 luctus

395 4963 739 5026 correctio:
785 4962 938 5045 quia
980 4963 1223 5027 scimus
1260 4981 1453 5042 quam
1493 4961 2004 5042 intemperanter
2046 4959 2346 5026 ferantur

398 5046 698 5112 homines
757 5048 1076 5113 adversus
1136 5045 1350 5112 Deum
1428 5045 1536 5111 ubi
1605 5044 1808 5109 dolori
1868 5066 1986 5110 suo
2055 5044 2345 5113 habenas

396 5134 651 5198 laxant:
702 5155 929 5199 verum
978 5134 1131 5215 quia
1153 5134 1309 5197 finis
1353 5133 1649 5216 gentium
1686 5143 1848 5210 erat,
1893 5131 2067 5195 insta
2090 5132 2344 5199 solvere

396 5222 689 5295 mortuis,
736 5233 801 5284 ct
828 5219 1063 5285 ferales
1109 5221 1450 5301 exsequias
1487 5217 1768 5302 quodam
1817 5216 2054 5300 piaculi
2101 5240 2344 5302 genere

395 5306 758 5384 celebrare,
815 5305 1152 5390 probabile
1207 5316 1307 5370 est
1363 5327 1438 5370 ac
1499 5304 1732 5369 melius
1789 5303 2136 5384 convenit,
2202 5315 2344 5371 toto

395 5405 706 5458 contextu
755 5392 1055 5458 damnari
1101 5400 1551 5474 praeposteros
1607 5402 1862 5473 gestus,
1921 5389 2034 5472 qui
2078 5393 2344 5475 pietatis

1851 466 2229 534 PRIMUM
2273 466 2923 535 PRAEOEPTUM.

4263 470 4397 536 342

2438 664 2632 722 erant
2676 657 3049 724 testimonia
3091 658 3267 724 inter
3311 665 3561 743 gentes,
3607 657 3679 723 in
3724 656 3963 742 populo
4008 664 4226 723 autem
4264 658 4395 724 Dei

2434 743 2716 809 fuissent
2757 745 3279 828 inquinamenta.
3346 743 3531 809 Idem
3579 765 3660 809 ex
3699 743 3843 810 loco
3869 744 4390 824 Deuteronomii,

2439 830 2549 912 qui
2595 830 2892 912 proxime
2934 831 3247 913 sequitur,
3293 829 3531 896 clarius
3573 838 3790 913 patet:
3836 830 3949 895 ubi
3993 830 4394 896 coniunctim

2440 916 2793 981 incisuram
2838 926 2906 983 et
2948 917 3289 983 calvitium
3333 937 3531 999 super
3567 925 3821 981 mortuo
3857 916 4127 981 damnat
4151 916 4392 994 Moses,

2439 1002 2623 1084 quasi
2668 1023 2808 1067 rem
2854 1023 3087 1079 unam,
3144 1010 3214 1068 et
3270 1003 3482 1086 legem
3541 1004 3884 1068 confirmat
3936 1001 4234 1086 generali
4286 1021 4393 1066 ra-

2439 1088 2644 1153 tione:
2692 1086 2865 1171 quod
2908 1110 2979 1154 se
3024 1088 3305 1154 debeant
3347 1087 3429 1153 ab
3472 1088 3653 1154 omni
3701 1088 4202 1171 inquinamento
4236 1088 4394 1153 sub·

2442 1170 2714 1250 ducere,
2773 1183 3083 1258 tanquam
3140 1174 3260 1239 filii
3319 1174 3477 1240 Dei:
3545 1172 3807 1258 quando
3863 1173 4053 1239 electi
4109 1181 4267 1240 sunt
4321 1174 4396 1238 in

2442 1259 2759 1343 populum
2819 1260 3237 1343 peculiarem.
3328 1263 3426 1326 Ac
3483 1260 3540 1326 si
3600 1259 3877 1334 diceret,
3934 1260 4191 1324 irritam
4250 1260 4397 1325 fieri

2448 1344 2573 1409 Dei
2618 1346 2925 1429 gratiam,
2970 1347 3024 1412 si
3071 1346 3234 1412 nihil
3281 1346 3361 1412 ab
3407 1345 3643 1412 alienis
3687 1345 3997 1430 gentibus
4056 1343 4388 1411 differant.

2445 1429 2639 1512 Quod
2697 1432 2938 1498 electos
2991 1453 3137 1498 esse
3196 1432 3358 1499 dicit
3413 1454 3493 1497 ex
3550 1433 3804 1498 cunctis
3906 1431 4203 1510 entibus,
4263 1450 4395 1496 non

2444 1537 2680 1600 parum
2723 1517 3012 1583 illustrat
3075 1519 3429 1603 gratuitam
3475 1518 3604 1583 Dei
3663 1516 4210 1595 misericordiam,
4267 1537 4399 1599 qua

2447 1622 2559 1669 eos
2604 1604 2909 1687 dignatus
2952 1613 3055 1670 est
3096 1606 3269 1670 solos
3304 1602 3696 1690 posthabitis
3719 1603 4046 1687 gentibus,
4091 1601 4173 1667 ad
4211 1622 4398 1686 spem

2448 1697 2754 1756 aeternae
2799 1690 3030 1757 salutis
3075 1711 3334 1758 vocans.
3423 1690 3656 1774 Neque
3700 1690 3877 1754 enim
3940 1688 4044 1754 vel
4090 1688 4399 1755 nobilitas

2444 1775 2517 1839 in
2574 1775 2708 1840 illis
2776 1785 3038 1859 reperta
3092 1787 3223 1858 est,
3291 1776 3396 1844 vel
3457 1797 3731 1842 numero
3796 1774 4224 1852 excellebant,
4296 1773 4398 1839 vel

2447 1862 2680 1943 quavis
2725 1862 2855 1928 alia
2902 1866 3335 1945 praestantia,
3379 1885 3497 1929 cur
3540 1864 3717 1946 ipsos
3761 1861 3882 1926 toti
3926 1858 4173 1926 mundo
4217 1879 4402 1943 prae-

2447 1945 2669 2014 ferret.
2760 1947 3115 2014 Caeterum
3154 1951 3275 2017 hoc
3330 1948 3601 2017 consilio
3645 1946 3980 2031 singulare
4025 1944 4155 2012 Dei
4199 1945 4397 2011 bene-

2446 2033 2664 2098 ficium
2706 2035 3122 2100 commendat
3146 2037 3364 2104 Moses
3408 2057 3538 2118 quo
3582 2035 3794 2117 magis
3837 2033 4237 2098 exhorreant
4273 2032 4400 2096 im-

2445 2141 2679 2201 puram
2725 2121 3289 2204 commixtionem,
3341 2142 3470 2207 qua
3513 2143 3582 2188 se
3629 2119 3935 2205 gentibus
3979 2117 4318 2203 aequando
4364 2140 4404 2184 a

2445 2216 2631 2271 tanto
2676 2206 2924 2272 honore
2960 2208 3370 2275 excidebant.

3029 2548 3162 2615 Ex
3203 2546 3511 2614 anrr.
3557 2544 3792 2632 xx1).

2619 2719 2722 2785 25.
2799 2719 2924 2785 Vos
2994 2740 3232 2802 quoque
3299 2717 3636 2785 discrimen
3699 2716 3889 2799 facite
3944 2717 4106 2782 inter
4158 2715 4404 2782 animal

2446 2806 2750 2870 mundum
2795 2809 2852 2870 et
2894 2806 3313 2884 immundum,
3373 2810 3431 2870 et
3472 2805 3638 2869 inter
3678 2822 3856 2868 avem
3911 2802 4306 2867 inmundam
4346 2805 4403 2867 et

2445 2893 2768 2970 mundam,
2813 2896 2871 2957 et
2909 2912 2988 2957 ne
3028 2889 3479 2957 abominabiles
3519 2889 3801 2954 reddatis
3853 2888 4106 2954 animas
4163 2892 4401 2953 vestras

2445 2980 2519 3044 in
2561 2977 2951 3045 animalibus
2991 2983 3046 3043 et
3073 2975 3452 3054 volatilibus,
3497 2980 3682 3058 atque
3724 2975 3796 3039 in
3840 2975 4011 3039 omni
4052 2974 4220 3056 quod
4255 2992 4399 3055 rep-

2444 3070 2536 3131 tat
2592 3066 2662 3131 in
2711 3069 2911 3131 terra.-
2979 3085 3139 3145 quae
3190 3062 3489 3145 separavi
3544 3059 3719 3127 vobis
3773 3059 3859 3125 ad
3911 3059 4397 3125 immunditiam

2445 3153 2551 3218 26.
2597 3151 2809 3218 Eritis
2850 3155 3059 3216 autem
3099 3149 3305 3215 sancti
3346 3148 3538 3213 mihi.-
3594 3148 3747 3228 quia
3804 3151 4060 3212 sanctus
4099 3163 4247 3210 sum
4289 3164 4398 3230 eqo

2446 3238 2700 3314 leheim,
2743 3243 2798 3303 et
2838 3236 3137 3318 separavi
3175 3254 3285 3301 vos
3328 3256 3372 3299 a
3403 3232 3682 3317 populis,
3727 3238 3798 3298 ut
3838 3232 4054 3298 essetis
4094 3232 4235 3297 mei.

3180 3576 3487 3643 LEVIT.
3535 3575 3660 3641 XI.

2619 3752 2676 3817 1.
2723 3751 2813 3816 Et
2854 3750 3144 3832 loquutus
3199 3752 3290 3815 est
3332 3747 3567 3814 lehova
3609 3748 3695 3813 ad
3738 3745 3963 3814 Mosen
4018 3750 4074 3812 et
4117 3745 4401 3827 Abaran,

2442 3839 2694 3905 dicendo
2721 3838 2807 3903 ad
2850 3857 2988 3902 eos.-
3050 3836 3110 3902 2.
3138 3834 3507 3917 Loquimini
3530 3833 3618 3899 ad
3644 3833 3813 3916 filios
3836 3832 4062 3913 Israel,
4104 3832 4402 3899 dicendo:

2444 3926 2619 3991 Haec
2660 3929 2808 3991 sunt
2851 3922 3165 3989 animalia
3204 3940 3367 4004 qaae
3418 3920 3740 3986 comedetis
3796 3940 3873 3985 ex
3927 3917 4213 3984 omnibus
4253 3918 4395 3984 ani-

2440 4011 2715 4077 malibus
2756 4031 2914 4092 quae
2969 4012 3119 4074 sunt
3171 4027 3363 4087 super
3413 4011 3679 4072 terram.-
3750 4006 3809 4070 3.
3863 4004 4056 4071 Omne
4103 4004 4391 4070 dividens

2441 4097 2746 4181 unyulam
2787 4101 2842 4161 et
2881 4096 3129 4177 findens
3163 4093 3469 4174 fissuram
3510 4113 3556 4157 u
3905 4141 3921 4171 ,
3963 4095 4021 4156 et
4060 4091 4395 4156 ruminans

2441 4186 2604 4250 inter
2658 4182 2970 4249 animalia
2986 4232 3002 4260 ‚
3055 4180 3221 4247 illud
3260 4178 3597 4245 comedetis.
3689 4178 3750 4242 4.
3810 4177 4247 4242 Verumtamen
4287 4175 4397 4242 hoc

2442 4290 2570 4336 non
2612 4270 2934 4336 eonaedetis
2974 4288 3052 4333 ex
3094 4265 3197 4332 his
3238 4285 3398 4347 qaae
3439 4264 3797 4343 ruminant,
3859 4268 3917 4328 et
3962 4282 4039 4328 ex
4080 4261 4184 4327 his
4236 4282 4398 4344 quae

2442 4356 2737 4423 dividunt
2759 4355 3082 4438 unqulam,
3127 4351 3444 4431 camelum,
3488 4351 3642 4432 quia
3667 4349 3967 4426 ruminat,
4014 4352 4072 4413 et
4091 4348 4397 4433 unyulam

2441 4444 2578 4525 ipse
2620 4462 2743 4507 non
2785 4441 3047 4506 dividit.-
3104 4436 3473 4504 unimundus
3514 4436 3636 4501 erit
3687 4433 3879 4500 vobis.
3967 4433 4028 4499 5.
4076 4433 4165 4499 Et
4215 4434 4394 4501 euni-

2615 4713 2673 4784 1)
2710 4716 2882 4768 Autre
2917 4710 3264 4792 dependence
3311 4708 3577 4763 touchant
3622 4708 3703 4761 les
3750 4709 3933 4790 bestes
3978 4723 4144 4777 pures
4191 4723 4261 4761 ou
4297 4708 4395 4761 im·

2442 4800 2772 4907 ism..
2820 4773 4398 4927 mmm.53‚“222.⁶.‚s.2·⁶s”d;·;z·s..“3rses

2444 4923 2631 4976 doctos
2665 4939 2778 4976 non
2813 4919 3036 4974 omnino
3069 4923 3297 4972 constat.
3367 4916 3500 4971 Lev.
3536 4933 3585 4968 v.
3625 4915 3709 4969 11.
3744 4915 4046 4976 cuniculus,
4098 4915 4149 4967 le
4198 4915 4396 4969 oonml.

2443 4991 2616 5045 v.13:
2651 4990 2910 5061 gryphus,
2932 4988 3172 5057 l’orfray3
3209 4986 3522 5048 haliaeetus,
3557 4986 3609 5038 le
3626 4986 3849 5054 saucon3
3884 4999 3934 5037 v.
3971 4981 4055 5036 14.
4073 4981 4257 5050 (Dcut.
4278 4981 4347 5035 13
4380 5000 4397 5037 ε

2444 5062 2585 5131 ixus‚
2620 5061 2673 5113 10
2708 5060 2963 5127 tercelet3
3014 5058 3215 5118 vultur,
3268 5056 3320 5109 le
3363 5055 3562 5120 milan3
3614 5055 3829 5120 milvus,
3866 5053 3921 5106 le
3954 5053 4137 5105 milan.
4209 5066 4257 5104 v.
4295 5050 4328 5103 1
4379 5071 4393 5105 ε

2445 5138 2664 5193 noctua,
2699 5130 2756 5182 la
2788 5127 3049 5187 hullott03
3098 5125 3270 5191 larus,
3305 5126 3358 5179 10
3394 5139 3540 5178 cocu.
3612 5139 3663 5178 v.
3701 5121 3795 5176 17:
3845 5122 4162 5192 nycticorax
4207 5118 4395 5189 (Dent.

2444 5198 2753 5267 herodius),
2790 5200 2845 5250 la
2880 5197 3162 5256 chouette;
3197 5194 3500 5262 mergulus,
3546 5192 3597 5245 le
3633 5192 3930 5261 plongeom
3967 5188 4088 5271 ibis,
4123 5189 4175 5243 le
4211 5189 4393 5245 bibon.

2444 5284 2493 5321 v.
2532 5267 2613 5321 18.
2652 5268 3006 5336 porphyrius,
3044 5265 3095 5316 10
3132 5270 3455 5316 coi-morant.
3527 5277 3576 5316 v.
3613 5261 3696 5315 19.
3734 5258 4078 5321 charadrius,
4119 5259 4169 5310 le
4204 5258 4396 5316 heron.

2446 5353 2496 5391 v.
2525 5334 2610 5390 22.
2647 5343 2876 5400 attacus,
2917 5334 3288 5402 ophiomacns‚
3316 5330 3577 5391 bruchns;
3612 5332 3701 5385 hie
3735 5329 3961 5384 nomina
3993 5327 4250 5383 hebraica
4283 5342 4395 5383 ser-

2444 5413 2666 5461 vantur.
2734 5405 2811 5459 In
2842 5403 3072 5476 reliquis
3103 5400 3246 5455 nihil
3276 5406 3471 5456 notata
3506 5397 3747 5468 dignum.

3879 5480 3982 5535 22*
