4867 6150
539 442 672 510 539

542 632 741 698 huius
782 630 910 697 loci
951 637 1069 711 est,
1115 638 1191 695 ut
1233 636 1371 696 tam
1414 630 1483 697 in
1529 630 1867 696 sacrificiis
1910 629 2293 696 solennibus
2327 648 2494 712 quae

544 719 655 785 lex
698 717 929 802 exigit,
972 738 1166 800 quam
1209 715 1281 781 in
1327 716 1719 783 voluntariis
1752 715 2235 800 proportionem
2272 714 2495 781 obser-

545 813 732 871 vent:
783 801 862 869 de
905 824 1038 884 qua
1080 800 1236 868 alibi
1281 800 1589 868 vidimus.

723 889 824 954 14.
869 887 960 954 Et
999 909 1193 972 quum
1220 888 1684 972 pereyrinatus.
1752 887 2151 973 Peregrinos
2185 884 2498 971 intelligit

548 997 684 1042 11611
727 973 1050 1060 quoslibet
1065 1025 1081 1053 ,
1140 974 1256 1041 sed
1299 975 1411 1058 qui
1458 972 1724 1040 oriundi
1770 996 1809 1039 a
1852 973 2141 1056 profanis
2186 971 2497 1056 gentibus

545 1062 692 1128 Deo
736 1081 976 1126 nomen
1020 1059 1366 1140 dederant,
1425 1067 1621 1145 atque
1679 1061 1774 1124 ita
1817 1060 2064 1144 recepti
2106 1059 2368 1125 fuerant
2424 1059 2494 1124 in

546 1167 784 1248 corpus
826 1146 1166 1214 ecclesiae:
1213 1168 1365 1212 nam
1413 1146 1704 1231 hospites
1746 1146 1856 1229 qui
1907 1145 2275 1212 retinebant
2309 1165 2496 1227 prae-

549 1243 839 1318 putium,
914 1254 1033 1300 sua
1104 1232 1554 1299 immundities
1620 1231 1885 1298 arcebat
1939 1253 1979 1298 a
2039 1231 2221 1298 cultu
2277 1229 2492 1315 legali.

549 1320 757 1386 Porro
799 1339 919 1385 cur
962 1338 1163 1384 unam
1217 1330 1282 1384 et
1336 1317 1615 1384 eandem
1659 1319 1929 1383 formam
1975 1317 2225 1384 servari
2271 1316 2494 1382 volue-

547 1407 638 1472 rit
681 1405 894 1472 Deus:
953 1405 1262 1471 existimo
1319 1403 1484 1470 duas
1541 1403 1744 1470 fuisse
1787 1423 2038 1482 causas,
2094 1411 2173 1469 ut
2214 1402 2496 1468 alacrius

549 1491 810 1575 pietatis
843 1491 1157 1557 exercitia
1190 1491 1602 1574 susciperent
1634 1488 1926 1557 advenae
1961 1488 2077 1572 qui
2108 1508 2321 1572 nuper
2354 1487 2497 1552 fue-

550 1586 702 1644 rant
755 1576 1067 1660 cooptati,
1134 1597 1338 1660 quum
1398 1575 1699 1642 viderent
1761 1597 1832 1642 se
1889 1576 1961 1641 in
2017 1573 2246 1640 eodem
2290 1573 2496 1640 locari

548 1663 759 1748 gradu
803 1682 953 1729 cum
994 1662 1152 1728 filiis
1194 1658 1535 1729 Abrahae:
1596 1661 1832 1728 deinde
1890 1682 1975 1727 116
2030 1662 2089 1726 si
2144 1659 2496 1727 discrimen

551 1746 813 1832 aliquod
892 1747 1115 1828 fieret,
1195 1748 1416 1816 statim
1495 1748 1890 1832 obreperent
1971 1747 2244 1812 vitiosae
2323 1747 2495 1810 mix-

551 1843 760 1901 turae.
847 1833 1029 1919 Ergo
1075 1856 1156 1900 ne
1201 1841 1620 1919 praepostera
1675 1831 2113 1900 aemulatione
2179 1830 2495 1916 paulatim

550 1928 1081 2006 corrumperetur
1148 1920 1365 1987 cultus
1423 1920 1552 1987 Dei
1610 1919 1895 2003 puritas,
1964 1917 2269 1985 varietati
2331 1938 2499 2002 quae

549 2006 680 2107 1166
732 2016 800 2071 et
845 2006 1009 2073 'illuc
1076 2006 1457 2073 abstrahere
1513 2004 1680 2073 solet
1731 2005 2034 2071 homines
2099 2003 2320 2072 clausa
2371 2003 2501 2068 fuit

548 2112 768 2159 161166.

1147 2434 1279 2500 EX
1321 2432 1631 2501 LEVI'P.
1667 2433 1900 2499 XXII.

728 2605 830 2670 17.
885 2604 1210 2687 Loqaidus
1271 2610 1363 2671 est
1412 2609 1742 2687 praeterea
1803 2603 2035 2670 Iehova
2109 2605 2196 2671 ad
2260 2602 2499 2687 Mosen,

552 2692 846 2760 dicendo.-
935 2691 1034 2758 18.
1082 2691 1420 2775 Alloquere
1459 2689 1728 2757 Aharon
1778 2695 1833 2755 et
1874 2688 2039 2772 filios
2080 2689 2236 2770 eiua,
2279 2695 2333 2756 et
2375 2710 2502 2756 6111·

553 2799 665 2844 nes
700 2777 869 2859 lilios
913 2777 1128 2844 Israel
1168 2782 1225 2844 et
1265 2778 1443 2844 dicas
1483 2776 1656 2844 illis.-
1705 2777 2065 2859 Quicunque
2107 2797 2140 2841 e
2181 2776 2357 2843 dom0
2401 2777 2506 2842 Is-

552 2863 767 2940 raelis,
810 2867 868 2928 et
909 2885 942 2929 e
970 2863 1332 2949 peregrinis
1356 2861 1569 2929 Israel
1586 2861 1871 2929 abtum
1911 2862 2276 2928 oblationem
2317 2882 2505 2929 suam

542 2970 668 3032 pro
710 2948 998 3016 omnibus
1037 2951 1195 3015 votis
1235 2949 1404 3028 suis,
1465 2953 1523 3014 et
1564 2968 1693 3030 pro
1746 2947 2035 3014 ommibus
2097 2947 2506 3015 oblationibus

552 3035 916 3119 spontaneis
958 3036 1119 3116 suis,
1162 3044 1323 3117 quae
1343 3033 1626 3101 obtulerit
1661 3033 1920 3101 Iehovae
1954 3035 2025 3100 in
2060 3033 2501 3115 holocaustum

557 3122 658 3189 19.
728 3122 814 3186 In
878 3122 1347 3202 acceptationem
1418 3122 1612 3188 vestri
1687 3120 1955 3203 offeretis
2031 3120 2504 3188 immaculatum

553 3207 1264 3287 masculumexbobua
1312 3207 1625 3291 exaynis,
1669 3206 2103 3291 eteoeoapris.
2158 3205 2264 3272 20.
2308 3206 2506 3275 Onmc

555 3293 1814 3376 inquofueritmaoulanonofferotis:
1869 3293 2024 3373 qaia
2077 3312 2202 3358 non
2258 3294 2379 3359 erit
2434 3294 2506 3359 in

557 3380 1031 3463 exoptationem
1060 3399 1185 3462 pro
1227 3378 1419 3445 vobis.
1482 3379 1585 3444 21.
1647 3377 1766 3444 Vir
1801 3383 2008 3444 autem
2047 3398 2242 3460 qaum
2283 3377 2506 3445 obtule-

555 3467 645 3533 rit
683 3465 1065 3547 sacrificium
1094 3465 1589 3547 prosperitatum
1632 3464 1900 3530 Iehovae
1914 3512 1931 3543 ,
1988 3464 2076 3530 ad
2140 3463 2507 3531 solvendum

555 3555 778 3630 votum,
819 3551 915 3617 vel
958 3551 1045 3618 ad
1085 3551 1435 3617 voluntarie
1471 3550 1868 3633 οῇενεηᾶαω,
1912 3570 1992 3617 ex
2034 3549 2236 3631 bobus,
2292 3551 2390 3617 vel
2430 3571 2508 3616 m:

557 3636 774 3703 ovibus
834 3636 1307 3712 ionmaoalatum
1370 3636 1492 3702 erit
1552 3636 1624 3701 in
1686 3635 2194 3719 acceptationem,
2259 3636 2508 3703 nuaram

557 3724 783 3788 vitium
826 3723 947 3787 erit
981 3723 1050 3787 in
1093 3742 1177 3788 eo.
1268 3722 1371 3787 22.
1415 3720 1698 3803 Casama,
1740 3726 1855 3788 aut
1891 3722 2182 3805 fractum,
2227 3727 2338 3789 aut
2369 3743 2506 3791 con-

559 3809 760 3874 cisum
799 3806 1008 3889 labiis,
1067 3812 1180 3876 aut
1220 3812 1632 3884 verruoatum,
1688 3807 1782 3873 vel
1822 3807 2188 3886 scabiosum,
2250 3808 2349 3874 vel
2387 3809 2506 3874 im-

546 3894 988 3994 pctiyiaosam,
1031 3914 1153 3960 non
1195 3895 1462 3994 offeratis
1502 3895 1631 3960 ista
1665 3892 1958 3960 Iehovae:
2010 3915 2204 3977 neque
2256 3894 2507 3961 oblatio-

553 4001 699 4132 ἔζη
707 3985 1208 4166 Βῖῗᾷηωῖᾲωωη
1244 4071 1302 4132 et
1327 4000 1523 4166 23⁶3ae
1531 3979 1925 4148 {2³me
1952 3979 2503 4146 ἶιιῗῗιηιῖῗιῆαἶιαηῗ,

540 4172 667 4235 pro
708 4152 1009 4219 oblatione
1049 4152 1412 4219 voluntaria
1455 4152 1686 4235 factes.-
1742 4156 1808 4216 at
1849 4171 1976 4234 pro
2035 4155 2168 4217 voto
2209 4172 2331 4218 non
2362 4152 2508 4235 pla-

551 4238 714 4303 cebit.
783 4238 888 4304 24.
938 4235 1316 4305 Gonoussum
1358 4243 1414 4303 et
1454 4243 1792 4314 contusum,
1836 4242 2093 4320 ruptum
2134 4243 2191 4305 ct
2232 4239 2508 4306 excisum

552 4323 1768 4494 1111111111...
1562 4329 1732 4424 11
1785 4324 2508 4492 mma.

553 4494 684 4560 Dei
723 4496 932 4576 vestri,
993 4515 1071 4562 eoe
1133 4496 1417 4562 omnibus
1470 4496 1651 4562 istis.-
1715 4495 1867 4577 qaia
1924 4496 2235 4577 corruptio
2292 4515 2510 4562 eorum

555 4580 2511 4679 estinipais:maculaestincis:nonaocoptaemnt

542 4685 670 4749 pro
711 4665 900 4733 vobis.

1166 5007 1297 5073 EX
1352 5008 1622 5077 DEU'I'.
1667 5008 1898 5076 XVII.

732 5180 789 5245 1.
842 5178 986 5245 Non
1026 5177 1415 5261 sacrificabis
1460 5179 1722 5247 Iehovae
1764 5180 1899 5247 Deo
1955 5187 2057 5247 tuo
2098 5181 2334 5263 bovena,
2396 5190 2508 5252 aut

556 5265 937 5418 Ζῖἒζῗᾰαῖεἶ
957 5264 1769 5420 “fflssffossf'ffff
1800 5267 2131 5351 qum...
2147 5270 2309 5349 '²⁵⁶²
2348 5273 2509 5355 “ff“

1933 438 2448 508 SECUNDUM
2511 433 3161 511 PRAEOEPTUM.

4407 441 4514 509 540

2771 631 2847 698 11.
2877 630 3198 714 Loquutus
3237 635 3329 697 est
3357 634 3705 711 practerea.
3812 628 4077 697 Clarius
4120 649 4292 695 nunc
4335 629 4515 711 docet,

2597 725 2664 782 et
2718 716 3037 799 copiosius
3093 718 3508 801 prosequitur
3565 714 3738 800 quod
3796 725 3949 781 ante
3997 716 4336 798 aliquoties
4387 737 4519 800 per·

2597 801 2992 881 strinxerat,
3060 803 3242 868 nefas
3285 823 3425 869 esse
3467 800 3615 867 Deo
3654 801 3890 867 offerre
3934 802 4177 867 animal
4217 802 4519 884 mutilum,

2598 889 2704 954 vel
2752 888 2982 967 debile,
3027 887 3139 954 vel
3182 887 3311 954 alio
3355 887 3546 954 modo
3592 888 3919 953 vitiosum.
4020 888 4229 953 Porro
4270 887 4382 953 illa
4420 908 4523 953 ex·

2600 982 2792 1040 terna
2829 975 3174 1059 integritas
3218 984 3510 1041 veterem
3555 973 3866 1057 populum
3902 972 4267 1053 admonuit,
4322 971 4525 1039 Deum

2596 1081 2945 1144 perperam
2967 1058 3091 1126 coli
3134 1082 3217 1125 ex
3261 1059 3533 1125 dimidia
3573 1068 3780 1144 parte,
3824 1058 3977 1142 quia
4011 1080 4123 1126 cor
4159 1058 4398 1142 duplex
4429 1058 4527 1126 ab·

2599 1147 2933 1212 ominatur
2967 1144 3191 1232 (Prov.
3242 1147 3342 1226 11,
3377 1143 3517 1231 2Ο);
3564 1145 3762 1211 simul
3799 1145 3922 1211 hoc
3955 1144 4251 1230 symbolo
4285 1153 4528 1211 ostensa

2596 1231 2725 1298 fuit
2760 1233 3045 1316 perfecta
3078 1232 3218 1298 eius
3253 1231 3506 1299 hostiae
3544 1231 3815 1315 puritas,
3852 1251 3983 1315 qua
4016 1229 4282 1296 tandem
4318 1250 4526 1296 recon-

2598 1317 2921 1385 ciliandus
2965 1327 3104 1383 erat
3146 1318 3347 1383 Deus.
3403 1317 3667 1384 Scimus
3707 1326 4029 1402 quantum
4072 1315 4196 1382 sibi
4239 1316 4526 1383 licentiae

2596 1403 2939 1489 indulgeat
2983 1403 3269 1470 mundus
3314 1403 3386 1474 in
3428 1402 3611 1470 cultu
3667 1403 3823 1468 Dei:
3883 1403 4188 1486 quamvis
4231 1402 4407 1468 enim
4444 1402 4527 1467 le-

2601 1490 2772 1556 viter
2809 1499 2878 1555 et
2918 1489 3351 1573 contemptim
3396 1509 3606 1573 nugas
3650 1496 3912 1554 tantum
3956 1489 4142 1572 quasi
4184 1507 4386 1571 puero
4427 1486 4530 1554 ob·

2599 1575 2839 1653 trudat,
2878 1577 3080 1659 probe
3105 1583 3324 1641 tamen
3348 1595 3421 1642 se
3444 1573 3714 1660 defungi
3749 1573 4127 1640 arbitratur.
4173 1574 4352 1639 Hinc
4371 1574 4446 1638 fit
4465 1582 4531 1639 ut

2599 1661 2904 1729 sordibus
2939 1659 3335 1747 quibuslibet
3369 1661 3653 1745 pretium
3699 1667 3982 1745 arroget,
4028 1681 4105 1726 ac
4133 1659 4402 1743 perinde
4434 1681 4533 1724 ex·

2601 1749 2801 1814 sultet
2833 1749 2902 1813 in
2937 1748 3137 1813 meris
3174 1747 3300 1812 Dei
3336 1745 3651 1823 ludibriis,
3704 1767 3779 1812 ac
3828 1747 3886 1812 si
3926 1766 4075 1812 eum
4127 1752 4380 1811 teneret
4422 1743 4534 1811 sibi

2601 1833 3007 1901 obstrictum.
3117 1832 3337 1899 Huius
3383 1839 3519 1897 tam
3560 1831 3838 1915 supinae
3881 1831 4253 1899 securitatis
4297 1832 4532 1898 clarum

2600 1919 2796 1986 hodie
2840 1918 3175 2003 exemplar
3215 1917 3510 1984 cernitur
3550 1918 3622 1983 in
3665 1927 3929 2002 papatu,
3974 1916 4089 1983 ubi
4139 1939 4278 1983 non
4329 1917 4534 1983 minus

2600 2006 2937 2074 licentiose
2973 2005 3115 2071 Deo
3148 2003 3435 2070 illudunt
3467 2024 3667 2086 quam
3702 2003 3761 2069 si
3810 2003 4147 2090 negotium
4183 2014 4359 2071 esset
4398 2022 4537 2071 cum

2602 2101 2833 2158 trunco
2875 2090 3059 2176 ligni.
3147 2090 3243 2159 Ut
3299 2090 3430 2157 alia
3485 2092 3833 2155 innumera
3875 2090 4193 2169 omittam,
4238 2088 4398 2173 quid
4438 2110 4534 2154 su·

2601 2177 2829 2264 perbia
2875 2178 2999 2244 hac
3041 2177 3253 2262 magis
3295 2174 3763 2261 prodigiosum,
3820 2176 4081 2258 quando
4123 2196 4354 2260 preces
4397 2194 4539 2240 suas

2604 2261 3078 2330 murmurando
3096 2314 3112 2344 ,
3191 2269 3522 2348 vagantur
3585 2271 3806 2328 mente
3826 2312 3845 2341 ,
3909 2282 4044 2327 non
4110 2270 4374 2327 tantum
4435 2280 4541 2344 per

2606 2349 2917 2417 evanidas
2961 2347 3074 2415 sed
3109 2347 3310 2416 etiam
3344 2360 3696 2432 perversas
3732 2347 4259 2432 imaginationes,
4307 2348 4542 2432 fingere

2605 2446 2827 2502 tamen
2883 2435 3284 2501 meritoriam
3341 2456 3481 2501 esse
3531 2431 3793 2501 finalem
3810 2485 3827 2512 ,
3885 2454 4080 2517 quam
4121 2441 4364 2500 vocant
4379 2483 4395 2513 ,
4449 2431 4543 2497 in-

2607 2522 3001 2623 tentionem,
3062 2542 3138 2588 ac
3187 2519 3331 2586 Deo
3375 2518 3678 2620 probari?
3757 2518 4079 2620 βωτίζίοο
4144 2518 4545 2620 propositum

2608 2602 4549 2777 3213&azxpwngugrggfflgtgssoztgffioenssefflffi

2606 2788 2719 2846 tur
2762 2800 2942 2846 nunc
2985 2778 3069 2845 ad
3111 2778 3362 2863 pocula,
3409 2799 3584 2844 nunc
3630 2776 3714 2843 ad
3745 2777 3963 2843 lusum
4001 2775 4203 2858 aleae,
4251 2776 4360 2844 vel
4395 2775 4546 2842 alias

2606 2864 3073 2933 oblectationes
3118 2862 3470 2932 discurret:
3535 2863 3791 2930 interea
3833 2863 4019 2929 velut
4061 2863 4281 2930 soluto
4336 2881 4549 2946 penso,

2606 2951 2875 3019 iactabit
2931 2971 3003 3018 se
3060 2949 3309 3018 cultum
3367 2950 3511 3015 Deo
3564 2949 3988 3034 praestitisse.
4092 2948 4275 3015 Huic
4341 2950 4549 3032 itaque

2607 3037 2769 3106 vitio
2805 3046 2881 3104 ut
2915 3045 3290 3104 occurreret
3313 3035 3513 3116 Deus,
3548 3036 3883 3120 praecepit
3916 3035 4167 3103 hostias
4200 3033 4390 3102 omni
4423 3054 4552 3099 ma-

2607 3126 2758 3192 cula
2791 3146 2991 3209 puras
3026 3124 3152 3190 sibi
3186 3122 3430 3189 offerri.
3474 3122 3640 3189 Inde
3676 3123 3909 3190 acerba
3942 3122 4083 3188 eius
4118 3119 4554 3205 expostulatio

2608 3210 2783 3295 apud
2828 3209 3229 3277 Malachiam
3272 3207 3360 3295 (1,
3411 3206 3535 3294 13),
3579 3207 3756 3293 quod
3791 3208 3996 3273 altare
4031 3207 4409 3290 polluerent
4447 3206 4554 3271 Iu·

2610 3295 2772 3375 daei,
2841 3318 2917 3364 ac
2962 3315 3257 3362 mensam
3301 3294 3858 3379 contemptibilem
3922 3301 4289 3374 censerent,
4359 3312 4555 3377 quum

2612 3381 2913 3450 dicebant
2946 3401 3170 3448 caecas
3191 3382 3517 3459 victimas,
3561 3379 3850 3460 claudas,
3893 3386 3959 3446 et
3980 3400 4213 3464 aegras
4251 3400 4388 3446 non
4422 3397 4556 3444 esse

2611 3469 2837 3535 malas.
2895 3467 3101 3549 Offer,
3142 3468 3373 3551 inquit,
3423 3467 3552 3533 tale
3595 3466 3751 3550 quid
3796 3464 3945 3531 duci
3990 3474 4121 3546 tuo,
4167 3475 4239 3530 et
4284 3464 4436 3531 vide
4477 3484 4558 3529 611

2611 3555 2923 3639 suscipiat
2954 3553 3189 3621 faciem
3224 3565 3435 3620 tuam:
3481 3573 3616 3617 non
3649 3552 3823 3635 quod
3859 3552 4043 3619 Deus
4085 3550 4558 3637 pinguedinem

2612 3639 2843 3726 adipis,
2879 3639 2986 3706 vel
3019 3640 3338 3725 saginam,
3378 3638 3481 3705 vel
3518 3659 3802 3716 succum,
3840 3647 3908 3705 et
3942 3638 4239 3723 vigorem
4273 3644 4558 3703 moratus

2610 3727 2696 3795 sit
2732 3728 2802 3792 in
2838 3726 3253 3805 animalibus,
3290 3724 3405 3792 sed
3441 3724 3597 3807 quia
3627 3723 3785 3790 inde
3807 3723 4110 3808 apparuit
4140 3722 4413 3808 negligi,
4436 3722 4558 3787 imo

2609 3813 2872 3898 penitus
2926 3812 3257 3879 contemni
3317 3831 3541 3877 veram
3608 3810 3943 3893 pietatem.
4030 3810 4369 3876 Tenemus
4413 3826 4560 3891 ergo

2609 3900 2887 3964 reiectas
2951 3898 3151 3964 fuisse
3215 3918 3441 3963 omnes
3490 3896 3763 3963 vitiosas
3830 3896 4109 3974 hostias,
4175 3903 4254 3961 ut
4313 3894 4558 3962 sincero

2611 3984 2850 4052 affectu
2909 4006 2984 4052 66
3041 3984 3214 4051 serio
3257 3982 3601 4049 discerent·
3625 3981 3961 4049 Israelitae
4005 4002 4077 4047 se
4118 3989 4295 4047 totos
4338 3998 4560 4048 conse-

2610 4092 2796 4139 crare
2842 4071 3003 4151 Dee,
3049 4089 3180 4135 non
3226 4077 3442 4135 autem
3488 4087 3635 4133 cum
3681 4088 3758 4133 66
3801 4066 4142 4152 pueriliter
4182 4065 4448 4145 ludere,
4490 4070 4559 4128 ut

2609 4178 2806 4241 saepe
2849 4156 2993 4222 fieri
3038 4156 3221 4223 solet.
3266 4154 3447 4221 Alibi
3491 4152 3753 4237 quidem
3797 4152 4106 4233 vidimus,
4153 4151 4491 4237 repudiari
4523 4170 4559 4214 a

2612 4244 2756 4309 Deo
2812 4263 3074 4308 omnem
3131 4240 3644 4307 immunditiem:
3704 4238 3819 4306 sed
3876 4238 4236 4305 tenendum
4294 4246 4397 4305 est
4439 4237 4559 4302 duo

2613 4330 2696 4395 ad
2741 4328 3109 4413 legitimum
3152 4327 3401 4394 cultum
3447 4325 3710 4410 requiri,
3758 4336 3835 4390 ut
3877 4324 4058 4391 omni
4100 4323 4367 4391 macula
4409 4343 4559 4408 pur·

2611 4424 2846 4566 gagi-{t
2865 4411 3301 4585 Sdisiqlpiirzctln
3327 4409 3917 4566 Egffinnaiiosseffltgt
3950 4409 4335 4581 ggffgiozugt
4373 4406 4559 4578 inillffl

2613 4586 2773 4654 dicit
2815 4584 3126 4653 Solomon
3170 4585 3392 4673 (Prov.
3441 4583 3544 4665 15,
3579 4581 3648 4670 8)
3686 4582 3982 4650 victimas
4026 4581 4388 4665 impiorum
4420 4600 4561 4647 esse

2613 4671 3185 4754 abominationem,
3244 4692 3471 4738 verum
3515 4680 3617 4736 est
3631 4721 3649 4749 ,
3708 4669 4067 4753 quamlibet
4107 4668 4391 4753 pingues
4434 4666 4559 4734 sint

2614 4777 2691 4824 ac
2731 4756 3133 4842 splendidae.
3192 4755 3327 4826 Sed
3366 4765 3444 4822 ut
3485 4777 3650 4840 quae
3696 4774 3737 4820 a
3778 4753 3970 4821 nobis
4011 4754 4386 4820 offeruntur
4426 4751 4558 4836 pla-

2613 4852 2806 4910 ceant
2841 4843 3003 4926 Deo,
3047 4844 3330 4911 alterum
3366 4861 3625 4927 quoque
3667 4841 3975 4908 accedere
4010 4860 4276 4906 necesse
4321 4849 4443 4918 est,
4477 4855 4556 4901 ne

2610 4921 4557 5102 1.11.1111.111;111

2613 5100 2976 5180 Christum,
3037 5109 3229 5168 extra
3270 5120 3465 5185 quem
3512 5120 3835 5184 nusquam
3880 5099 4246 5184 reperietur
4286 5095 4557 5181 integri·

2614 5198 2715 5253 tas
2758 5207 2924 5270 quae
2968 5186 3112 5253 Deo
3154 5186 3525 5254 satisfaciat.

2790 5273 2889 5338 19.
2961 5272 3044 5337 In
3107 5272 3579 5355 acceptationem
3641 5272 3848 5338 vestri.
3946 5270 4239 5337 Vertunt
4295 5265 4554 5353 quidam

2613 5366 2844 5441 sponte
2889 5367 3126 5438 vestra,
3172 5358 3287 5425 sed
3330 5368 3660 5443 repugnat
3702 5364 4071 5424 contextus.
4131 5355 4351 5423 Moses
4385 5353 4555 5420 enim
