4867 6150
431 460 558 526 185

429 648 700 715 videtur
766 651 962 716 nimis
1020 672 1161 717 esse
1227 652 1621 719 restrictum.
1709 654 1940 738 Itaque
2007 654 2088 719 ad
2156 656 2376 720 omnia

427 755 785 818 poenarum
832 738 1134 821 exempla
1177 739 1348 802 malo
1392 739 1763 804 extendere.

604 822 705 887 12.
753 822 843 886 Et
884 825 1117 905 accepit
1160 824 1385 890 IethrO.
1476 823 1869 908 Quanquam
1917 847 2046 890 non
2094 826 2372 892 arbitror

426 906 656 972 Iethro
701 910 885 990 prius
930 911 1327 975 sacrificasse
1369 909 1599 976 idolis:
1654 913 1807 994 quia
1852 924 2070 977 tamen
2109 913 2373 976 nonnisi

430 993 751 1077 implicita
817 1006 882 1060 et
946 995 1216 1062 confusa
1282 995 1409 1061 fide
1474 996 1772 1080 ignotum
1818 998 2034 1063 Deum
2102 998 2375 1075 colebat,

430 1089 704 1162 apparet
744 1081 868 1146 hoc
914 1082 1198 1163 primum
1241 1083 1444 1147 fuisse
1488 1084 1816 1149 sincerum
1883 1095 1949 1149 et
2006 1085 2372 1168 legitimum

430 1166 569 1229 eius
612 1168 997 1233 sacrificium
1020 1218 1034 1245 ,
1103 1189 1182 1232 ex
1229 1190 1355 1250 quo
1390 1169 1578 1234 Deus
1612 1169 1819 1234 Israel
1864 1171 1924 1234 ei
1969 1170 2233 1254 propius
2279 1173 2374 1233 in-

427 1259 754 1318 notuerat.
837 1253 990 1317 Rite
1036 1251 1298 1337 quidem
1343 1255 1547 1320 fuisse
1591 1255 1882 1321 oblatum
1929 1256 2081 1321 inde
2125 1257 2372 1340 colligi-

429 1347 557 1415 tur,
605 1339 774 1420 quod
812 1338 1031 1404 Moses
1077 1351 1143 1404 et
1180 1340 1450 1405 Aharon
1496 1349 1563 1405 et
1606 1343 1898 1407 seniores
1935 1365 2004 1408 so
2040 1353 2371 1408 consortes

429 1444 571 1488 esse
607 1432 675 1488 et
708 1425 916 1490 socios
952 1425 1228 1509 professi
1264 1439 1435 1491 sunt.
1510 1427 1739 1509 Neque
1776 1430 1949 1492 enim
1988 1428 2372 1511 simpliciter

430 1509 740 1576 dicuntur
779 1512 1037 1577 venisse
1072 1511 1154 1577 ad
1191 1512 1663 1578 comedendum
1710 1535 1966 1596 panem,
2003 1515 2111 1579 sed
2153 1535 2368 1579 coram

428 1597 606 1674 Dec,
666 1618 795 1680 qua
852 1617 1011 1663 voce
1056 1598 1448 1681 exprimitur
1493 1619 1750 1665 sacrum
1797 1612 1861 1664 et
1904 1600 2170 1665 solenne
2215 1621 2370 1682 epu-

429 1683 586 1761 lum,
633 1683 805 1765 quod
851 1705 1001 1766 pars
1046 1695 1113 1749 et
1159 1686 1442 1751 accessio
1488 1696 1629 1750 erat
1669 1686 2020 1751 oblationis
2062 1697 2128 1751 et
2163 1685 2372 1751 divini

384 1769 661 1837 ·cultus.
755 1771 956 1853 Atqui
1004 1792 1339 1853 nunquam
1385 1780 1615 1854 sponte
1658 1771 1728 1835 in
1779 1774 2056 1855 gratiam
2115 1772 2371 1855 profani

427 1857 711 1921 hominis
754 1877 823 1921 se
871 1857 1260 1941 polluissent
1302 1857 1818 1939 inquinamentis
1863 1859 2176 1942 gentium.
2256 1857 2372 1924 Se-

425 1943 653 2027 quitur
698 1963 882 2025 erge,
954 1943 1077 2007 hoc
1120 1945 1382 2025 pietatis
1434 1943 1632 2008 fuisse
1675 1945 2141 2023 testimonium,
2187 1944 2372 2009 cuius

425 2051 558 2093 non
605 2029 990 2093 dubitarunt
1032 2030 1173 2094 fieri
1218 2030 1590 2113 participes,
1653 2030 1866 2095 Deum
1914 2031 2174 2114 quidem
2216 2051 2370 2112 prae

425 2115 628 2181 oculis
696 2115 934 2180 habere
999 2117 1344 2190 convenit,
1425 2116 1677 2198 quoties
1757 2119 1899 2181 eius
1978 2116 2370 2181 liberalitate

424 2201 726 2277 fruimur,
793 2201 905 2267 sed
952 2201 1399 2283 loquutionem
1443 2201 1612 2266 hanc
1655 2203 2068 2284 peculiariter
2123 2203 2368 2268 sacrifi·-

427 2289 543 2352 ciis
578 2288 808 2370 aptari,
839 2287 948 2352 ubi
995 2308 1065 2351 se
1108 2288 1179 2350 in
1212 2286 1343 2352 Dei
1384 2302 1803 2369 conspectum
1847 2291 2090 2354 sistunt
2126 2288 2368 2365 fideles,

426 2385 651 2457 postea
693 2373 1076 2440 videbimus.
1167 2373 1396 2455 Neque
1442 2383 1662 2437 tamen
1708 2373 2016 2454 concede,
2077 2375 2221 2439 iure
2265 2396 2368 2440 sa-

425 2458 700 2526 cerdotii
756 2458 931 2542 quod
994 2459 1339 2524 exercebat
1407 2459 1632 2524 Iethro
1699 2462 1763 2524 in
1833 2473 2006 2525 terra
2076 2461 2368 2538 Madian,

419 2546 726 2611 victimas
792 2545 1194 2609 immolasse:
1262 2545 1379 2610 sed
1444 2546 1597 2627 quia
1653 2560 1805 2612 ante
1872 2547 2082 2631 legem
2140 2568 2178 2610 a
2223 2546 2367 2611 Deo

418 2633 888 2716 praescriptam
926 2632 1135 2695 maior
1174 2644 1316 2696 erat
1353 2632 1619 2698 libertas
1649 2645 1723 2697 ut
1766 2654 1882 2697 suo
1928 2634 2068 2698 loco
2093 2633 2364 2698 dicetur.

419 2718 767 2783 Caeterum
829 2738 982 2781 man
1042 2718 1267 2782 vocari
1321 2739 1555 2801 panem
1614 2720 1857 2801 absque
1922 2718 2369 2784 controversia

417 2814 656 2869 statue.

593 2976 694 3042 13.
741 2975 992 3040 Accidit
1035 2981 1245 3042 autem
1274 2977 1584 3059 postridie
1625 2981 1696 3041 ut
1750 2976 1986 3041 sederet
2028 2977 2241 3042 Moses
2279 2977 2366 3043 ad

416 3061 831 3128 iudicandum
865 3061 1204 3143 populum:
1245 3062 1566 3146 stabatque
1598 3061 1876 3143 populus
1917 3062 2097 3129 iuxta
2149 3063 2366 3129 Mosen

417 3171 459 3216 a
523 3170 708 3215 mane
762 3168 960 3230 usque
1015 3149 1100 3213 ad
1150 3169 1491 3232 vesperum.
1594 3149 1695 3212 14.
1763 3147 1854 3213 Et
1913 3151 2131 3216 videns
2194 3170 2365 3215 socer

417 3235 628 3302 Masis
666 3235 877 3300 omnia
922 3254 1082 3316 qaae
1128 3235 1395 3315 faciebat
1437 3237 1573 3318 ipse
1615 3256 1765 3318 erqa
1794 3235 2122 3318 prandiam,
2167 3237 2365 3301 dixit:

423 3323 590 3404 Quid
634 3326 724 3387 est
764 3320 928 3407 quod
962 3325 1030 3385 tu
1069 3322 1239 3403 facis
1270 3322 1561 3403 populo?
1606 3342 1803 3403 quare
1843 3326 1912 3387 tu
1954 3324 2129 3387 sedes
2171 3322 2360 3401 solus,

411 3413 470 3475 et
510 3410 844 3474 universus
875 3407 1156 3489 populus
1196 3413 1318 3472 stat
1359 3409 1542 3472 iuxta
1602 3413 1658 3472 te
1713 3427 1754 3471 a
1797 3428 1980 3473 mane
2023 3429 2218 3490 usque
2274 3408 2361 3474 ad

410 3493 786 3578 vesperum?
874 3491 975 3557 15.
1022 3492 1112 3558 Et
1153 3494 1472 3575 respondit
1507 3493 1719 3558 Moses
1759 3513 1963 3559 socero
2004 3514 2149 3559 suo.-
2198 3494 2362 3576 Quia

410 3582 578 3648 venit
608 3580 886 3663 populus
927 3579 1014 3645 ad
1055 3600 1153 3644 me
1195 3581 1281 3646 ad
1303 3580 1726 3661 quaerendum
1746 3579 1972 3645 Deum
2023 3581 2124 3645 16.
2155 3580 2362 3662 Quum

411 3675 502 3734 est
545 3667 680 3732 illis
719 3665 1029 3749 neyotium
1072 3668 1330 3731 veniunt
1372 3666 1457 3731 ad
1498 3686 1597 3729 me
1612 3718 1627 3744 ,
1689 3671 1744 3730 et
1786 3687 1892 3750 eqo
1935 3667 2145 3732 iudico
2200 3666 2361 3731 inter

748 3759 804 3817 et
836 3752 1203 3833 proximum
1245 3753 1401 3829 eius,
1461 3758 1516 3816 et
1557 3753 1802 3818 ostendo
1844 3758 2077 3818 statuta
2119 3752 2249 3818 Dei
2306 3757 2363 3817 et

413 3841 574 3923 loyes
608 3841 763 3904 eius,
851 3837 952 3903 17.
1005 3838 1179 3903 Tunc
1221 3838 1389 3903 dixit
1429 3857 1601 3902 socer
1644 3838 1854 3904 Masis
1896 3839 1981 3903 ad
2024 3858 2182 3914 ema,
2237 3858 2361 3903 non

414 3931 504 3991 est
546 3925 772 3990 bonum
815 3924 978 4006 quod
1020 3928 1089 3988 tu
1127 3924 1309 4005 facis.
1394 3924 1494 3990 18.
1539 3921 1898 4005 Deficiendo
1939 3925 2183 4007 deficies
2229 3929 2360 3989 tam

412 4017 484 4076 tu
526 4031 718 4093 quam
750 4010 1030 4091 populus
1072 4011 1189 4075 iste
1231 4011 1344 4092 qai
1385 4016 1579 4076 tecum
1644 4015 1763 4074 est:
1830 4009 2004 4074 Nam
2056 4010 2205 4076 haec
2255 4031 2362 4075 res

406 4098 632 4182 mavis
670 4102 762 4162 est
800 4116 997 4177 supra
1039 4100 1186 4161 tuas
1217 4098 1416 4162 vires.-
1459 4116 1584 4161 non
1612 4096 1855 4177 poteris
1874 4116 2015 4179 erqo
2026 4101 2360 4177 praestare

408 4184 604 4249 solas.
709 4182 808 4247 19.
870 4181 1058 4246 Nunc
1113 4182 1270 4246 audi
1325 4202 1531 4247 vocem
1571 4201 1806 4246 meam:
1860 4183 2192 4247 eonsilium
2248 4182 2360 4246 tibi

410 4269 587 4348 daha,
645 4273 701 4332 et
742 4268 861 4334 erit
902 4268 1084 4334 Deus
1124 4273 1336 4333 tecum
1427 4268 1585 4333 Esto
1626 4273 1696 4333 tu
1730 4287 1850 4351 pro
1872 4268 2110 4350 populo
2152 4288 2358 4333 coram

409 4355 553 4421 Deo
569 4406 585 4435 ,
643 4361 713 4420 ut
768 4355 1013 4437 referas
1072 4374 1302 4419 causas
1356 4356 1442 4419 ad
1496 4354 1724 4420 Deum.
1813 4353 1917 4418 20.
1978 4353 2358 4436 Docebisque

410 4461 519 4506 eos
560 4446 796 4507 statuta
839 4446 894 4505 et
935 4439 1114 4524 leyes,
1178 4445 1233 4504 et
1275 4441 1556 4505 ostendes
1597 4442 1692 4505 eis
1730 4440 1902 4505 viam
1944 4441 2015 4504 in
2057 4461 2183 4522 qua
2225 4460 2358 4504 am-

409 4526 635 4603 bulent,
679 4533 734 4592 et
776 4546 934 4608 opus
974 4527 1138 4608 quod
1175 4527 1437 4608 faciant.
1539 4526 1642 4591 21.
1711 4527 1811 4590 Tu
1864 4532 2072 4591 autem
2129 4526 2358 4610 deliqes

409 4633 490 4677 ea:
530 4618 647 4679 toto
677 4613 912 4695 populo
953 4613 1126 4677 viros
1165 4613 1374 4694 fortes,
1420 4614 1699 4678 timentes
1742 4612 1953 4678 Deum
1968 4664 1982 4689 ,
2042 4613 2212 4677 viros
2254 4635 2354 4679 ve-

409 4720 619 4775 races,
689 4701 798 4780 qui
863 4698 1107 4764 oderint
1171 4699 1548 4765 avaritiam:
1598 4698 2049 4780 praeficiesque
2091 4699 2184 4762 eis
2245 4701 2352 4764 tri-

407 4785 599 4851 bunos
622 4836 639 4864 ,
724 4785 1108 4851 centuriones
1129 4838 1144 4863 ,
1234 4785 1811 4870 quinquagenarios
1835 4836 1849 4861 ‚
1936 4789 1991 4849 et
2072 4786 2354 4852 decanos.

409 4872 517 4937 22.
569 4873 694 4954 Qui
735 4871 1007 4937 iudicent
1029 4872 1337 4953 populum
1380 4875 1551 4938 omni
1593 4878 1889 4952 tempore:
1921 4872 1984 4937 si
2018 4876 2224 4936 autem
2259 4893 2357 4937 ac-

406 4960 631 5024 ciderit
670 4957 978 5040 neqotium
1021 4978 1333 5041 maynum,
1379 4959 1463 5024 ad
1503 4964 1560 5024 te
1598 4960 1878 5041 referent,
1938 4978 2173 5024 omnem
2215 4977 2355 5024 vero

411 5045 702 5111 leviorem
748 5062 1010 5109 eausam
1073 5044 1435 5110 iudicabunt
1496 5045 1661 5126 ipsi.-
1714 5050 1768 5108 et
1827 5045 1939 5109 tibi
1997 5044 2196 5110 levius
2236 5047 2357 5109 erit

407 5151 586 5209 onus,
622 5131 776 5214 quia
820 5130 1118 5210 sufferent
1161 5131 1289 5210 ipsi
1346 5137 1559 5198 tecum.
1647 5131 1751 5195 23.
1819 5130 1892 5195 Si
1956 5129 2063 5194 hoe
2114 5129 2355 5211 feceris,

406 5223 465 5283 et
509 5215 898 5300 praeceperit
955 5216 1069 5280 tibi
1123 5214 1305 5282 Deus
1320 5267 1336 5296 ,
1382 5218 1622 5301 poteris
1680 5222 1877 5282 stare.-
1934 5221 2116 5297 atque
2168 5217 2355 5280 etiam

717 5303 817 5368 hic
858 5300 945 5366 ad
986 5302 1187 5367 locum
1228 5323 1417 5368 snum
1457 5304 1653 5369 veniet
1685 5304 1756 5367 in
1777 5321 1959 5384 paee.
2048 5301 2152 5367 24.
2207 5300 2354 5366 Obe-

407 5389 566 5455 divit
611 5388 823 5454 Moses
864 5388 995 5453 voci
1041 5389 1236 5454 sceeri
1275 5391 1411 5455 sui:
1463 5396 1522 5456 et
1572 5389 1718 5471 fecit
1766 5389 1980 5455 omnia
2035 5408 2195 5469 quae
2247 5387 2355 5452 ille

1553 464 2298 533 COMMENTARIUS
2344 466 2442 532 IN
2490 466 2790 532 EXODI
2834 465 3031 532 OAP.
3077 465 3345 531 XVIII.

4297 470 4422 535 186

2476 656 2741 721 dixerat.
2832 654 2937 720 25.
2998 653 3085 719 Et
3138 654 3310 737 eleyit
3356 653 3563 719 Moses
3602 655 3774 721 viros
3812 632 4118 737 fortes'ex
4158 662 4276 722 toto
4321 658 4422 723 ls-

2474 742 2625 819 rael,
2670 749 2725 807 et
2766 742 3076 807 constituit
3116 760 3218 806 eos
3259 741 3471 823 capita
3518 762 3708 825 super
3737 742 4064 824 prmubum,
4097 745 4424 825 principes

2473 848 2667 909 super
2708 828 2899 904 mille,
2937 828 3332 905 centuriones,
3390 828 3980 911 quinquayenarios‚
4022 849 4095 893 ac
4144 829 4418 895 decanos.

2474 913 2578 978 26.
2633 914 2769 995 Qui
2796 914 3156 979 iudicabant
3186 913 3497 994 populum
3538 915 3708 977 omni
3749 918 4031 994 tempore,
4074 915 4280 979 ardua
4321 935 4419 980 re-

2470 1000 2751 1080 ferebant
2791 1000 2876 1064 ad
2920 997 3173 1064 Mosen.-
3216 1018 3453 1063 omnem
3494 1020 3634 1063 vero
3675 1019 3807 1063 rem
3852 1020 4130 1079 parvam
4175 1001 4419 1066 iudiea-

2475 1085 2620 1149 bant
2654 1087 2801 1166 ipsi.
2873 1084 2976 1148 27.
3024 1082 3296 1148 Dimisit
3328 1091 3534 1149 autem
3573 1084 3786 1150 Moses
3811 1106 4091 1175 socerum
4116 1104 4320 1164 suum,
4365 1090 4421 1152 et

2476 1171 2634 1236 abiit
2676 1172 2760 1235 ad
2802 1177 3033 1235 terram
3076 1190 3278 1236 suam.

2649 1345 2749 1410 13.
2818 1342 3071 1408 Accidit
3133 1346 3355 1406 autem.
3467 1340 3596 1405 Hic
3661 1363 3767 1405 res
3834 1343 4273 1407 memorabilis
4352 1351 4419 1407 et

2476 1433 2743 1514 cognitu
2790 1427 2984 1496 valde
3028 1428 3212 1491 utilis
3256 1425 3603 1490 inseritur:
3648 1427 3715 1491 in
3762 1427 3876 1491 illa
3920 1427 4419 1511 gubernationis

2475 1519 2706 1599 specie,
2753 1517 2856 1581 cui
2903 1523 3201 1595 praeerat
3225 1513 3426 1590 Deus,
3473 1522 3538 1576 et
3572 1532 3767 1595 quam
3807 1534 3954 1578 raro
3978 1513 4226 1597 gloriae
4260 1536 4418 1580 suae

2474 1602 2730 1686 fulgore
2787 1598 3094 1676 ornabat,
3156 1597 3398 1682 aliquid
3455 1598 3654 1663 fuisse
3715 1599 4218 1682 reprehensione
4273 1600 4416 1685 dig-

2474 1710 2634 1752 num
2703 1688 2875 1771 quod
2934 1685 3220 1749 correxit
3287 1682 3544 1749 Iethro:
3606 1683 3842 1749 deinde
3903 1685 4134 1750 Mosen
4180 1687 4416 1768 ipsum,

2474 1796 2804 1840 summum
2870 1772 3291 1856 prophetam,
3356 1782 3424 1834 et
3488 1771 3595 1835 cui
3660 1778 3822 1837 tunc
3885 1771 4007 1836 soli
4072 1771 4416 1838 familiaris

2475 1872 2621 1925 erat
2677 1861 2881 1934 Deus,
2951 1856 3186 1921 merito
3243 1857 3446 1922 fuisse
3503 1855 3973 1939 reprehensum
4019 1857 4191 1940 quod
4236 1878 4307 1922 se
4350 1866 4417 1923 et

2474 1948 2783 2029 populum
2852 1940 3334 2010 inconsiderate
3398 1942 3601 2007 nimio
3677 1941 3897 2007 labore
3978 1954 4412 2009 consumeret.

2476 2033 2634 2097 Fuit
2697 2032 2819 2097 hoc
2876 2030 3246 2112 praeclarae
3303 2028 3569 2094 virtutis
3631 2038 3697 2093 et
3743 2028 3982 2094 heroici
4029 2030 4264 2109 animi,
4321 2039 4417 2093 tot

2474 2116 2693 2184 subire
2736 2116 3087 2191 molestias,
3134 2123 3231 2180 tot
3265 2113 3555 2196 perferre
3600 2113 3834 2197 taedia,
3880 2136 3998 2180 nec
4035 2114 4416 2181 lassitudine

2468 2206 2707 2289 frangi,
2724 2204 2878 2287 quin
2904 2224 2975 2268 se
2997 2199 3283 2284 quotidie
3308 2198 3707 2265 novo'labori
3731 2202 4012 2266 offerret.
4035 2201 4193 2265 Fuit
4214 2201 4414 2266 etiam

2471 2291 2634 2356 haec
2690 2309 3022 2372 nunquam
3075 2287 3234 2352 satis
3291 2284 3556 2350 laudata
3618 2286 4005 2369 magnitudo
4051 2287 4253 2351 animi
4298 2308 4413 2371 po-

2472 2377 2625 2460 pulo
2672 2386 2804 2441 tam
2845 2375 3134 2457 maligno
3180 2383 3245 2437 et
3290 2392 3597 2454 perverso
3641 2373 3846 2456 gratis
3904 2391 3974 2437 se
4016 2372 4412 2456 impendere,

2473 2483 2593 2529 nec
2637 2462 2949 2527 desistere
2995 2481 3034 2524 a
3066 2458 3432 2543 proposito,
3488 2457 3791 2541 quamvis
3833 2457 4126 2539 iniquam
4172 2479 4416 2524 merce-

2473 2549 2618 2614 dem
2664 2548 2920 2614 videret
2962 2544 3234 2629 rependi
3275 2543 3412 2609 suis
3459 2543 3806 2609 beneficiis.
3884 2543 4194 2607 Vidimus
4237 2544 4415 2607 enim

2473 2635 2726 2717 probris
2768 2642 2837 2700 et
2878 2630 3293 2699 contumeliis
3339 2630 3597 2711 saepius
3654 2629 3995 2709 affectum,
4050 2628 4283 2712 iurgiis
4349 2641 4415 2694 et

2472 2721 2664 2786 minis
2732 2720 3104 2803 impetitum
3169 2717 3407 2781 fuisse:
3475 2724 3550 2779 ut
3615 2715 3961 2797 plusquam
4027 2715 4267 2778 mirum
4327 2715 4416 2779 sit

2472 2827 2601 2871 non
2669 2806 2870 2871 fuisse
2937 2805 3294 2869 alienatum
3362 2801 3541 2866 laesa
3598 2800 3794 2865 toties
3854 2800 4183 2882 patientia.
4283 2800 4413 2866 Hic

2470 2900 2645 2957 certe
2684 2892 2928 2956 multae
2974 2891 3252 2954 virtutes
3294 2889 3706 2971 reperientur
3749 2888 4055 2951 maximis
4100 2888 4413 2954 encomiis

2471 2976 2727 3061 dignae.
2808 2976 2890 3040 In
2934 2975 3067 3041 illis
3102 2983 3324 3038 tamen
3362 2973 3666 3038 laudibus
3703 2973 3940 3038 vitium
3978 2970 4413 3056 deprehendit

2468 3063 2716 3129 lethi-0.
2797 3061 2992 3130 Unde
3038 3081 3378 3125 monemur
3421 3060 3490 3123 in
3536 3057 4104 3125 excellentissimis
4144 3058 4411 3141 quibus-

2466 3172 2593 3234 que
2653 3150 2997 3214 hominum
3052 3146 3242 3212 factis
3303 3165 3561 3227 sempor
3621 3146 3824 3210 latere
3869 3145 4152 3226 aliquem
4200 3144 4408 3209 defcc-

2468 3247 2627 3315 tum,
2686 3257 2762 3301 ac
2808 3236 2917 3300 vix
2981 3232 3188 3298 ullum
3234 3242 3491 3296 exstare
3550 3232 3644 3295 ita
3705 3230 4061 3313 perfectum
4108 3230 4410 3296 omnibus

2468 3323 2789 3401 numeris,
2849 3320 3004 3404 quin
3074 3338 3282 3383 naevo
3325 3317 3541 3399 aliquo
3585 3338 3919 3399 aspersum
3965 3318 4068 3382 sit.
4181 3315 4411 3384 Sciant

2466 3410 2671 3492 igitur
2729 3407 3101 3492 quicunque
3169 3402 3473 3486 regendis
3539 3404 3797 3485 populis
3857 3403 4171 3484 praefecti
4236 3412 4410 3483 sunt,

2465 3494 2890 3578 quantumvis
2935 3502 3201 3557 strenue
3244 3510 3487 3554 munus
3530 3509 3723 3553 suum
3771 3498 4150 3568 exerceant,
4209 3489 4264 3552 si
4307 3497 4409 3553 ta-

2462 3602 2612 3645 men
2659 3579 2742 3645 ad
2787 3599 3063 3645 examen
3108 3584 3382 3644 vocetur
3424 3574 3670 3656 optima
3712 3594 3909 3656 quam
3955 3576 4407 3653 tenent‘ratio,

2463 3667 2706 3749 aliquid
2754 3686 2941 3748 posse
2988 3661 3361 3728 desiderari.
3450 3658 3737 3724 Proinde
3782 3661 3994 3725 sciant
4038 3669 4172 3724 tam
4219 3680 4408 3743 reges

2462 3767 2527 3818 et
2570 3755 2996 3836 magistratus
3039 3770 3239 3832 quam
3282 3747 3591 3814 ecclesiae
3635 3754 3948 3829 pastores,
4017 3745 4128 3810 ubi
4169 3766 4408 3810 nervos

2461 3861 2689 3904 omncs
2728 3835 3135 3903 intenderint
3177 3835 3259 3899 ad
3296 3830 3766 3916 praestandum
3810 3831 4117 3910 officium,
4159 3842 4410 3897 restare

2462 3935 2684 3990 tamen
2729 3944 2987 4005 semper
3029 3920 3276 4002 aliquid
3311 3918 3480 4002 quod
3527 3919 3596 3982 in
3641 3917 3879 3983 melius
3923 3917 4156 4002 corrigi
4190 3928 4405 4000 queat.

2460 4011 2592 4075 Hic
2629 4009 2826 4075 etiam
2865 4018 3093 4073 notare
3127 4028 3361 4090 operae
3383 4006 3665 4088 pretium
3690 4011 3808 4081 est,
3850 4004 4173 4069 neminem
4202 4024 4406 4068 unum

2462 4120 2544 4162 ex
2589 4094 3002 4173 mortalibus,
3062 4093 3608 4177 quantiscumque
3665 4100 3732 4156 et
3789 4088 4150 4172 quamlibet
4209 4090 4407 4154 variis

2462 4183 2720 4248 dotibus
2764 4179 3069 4258 excellat,
3132 4200 3323 4262 posse
3369 4177 3448 4242 ad
3501 4196 3729 4242 omnes
3774 4185 3994 4258 partes
4033 4174 4407 4240 subeundas

2461 4269 2779 4333 sufficere.
2841 4266 3011 4348 Quis
3058 4267 3231 4330 enim
3279 4264 3451 4329 Mosi
3494 4262 3897 4344 aequabitur,
3943 4282 4134 4343 quem
4182 4272 4404 4325 tamen

2459 4355 2760 4420 videmus
2826 4353 3006 4417 oneri
3076 4352 3274 4416 fuisse
3340 4351 3692 4431 imparem,
3761 4367 3961 4430 quum
4031 4354 4233 4410 totam
4300 4367 4404 4410 re-

2460 4439 2658 4525 gendi
2703 4439 2926 4522 populi
2959 4458 3183 4504 curam
3229 4433 3631 4517 susciperet?
3681 4434 3956 4498 Discunt
3988 4432 4195 4516 igitur
4229 4432 4405 4497 servi

2461 4527 2586 4592 Dei
2632 4525 2834 4607 probe
2879 4524 3099 4588 metiri
3143 4543 3295 4587 suas
3342 4522 3531 4599 vires,
3581 4541 3662 4583 ne
3696 4518 3929 4600 cupide
3966 4519 4161 4583 nimis
4198 4518 4407 4583 multa

2462 4613 2723 4696 negotia
2782 4609 3248 4694 amplexando,
3309 4609 3631 4672 fatiscant.
3742 4606 3870 4670 Est
3907 4605 4082 4668 enim
4129 4606 4404 4668 nimium

2460 4698 2755 4781 vulgaris
2810 4698 3075 4761 morbus
3133 4691 3689 4775 πολυπραγμοσύνη,
3747 4700 3811 4755 et
3868 4691 4114 4754 maiore
4158 4691 4406 4773 impetu

2459 4786 2773 4868 plurimos
2855 4787 3027 4865 rapit
3106 4801 3297 4864 quam
3377 4789 3452 4842 ut
3527 4780 3750 4842 statim
3831 4777 4114 4841 fraenari
4186 4786 4401 4859 queat.

2459 4874 2696 4956 Ergo,
2742 4879 2813 4934 ut
2878 4888 2949 4933 se
3009 4866 3281 4950 quisque
3340 4863 3672 4931 contineat
3721 4863 3901 4927 intra
3955 4884 4107 4927 suas
4172 4872 4402 4939 metas,

2460 4957 2785 5024 discamus
2844 4956 2909 5019 in
2969 4972 3211 5037 genere
3266 4951 3555 5030 humano
3608 4951 3702 5015 sic
3757 4959 4195 5032 temperatum
4261 4969 4402 5013 esse

2458 5042 2780 5107 divinitus
2846 5039 3140 5105 ordinem
3211 5052 3284 5101 ut
3347 5037 3591 5122 singuli
3649 5046 3827 5101 certa
3886 5043 4140 5098 tantum
4203 5032 4398 5097 dono·

2456 5151 2607 5194 rum
2650 5147 2957 5192 mensura
3000 5124 3281 5208 praediti
3326 5125 3487 5189 sint:
3552 5122 3727 5186 unde
3772 5119 4012 5203 pendet
4055 5139 4400 5182 munerum

2458 5213 2847 5279 distributio,
2960 5208 3522 5292 Quemadmodum
3588 5208 3763 5272 enim
3830 5227 3960 5271 non
4019 5225 4191 5268 unus
4249 5204 4402 5269 solis

2456 5300 2678 5364 radius
2724 5295 3038 5363 mundum
3084 5295 3386 5373 illustrat,
3433 5292 3548 5360 sed
3590 5314 3816 5357 omnes
3862 5293 3930 5355 in
3978 5310 4180 5355 unum
4218 5290 4402 5372 quasi
4518 5359 4521 5360 ⁷

2457 5405 2687 5469 operas
2731 5384 2926 5449 simul
2971 5382 3346 5450 conferunt:
3391 5382 3484 5446 ita
3528 5380 3729 5458 Deus,
3776 5387 3846 5443 ut
3885 5396 4069 5442 sacro
4114 5384 4183 5439 et
4225 5376 4400 5441 inso-
