4867 6150
332 456 422 522 65
1511 454 2244 524 COMMENTARIUS
2289 455 2389 522 IN
2434 455 2737 523 EXODI
2782 455 2980 523 OAP.
3025 454 3145 522 IV.

328 664 481 713 rere
522 644 835 729 neglexit.
894 643 1079 710 Haec
1121 643 1593 727 praevaricatio
1635 665 1766 710 non
1810 644 1955 710 leve
1998 646 2123 710 fuit
2166 644 2277 710 de-

329 732 563 798 lictum
583 777 597 805 ‚
661 731 815 812 quia
877 729 1049 794 nihil
1114 731 1331 795 minus
1395 730 1731 796 tolerabile
1796 751 1991 814 quam
2060 732 2276 796 Deum

326 815 635 883 fraudare
678 816 854 880 iusto
886 815 1224 898 obsequio,
1283 822 1359 880 ut
1403 837 1545 882 mos
1579 827 1848 899 geratur
1890 817 2278 884 hominibus.

326 902 672 970 Adiuncta
713 901 910 966 etiam
956 901 1086 966 fuit
1121 900 1488 967 diffidentia
1530 912 1599 967 et
1640 902 2080 987 ingratitudo:
2127 905 2280 986 quia

328 988 389 1055 si
434 988 714 1071 pretium
764 1008 953 1052 suum
1017 988 1336 1052 tenuisset
1378 988 1504 1052 Dei
1554 989 1800 1071 gratia,
1863 988 2043 1054 nullo
2100 1001 2277 1056 metu

327 1075 413 1141 ab
459 1073 586 1138 hoc
628 1074 837 1139 officio
879 1073 1139 1157 pietatis
1182 1074 1413 1138 fuisset
1454 1074 1838 1156 prohibitus.
1928 1074 2278 1141 Discamus

332 1162 556 1244 itaque
600 1181 682 1224 ex
740 1158 863 1226 hoc
922 1159 1096 1244 loco,
1151 1161 1576 1224 sacramentis
1635 1181 1800 1244 quae
1855 1160 2072 1246 sigilla
2124 1172 2279 1226 sunt

330 1247 589 1332 gratiae
634 1247 790 1325 Dei,
837 1256 1216 1312 reverenter
1259 1247 1388 1321 uti,
1436 1267 1518 1310 ne
1563 1265 1787 1310 eorum
1832 1259 2274 1330 contemptum

329 1353 566 1399 severe
603 1333 787 1397 Deus
831 1332 1210 1398 ulciscatur:
1256 1352 1331 1397 ac
1371 1331 1563 1396 simul
1611 1333 2120 1413 meminerimus,
2163 1354 2277 1397 ex-

333 1426 593 1484 ternam
639 1418 900 1500 pietatis
946 1428 1013 1483 et
1052 1419 1269 1484 cultus
1311 1418 1431 1481 Dei
1476 1417 1943 1500 professionem
1964 1470 1978 1498 ,
2070 1419 2277 1484 ratius

337 1525 481 1571 esse
548 1502 692 1568 Deo
754 1503 1145 1569 sacrificium
1224 1524 1419 1587 quam
1498 1513 1569 1568 ut
1633 1504 1778 1570 eius
1843 1505 2022 1570 colen
2073 1526 2149 1569 ae
2212 1515 2278 1569 et

340 1589 676 1656 testandae
720 1610 940 1655 curam
988 1610 1110 1673 pro
1164 1590 1369 1654 nihilo
1419 1587 1566 1655 duci
1627 1590 1809 1655 ferat.
1902 1591 2047 1655 Non
2107 1591 2278 1673 quod

336 1686 628 1742 moretur
690 1675 830 1758 ipse
858 1679 1358 1753 -caeremonias‚
1425 1675 1538 1740 sed
1603 1676 1756 1759 quia
1812 1677 2060 1760 gratiae
2124 1696 2280 1742 suae

332 1761 757 1846 pignoribus,
822 1783 939 1845 pro
1008 1762 1291 1827 utilitate
1348 1782 1515 1845 quae
1571 1785 1653 1827 ex
1711 1762 1842 1828 illis
1905 1763 2280 1845 percipitur,

330 1846 646 1912 honorem
696 1847 838 1911 vult
882 1847 1138 1914 deferri.
1228 1846 1334 1914 Ob
1388 1846 1560 1913 hanc
1615 1867 1878 1914 causam
1937 1847 2107 1930 apud
2152 1849 2279 1913 Oo-

329 1932 614 1999 rinthios
674 1932 865 2020 (teste
922 1933 1131 1998 Paulo
1188 1933 1235 1999 1.
1293 1933 1442 1999 Cor.
1509 1933 1608 2014 11,
1666 1933 1772 2021 18)
1835 1954 2035 2017 quum
2094 1955 2282 2000 sacra

329 2040 539 2086 coena
596 2020 1064 2102 profanaretur,
1124 2029 1426 2104 grassata
1467 2030 1571 2085 est
1635 2020 1870 2104 pestis:
1937 2021 2089 2104 quia
2147 2032 2281 2085 tam

335 2107 696 2189 pretiosum
743 2105 1131 2170 thesaurum
1190 2104 1504 2187 vilipendi
1551 2108 1735 2172 nefas
1779 2106 1922 2172 fuit.
2028 2105 2282 2171 Notan-

334 2192 495 2256 dum
542 2202 761 2257 autem
806 2190 977 2273 quod
1034 2211 1238 2273 quum
1302 2191 1463 2256 duos
1521 2192 1690 2258 filios
1733 2193 1953 2258 Moses
1998 2192 2280 2269 duceret,

333 2278 447 2344 hic
492 2288 751 2342 tantum
794 2278 989 2342 unius
1033 2278 1109 2341 fit
1150 2277 1427 2342 mentio:
1490 2277 1662 2343 unde
1704 2278 2060 2361 probabilis
2103 2278 2281 2343 elici-

336 2372 449 2428 tur
510 2363 886 2429 coniectura
950 2363 1230 2427 alterum
1296 2385 1377 2428 ex
1446 2363 1696 2429 duobus
1741 2364 1940 2430 fuisse
2005 2365 2284 2430 circum·

336 2450 564 2515 cisum.
673 2447 958 2530 Quidam
1038 2448 1422 2513 existimant
1498 2450 1696 2515 fuisse
1771 2450 2280 2536 primogenitum

334 2535 626 2601 Eliezer:
673 2536 828 2617 quia
871 2556 1001 2599 non
1049 2556 1248 2600 ausus
1290 2534 1490 2600 fuerit
1530 2535 1739 2601 Moses
1785 2546 1918 2600 tam
1960 2538 2089 2602 cito
2133 2537 2279 2600 reli-

332 2622 597 2706 gionem
645 2642 828 2686 suam
880 2621 1106 2703 fateri,
1159 2632 1226 2685 et
1269 2621 1392 2686 sibi
1436 2620 1656 2686 odium
1700 2642 2046 2688 accersere.
2136 2623 2279 2708 Ego

335 2716 563 2773 autem
605 2706 823 2789 potius
866 2706 1200 2786 existimo,
1256 2715 1596 2790 postquam
1653 2707 1722 2771 in
1784 2730 1912 2773 uno
1971 2718 2279 2790 expertus

332 2793 555 2858 fuerat
597 2792 984 2858 domesticos
1043 2792 1168 2857 sibi
1210 2793 1528 2872 infensos,
1589 2795 1659 2858 in
1711 2794 1995 2860 secundo
2059 2815 2282 2877 super-

330 2878 616 2947 sedisse.
661 2892 738 2942 ut
780 2880 985 2944 soceri
1031 2877 1136 2943 vel
1186 2879 1408 2944 uxoris
1450 2879 1967 2964 indignationem
2019 2881 2276 2946 vitaret.

336 2964 512 3031 Nam
571 2965 628 3029 si
683 2964 994 3047 temporis
1051 2984 1350 3030 successu
1409 2964 1702 3031 redditus
1758 2966 1988 3030 fuisset
2030 2968 2278 3031 animo-

332 3051 502 3129 sior,
559 3071 690 3117 non
735 3048 1098 3116 dubitasset
1140 3050 1333 3116 modo
1375 3052 1656 3135 priorem
1705 3051 2029 3119 defectum
2075 3052 2278 3117 corri-

334 3158 523 3223 gere:
597 3136 712 3203 sed
780 3137 1150 3202 domesticis
1219 3140 1446 3221 iurgiis
1525 3138 1841 3223 fatigatus
1907 3139 1988 3203 ab
2067 3138 2280 3204 officio

336 3222 610 3290 tandem
668 3222 984 3289 discessit.
1083 3220 1232 3303 Quo
1289 3224 1586 3307 exemplo
1637 3245 2008 3304 monemur,
2066 3225 2279 3308 quoti-

330 3309 536 3375 diano
583 3308 713 3375 Dei
756 3308 1001 3375 auxilio
1058 3309 1246 3375 nobis
1288 3332 1429 3376 esse
1472 3331 1636 3394 opus
1680 3309 1764 3375 ad
1804 3310 2001 3376 robur
2043 3330 2280 3395 sugge-

337 3395 652 3475 rendum,
713 3415 796 3460 ne
844 3394 1275 3478 languescant
1316 3395 1551 3476 animi,
1609 3407 1674 3460 et
1726 3396 2041 3480 paulatim
2101 3396 2281 3461 refri-

336 3490 563 3566 gescat
625 3480 733 3546 vel
798 3482 1136 3546 flaccescat
1207 3481 1384 3548 zelus
1464 3493 1701 3548 noster.
1828 3482 2042 3547 Multa
2105 3483 2282 3547 enim

336 3566 602 3634 assidue
647 3566 918 3632 molitur
953 3566 1182 3644 Satan,
1226 3567 1461 3650 quibus
1503 3567 1792 3634 studium
1839 3577 2135 3634 nostrum
2173 3567 2284 3633 vel

334 3653 636 3737 frangat,
710 3653 814 3718 vel
882 3652 1188 3718 retardet.
1299 3654 1479 3738 Ergo
1542 3654 1837 3738 quisquis
1901 3655 2081 3737 cupit
2149 3663 2284 3719 toto

330 3739 519 3805 vitae
573 3759 773 3804 cursu
831 3759 903 3804 se
945 3739 1091 3804 Deo
1151 3740 1452 3822 probare,
1508 3760 1692 3805 arma
1749 3747 1818 3804 et
1873 3740 2047 3805 vires
2105 3760 2284 3807 com-

332 3833 528 3910 paret
584 3824 671 3889 ad
730 3823 1092 3891 obeundam
1153 3825 1324 3890 hanc
1372 3826 1693 3891 militiam.
1782 3826 1952 3890 Nam
2008 3826 2064 3891 si
2110 3827 2284 3892 Mosi

336 3911 551 3977 defuit
604 3911 1003 3987 constantia,
1076 3932 1195 3975 nos
1250 3930 1456 3995 aeque
1511 3912 1615 3976 vel
1681 3911 1877 3976 etiam
1937 3913 2146 3996 magis
2201 3912 2282 3977 ad

330 3995 620 4063 eundem
663 3997 918 4079 lapsum
962 3997 1208 4061 erimus
1243 3997 1579 4079 proclives,
1622 3997 1751 4063 nisi
1786 3995 2115 4064 Dominus
2158 4000 2284 4082 spi-

340 4084 473 4148 ritu
520 4102 640 4149 suo
677 4103 793 4148 nos
837 4080 1078 4147 fulciat.

514 4167 617 4234 25.
674 4166 766 4233 Et
804 4167 944 4232 aaut
989 4166 1265 4249 Sephora
1313 4168 1604 4251 lapidem.
1705 4169 1881 4250 Quia
1937 4190 2280 4254 perperam

505 4264 729 4338 partes
761 4253 887 4318 sibi
929 4255 1209 4337 sumpsit
1252 4254 1506 4339 mulier,
1551 4254 1853 4320 divinant
1894 4256 2156 4340 quidam
2201 4279 2284 4321 ex

341 4340 664 4406 Rabbinis
707 4340 974 4405 absente
1018 4341 1252 4404 marito
1286 4338 1353 4403 id
1398 4362 1539 4406 esse
1573 4342 1846 4406 factum:
1892 4342 2004 4408 sed
2049 4363 2208 4425 repu
2257 4380 2283 4393 -

340 4435 457 4492 nat
512 4436 891 4505 contextus,
962 4425 1234 4508 ideoque
1300 4446 1429 4492 non
1500 4426 1725 4492 dubito
1802 4431 1958 4512 quin
2039 4364 2280 4494 tumuff-

338 4514 553 4579 tuarie
591 4510 697 4598 (ut
733 4512 874 4577 fieri
908 4511 1075 4576 solet
1107 4512 1176 4576 iu
1222 4522 1400 4578 metu
1446 4522 1514 4578 et
1548 4512 1742 4579 rebus
1782 4514 2082 4603 trepidis)
2117 4516 2284 4581 arri-

340 4599 560 4682 puerit
638 4597 746 4663 vel
825 4597 1107 4663 cultrum
1127 4648 1143 4677 ,
1213 4598 1315 4663 vel
1394 4599 1697 4682 lapidem.
1810 4601 2034 4666 Timor
2103 4603 2280 4666 enim

340 4254 462 4321 has

341 4695 631 4751 mentem
710 4685 849 4748 eius
928 4694 1424 4764 excaecaverat,
1504 4707 1588 4752 ne
1657 4685 1810 4769 quid
1871 4685 2278 4753 considerate

334 4778 584 4855 ageret.
688 4769 897 4836 Moses
953 4770 1149 4836 etiam
1209 4771 1419 4853 potuit
1458 4792 1631 4854 ,prae
1684 4773 2016 4838 anxietate
2072 4775 2283 4839 iacere

336 4858 679 4923 attonitus.
752 4855 953 4921 Certe
994 4877 1123 4922 non
1169 4857 1297 4922 rite
1339 4857 1761 4925 circumcisus
1805 4859 1931 4923 fuit
1973 4878 2162 4942 puer:
2216 4868 2283 4923 et

340 4952 567 5007 tamen
633 4940 919 5007 officium
987 4954 1231 5009 temere
1295 4953 1673 5026 susceptum
1735 4945 1877 5009 Deo
1944 4943 2279 5027 placuisse,

338 5050 428 5093 ex
471 5038 717 5093 eventu
762 5039 971 5111 patet:
1016 5030 1167 5112 quia
1209 5029 1514 5094 continuo
1559 5039 1708 5112 post
1748 5030 2010 5095 additur
2061 5028 2280 5094 Deum

336 5134 386 5179 a
420 5113 605 5179 Mose
649 5112 1036 5180 discessisse.
1134 5115 1280 5198 Ego
1324 5116 1500 5179 enim
1542 5116 1634 5181 sic
1676 5115 2097 5199 interpretor,
2143 5137 2283 5181 ces-

336 5220 523 5266 sasse
568 5200 673 5266 vel
731 5210 1054 5265 remotum
1110 5199 1307 5266 fuisse
1351 5198 1479 5265 Dei
1536 5201 1899 5284 flagellum:
1952 5204 2105 5284 quia
2147 5210 2284 5266 tam

348 5285 553 5353 Mosis
618 5307 813 5369 quam
872 5284 1208 5369 Sephorae
1270 5286 1673 5369 poenitentia
1737 5288 2038 5370 quamvis
2095 5308 2285 5371 prae·

340 5380 633 5457 postera,
675 5372 1014 5456 mitigatus
1056 5377 1215 5438 erat.
1304 5372 1366 5437 N
1368 5393 1456 5438 on
1500 5371 1672 5457 quod
1714 5373 2097 5457 simpliciter
2140 5374 2285 5440 Deo

554 5472 778 5529 Galum
807 5487 993 5542 opera.
1073 5471 1189 5529 Vol.
1228 5471 1386 5530 XXI
1397 5476 1458 5532 V.

4237 458 4330 523 66

2376 645 2692 727 probetur
2734 645 2967 711 mutila
3010 644 3394 723 obedientia,
3439 642 3551 710 sed
3595 644 3951 711 secundum
3987 645 4162 728 quid,
4205 666 4333 730 per

2376 731 2855 815 indulgentiam
2914 731 3246 797 interdum
3309 740 3497 814 grata
3550 744 3667 796 est.
3761 730 3875 797 Sic
3932 731 4135 814 impio
4179 735 4323 817 regi

2378 817 2642 897 Achab,
2685 837 2884 901 quum
2932 818 3013 881 ad
3061 828 3319 900 tempus
3364 816 3748 881 humiliatus
3793 828 3997 895 esset,
4059 829 4332 900 propter

2377 904 2564 969 fictas
2610 903 2933 989 lacrymas
2968 908 3242 969 remissa
3286 904 3413 967 fuit
3458 923 3663 985 poena
3705 901 3791 985 (1.
3831 904 3995 987 Reg.
4038 903 4145 982 21,
4190 903 4325 991 29).

2380 986 2602 1069 Quum
2649 1010 2806 1073 ergo
2853 987 3151 1071 Sephora
3193 1009 3357 1072 quae
3412 989 3649 1053 marito
3701 990 4044 1055 adversata
4086 990 4323 1069 fuerat,

2381 1075 2663 1157 propriis
2686 1075 2988 1140 manibus
3023 1074 3232 1139 filium
3266 1072 3775 1150 circumcideret,
3822 1076 4123 1158 quamvis
4159 1096 4330 1142 non-

2379 1160 2537 1225 dum
2604 1161 2773 1225 serio
2841 1162 3251 1242 resipuisset,
3309 1161 3488 1226 Deus
3544 1172 3765 1225 tamen
3821 1161 4090 1227 subacta
4145 1161 4328 1230 illius

2378 1245 2683 1327 superbia
2736 1258 3084 1311 contentus
3141 1246 3293 1323 fuit,
3359 1257 3433 1311 ut
3477 1245 3820 1311 desisteret
3862 1266 3902 1309 a
3948 1247 4133 1312 Mose
4177 1266 4329 1331 per-

2377 1331 2723 1414 sequendo,
2828 1329 3226 1413 Quanquam
3270 1331 3391 1396 hoc
3434 1332 3501 1395 in
3548 1332 3921 1414 exemplum
3968 1333 4142 1397 trahi
4190 1353 4328 1401 nou

2379 1416 2602 1482 debet:
2661 1419 2846 1500 quasi
2905 1417 3285 1501 hypocritae
3343 1418 3783 1499 poenitentiae
3842 1420 4033 1500 signa
4089 1418 4324 1499 dando,

2379 1501 2598 1567 Deum
2656 1524 2914 1586 semper
2966 1502 3362 1568 exorabilem
3421 1503 3767 1585 reperiant.
3871 1503 4054 1585 Quin
4110 1506 4330 1587 potius

2377 1587 2707 1655 interdum
2785 1588 2998 1672 quoad
3076 1608 3354 1672 poenam
3433 1589 3882 1671 infligendam,
3971 1591 4333 1657 clementer

2379 1675 2662 1759 ignoscit
2704 1675 3013 1759 indignis,
3060 1685 3132 1739 ut
3178 1675 3300 1741 hac
3343 1673 3656 1740 facilitate
3700 1696 3819 1740 nos
3864 1675 3945 1739 ad
3990 1696 4212 1740 veram
4259 1685 4330 1742 et

2376 1763 2696 1826 sinceram
2742 1761 3204 1844 poenitentiam
3247 1761 3499 1825 invitet.
3575 1761 3943 1825 Teneamus
3987 1780 4163 1845 ergo,
4213 1782 4327 1827 ve-

2381 1848 2557 1910 niam
2598 1847 2817 1912 datam
2863 1847 3061 1913 fuisse
3107 1845 3578 1929 perturbationi
3627 1845 3965 1929 Sephorac
4008 1857 4076 1912 et
4122 1847 4329 1914 Mosis

2382 1933 2660 2015 stupori:
2709 1932 2864 1997 dum
2906 1946 3150 1998 temere
3192 1932 3304 1996 illa
3348 1930 3429 1996 ad
3474 1932 3679 1997 filium
3728 1932 4330 1998 circumcidendum

2383 2020 2712 2103 prorupit,
2775 2038 2908 2083 non
2964 2019 3368 2100 arrogantia,
3444 2017 3559 2083 sed
3624 2030 3699 2082 ut
3763 2017 3910 2082 Deo
3975 2020 4328 2101 perniciem

2383 2104 2711 2169 minitanti
2758 2102 3034 2171 cederet.
3125 2105 3272 2186 Quo
3326 2102 3646 2168 refellitur
3703 2124 3929 2168 eorum
3987 2104 4328 2171 insulsitas

2381 2190 2495 2273 qui
2538 2190 2661 2257 hoc
2704 2192 2915 2257 colore
2960 2190 3182 2257 fucare
3220 2189 3452 2254 volunt
3486 2190 3865 2255 muliebrem
3906 2191 4328 2272 baptismum.

2382 2276 2556 2341 Nam
2590 2277 2648 2340 si
2685 2277 2914 2341 mortis
2949 2276 3328 2359 impendeat
3364 2275 3716 2342 discrimen
3753 2275 4134 2357 infantibus,
4181 2277 4328 2344 ideo

2382 2362 2791 2428 contendunt
2861 2363 2985 2428 rite
3063 2383 3102 2426 a
3185 2361 3449 2427 feminis
3517 2361 3825 2445 baptizari
3894 2383 4113 2444 posse,
4178 2364 4336 2447 quia

2384 2446 2683 2531 Sephora
2739 2448 2948 2513 filium
3007 2447 3432 2515 circumcidit.
3535 2447 3736 2531 Atqui
3791 2460 4131 2530 praesente
4188 2450 4333 2515 viro

2382 2534 2724 2599 mulierem
2782 2536 2919 2600 fore
2976 2534 3038 2599 le
3085 2534 3338 2598 itimam
3405 2534 3710 2616 baptismi
3773 2535 4176 2612 ministram,
4244 2556 4332 2601 ne

2381 2621 2509 2704 ipsi
2532 2620 2793 2703 quidem
2828 2641 3027 2687 conce
3074 2630 3206 2684 ent.
3279 2618 3601 2685 Perverse
3636 2619 3841 2703 igitur
3877 2641 3962 2684 ex
3984 2629 4136 2686 actu
4173 2641 4332 2687 con·

2382 2707 2528 2771 fuso
2573 2717 2641 2770 et
2683 2706 3062 2772 turbulento
3109 2705 3405 2789 regulam
3448 2714 3764 2770 statuunt.

2554 2792 2658 2859 26.
2722 2791 2995 2859 Proiecit
3035 2793 3122 2859 ad
3153 2792 3360 2874 podes.
3466 2791 3763 2856 Verbum
3816 2804 3916 2867 xm
3990 2792 4162 2874 quod
4221 2792 4337 2857 alii

2383 2886 2659 2944 vertunt
2713 2879 2953 2955 tenuit,
3019 2878 3364 2943 transitive
3432 2878 3675 2943 rectius
3742 2878 4074 2960 accipitur.
4185 2878 4335 2943 Etsi

2384 2965 2562 3028 enim
2605 2964 2822 3045 aliqua
2863 2985 2949 3029 ex
2983 2975 3188 3048 parte,
3232 2972 3313 3029 ut
3344 2963 3617 3047 cogebat
3651 2967 4024 3042 necessitas,
4071 2985 4143 3030 se
4184 2961 4331 3030 Deo

2384 3049 2663 3115 subiecit
2703 3048 3035 3133 sephora,
3090 3059 3310 3116 tamen
3369 3049 3458 3115 im
3508 3058 3618 3116 etu
3666 3049 4043 3116 iracundiae
4084 3049 4335 3133 percita

2382 3143 2614 3201 contra
2681 3136 2990 3201 maritum
3054 3137 3341 3201 exsiluit.
3443 3069 3687 3201 (galiotae
3736 3137 3908 3200 enim
3979 3135 4334 3217 exprobrat

2385 3242 2700 3305 sponsum
2787 3243 2928 3288 esse
3017 3223 3534 3306 sanguinarium.
3658 3220 3853 3289 Unde
3939 3221 4332 3304 perspicitur

2385 3326 2586 3390 quam
2620 3309 2815 3393 longe
2854 3329 2891 3372 a
2926 3309 3032 3390 pio
3069 3306 3414 3373 obediendi
3451 3308 3687 3374 affectu
3723 3307 4035 3373 abfuerit:
4074 3306 4331 3390 quando

2387 3414 2519 3459 non
2580 3393 2711 3460 alia
2767 3393 2847 3458 de
2903 3413 3100 3460 causa
3151 3394 3547 3475 impotenter
3594 3394 3803 3458 fertur
3855 3405 4082 3459 contra
4139 3394 4339 3459 mari-

2386 3487 2565 3565 tum,
2623 3488 2690 3545 et
2733 3479 3142 3546 iracundiam
3197 3501 3386 3544 suam
3438 3480 3713 3559 evomit,
3769 3479 3897 3544 nisi
3953 3479 4107 3562 quia
4150 3481 4333 3547 Deus

2384 3566 2502 3631 filii
2547 3566 3104 3632 circumcisionem
3153 3565 3235 3630 ab
3277 3587 3354 3629 ea
3398 3572 3781 3630 extorserat.
3883 3562 4168 3645 Quidam
4211 3587 4334 3649 pu·

2385 3660 2532 3716 tant
2584 3662 2882 3718 materno
2940 3651 3162 3717 dolore
3242 3651 3623 3734 impulsam,
3687 3650 3795 3715 vel
3870 3651 4333 3733 misericordia,

2386 3737 2511 3804 hoc
2548 3738 2791 3804 dixisse
2827 3739 2993 3804 filio:
3028 3736 3145 3803 sed
3181 3737 3376 3802 nimis
3414 3737 3734 3801 violenter
3770 3747 4077 3819 torquent
4112 3735 4333 3804 verba.

2387 3824 2612 3905 Quare
2676 3826 2880 3890 satius
2945 3835 3044 3890 est
3101 3833 3326 3888 tenere
3379 3822 3549 3906 quod
3606 3825 3968 3907 genuinum
4027 3833 4159 3901 est,
4219 3845 4335 3888 ex·

2387 3911 2752 3993 postulasse
2815 3932 2967 3976 cum
3024 3911 3289 3989 marito,
3352 3908 3504 3992 quia
3570 3908 3744 3976 illius
3811 3910 4017 3974 vitam
4083 3910 4339 3976 iactura

2387 3997 2727 4080 sanguinis
2772 3996 2890 4062 filii
2934 3997 3033 4062 sui
3079 3994 3466 4060 redemerat.

2559 4082 2662 4147 27.
2723 4081 2913 4147 Dixit
2953 4087 3161 4148 autem
3204 4081 3432 4146 Iehova
3470 4079 3557 4146 ad
3599 4079 3880 4146 Aharon.
3970 4079 4197 4160 Quum
4244 4101 4331 4146 ex

2387 4168 2702 4250 temporis
2758 4167 3171 4251 longitudine
3235 4167 3539 4250 colligere
3601 4176 3819 4249 posset
3863 4165 4137 4230 Aharon
4195 4166 4328 4232 fra-

2388 4265 2558 4319 trem
2602 4256 2671 4318 in
2717 4253 2946 4318 exsilio
2987 4274 3131 4319 esse
3172 4263 3522 4331 mortuum,
3570 4271 3745 4317 nunc
3790 4251 3870 4315 de
3899 4252 4035 4316 vita
4079 4251 4327 4316 laetum

2385 4363 2468 4405 ex
2513 4361 2627 4405 ore
2671 4338 2797 4405 Dei
2842 4339 3157 4404 nuncium
3200 4337 3466 4421 accipit:
3537 4358 3747 4420 neque
3803 4337 3871 4401 id
3926 4336 4151 4415 modo,
4214 4336 4330 4404 sed

2383 4428 2581 4492 etiam
2643 4428 2707 4490 in
2753 4446 2937 4509 spem
2987 4425 3261 4508 erigitur
3316 4423 3670 4508 singularis
3719 4424 3997 4510 gratiae.
4100 4421 4329 4504 Quan-

2383 4533 2581 4597 quam
2625 4514 2801 4576 enim
2840 4533 2969 4576 non
3007 4512 3290 4594 explicat
3323 4509 3503 4575 Deus
3541 4511 3883 4575 articulate
3916 4509 4072 4592 quid
4115 4508 4331 4576 facere

2385 4598 2752 4666 decreverit
2796 4618 2871 4664 ac
2917 4608 3129 4680 paret,
3191 4596 3453 4660 oraculo
3509 4604 3728 4661 tamen
3775 4616 3895 4660 suo
3941 4616 4161 4660 rarum
4208 4595 4329 4661 ali·

2383 4686 2541 4769 quid
2592 4695 2662 4750 et
2717 4684 3128 4767 inopinatum
3186 4682 3526 4764 promittit.
3628 4682 3980 4748 Caeterum
4042 4681 4330 4749 notanda

2383 4781 2487 4837 est
2550 4769 2843 4853 praecisa
2903 4767 3173 4834 iubendi
3240 4766 3441 4845 ratio,
3520 4769 3672 4850 quia
3736 4766 3817 4831 de
3883 4766 4330 4850 redemptione

2385 4856 2659 4924 verbum
2706 4876 2833 4919 non
2890 4854 3041 4919 fecit
3082 4854 3296 4929 Deus,
3363 4853 3474 4918 sed
3532 4853 3753 4917 fratris
3807 4853 4078 4917 iunioris
4134 4852 4328 4920 disci-

2382 4943 2615 5027 pulum
2657 4961 2803 5006 esse
2847 4939 3066 5005 voluit.
3169 4937 3260 5003 Et
3302 4938 3600 5021 quamvis
3650 4959 3774 5003 sua
3814 4938 4328 5021 promptitudine

2384 5026 2759 5095 ostenderet
2807 5044 3137 5092 summum
3193 5024 3469 5106 parendi
3528 5024 3818 5089 studium
3881 5035 3947 5088 et
4003 5021 4325 5104 ardorem,

2386 5116 2560 5180 Mosi
2623 5125 2842 5178 tamen
2909 5111 3120 5195 lento,
3180 5110 3537 5189 dubitanti,
3606 5109 3935 5175 vacillanti
3994 5119 4062 5173 et
4128 5129 4328 5192 prope

2386 5201 2630 5284 ignavo
2697 5209 3009 5280 aequatus
3072 5217 3207 5262 non
3266 5206 3393 5263 est:
3473 5196 3588 5262 sed
3652 5196 3733 5260 ab
3787 5216 3863 5259 eo
3929 5195 4149 5260 iussus
4226 5205 4330 5261 est

2389 5287 2639 5351 discere
2695 5283 3040 5350 consilium
3100 5282 3247 5350 Dei.
3349 5283 3637 5347 Tantum
3685 5304 3768 5347 ne
3824 5279 4189 5363 ambigeret
4244 5279 4334 5347 de

2389 5391 2513 5439 sua
2564 5381 2631 5436 et
2693 5370 2918 5436 fratris
2983 5369 3347 5450 vocatione,
3421 5366 3692 5435 edoctus
3758 5368 4003 5433 visione
4062 5366 4334 5435 coelesti
