4867 6150
342 443 468 511 597

966 720 1099 786 EX
1143 718 1412 786 DEU'P.
1471 715 1664 784 XVI.

517 921 574 987 1.
629 919 898 987 Observa
941 938 1209 984 mensem
1252 914 1445 994 Abib,
1502 920 1559 981 et
1608 914 1716 997 fac
1762 913 1970 980 Pesab
2029 913 2295 981 Iebovae
2318 898 2338 921 χ

339 1007 477 1075 Deo
517 1012 651 1072 tuo:
694 1005 852 1091 quia
892 1024 1098 1070 mense
1121 1001 1289 1068 Abib
1327 1001 1543 1067 eduxit
1584 1006 1640 1065 te
1664 999 1893 1067 Ich-ova
1933 999 2115 1067 Deus
2147 1006 2296 1066 tuus

338 1115 418 1160 ex
462 1094 741 1177 Aeyypto
783 1096 965 1156 nocte.
1069 1090 1130 1156 2.
1189 1088 1282 1154 Et
1331 1085 1719 1168 sacrificabis
1778 1085 1988 1152 Pesab
2032 1085 2295 1153 Ieliovae

339 1173 1482 1261 Deotuodepecudibusetbobus,
1546 1172 2295 1256 inlocoqucmeleqerit

341 1265 574 1333 Iehova
611 1270 682 1330 ut
722 1263 1004 1329 habitare
1042 1261 1249 1345 faciat
1288 1278 1509 1325 nomen
1548 1278 1736 1324 sicum
1770 1258 1877 1323 ibi.

856 1693 989 1759 EX
1035 1690 1366 1759 EODEM
1412 1690 1768 1757 CAPITE.

507 1891 569 1959 5.
619 1892 765 1958 Non
795 1891 1037 1973 poteris
1077 1889 1438 1972 sacrificare
1465 1886 1676 1955 Pesab
1717 1888 1790 1954 in
1822 1887 2045 1970 aliqua
2079 1908 2111 1953 e
2141 1907 2293 1970 por-

335 1982 423 2049 tis
456 1982 585 2046 tuis
628 1999 788 2061 quas
832 1976 1062 2045 Ieliova
1119 1975 1299 2041 Deus
1357 1981 1505 2040 tuus
1557 1974 1667 2039 dot
1720 1975 1853 2039 tibi.
1943 1975 2002 2039 6.
2055 1972 2177 2038 Sed
2220 1974 2292 2039 in

336 2068 462 2134 loco
505 2085 685 2149 quem
723 2063 967 2149 eleyerit
996 2062 1230 2128 Iehova
1251 2060 1431 2127 Deus
1473 2067 1623 2127 tuus
1665 2064 1736 2126 ut
1777 2060 2062 2125 habitare
2091 2060 2292 2142 faciat

335 2172 557 2220 nomen
619 2170 808 2216 suum
870 2148 993 2215 ibi:
1073 2146 1466 2228 sacrificabis
1535 2144 1742 2212 Pesab
1807 2147 1893 2212 ad
1948 2165 2289 2227 vesperam,

337 2237 716 2305 occumbente
756 2235 908 2316 sole,
966 2239 1232 2316 tempore
1272 2253 1393 2316 quo
1434 2253 1718 2317 cyressus
1758 2253 1825 2297 es
1867 2252 1944 2296 ex
1988 2236 2087 2297 Ae
2155 2237 2285 2314 pto.

340 2322 400 2391 7.
458 2323 734 2389 Assabis
788 2328 995 2388 autem
1047 2341 1122 2387 ac
1176 2319 1449 2385 comedes
1502 2321 1573 2383 in
1627 2318 1756 2384 loco
1806 2338 1982 2400 quem
2102 2317 2292 2400 eyerit

339 2411 571 2477 Iebova
612 2408 794 2476 Deus
834 2412 981 2473 tuus
994 2457 1011 2485 ,
1061 2410 1282 2488 postea
1340 2425 1524 2470 mane
1579 2424 1910 2472 conversus
1962 2404 2290 2469 reverteris

334 2499 410 2564 in
448 2494 857 2561 tabernacula
896 2497 1022 2558 tua.
1113 2492 1173 2558 8.
1224 2489 1350 2557 Sex
1391 2491 1609 2556 diebus
1649 2490 1921 2556 comedes
1954 2488 2284 2571 infermen-

333 2587 496 2659 tata,
559 2581 662 2647 die
703 2585 909 2645 autem
949 2578 1207 2661 septimo
1260 2578 1383 2643 erit
1433 2576 1778 2642 solennitas
1835 2574 2099 2641 Iehovae
2150 2574 2288 2642 Deo

333 2675 470 2735 tuo:
526 2687 654 2733 non
708 2665 906 2748 facies
959 2684 1118 2747 opus
1169 2662 1386 2728 ullum.
1476 2662 1537 2728 9.
1589 2660 1834 2744 Septem
1874 2660 2287 2727 hebdomadas

334 2753 696 2822 numerabis
730 2752 861 2828 tibi,
906 2771 985 2816 esc
1012 2771 1132 2834 quo
1164 2749 1426 2831 coeperit
1461 2749 1607 2830 falx
1649 2767 1779 2813 esse
1820 2747 1891 2812 in
1932 2752 2142 2831 seqete,
2185 2749 2286 2812 in-

332 2842 530 2925 cipies
570 2858 904 2905 niomerare
943 2842 1172 2918 septem
1210 2834 1640 2901 hebdomadas.
1723 2831 1824 2898 10.
1868 2831 2094 2899 Postea
2135 2834 2284 2899 cele-

334 2927 546 2993 brabis
587 2924 1008 2992 solennitatem
1047 2921 1499 2987 hebdomadum
1543 2919 1811 2985 IeJuovae
1852 2916 1991 2985 Deo
2033 2924 2136 2984 tuo
2160 2938 2284 3000 pro

329 3013 632 3098 facultate
656 3016 1035 3162 spontaneae
1060 3027 1293 3074 manus
1315 3012 1456 3073 tuae
1498 3005 1664 3089 quod
1684 3004 1868 3074 dabis
1898 3008 2093 3088 prout
2111 3005 2282 3070 bene-

333 3100 569 3168 dixerit
632 3099 682 3162 t‘
733 3097 746 3111 ‘
810 3095 1040 3162 Iehova
1104 3093 1286 3162 Deus
1356 3098 1523 3159 tuus.
1638 3093 1738 3158 11.
1805 3090 1895 3156 Et
1957 3087 2286 3158 laetaberis

333 3205 547 3253 coram
591 3183 821 3249 Iehova
868 3181 1008 3246 Deo
1051 3186 1155 3246 tuo
1171 3230 1187 3260 ,
1246 3185 1314 3245 tu
1356 3184 1411 3245 et
1447 3178 1626 3260 filius
1669 3184 1817 3243 tuus
1872 3183 1929 3242 et
1964 3177 2107 3259 lilia
2148 3182 2278 3255 tua,

333 3278 388 3338 et
428 3291 651 3338 servus
692 3275 842 3334 tuus
882 3272 936 3332 et
979 3266 1213 3332 ancilla
1255 3271 1399 3342 tua,
1465 3271 1521 3329 et
1565 3264 1786 3331 Levita
1826 3264 1939 3344 qui
1980 3270 2069 3330 est
2109 3264 2285 3330 intra

323 3362 551 3441 portas
592 3361 756 3428 tuas.
799 3359 854 3420 et
890 3352 1285 3438 pereffluas,
1329 3357 1385 3417 et
1414 3350 1729 3434 pupillus,
1783 3355 1842 3416 et
1881 3349 2078 3415 vidua
2098 3398 2114 3427 ‚
2171 3349 2284 3432 qui

329 3443 575 3527 fuerint
633 3442 709 3507 in
763 3440 962 3505 medio
1018 3439 1140 3514 tui,
1207 3439 1280 3505 in
1342 3437 1467 3505 loco
1519 3456 1699 3518 quem
1748 3436 1991 3521 eleqerit
2053 3434 2285 3501 Iehova

332 3529 515 3596 Deus
556 3535 707 3594 tuus
742 3531 811 3592 ut
852 3524 1133 3591 habitare
1170 3524 1369 3608 faciat
1411 3542 1628 3589 nomen
1663 3522 1848 3587 suum
1882 3521 1993 3587 ibi.
2054 3522 2155 3586 12.
2194 3519 2286 3586 Et

332 3614 754 3682 recordaberis
793 3612 957 3695 quod
997 3631 1218 3677 servus
1257 3610 1463 3692 fueris
1506 3610 1577 3674 in
1620 3609 1915 3692 Aeyypto,
1955 3614 2284 3690 propterea

333 3700 638 3769 custodies
701 3719 776 3764 ac
830 3698 1031 3781 facies
1093 3701 1329 3762 statuta
1393 3694 1560 3761 haec.
1674 3694 1773 3759 13.
1846 3693 2285 3759 Solennitatem

331 3785 868 3852 tabernaculorum
906 3783 1106 3866 facies
1144 3786 1369 3866 septem
1424 3780 1668 3859 diebus,
1722 3800 1918 3862 quum
1970 3779 2283 3862 colleyeris

331 3879 402 3938 tu
441 3873 520 3938 de
560 3892 716 3937 area
754 3875 885 3948 tua,
929 3873 983 3932 et
1023 3869 1099 3935 de
1140 3868 1442 3934 torculari
1481 3872 1602 3933 tuo.
1677 3865 1778 3932 14.
1823 3862 1915 3934 Et
1955 3864 2285 3931 laetaberis

331 3959 407 4024 in
460 3958 828 4023 solennitate
880 3960 1023 4037 tua,
1080 3959 1150 4018 tu
1201 3958 1255 4018 et
1314 3953 1495 4036 filius
1547 3958 1696 4019 tuus
1740 3958 1795 4018 et
1831 3954 1973 4030 filia
2024 3958 2173 4030 tua,
2227 3955 2283 4016 et

331 4063 550 4109 servus
592 4048 738 4109 tuus
781 4046 836 4106 et
877 4041 1110 4107 ancilla
1152 4044 1281 4116 tua,
1323 4045 1375 4106 et
1421 4039 1659 4120 Levita,
1705 4044 1761 4103 et
1794 4038 2183 4121 pereyrinus,
2229 4040 2284 4102 et

319 4128 637 4213 pupillus,
681 4133 737 4194 et
776 4127 989 4203 vidua,
1035 4127 1149 4209 qui
1190 4126 1603 4191 habitaverint
1644 4126 1816 4190 intra
1853 4129 2076 4206 portas
2116 4127 2277 4188 tuas.

335 4214 437 4281 15.
489 4214 733 4299 Septem
772 4212 989 4280 diebus
1024 4212 1449 4278 solennitatem
1490 4211 1820 4277 celebrabis
1855 4209 2123 4275 Ielzovae
2143 4208 2279 4275 Deo

330 4307 436 4368 tuo
493 4303 565 4367 in
613 4301 737 4367 loco
789 4320 967 4382 quem
1020 4298 1264 4379 eleqerit
1320 4298 1580 4364 Iebova:
1644 4317 1837 4379 quum
1900 4295 2281 4361 benedixerit

327 4389 444 4454 tibi
490 4386 722 4453 Iehova
765 4386 943 4451 Deus
984 4390 1128 4450 tuus
1169 4384 1240 4448 in
1282 4386 1520 4449 cunctis
1557 4381 1853 4467 frugibus
1894 4384 2024 4447 tuis
2039 4431 2054 4461 ,
2111 4387 2167 4446 et
2209 4382 2279 4445 in

327 4475 498 4538 omni
539 4492 718 4554 opere
758 4492 1066 4537 manuum
1105 4475 1383 4542 tuarum,
1422 4475 1478 4535 et
1519 4471 1647 4534 eris
1688 4468 2109 4534 tantummodo
2150 4468 2278 4532 lae·

326 4565 450 4626 tus.
544 4558 643 4625 16.
696 4557 926 4624 Tribus
967 4555 1205 4622 vicibus
1247 4556 1582 4638 quotannis
1630 4556 2037 4635 conspicietur
2078 4553 2283 4619 omnis

327 4644 650 4711 masculus
690 4650 839 4710 tuus
891 4663 1101 4709 coram
1144 4641 1379 4707 Iebova
1421 4640 1561 4708 Deo
1602 4646 1735 4718 tuo,
1788 4641 1861 4706 in
1914 4640 2043 4704 loco
2103 4660 2280 4721 quem

328 4732 573 4815 eleqerit
614 4732 683 4796 in
725 4729 1091 4795 solennitate
1131 4727 1713 4810 infermentatorum
1730 4778 1744 4801 ,
1790 4729 1848 4791 et
1894 4727 1966 4791 in
2006 4726 2281 4791 solenni·-

327 4823 452 4884 tate
513 4817 977 4896 hebdomadum,
1042 4819 1098 4879 et
1166 4815 1232 4877 in
1296 4813 1654 4879 solennitate
1719 4811 2278 4887 tabernaculorum,

326 4924 521 4986 neque
584 4904 923 4986 quisquam
983 4900 1390 4983 conspicietur
1452 4918 1666 4965 coram
1731 4897 1959 4963 Iehova
2021 4917 2276 4963 vacuus.

333 4990 433 5055 17.
488 4990 763 5070 Quisque
804 4986 1143 5053 secundum
1184 4985 1417 5051 donum
1459 5005 1689 5051 manus
1727 5004 1895 5059 suae,
1942 4983 2281 5048 secundum

327 5075 807 5142 benedictionem
853 5072 1115 5138 Iebovae
1158 5070 1287 5137 Dei
1331 5072 1427 5137 tui
1463 5092 1654 5154 quam
1695 5071 1865 5136 dedit
1907 5068 2036 5136 tibi.

1751 442 2211 526 QUARTUM
2258 441 2908 509 ramosarum.

2349 1038 2356 1143 i

4225 443 4360 512 598

2938 716 3069 782 EX
3119 715 3424 786 EXODI
3469 717 3805 786 XXXIV.

2569 890 2672 956 20.
2725 888 2877 954 Non
2916 889 3379 973 conspicientur
3418 911 3630 958 coram
3671 912 3773 957 me
3811 893 4016 958 vacui.

2569 1060 2787 1127 Exodi
2828 1060 2931 1140 23,
2981 1061 3080 1127 14.
3192 1061 3315 1127 Ter
3365 1060 3599 1143 festmn
3661 1062 4008 1130 celebrabis,
4100 1064 4349 1131 Mirum

2396 1155 2499 1213 eet
2563 1168 2764 1231 quum
2810 1147 3031 1230 plures
3084 1146 3240 1211 alibi
3285 1146 3424 1213 dies
3480 1147 3684 1214 festos
3726 1161 4065 1216 enumeret
4111 1151 4348 1232 Moses,

2397 1254 2515 1299 cur
2559 1253 2733 1299 nunc
2776 1241 3035 1299 tantum
3081 1232 3303 1298 iubeat
3346 1242 3447 1298 ter
3488 1234 3763 1320 singulis
3809 1239 4001 1302 annis
4035 1256 4351 1319 apparere

2397 1321 2467 1384 in
2491 1319 2619 1385 Dei
2643 1328 3009 1403 conspectu.
3057 1318 3185 1385 Ubi
3232 1319 3440 1404 igitur
3482 1319 3621 1386 dies
3661 1320 3992 1405 clangoris
4039 1324 4347 1388 tubarum

2397 1413 2470 1470 et
2512 1404 2651 1472 dics
2696 1404 3196 1490 expiationum?
3246 1425 3459 1489 neque
3502 1407 3679 1472 enim
3725 1407 3996 1473 dubium
4039 1419 4140 1474 est
4184 1412 4346 1493 quin

2396 1489 2840 1577 lerosolymae
2897 1490 3267 1557 celebrandi
3326 1512 3552 1558 omnes
3605 1491 3870 1560 fuerint.
3958 1494 4183 1560 Primo
4226 1517 4348 1561 no-

2396 1574 2673 1643 tandum
2718 1586 2821 1643 est
2865 1578 3248 1661 praecipuos
3292 1577 3402 1642 hic
3444 1578 3794 1656 nominari,
3860 1580 4097 1662 quibus
4134 1582 4342 1646 maior

2397 1662 2666 1728 suberat
2731 1663 2978 1747 religio.
3091 1662 3349 1729 Deinde
3427 1664 3579 1745 quia
3655 1674 3789 1730 tres
3856 1666 4053 1731 feriae
4120 1687 4347 1735 mense

2395 1752 2674 1832 septimo
2732 1750 2869 1815 fere
2912 1750 3260 1815 continuae
3304 1759 3517 1830 erant,
3585 1772 3668 1816 ne
3712 1760 3848 1815 toto
3893 1772 4117 1818 mense
4160 1755 4347 1820 abes·

2397 1848 2548 1901 sent
2591 1856 2629 1900 a
2675 1837 2813 1900 suis
2857 1835 3142 1913 aedibus,
3188 1835 3437 1919 aliquid
3472 1856 3591 1918 per
3625 1835 4107 1923 indulgentiam
4143 1839 4346 1906 fuisse

2395 1920 2777 1986 remissum:
2826 1941 2976 1987 nam
3022 1921 3214 1986 initio
3249 1923 3497 1986 mensis
3543 1922 3718 1988 tubis
3760 1922 4174 2008 clangebant,
4231 1924 4344 1991 de·

2391 2006 2561 2072 cimo
2605 2017 2827 2073 autem
2894 2006 2998 2071 dic
3064 2016 3208 2072 erat
3251 2006 3518 2073 solenne
3560 2008 3912 2088 ieiunium,
3975 2031 4015 2075 a
4060 2009 4341 2076 decimo-

2391 2092 2625 2176 quinto
2682 2093 3084 2176 incipiebant
3142 2094 3262 2159 sub
3318 2093 3614 2160 tentoriis
3670 2093 3988 2160 habitare.
4081 2095 4155 2162 Si
4220 2097 4347 2162 im·

2390 2180 2605 2262 posita
2662 2178 2899 2245 fuisset
2957 2177 3260 2245 omuibus
3318 2180 3675 2246 necessitas
3733 2182 4044 2247 manendi
4090 2182 4349 2249 leroso-

2390 2266 2627 2351 lymae‚
2674 2265 2901 2350 gravis
2943 2265 3177 2331 fuisset
3223 2277 3357 2329 tam
3403 2264 3714 2333 diuturna
3762 2288 3963 2334 mora.
4044 2266 4240 2349 Quod
4285 2269 4344 2334 si

2391 2352 2474 2417 ab
2518 2353 2658 2435 ipso
2701 2351 3024 2436 principio
3081 2372 3289 2434 usque
3348 2350 3431 2415 ad
3485 2352 3685 2417 finem
3730 2353 4034 2438 perfungi
4078 2354 4344 2432 vellent,

2391 2450 2613 2502 tamen
2674 2438 2934 2502 nonnisi
2983 2457 3116 2502 una
3159 2447 3303 2502 erat
3347 2438 3678 2520 profectio,
3721 2439 3827 2505 cui
3872 2459 4114 2505 nomen
4161 2460 4201 2506 a
4237 2440 4345 2506 die

2390 2522 2816 2589 celeberrimo
2859 2522 3240 2607 imponitur.
3309 2523 3400 2587 Et
3442 2534 3619 2589 certe
3663 2544 3900 2589 nomen
3945 2509 4129 2593 0⁹52*
4173 2525 4345 2609 quod

2390 2620 2667 2693 usurpat
2708 2608 2948 2688 Moses,
2994 2610 3211 2692 potius
3256 2609 3492 2674 itinera
3535 2609 3978 2692 metaphorice
4019 2613 4346 2694 significat

2391 2716 2588 2779 quam
2633 2693 2840 2762 vices:
2884 2695 3011 2760 etsi
3055 2694 3261 2760 fateor
3305 2707 3510 2772 &nvn
3557 2694 3729 2778 quod
3775 2694 4103 2781 significat
4152 2698 4343 2773 vices,

2387 2782 2459 2846 in
2519 2779 3035 2846 Deuteronomio
3080 2780 3143 2845 le
3190 2781 3210 2844 i
3264 2779 3492 2846 eodem
3538 2800 3755 2846 sensu.
3843 2781 4177 2865 Quidquid
4235 2785 4344 2862 sit,

2389 2878 2664 2951 apparet
2709 2867 2930 2931 Deum
2975 2801 3214 2949 popuffo
3258 2887 3378 2932 suo
3420 2868 3807 2949 pepercisse,
3853 2867 3963 2933 ubi
4001 2878 4135 2937 tres
4172 2869 4342 2934 dun-

2389 2964 2573 3017 taxat
2620 2953 3021 3019 necessarios
3065 2962 3428 3017 conventus
3472 2952 3731 3032 indixit,
3777 2974 3860 3018 ne
3894 2962 4116 3036 patres
4152 2955 4340 3020 fami·

2390 3040 2513 3106 lias
2557 3047 2626 3105 et
2668 3058 2894 3105 eorum
2940 3038 3130 3105 liberi
3173 3047 3444 3123 sumptu
3490 3050 3558 3103 et
3599 3038 3897 3107 molestia
3940 3041 4218 3123 gravati,
4256 3040 4339 3106 ad

2390 3125 2681 3192 taedium
2730 3125 3223 3200 inducerentur,
3286 3124 3440 3208 quia
3497 3124 3749 3189 nullum
3810 3125 4059 3192 cultum
4105 3129 4343 3210 probat

2390 3214 2514 3278 nisi
2562 3210 2644 3276 ab
2687 3212 3024 3278 aiacritate
3062 3211 3267 3275 animi
3309 3209 3691 3295 profectum.

2564 3295 2760 3364 Deut.
2811 3298 2909 3376 16,
2958 3298 3016 3362 1.
3115 3295 3390 3363 Observa
3430 3316 3695 3362 mensem
3739 3295 3923 3363 Abib.
4005 3296 4340 3378 Quorsum

2388 3384 2753 3449 instituerit
2813 3384 2996 3449 Deus
3042 3382 3317 3466 pascha,
3385 3392 3719 3448 ostensum
3782 3384 3908 3447 fuit
3967 3384 4033 3447 in
4080 3386 4338 3468 exposi-

2387 3470 2571 3534 tione
2615 3470 2810 3553 primi
2853 3471 3213 3552 praecepti:
3272 3489 3421 3534 nam
3470 3470 3621 3551 quia
3679 3468 4149 3552 redemptionis
4194 3479 4341 3536 erat

2385 3555 2776 3640 symbolum,
2824 3566 2890 3620 et
2934 3555 3001 3619 iu
3046 3557 3454 3619 caeremonia
3474 3553 3588 3618 illa
3608 3574 3752 3619 sese
3794 3556 4089 3620 exercuit
4131 3576 4337 3640 popu·

2384 3641 2597 3708 lusad
2642 3659 2883 3724 purum
2929 3641 3125 3706 unius
3164 3641 3290 3705 Dei
3334 3640 3606 3718 cultum,
3653 3649 3728 3705 ut
3762 3651 4148 3724 agnosceret
4183 3643 4334 3706 uni-

2383 3748 2534 3795 cum
2579 3735 2854 3811 patrem,
2901 3735 2968 3791 et
3011 3726 3410 3793 discerneret
3452 3726 3533 3790 ab
3568 3726 3871 3792 omnibus
3905 3726 4125 3792 idolis:
4162 3728 4338 3793 inter

2384 3813 2785 3881 accessiones
2843 3811 3041 3896 primi
3095 3814 3424 3895 praecepti
3483 3813 3693 3895 ipsam
3739 3812 3895 3897 agni
3940 3813 4335 3879 immolatio-

2384 3920 2539 3964 nem
2595 3898 2819 3965 censui
2881 3896 3357 3963 numerandam
3415 3919 3575 3963 esse.
3666 3897 3810 3965 Hoc
3864 3899 4003 3963 loco
4049 3907 4336 3964 tractan-

2384 3985 2547 4050 dum
2591 3991 2886 4068 superest
2929 3983 3252 4050 duntaxat
3295 3984 3465 4067 quod
3509 3982 3833 4066 dependet-
3873 3998 3955 4049 ex'
3993 3984 4334 4051 sabbatho.

2384 4072 2547 4137 Fuit
2590 4091 2747 4155 ergo
2792 4072 3045 4154 primus
3089 4069 3196 4136 hic
3241 4070 3378 4134 dies
3437 4069 3754 4149 solennis,
3813 4071 3882 4133 in
3941 4090 4067 4153 quo
4124 4071 4338 4136 voluit

2384 4158 2569 4223 Deus
2614 4155 2923 4240 populum
2968 4156 3223 4235 feriari,
3284 4165 3351 4221 ct
3393 4155 3639 4220 relictis
3674 4157 3980 4221 omnibus
4039 4158 4335 4239 negotiis,

2383 4243 2736 4310 ascendere
2778 4241 3024 4308 Ierosol
3079 4262 3271 4306 mam.
3364 4243 3570 4306 Porro
3616 4263 3748 4306 non
3796 4251 4057 4306 tantum
4102 4243 4176 4306 fit
4228 4242 4338 4307 hic

2382 4329 2631 4395 mentio
2675 4329 2830 4412 agni
2921 4349 3029 4395 asc
3079 4328 3221 4405 alis,
3267 4326 3381 4393 sed
3426 4329 3623 4392 etiam
3669 4328 3852 4392 iubet
3907 4327 4030 4393 sibi
4069 4348 4223 4394 oves
4270 4341 4338 4395 et

2381 4414 2580 4481 boves
2626 4426 2840 4481 macta
2941 4415 3009 4479 in
3057 4413 3198 4478 loco
3244 4433 3435 4496 quem
3503 4413 3789 4498 elegerit.
3879 4412 4142 4495 Quibus
4186 4437 4337 4480 ver-

2381 4502 2485 4568 bis
2530 4501 2857 4586 significat
2902 4499 3006 4566 die
3050 4499 3164 4564 illo
3221 4497 3595 4565 habendum
3656 4520 3799 4565 esse
3856 4519 4118 4564 sacrum
4181 4522 4334 4566 con-

2384 4597 2685 4653 ventum:
2744 4585 2915 4669 quod
2975 4585 3169 4668 paulo
3214 4595 3363 4668 post
3404 4585 3646 4651 clarius
3691 4586 4115 4668 exprimitur:
4179 4608 4332 4651 nam

2382 4672 2545 4739 duos
2603 4693 2830 4739 versus
2883 4669 3314 4737 intermedios
3371 4671 3554 4754 prius
3608 4671 3804 4736 retuli
3847 4672 3917 4735 in
3963 4671 4105 4755 ipsa
4142 4671 4334 4738 insti·

2383 4761 2636 4825 tutione
2679 4757 3028 4842 paschatis.
3076 4754 3394 4823 Prohibet
3435 4777 3592 4841 ergo
3635 4778 3720 4821 ne
3763 4758 3835 4821 in
3879 4758 4154 4823 urbibus
4190 4759 4332 4823 suis

2382 4846 2627 4929 pascha
2671 4864 2965 4910 seorsum
3009 4842 3386 4908 immolent:
3443 4842 3556 4907 sed
3618 4852 3693 4907 ut
3750 4845 4149 4908 conveniant
4191 4864 4333 4908 om-

2386 4951 2503 4997 nes
2542 4930 2627 4996 ad
2670 4929 2848 4994 idem
2890 4928 3357 4997 sanctuarium.
3445 4928 3657 4993 Porro
3714 4928 3871 4994 alibi
3915 4929 4177 4995 dictum*
4207 4930 4337 4994 fuit

2383 5037 2592 5083 unum
2659 5015 2863 5081 altare
2928 5016 3134 5081 fuisse
3197 5014 3331 5080 illis
3397 5016 3819 5098 propositum,
3885 5035 3959 5078 ac
4025 5015 4079 5079 si
4147 5015 4333 5081 Deus

2382 5105 2561 5187 ipsos
2624 5102 2745 5168 sub
2811 5123 3016 5167 unum
3083 5099 3400 5168 vexillum
3466 5099 3803 5185 colligeret
3846 5098 3928 5165 ad
3986 5099 4331 5168 fovendam

2384 5188 2799 5256 concordiam
2844 5196 2912 5253 et
2954 5188 3106 5253 fidei
3151 5188 3492 5253 unitatem.
3580 5184 3775 5269 Quod
3820 5193 4039 5250 autem
4086 5184 4165 5251 de
4224 5207 4331 5253 so-

2385 5276 2702 5341 lennitate
2747 5275 3007 5360 septimi
3052 5272 3182 5338 diei
3225 5271 3507 5352 additur,
3546 5273 3834 5338 maxime
3867 5273 4203 5354 proprium
4228 5279 4337 5340 est

2383 5361 2584 5427 huius
2625 5359 2771 5427 loci.

3821 5458 3926 5515 38*
