4867 6150
312 437 436 506 545

1715 436 2230 507 SECUNDUM
2272 439 2925 509 PRAEOEPTUM.

4189 438 4341 508 546‘

1057 840 1732 920 APPENDICES
1777 841 2356 920 POLITICAE
2400 840 2869 919 SECUNDI
2915 841 3549 919 PRAECEPTI.

881 1058 1013 1125 EX
1058 1057 1356 1126 EXODI
1399 1058 1669 1125 XXIII.

482 1229 586 1296 24.
631 1228 1026 1297 Destruendo
1058 1230 1337 1297 destrues
1380 1250 1501 1311 eos,
1540 1234 1599 1298 et
1639 1228 2081 1315 confrinyendo
2121 1248 2260 1297 eon-

307 1316 548 1400 fringes
588 1320 835 1383 damas
875 1337 1106 1383 eorum.

901 1678 1035 1745 EX
1076 1678 1475 1746 DEU'I'ER.
1519 1676 1684 1746 XII.

482 1870 542 1936 1.
591 1869 765 1937 Haec
820 1873 967 1936 sunt
1021 1867 2261 1952 statutaetiudiciaquaeoustodietis,

303 1961 376 2023 ut
423 1956 691 2039 faciatis
736 1955 809 2021 in
864 1960 1036 2022 terra
1089 1974 1282 2036 quam
1337 1954 1610 2020 daturus
1664 1958 1753 2020 est
1808 1954 2041 2021 Iehova
2086 1953 2264 2019 Deus

300 2048 562 2126 patrum
595 2046 846 2107 tuorum
878 2041 1011 2119 tibi,
1054 2060 1173 2122 quo
1198 2040 1588 2121 possideatis
1631 2060 1769 2106 eam
1811 2039 2095 2106 omnibus
2135 2039 2268 2104 die-

304 2129 420 2196 bus
483 2128 716 2213 quibus
764 2146 872 2193 vos
923 2127 1147 2192 vivetis
1200 2146 1392 2206 super
1444 2132 1682 2192 terram
1728 2126 1925 2192 alam.
2016 2126 2077 2192 2.
2134 2124 2265 2192 De-

302 2216 603 2282 struendo
661 2212 992 2280 destruetis
1044 2212 1257 2277 omnia
1310 2213 1445 2278 loca
1501 2214 1574 2277 in
1629 2212 1858 2296 quibus
1910 2214 2267 2278 servierunt

297 2307 509 2385 yentes
570 2320 733 2385 quas
777 2299 1140 2383 possessuri
1180 2299 1356 2377 estis,
1412 2298 1545 2365 diis
1586 2299 1758 2377 suis,
1802 2319 1991 2382 super
2034 2302 2268 2364 montes

301 2388 609 2462 excelsos,
651 2392 710 2453 et
750 2406 941 2468 super
980 2383 1184 2464 eolles,
1227 2390 1285 2450 et
1323 2384 1440 2449 sub
1476 2386 1649 2451 omni
1690 2384 1908 2450 arbore
1945 2384 2263 2467 frondosa.

301 2474 363 2541 3.
400 2472 824 2556 Diruetisque
863 2489 1021 2537 aras
1061 2491 1300 2554 earum,
1344 2475 1404 2535 et
1442 2475 1693 2537 statuas
1732 2490 1951 2536 earum
1995 2469 2267 2552 confi-in-

296 2560 475 2644 qetis,
512 2559 689 2626 lucos
721 2577 943 2626 earum
973 2556 1338 2623 comburetis
1369 2558 1523 2640 iqui,
1556 2560 1617 2622 et
1645 2556 1976 2638 sculptilia
2008 2558 2269 2623 deorum

300 2667 528 2713 earnem
584 2643 946 2723 concidetiS,
1001 2643 1433 2726 abolebitisque
1486 2663 1706 2709 nomen
1748 2662 1967 2709 earum
2009 2664 2089 2709 ex
2128 2644 2269 2726 ipso

855 3087 989 3155 EX
1034 3086 1338 3155 EXODI
1383 3088 1720 3155 XXXIV.

484 3262 589 3330 13.
635 3263 815 3329 Aras
857 3281 1069 3327 eorum
1109 3261 1407 3335 diruetis,
1452 3267 1698 3327 statuas
1744 3251 1955 3328 eorum
1997 3263 2266 3344 eonfrin-

291 3354 478 3438 9etis,
525 3351 815 3433 lucosque
855 3368 1067 3414 eorum
1107 3347 1456 3414 succidetis.

963 3707 1096 3774 EX
1140 3706 1413 3774 DEU'I'.
1460 3705 1619 3773 VII.

476 3896 543 3963 5.
597 3893 705 3961 Sic
753 3895 1003 3979 facietis
1059 3895 1184 3975 eis,
1242 3896 1480 3961 altaria
1534 3917 1749 3963 eorum
1790 3898 2152 3977 destruetis,
2212 3903 2269 3965 et

288 3988 557 4050 statuas
600 4002 813 4048 eorum
856 3981 1259 4064 confringetis
1274 4032 1290 4062 ,
1333 3981 1622 4066 lucosque
1662 4003 1875 4049 eorum
1917 3985 2264 4063 succidetis,

288 4089 371 4136 ac
413 4069 749 4151 sculptilia
790 4087 1007 4134 eorum
1047 4067 1410 4133 comburetis
1452 4069 1606 4152 tyni.

833 4410 965 4477 EX
1006 4410 1357 4479 NUMER.
1402 4410 1746 4478 XXXIII.

482 4582 593 4650 52.
618 4582 939 4650 Destruite
972 4603 1180 4649 omnes
1213 4588 1457 4650 statum
1491 4603 1728 4664 earum,
1771 4590 1830 4649 et
1865 4603 2075 4649 omnes
2107 4584 2268 4650 ima-

277 4671 489 4841 ms
533 4670 870 4794 conflatiles
910 4669 1235 4750 destruite,
1281 4674 1335 4735 et
1378 4689 1584 4736 omnes
1625 4689 1780 4736 aros
1823 4690 2035 4735 eorum
2077 4669 2268 4735 dissi-

952 5096 1081 5162 EX
1127 5095 1398 5164 DEU'I'.
1446 5096 1638 5163 XVI.

486 5269 591 5335 21.
624 5270 769 5336 Non
792 5270 1117 5351 plantabis
1151 5269 1266 5334 tibi
1308 5268 1516 5336 lucum
1558 5271 1929 5352 quorumvis
1970 5270 2264 5336 arborum

287 5357 490 5442 apud
538 5357 738 5422 altare
782 5355 1045 5422 Iehovae
1086 5354 1214 5420 Dei
1256 5355 1369 5436 tui,
1412 5356 1573 5438 quod
1610 5356 1808 5439 fae-ies
1847 5356 1980 5423 tibi.

444 5458 681 5517 Calvina·
707 5475 894 5531 opera.
969 5459 1083 5516 νοτ.
1123 5457 1348 5516 xxrv.

2535 1057 2752 1123 Exodi
2785 1057 2889 1139 23,
2924 1057 3030 1126 24.
3096 1057 3491 1125 Destruendo
3527 1059 3822 1126 destrues.
3892 1058 4133 1127 Fateor
4168 1061 4327 1145 qui-

2362 1141 2513 1210 dem
2580 1144 2700 1210 has
2781 1144 3173 1228 appendices
3242 1145 3480 1228 part-im
3547 1143 3868 1228 quadrare
3947 1155 4016 1212 et
4093 1149 4312 1231 aptari

2362 1251 2553 1313 posse
2612 1231 2824 1313 primo
2882 1240 3260 1314 praecepto:
3323 1228 3439 1295 sed
3498 1231 3649 1314 quia
3699 1231 3938 1315 ubique
3998 1253 4315 1316 expressa

2361 1317 2439 1382 fit
2487 1314 2809 1382 idolorum
2846 1316 3111 1395 mentio,
3158 1316 3335 1383 locus
3380 1315 3489 1382 hic
3534 1316 3713 1382 visus
3755 1327 3859 1383 est
3900 1320 4319 1389 commodior.

2364 1405 2722 1486 Postquam
2781 1411 3002 1468 autem
3056 1402 3276 1468 docuit
3318 1401 3538 1469 Moses
3582 1400 3753 1485 quod
3795 1402 4149 1471 observatu
4194 1428 4313 1473 ne·

2364 1489 2723 1558 cessarium
2769 1497 2926 1569 erat,
2981 1509 3108 1572 quo
3154 1486 3533 1572 diligentius
3577 1488 3703 1555 sibi
3748 1490 4025 1573 populus
4067 1502 4318 1576 caveat,

2365 1577 2697 1660 politicam
2757 1574 2971 1656 legem
3033 1572 3217 1639 addit
3274 1575 3355 1640 de
3400 1574 3782 1658 frangendis
3825 1582 4061 1643 statuis
4104 1588 4172 1643 et
4216 1577 4315 1644 di·

2367 1661 2635 1729 ruendis
2658 1660 2992 1727 altaribus.
3053 1657 3392 1726 Differunt
3425 1668 3642 1725 autem
3694 1660 3762 1726 hi
3797 1660 3922 1728 loci
3957 1683 3997 1728 a
4018 1665 4317 1747 superio·

2366 1748 2581 1814 ribus:
2636 1746 2788 1831 quia
2829 1746 3150 1813 hactenus
3195 1746 3689 1829 superstitiones
3734 1745 4106 1815 damnando
4149 1772 4319 1834 quae

2367 1856 2483 1918 per
2525 1855 2595 1900 se
2639 1833 2914 1898 vitiosae
2956 1839 3134 1907 sunt,
3179 1833 3597 1917 praescripsit
3619 1833 3802 1899 Deus
3840 1833 4012 1916 quod
4053 1836 4323 1905 volebat

2365 1921 2616 1986 servari
2659 1940 2863 2003 usque
2906 1917 2986 1983 ad
3034 1917 3262 1984 mundi
3304 1919 3527 1984 finem.
3605 1917 3804 1986 Nunc
3848 1922 4319 2005 temporalibus

2367 2006 2694 2071 exercitiis
2758 2005 3103 2070 confirmat
3158 2002 3522 2070 doctrinam
3582 2004 3793 2084 illam,
3860 2014 3936 2071 ut
3998 2011 4320 2092 populum

2368 2103 2660 2157 veterem
2732 2090 2804 2155 in
2870 2089 3083 2156 officio
3142 2090 3495 2155 contineat.
3601 2090 3830 2174 Neque
3886 2094 4063 2158 enim
4126 2097 4316 2162 nobis

2367 2176 2565 2243 hodie
2609 2175 2842 2260 religio
2886 2183 3004 2255 est,
3050 2175 3296 2259 templa
3338 2177 3626 2241 retinere
3671 2197 3834 2260 quae
3879 2179 4128 2260 polluta
4167 2180 4315 2247 fue-

2369 2271 2529 2331 runt
2593 2261 2818 2341 idolis,
2883 2269 2952 2327 et
3011 2260 3503 2327 accommodare
3557 2261 3629 2326 in
3686 2263 4022 2330 meliorem
4083 2287 4313 2334 usum:

2414 2349 2521 2415 uia
2557 2371 2676 2414 nos
2713 2369 2842 2414 non
2878 2346 3226 2430 obstringit
3263 2347 3431 2430 quod
3478 2356 3743 2431 propter
3785 2353 4318 2435 consequentiam

2368 2372 2472 2521 ssut
2527 2431 2913 2519 loquuntur)
2982 2433 3116 2517 legi
3172 2431 3463 2498 additum
3526 2441 3643 2499 est.
3747 2433 3991 2501 Fateor
4049 2438 4316 2521 quidem

2369 2541 2790 2606 quaecunque
2853 2518 2936 2585 ad
2997 2520 3531 2603 superstitionem
3586 2518 3932 2587 fovendam
3995 2532 4315 2608 spectant,

2371 2628 2406 2673 e
2465 2606 2680 2673 medio
2741 2605 3030 2671 tollenda
3086 2626 3265 2686 esse,
3323 2604 3515 2670 modo
3564 2626 3645 2671 ne
3688 2608 3976 2689 praeciso
4022 2609 4317 2694 urgendo

2333 2692 2543 2777 ‘quod
2579 2714 2695 2776 per
2737 2713 2807 2758 se
2851 2689 3138 2757 medium
3182 2699 3300 2767 est,
3345 2692 3551 2756 simus
3596 2691 3664 2756 in
3709 2691 3912 2758 nimio
3955 2695 4172 2779 rigore
4206 2719 4318 2764 su-

2370 2779 2743 2865 perstitiosi.
2829 2775 3109 2844 Summa
3163 2797 3355 2861 porro
3411 2776 3539 2841 huc
3593 2776 3836 2843 tendit:
3895 2800 4024 2862 quo
4080 2781 4320 2850 melius

2369 2875 2593 2949 pateat
2622 2873 3021 2947 quantopere
3056 2860 3418 2927 detestetur
3440 2862 3623 2927 Deus
3657 2862 4109 2945 idololatriam,
4150 2868 4321 2934 velle

2369 2972 2598 3016 eorum
2657 2950 2950 3016 omnium
3008 2947 3391 3013 memoriam
3449 2947 3694 3012 aboleri
3751 2970 3918 3031 quae
3975 2953 4173 3019 semel
4223 2953 4321 3019 di-

2369 3044 2518 3105 cata
2583 3043 2739 3102 sunt
2801 3033 3039 3101 idolis..
3104 3032 3156 3100 S
3222 3031 3450 3122 ,undus
3516 3034 3693 3100 locus
3759 3037 3965 3103 fusius
4031 3038 4321 3123 explicat

2369 3123 2545 3208 quod
2590 3123 2661 3187 in
2706 3123 2918 3206 primo
2962 3120 3177 3186 brevit
3220 3123 3254 3184 'r
3296 3119 3606 3203 attigerat
3650 3121 3887 3187 Moses.
3978 3124 4145 3191 Nam
4194 3128 4315 3193 sub

2372 3229 2535 3274 voce
2591 3219 2844 3274 statuae
2900 3205 3489 3290 comprehenderat
3542 3227 3711 3290 quae
3753 3218 3977 3291 postea
4023 3223 4319 3278 recenset

2369 3294 2771 3361 idololatriae
2793 3293 3111 3377 insignia:
3150 3293 3386 3376 quibus
3410 3303 3651 3357 terram
3683 3293 3778 3357 ita
3815 3298 4080 3379 purgari
4116 3296 4316 3379 iubet,

2370 3391 2447 3446 ut
2482 3381 2701 3446 nullae
2744 3385 3101 3464 appareant
3143 3379 3472 3461 reliquiae.
3540 3376 3735 3459 Quod
3781 3391 3999 3445 autem
4045 3382 4316 3449 dicitur:

2369 3466 2595 3549 Quum
2643 3466 2900 3532 veneris
2943 3466 3010 3530 in
3058 3476 3318 3546 terram,
3368 3472 3443 3529 ut
3487 3463 3851 3548 possideas:
3897 3486 3984 3531 ex
4028 3467 4132 3533 his
4178 3492 4320 3536 ver-

2370 3554 2471 3620 bis
2515 3552 2874 3636 prudenter
2917 3550 3165 3636 colligit
3190 3551 3619 3635 Augustinus,
3664 3572 3796 3616 non
3841 3551 4134 3618 mandari
4171 3556 4312 3638 qui·

2372 3637 2657 3706 buslibet
2691 3638 2971 3722 privatis
3014 3648 3088 3702 ut
3132 3635 3614 3722 superstitionis
3657 3637 4098 3705 instrumenta
4141 3640 4318 3707 diru-

2371 3733 2522 3790 ant:
2568 3724 2682 3790 scd
2716 3724 2841 3789 hac
2878 3723 3229 3789 autoritate
3265 3723 3504 3787 armari
3548 3722 3655 3787 vel
3701 3725 3937 3789 instrui
3983 3725 4315 3808 populum,

2370 3834 2454 3877 ex
2501 3832 2627 3894 quo
2679 3820 2855 3875 terra
2902 3809 3164 3893 potitus,
3209 3829 3431 3874 curam
3475 3808 3755 3874 sustinet
3799 3809 4149 3875 ordinandi
4191 3832 4315 3896 pu·

2369 3897 2521 3964 blici
2567 3904 2797 3962 status.
2866 3894 3132 3960 Tertius
3173 3893 3354 3959 locus
3401 3893 3660 3959 brevior
3705 3903 3824 3974 est,
3862 3895 4015 3978 quia
4057 3907 4315 3964 tantum

2369 3995 2502 4049 tres
2525 3987 2872 4048 enumerat
2894 3981 3174 4066 species:
3200 3986 3468 4062 quartus
3491 3978 3676 4044 addit
3694 3980 4041 4063 sculptilia.
4102 3981 4315 4063 Quin-

2369 4079 2480 4135 tus
2539 4077 2757 4133 autem
2812 4067 2992 4133 lucos
3036 4065 3297 4143 omittit,
3344 4086 3419 4131 ao
3463 4086 3689 4130 eorum
3734 4066 3873 4132 loco
3919 4066 4106 4149 ponit
4149 4069 4313 4134 ima·

2418 4156 2585 4234 'nes,
2656 4153 2759 4219 vel
2833 4153 3462 4236 repraesentationes
3529 4173 3613 4215 ex
3687 4151 3961 4217 materia
4030 4155 4317 4220 conflata

2366 4178 2608 4307 getas:
2654 4240 2770 4307 ubi
2812 4236 3171 4304 notandum
3220 4244 3321 4303 est
3363 4235 3532 4319 quod
3579 4235 3732 4301 alibi
3777 4236 4139 4321 attigimus,
4205 4262 4320 4306 no·

2371 4349 2523 4392 men
2558 4333 2814 4392 statuae
2849 4323 3173 4389 interdum
3212 4323 3383 4388 sumi
3419 4323 3485 4387 in
3526 4321 3759 4387 bonam
3805 4334 4091 4406 partem:
4138 4325 4318 4392 ideo-

2370 4435 2496 4497 que
2521 4412 2906 4478 existimant
2928 4409 3173 4489 Iudaei,
3221 4409 3395 4491 quod
3422 4409 3718 4491 patribus
3747 4417 3900 4475 ante
3929 4409 4140 4494 legem
4168 4433 4314 4498 per-

2370 4500 2643 4565 missum
2670 4499 2904 4578 fuerat,
2946 4518 3119 4562 nunc
3149 4495 3380 4560 vetari.
3449 4494 3619 4559 Mihi
3664 4504 3884 4559 tamen
3929 4497 4142 4580 magis
4164 4518 4319 4581 pro-

2372 4583 2585 4651 babile
2626 4595 2743 4663 est,
2790 4590 3042 4649 statuas
3085 4603 3263 4646 nunc
3291 4578 3609 4657 damnari,
3656 4601 3787 4644 non
3818 4581 4075 4663 qualem
4105 4586 4319 4649 erexit

2369 4669 2599 4749 Iacob,
2674 4680 2752 4735 ut
2808 4677 2980 4735 esset
3036 4674 3536 4733 monumentum
3597 4665 3957 4746 duntaxat,
4015 4668 4128 4733 sed
4187 4691 4318 4753 qua

2371 4756 2693 4839 putabant
2737 4757 2953 4820 Deum
3013 4752 3302 4838 figurari.
3396 4751 3551 4817 Alii*
3591 4751 3813 4818 titulos
3857 4763 4160 4833 vertunt,
4206 4755 4317 4819 alii

2369 4843 2694 4926 picturas:
2756 4862 2953 4925 quam
3009 4849 3187 4923 apte,
3249 4838 3543 4920 relinquo
3588 4837 3896 4905 iudicium
3946 4839 4313 4906 lectoribus.

2368 4928 2694 5011 Adiungit
2735 4927 3092 5011 imagines,
3151 4924 3320 5009 quod
3365 4944 3603 4989 nomen
3648 4924 3803 4988 licet
3846 4945 3963 5008 per
4007 4946 4078 4990 se
4124 4925 4314 4990 vitio-

2368 5036 2515 5080 sum
2572 5033 2706 5078 non
2766 5014 2889 5091 sit,
2952 5012 3185 5076 merito
3241 5019 3466 5076 tamen
3510 5008 3892 5094 repudiatur
3930 5009 4141 5093 quoad
4186 5008 4321 5076 Dei,

2368 5101 2641 5167 cultum.
2730 5099 2946 5164 Homo
2988 5109 3089 5164 est
3131 5097 3348 5182 imago
3392 5094 3554 5178 Dei,
3601 5095 3768 5162 hanc
3815 5095 3988 5160 enim
4036 5096 4317 5161 eandem

2371 5206 2598 5252 vocem
2636 5193 2912 5267 usurpat
2934 5184 3156 5250 Moses
3194 5183 3303 5249 ubi
3340 5192 3565 5247 narrat
3587 5181 3875 5246 hominis
3899 5183 4319 5251 creationem.

2366 5271 2622 5337 Verum
2670 5269 2802 5334 ulla
2847 5271 3061 5353 figura
3107 5269 3322 5334 Deum
3370 5281 3867 5351 repraesentare
3913 5268 4086 5349 apud
4123 5289 4321 5350 quam

2366 5357 2635 5436 colatur,
2693 5355 2859 5421 nihil
2906 5353 3085 5421 aliud
3131 5364 3231 5420 est
3275 5375 3473 5438 quam
3518 5355 3658 5419 eius
3702 5351 3982 5438 gloriam
4029 5374 4330 5419 corrum-
