4867 6150
332 444 455 513 565
1770 447 2190 516 TERTIUM
2236 446 2886 516 PRAEOEPTUM.
4200 453 4329 521 566

329 636 567 722 ‘gat-iter
636 643 961 717 peccatur.
1068 632 1229 703 Dixi
1287 656 1502 719 nuper
1552 654 1890 717 nunquam
1936 633 2080 700 Deo
2125 635 2267 718 pios

328 721 580 788 vovisse
611 719 735 784 nisi
772 722 841 784 in
881 719 1330 786 testimonium
1366 718 1818 806 gratitudinis:
1861 721 2042 803 atqui
2079 729 2264 804 quot·

327 816 485 893 quet
518 808 652 872 fere
687 814 846 870 vota
882 806 1256 888 concipiunt
1289 808 1746 890 superstitiosi,
1794 807 2064 872 totidem
2111 818 2268 872 sunt

323 891 533 960 fictitii
599 891 849 970 cultus,
915 891 1154 974 quibus
1220 893 1384 957 nibil
1448 892 1627 959 aliud
1695 893 2097 976 propositum
2165 901 2268 958 est

322 998 516 1064 quam
559 977 781 1043 Deum
826 979 1082 1060 placare
1125 978 1452 1063 expiando
1497 993 1789 1062 peccata,
1833 978 1937 1043 vel
1982 979 2263 1062 gratiam

319 1065 576 1131 meritis
648 1064 1001 1147 acquirere.
1103 1064 1255 1129 Non
1314 1086 1668 1148 persequor
1726 1064 1921 1148 longe
1978 1064 2265 1130 foediora

321 1151 551 1218 deliria
603 1151 837 1233 quibus
889 1170 959 1215 se
1015 1157 1083 1214 et
1140 1160 1297 1216 vota
1352 1172 1470 1217 sua
1525 1151 1900 1234 inquinant,
1969 1150 2125 1215 dum
2189 1151 2262 1214 in

316 1238 444 1304 Dei
484 1237 702 1302 locum
746 1234 1153 1301 substituunt
1195 1258 1313 1301 sua
1357 1237 1547 1303 idola.
1617 1237 1898 1302 Vovebit
1939 1236 2262 1319 quispiam

315 1324 521 1390 altare
567 1320 1042 1405 Obristophoro
1086 1322 1191 1387 vel
1239 1323 1592 1388 Barbarae.
1659 1321 1756 1390 Ut
1798 1331 1941 1387 rata
1983 1323 2070 1386 sit
2113 1324 2260 1387 bar-

315 1409 471 1475 bara
520 1409 638 1473 illa
682 1408 1006 1492 impietas,
1050 1406 1429 1474 obtenditur
1451 1409 1658 1475 Mosis
1702 1408 2047 1485 sententia,
2093 1428 2259 1491 quae

312 1504 488 1563 certe
532 1494 728 1580 longe
771 1492 948 1558 aliud
993 1495 1316 1574 continet,
1363 1510 1598 1577 nempe
1641 1493 1770 1559 Dei
1812 1494 2065 1560 cultum
2113 1516 2258 1577 per-

310 1592 576 1649 vertere
633 1580 744 1664 qui
805 1581 998 1646 altari
1027 1578 1072 1666 ¹)
1130 1589 1395 1647 vovent.
1505 1580 1631 1647 Ubi
1685 1581 1884 1645 etiam
1941 1600 2058 1662 pro
2103 1599 2258 1645 con-

311 1669 483 1733 fesso
535 1667 742 1733 sumit
786 1667 1037 1746 Moses,
1110 1688 1243 1731 non
1299 1667 1553 1733 censeri
1606 1666 1972 1749 legitimum
2032 1675 2259 1731 votum

309 1753 441 1819 nisi
475 1753 648 1836 quod
692 1753 818 1836 ipsi
841 1751 1002 1831 Deo,
1041 1775 1125 1817 ex
1161 1753 1423 1835 pietatis
1468 1753 1698 1837 regula
1740 1752 2034 1835 legisque
2079 1773 2263 1835 prae-

308 1840 554 1921 scripto
613 1848 1065 1921 nuncupatum
1125 1839 1341 1904 fuerit.
1432 1838 1665 1921 Itaque
1710 1839 1778 1902 in
1825 1837 1948 1903 boc
1993 1836 2261 1904 exordio

305 1925 584 1992 fundata
626 1937 725 1990 est
770 1923 1083 2004 doctrina,
1139 1947 1381 1990 noxam
1428 1923 1727 1991 contrabi
1774 1924 1901 1989 nisi
1946 1924 2263 1989 reddatur

304 2012 478 2095 quod
526 2012 923 2094 promissum
967 2020 1086 2076 est.

480 2098 587 2164 22.
641 2098 816 2180 Quod
856 2098 920 2161 si
962 2097 1359 2163 abstinueris,
1442 2095 1809 2163 Confirmat
1853 2094 2026 2179 quod
2071 2095 2260 2173 dixit,

302 2182 627 2249 obnoxios
685 2184 823 2247 fore
870 2184 1012 2248 Deo
1071 2183 1182 2266 qui
1228 2204 1378 2247 eum
1422 2182 1724 2248 frustrati
1769 2182 2046 2248 fuerint:
2106 2183 2262 2264 quia

301 2269 494 2335 nulla
538 2289 651 2333 eos
697 2268 1053 2335 necessitas
1098 2269 1519 2350 compulerit:
1578 2268 1756 2332 unde
1802 2268 2099 2351 sequitur
2142 2266 2262 2332 du-

301 2355 540 2438 plicari
601 2355 893 2438 culpam,
952 2353 1123 2437 quod
1180 2375 1447 2438 peecare
1492 2353 1877 2419 maluerint:
1937 2375 2138 2437 quum
2185 2353 2263 2417 li-

300 2442 537 2507 berum
600 2451 773 2506 esset
830 2462 963 2506 non
1019 2461 1284 2505 vovere.
1379 2438 1490 2506 Sic
1546 2441 1789 2505 Petrus
1837 2440 2138 2507 Ananiae
2196 2450 2265 2504 et

302 2526 636 2610 Saphirae
670 2525 1012 2611 perfidiam
1047 2524 1434 2610 obiurgans:
1483 2525 1648 2607 Quis
1686 2546 1802 2590 vos
1840 2527 2051 2611 coegit
2084 2546 2265 2590 men-

299 2614 413 2678 tiri
458 2612 729 2699 spiritui
773 2611 1048 2677 sancto?
1111 2632 1328 2678 nonne
1372 2633 1529 2697 ager
1573 2620 1717 2678 erat
1762 2622 2008 2690 vester,
2068 2633 2259 2695 quem

298 2699 598 2765 retinere
653 2697 884 2764 licuit?
934 2720 1112 2764 nune
1158 2719 1312 2763 vero
1356 2708 1543 2782 parte
1588 2700 1782 2781 pretii
1826 2699 2042 2764 Deum
2089 2699 2263 2763 frau-

299 2784 478 2867 dare,
525 2785 732 2868 impia
774 2793 874 2850 est
916 2784 1262 2850 simulatio,
1328 2784 1597 2849 Interea
1642 2784 1901 2867 oblique
1945 2784 2259 2849 sobrieta-

297 2879 430 2937 tem
457 2873 532 2936 in
563 2873 731 2936 votis
754 2870 1186 2947 commendat,
1213 2869 1369 2934 dum
1410 2870 1540 2935 illis
1577 2872 1858 2935 remittit
1893 2869 2015 2935 hoc
2051 2891 2260 2953 genus

296 2958 537 3025 officii:
585 2954 856 3040 perinde
890 2977 964 3022 ac
1009 2957 1066 3020 si
1109 2967 1423 3036 moneret,
1464 2977 1598 3021 non
1644 2977 1787 3021 esse
1830 2976 2096 3022 causam
2140 2976 2260 3021 cur

293 3054 493 3111 reatu
515 3065 593 3110 se
628 3044 1044 3128 obstringant
1081 3042 1355 3107 futiliter
1390 3041 1835 3124 promittendo
1876 3042 2048 3125 quod
2075 3042 2258 3106 Deus

292 3151 433 3196 nou
471 3130 705 3215 exigit.
773 3130 863 3195 Et
899 3139 1076 3194 certe
1119 3128 1284 3193 nihil
1325 3144 1425 3194 est·
1470 3128 1828 3194 consultius
1873 3149 2068 3212 quam
2115 3148 2258 3193 esse

290 3216 364 3281 in
424 3217 606 3283 votis
664 3215 1108 3300 parcissimos:
1167 3215 1322 3297 quia
1365 3214 1479 3297 qui
1523 3214 1757 3281 leviter
1802 3214 1883 3279 ad
1928 3234 2006 3280 ea
2049 3214 2255 3297 prosi-

290 3303 508 3379 liunt,
562 3302 666 3368 vel
725 3320 880 3366 mox
926 3299 1255 3366 ducuntur
1301 3299 1734 3385 poenitentia,
1778 3299 1888 3366 vel
1931 3300 2258 3365 serviliter

290 3397 618 3473 tanquam
659 3388 724 3453 vi
760 3387 991 3462 adacti,
1036 3409 1156 3453 nec
1201 3386 1343 3453 sine
1388 3385 1691 3451 molestia
1735 3398 1801 3450 et
1844 3385 2057 3451 taedio
2099 3407 2258 3468 pen·

289 3496 443 3541 sum
493 3474 803 3553 solvunt,
847 3483 1042 3555 atque
1085 3474 1180 3537 ita
1222 3481 1653 3555 corrumpunt
1695 3474 1912 3555 operis
1954 3471 2256 3555 gratiam.

290 3559 495 3642 Quod
559 3572 780 3625 autem
836 3557 1024 3625 dicit:
1072 3559 1433 3645 Egressum
1480 3578 1563 3623 ex
1610 3578 1754 3635 ore,
1800 3579 1927 3623 non
1974 3557 2260 3622 attendit

288 3647 375 3713 ad
403 3646 915 3724 caeremoniam,
957 3644 1027 3709 in
1073 3665 1200 3728 qua
1242 3664 1360 3710 suo
1404 3664 1586 3709 more
1632 3643 1831 3710 nimis
1875 3643 2259 3726 scrupulose

286 3734 628 3798 insistunt
669 3729 927 3796 Iudaei:
975 3731 1090 3797 sed
1135 3731 1469 3797 licentiam
1514 3729 1798 3795 vovendi
1840 3729 2130 3810 cohibet,
2176 3729 2257 3793 ad

334 3840 498 3884 uam
557 3827 791 3901 sponte
849 3817 997 3901 plus
1057 3837 1263 3900 aequo
1323 3836 1556 3881 sumus
1615 3816 1942 3900 propensi.
2033 3814 2256 3896 Quum

336 3905 550 3972 icitur
603 3903 870 3969 Psalmo
932 3904 1047 3968 66:
1104 3902 1388 3967 Veniam
1446 3923 1595 3967 cum
1645 3902 2072 3982 holocaustis,
2130 3902 2259 3967 sol·

287 4010 450 4058 vam
516 3990 640 4055 tibi
700 4002 856 4054 vota
911 4010 1077 4073 quae
1134 3989 1554 4071 protulerunt
1610 3988 1784 4053 labia
1836 4009 2013 4065 mea,
2074 3994 2142 4053 et
2186 4007 2260 4052 os

289 4096 529 4143 meum
591 4075 929 4159 loquutum
992 4076 1194 4140 estin
1241 4075 1597 4140 afflictione
1643 4092 1823 4139 mea:
1881 4093 2255 4157 quanquam

286 4162 623 4247 intelligit
665 4162 987 4246 propheta
1033 4181 1105 4226 se
1148 4162 1215 4225 in
1261 4160 1516 4226 ultimis
1561 4161 1883 4243 angustiis
1926 4159 2258 4243 praesenti

288 4269 567 4332 semper
611 4247 808 4313 fuisse
851 4247 1071 4311 animo
1116 4255 1182 4310 et
1226 4246 1614 4328 composite,
1667 4255 1743 4310 ut
1787 4246 2027 4311 diserte
2069 4266 2259 4328 opem

286 4335 424 4401 Dei
464 4334 873 4417 imploraret,
921 4355 995 4399 ac
1032 4332 1440 4398 constantiae
1477 4332 1580 4396 vel
1616 4331 1892 4398 fiduciae
1927 4331 2257 4415 specimen

285 4420 532 4487 ederet
590 4421 660 4484 in
705 4419 873 4485 votis
917 4417 1407 4502 nuncupandis:
1468 4417 1591 4484 hoc
1637 4426 1857 4484 tamen
1902 4417 2096 4482 simul
2143 4438 2260 4481 no·

289 4515 520 4580 tatur,
565 4528 701 4570 non
746 4505 1248 4589 praecipitanter
1290 4503 1535 4570 fudisse
1580 4523 1774 4569 voces
1817 4504 1882 4568 in
1931 4516 2100 4582 aere,
2147 4501 2262 4567 sed

287 4614 377 4659 ex
417 4593 600 4659 seria
636 4590 1059 4657 meditatione
1094 4613 1236 4656 esse
1277 4589 1636 4673 loquutum.
1704 4590 1798 4654 Et
1840 4598 2015 4655 certe
2058 4609 2259 4672 quum

288 4679 508 4744 nimis
538 4677 848 4744 volubilis
881 4679 969 4743 sit
1004 4677 1358 4743 multorum
1405 4675 1652 4760 lingua,
1697 4685 1764 4739 et
1809 4684 2032 4758 pectus
2075 4696 2261 4758 prae—

286 4775 429 4848 eat,
484 4764 831 4849 praecipua
867 4763 1180 4846 obligat-io
1214 4763 1285 4827 in
1327 4763 1467 4846 ipso
1514 4760 1819 4845 loquendi
1865 4771 2016 4827 actu
2065 4781 2260 4844 quae·

289 4851 516 4917 reuda
575 4872 703 4916 non
758 4856 875 4915 est.
966 4849 1215 4915 Verum
1275 4857 1349 4914 ut
1391 4856 1645 4914 constet
1687 4867 1848 4913 vera
1890 4847 2259 4924 maturitas,

287 4937 669 5021 requiritur
705 4945 974 5001 mutuus
1009 4956 1366 5002 consensus
1409 4933 1624 5001 cordis
1669 4946 1734 4999 et
1779 4933 2059 5017 linguae.
2130 4933 2259 4997 Ea-

290 5022 456 5088 dem
508 5022 802 5106 loquutio
847 5022 1083 5087 iterum
1131 5023 1393 5104 saepius
1438 5032 1747 5086 recurret.
1807 5020 2038 5101 Itaque
2073 5039 2260 5101 repe-

286 5109 452 5174 titio
502 5108 793 5175 ostendit
834 5106 1218 5192 scrupulum
1264 5107 1465 5172 eximi
1508 5101 1809 5184 infirmis,
1857 5125 1942 5170 ne
1986 5104 2262 5171 simulac

285 5194 553 5279 aliquid
600 5195 761 5278 ipsis
805 5195 874 5258 in
920 5203 1202 5260 mentem
1252 5193 1538 5273 venerit,
1597 5212 1834 5259 vanam
1879 5191 2263 5275 religionem

655 5320 721 5327 .—

482 5381 544 5452 1)
582 5382 678 5440 Sic
713 5381 864 5438 Edd.
903 5382 1075 5454 Lege.-
1111 5381 1272 5436 alteri
1305 5379 1365 5449 (a
1398 5399 1472 5435 un
1507 5381 1704 5452 autre).

2373 635 2498 700 sibi
2562 634 2899 702 fabricent.
2999 635 3262 704 Scimus
3321 640 3496 723 apud
3555 642 3862 726 profanas
3921 651 4183 727 gentes,
4253 644 4335 709 iu

2371 721 2627 786 solenni
2701 722 3090 805 templorum
3151 725 3589 807 dedicatione,
3656 728 4062 795 sacerdotem
4120 731 4329 797 fuisse

2369 805 2739 872 adhibitum
2802 809 2914 892 qui
2973 810 3169 875 verba
3229 817 3539 893 praeiret:
3610 834 3740 896 quo
3802 819 3935 880 ritu
3995 817 4315 883 admoniti

2368 894 2671 971 fuerunt,
2731 894 2893 959 nihil
2953 894 3080 961 rite
3135 897 3356 962 offerri
3405 899 3546 964 Deo
3592 901 3719 965 nisi
3764 901 3907 984 ipso
3950 904 4136 985 quasi
4184 904 4319 970 dic-

2367 989 2569 1044 tante.
2657 979 2844 1047 Hacc
2888 980 3149 1065 quidem
3195 984 3395 1064 ratic,
3451 984 3686 1065 fateor,
3746 986 3827 1051 ab
3872 987 4004 1053 illis
4048 990 4325 1057 minime

2366 1085 2654 1147 expensa
2688 1066 2841 1131 fuit:
2890 1068 3099 1133 voluit
3143 1078 3362 1135 tamen
3409 1092 3632 1136 eorum
3677 1075 3976 1157 exemplo
4020 1074 4203 1142 Deus
4248 1078 4325 1142 in

2362 1151 2568 1216 sacris
2604 1150 3036 1218 oblationibus
3071 1154 3405 1221 levitatem
3450 1156 3552 1222 vel
3587 1159 4143 1226 inconsideratum
4191 1162 4327 1228 fer-

2365 1256 2590 1303 vorem
2636 1235 2968 1304 damnare.

2921 1580 3050 1681 nx
3096 1580 3403 1650 Luvrr.
3449 1581 3751 1649 XXVII.

2538 1752 2594 1816 1.
2643 1752 2967 1835 Loquutus
3002 1758 3091 1817 est
3125 1758 3332 1818 autem
3370 1752 3601 1821 Iehova
3635 1757 3722 1821 ad
3758 1755 3993 1836 Mosen,
4029 1757 4323 1826 dicendo:

2360 1838 2423 1904 2.
2473 1837 2804 1920 Alloquere
2841 1838 3008 1921 fiilios
3051 1837 3274 1915 Israel,
3306 1840 3375 1904 'et
3415 1840 3520 1906 dic
3560 1842 3684 1906 eis:
3736 1841 3853 1907 Vir
3896 1864 4091 1925 quum
4132 1866 4317 1928 sepa·

2361 1924 2598 1990 raverit
2619 1930 2825 1990 votum
2857 1924 3192 1990 secundum
3215 1927 3707 1993 aestimationem
3740 1932 3914 1993 tuam
3948 1932 4317 1997 animarum

2366 2009 2661 2087 Iehovae,
2719 2010 2778 2075 3.
2828 2011 2981 2076 Erit
3036 2011 3387 2076 aestimatio
3430 2017 3540 2077 tua
3567 2033 3692 2095 pro
3733 2015 4039 2093 masculo,
4100 2039 4142 2081 a
4180 2018 4317 2099 filio

2362 2096 2592 2179 viyinti
2649 2116 2956 2162 annorum
2997 2116 3195 2178 usque
3238 2095 3327 2162 ad
3362 2098 3575 2178 filium
3614 2102 3940 2183 sexayinta
3985 2123 4314 2186 annorum,

2365 2183 2486 2247 erit
2538 2184 2890 2247 aestimatio
2944 2188 3058 2249 tua
3110 2183 3570 2267 quinquaqinta
3639 2186 3937 2252 siclorum
4007 2194 4316 2271 arqenteo-

2363 2288 2528 2345 rum,
2565 2268 2900 2334 secundum
2949 2268 3173 2333 siclum
3209 2271 3584 2335 sanctuarii.
3665 2271 3725 2336 4.
3771 2272 3948 2352 Quod
3982 2275 4043 2338 si
4072 2276 4315 2356 femina

2362 2354 2574 2436 fuerit,
2621 2355 2738 2419 erit
2779 2355 3131 2420 aestimatio
3173 2354 3434 2438 triyinta
3475 2355 3789 2422 siclorum.
3878 2355 3936 2422 5.
3990 2358 4065 2423 Si
4109 2366 4315 2426 autem

2366 2463 2408 2506 a
2448 2439 2585 2521 filio
2627 2440 2900 2523 quinque
2943 2460 3249 2506 annorum
3304 2461 3501 2523 usque
3554 2442 3640 2507 ad
3678 2441 3890 2523 filium
3930 2446 4156 2527 viyinti
4200 2467 4315 2511 an-

2364 2544 2623 2604 norum,
2680 2526 2798 2591 erit
2850 2527 3202 2591 aestirnatio
3241 2531 3353 2592 tua
3383 2546 3510 2607 pro
3557 2527 3831 2595 masculo
3872 2531 4101 2613 viyinti
4142 2532 4319 2598 siclo-

2365 2632 2530 2693 rum,
2578 2632 2702 2694 pro
2742 2611 2984 2693 femina
3027 2632 3168 2677 vero
3220 2613 3425 2678 decem
3466 2613 3777 2678 siclorum,
3864 2615 3922 2680 6.
3974 2615 4048 2679 Si
4087 2637 4226 2682 vero
4273 2639 4316 2683 a

2359 2698 2494 2781 filio
2547 2698 2781 2765 mensis
2835 2718 3033 2780 usque
3090 2696 3177 2762 ad
3224 2697 3432 2778 fitium
3474 2699 3748 2781 quinque
3802 2722 4141 2782 annorum,
4201 2704 4321 2768 erit

2366 2784 2716 2850 aestimatio
2754 2788 2870 2848 tua
2912 2804 3035 2865 pro
3080 2783 3358 2849 masculo
3373 2833 3389 2863 ,
3447 2786 3718 2867 quinque
3759 2786 4055 2853 siclorum
4098 2809 4316 2872 arqen-

2363 2875 2628 2948 teorum,
2676 2890 2802 2952 pro
2867 2870 3108 2952 femina
3164 2889 3306 2934 vero
3364 2871 3713 2936 aestimatio
3768 2876 3881 2937 tua
3936 2874 4054 2936 erit
4115 2876 4311 2938 trium

2362 2955 2660 3022 siclorum
2722 2959 3166 3039 arqenteorum.
3276 2955 3334 3021 7.
3404 2957 3495 3020 At
3568 2957 3630 3021 si
3693 2978 3735 3021 a
3782 2957 3918 3039 fiilio
3986 2961 4314 3041 sexayinta

2364 3061 2677 3108 annorum
2692 3090 2707 3120 ‚
2764 3047 2822 3107 et
2861 3061 3092 3125 supra,
3147 3041 3209 3107 si
3251 3061 3376 3125 pro
3429 3042 3708 3109 masculo
3723 3094 3738 3123 ,
3796 3043 3917 3111 erit
3962 3046 4315 3111 aestimatio

2361 3135 2472 3194 tua
2513 3129 2865 3210 quindecim
2921 3129 3243 3207 siclorum,
3304 3133 3359 3193 et
3415 3148 3543 3211 pro
3592 3129 3833 3211 femina
3879 3132 4083 3195 decem
4130 3132 4309 3197 siclo-

2360 3235 2524 3279 rum.
2616 3214 2674 3280 8.
2744 3215 2919 3296 Quod
2981 3215 3042 3279 si
3085 3215 3437 3296 pauperior
3492 3219 3582 3279 est
3644 3235 3832 3296 quam
3895 3222 3970 3281 ut
4020 3219 4314 3283 aestima·

2361 3301 2586 3366 tionem
2628 3307 2803 3365 tuam
2832 3301 3049 3380 possit
3088 3302 3351 3377 solvere,
3410 3306 3555 3366 tunc
3610 3306 3835 3366 statuet
3876 3301 4057 3367 illum
4104 3323 4314 3369 coram

2359 3387 2689 3463 sacerdote,
2735 3390 2792 3450 et
2835 3386 3188 3451 aestimabit
3229 3407 3370 3450 eum
3409 3387 3700 3452 sacerdos
3713 3411 3732 3450 .·
3771 3389 4105 3453 secundum
4147 3391 4314 3470 quod

2328 3472 2838 3555 ’apprehenderit
2867 3491 3099 3537 manus
3129 3474 3417 3550 voventis,
3448 3472 3801 3537 aestimabit
3832 3494 3973 3538 eum
4003 3476 4310 3541 sacerdos.

2359 3559 2420 3624 9.
2473 3558 2549 3623 Si
2591 3563 2793 3624 autem
2838 3558 3080 3623 animal
3112 3559 3344 3623 voverit
3384 3560 3459 3624 de
3501 3578 3621 3639 quo
3655 3558 3918 3640 offerunt
3948 3560 4311 3626 oblationem

2361 3644 2655 3723 Iehowe,
2716 3664 2892 3708 omne
2933 3642 3008 3709 de
3047 3664 3164 3724 quo
3218 3645 3457 3710 dederit
3497 3643 3762 3709 Iehovae
3818 3648 3936 3710 erit
3989 3649 4308 3712 sanctitas.

2363 3731 2463 3796 10.
2514 3730 2662 3795 Non
2702 3730 2966 3794 mutabit
2999 3730 3179 3805 illud,
3217 3749 3412 3811 neque
3443 3729 3836 3797 commutabit
3868 3731 4052 3809 illud,
4088 3732 4313 3798 metius

2358 3817 2683 3896 deteriore,
2745 3820 2854 3880 aut
2908 3816 3179 3881 deterius
3235 3815 3516 3882 metiore:
3567 3817 3734 3898 quod
3774 3818 3837 3881 si
3885 3821 4313 3885 commutando

2360 3904 2829 3969 commutaverit·
2857 3902 3102 3967 animat
3147 3903 3417 3968 animali
3430 3953 3443 3980 ,
3506 3907 3562 3967 et
3616 3901 3779 3967 alud
3826 3907 3883 3967 et
3924 3905 4312 3969 commutatio

2358 3990 2499 4056 eius
2555 3989 2676 4053 erit
2739 3988 3060 4053 sanctitas.
3174 3988 3273 4053 11.
3346 3988 3421 4053 Si
3477 3992 3682 4054 autem
3745 3988 3943 4069 fuerit
4007 3990 4313 4070 quodlibet

2359 4073 2605 4140 animal
2661 4074 3080 4152 immundum,
3140 4075 3215 4140 de
3270 4094 3391 4156 quo
3446 4095 3572 4140 non
3624 4073 3893 4155 offerunt
3949 4074 4311 4140 oblationem

2362 4160 2647 4236 ΙεΙιουαε,
2672 4165 2815 4224 tunc
2846 4164 3070 4226 statuet
3095 4160 3340 4227 animal
3366 4180 3574 4224 coram
3606 4159 3934 4225 sacerdote.
3978 4160 4077 4226 12.
4105 4162 4313 4227 Aesti-

2358 4245 2670 4326 mabitque
2709 4246 2871 4311 illud
2912 4247 3229 4327 sacerdos,
3271 4247 3402 4311 sive
3444 4246 3667 4311 bonum
3708 4247 3822 4324 sit,
3867 4248 4000 4310 sive
4040 4246 4313 4312 matum.-

2358 4332 2697 4398 secundum
2739 4332 3230 4396 aestimationem
3284 4336 3487 4408 tuam,
3544 4332 3637 4397 sic
3678 4332 3811 4395 erit.
3905 4332 4004 4397 13.
4056 4332 4132 4397 Si
4173 4353 4313 4398 vero

2359 4417 2718 4484 redimendo
2757 4418 3084 4483 redemerit
3123 4418 3301 4499 illud,
3344 4418 3532 4483 addet
3570 4417 3855 4498 quintam
3889 4418 4028 4483 eius
4058 4425 4312 4501 partem

2360 4504 2530 4570 ultra
2576 4503 3070 4569 aestimationem
3113 4508 3302 4568 tuam.
3375 4504 3473 4569 14.
3529 4502 3648 4568 Vir
3690 4508 3897 4568 autem
3938 4526 4133 4586 quum
4174 4526 4310 4572 con-

2359 4590 2692 4656 secraverit
2733 4588 2982 4654 domum
3023 4609 3209 4655 suam
3250 4590 3763 4655 consecrationem
3805 4589 4088 4667 Iskome,
4128 4594 4311 4657 aesti-

2360 4675 2554 4741 mabit
2587 4694 2724 4740 eam
2755 4677 3064 4758 sacerdos,
3093 4676 3222 4741 sive
3254 4676 3413 4741 bona
3437 4678 3537 4754 sit,
3567 4676 3700 4741 sive
3731 4675 3938 4740 mala:
3972 4679 4310 4743 secundum

2360 4762 2524 4844 quod
2575 4761 2997 4827 aestimaverit
3050 4781 3188 4826 eam
3239 4762 3528 4828 sacerdos
3579 4762 3671 4826 sic
3725 4761 4023 4827 manebit:
4082 4762 4181 4827 15.
4233 4761 4311 4828 Si

2361 4852 2568 4913 autem
2607 4867 2976 4914 consecrans
3014 4848 3343 4913 redemerit
3374 4847 3623 4911 domum
3656 4866 3860 4925 suam,
3906 4849 4090 4913 addet
4130 4849 4315 4928 quin·

2361 4939 2492 5000 tam
2534 4937 2786 5015 partem
2831 4935 3140 5014 pecuniae
3199 4932 3653 4998 aestimationis
3706 4937 3850 4998 tuae
3905 4953 4095 5016 super
4150 4953 4308 5010 eam,

2361 5025 2419 5085 et
2461 5019 2642 5084 itlius
2684 5020 2820 5084 erit.
2914 5020 3013 5083 16.
3064 5017 3139 5084 Si
3188 5039 3329 5084 vero
3383 5020 3459 5084 de
3501 5039 3651 5101 aqro
3695 5019 4115 5100 possessionis
4155 5038 4313 5084 suae

2362 5105 2803 5171 consecraverit
2846 5106 2994 5186 quis
3045 5104 3309 5171 Iehovae
3323 5156 3337 5185 ‚
3380 5106 3502 5171 erit
3548 5105 3895 5169 aestimatio
3932 5109 4046 5168 tua
4093 5123 4309 5169 secun-

2363 5193 2517 5257 dum
2558 5196 2887 5256 sementem
2925 5191 3092 5271 eius,
3140 5212 3343 5258 semen
3393 5192 3522 5256 cori
3576 5189 3942 5256 hordeorum
3997 5190 4312 5271 quinqua-

2359 5279 2543 5363 qinta
2593 5278 2773 5343 siclis
2826 5278 3134 5361 arqenteis
3188 5276 3638 5344 aestimabitur.
3726 5274 3827 5339 17.
3893 5274 4068 5355 Quod
4122 5277 4183 5340 si
4231 5277 4316 5342 ab

2365 5385 2532 5431 anno
2590 5363 2867 5430 Iubitaei
2922 5365 3363 5431 consecraverit
3416 5382 3640 5446 ayrum
3694 5379 3908 5433 suum,
3977 5363 4321 5428 secundum

3796 5461 3899 5516 36*
