4867 6150
589 411 725 477 423

587 600 790 665 etiam
815 599 1023 665 Mosis
1057 599 1261 665 verba
1295 599 1486 682 paulo
1530 606 1676 684 post
1719 600 2128 678 confirmant,
2170 597 2283 663 ubi
2330 597 2544 665 edicta

589 686 825 751 mortis
879 706 1086 769 poena
1138 685 1519 763 denunciat,
1581 708 1662 750 ne
1724 686 1868 768 quis
1915 685 1994 750 ad
2041 685 2333 768 privatas
2379 684 2540 750 deli-

592 771 722 836 tias
782 772 899 835 tali
956 773 1329 836 suffimento
1374 780 1614 836 utatur.
1705 769 1901 851 Quod
1944 781 2118 838 certe
2162 781 2391 835 vetare
2435 770 2543 836 ab·

590 856 866 923 surdum
903 858 1153 934 fuisset,
1201 857 1326 921 nisi
1365 857 1658 940 apprime
1683 856 2084 922 delectabilis
2107 857 2339 921 fuisset
2360 856 2538 922 odor.

592 943 783 1008 Adde
818 941 988 1024 quod
1027 964 1160 1007 non
1197 951 1401 1007 staret
1432 943 1729 1027 analogia
1768 944 1938 1007 inter
1981 943 2241 1027 signum
2288 949 2355 1007 et
2400 964 2538 1008 rem

589 1027 959 1112 figuratam,
1003 1029 1127 1098 nisi
1163 1028 1610 1094 suaveolentia
1652 1029 1839 1094 testis
1883 1029 2112 1094 fuisset
2133 1027 2354 1093 Deum
2390 1050 2538 1112 pre-

592 1114 773 1180 cibus
846 1134 1107 1179 suorum
1165 1114 1452 1178 maxime
1509 1114 1839 1180 oblectari.
1936 1115 2145 1180 Porro
2203 1135 2329 1198 quo
2386 1114 2538 1198 plus

591 1201 1000 1265 reverentiae
1055 1200 1326 1265 haberet
1382 1221 1643 1267 sacrum
1702 1201 2106 1285 symbolum,
2175 1201 2535 1265 mixturam

589 1284 769 1350 illam
806 1287 874 1349 in
920 1288 1214 1369 privatos
1259 1306 1418 1350 usus
1463 1286 1821 1351 transferre
1867 1287 1961 1352 fas
2008 1307 2133 1351 non
2181 1286 2336 1350 fuit:
2384 1287 2539 1370 quia

588 1382 665 1435 ut
722 1371 869 1435 rudi
930 1381 1088 1436 sunt
1133 1382 1200 1436 et
1242 1392 1460 1436 crasso
1505 1372 1771 1456 ingenio
1814 1371 2146 1448 homines,
2193 1370 2358 1438 nihil
2401 1372 2535 1438 illis

587 1458 941 1540 proclivius
996 1467 1097 1522 est
1153 1478 1348 1539 quam
1407 1457 1658 1522 coelum
1719 1466 1929 1523 terrae
1972 1457 2265 1523 miscere.
2352 1458 2537 1543 Ergo

589 1551 669 1607 ut
732 1542 930 1607 altius
998 1554 1253 1608 mentes
1320 1544 1675 1626 erigerent,
1743 1543 2193 1608 suffimentum
2260 1543 2341 1609 ab
2406 1566 2532 1609 usu

588 1629 919 1694 communi
980 1637 1298 1694 remotum
1360 1629 1510 1712 eligi
1569 1630 1888 1712 oportuit,
1946 1631 2016 1694 in
2062 1651 2187 1712 quo
2232 1630 2534 1713 specialis

587 1725 763 1781 esset
800 1714 1041 1798 unique
1085 1715 1227 1780 Deo
1268 1714 1481 1780 dicata
1525 1716 1854 1781 sanctitas.

1172 2005 1304 2071 EX
1347 2004 1650 2071 EXODI
1695 2005 1926 2071 XXX.

751 2141 850 2206 17.
899 2142 1226 2224 Loquutus
1270 2147 1359 2208 est
1400 2143 1586 2209 etiam
1632 2141 1862 2208 Iehova
1904 2143 1991 2207 ad
2033 2141 2277 2224 Mosen,
2321 2144 2527 2210 ‹licen-

571 2229 685 2295 do:
744 2227 844 2293 18.
895 2228 1121 2307 Facies
1155 2234 1209 2294 et
1241 2229 1527 2293 concham
1560 2249 1833 2308 aeneam,
1868 2233 1925 2293 et
1957 2228 2139 2293 basin
2172 2231 2308 2295 eius
2352 2250 2525 2295 aene·

574 2335 682 2379 am
739 2315 825 2379 ad
866 2314 1232 2393 lavandum,
1281 2334 1597 2396 ponesque
1639 2314 1818 2379 illam
1860 2314 2022 2380 inter
2064 2315 2525 2381 tabernaculum

573 2401 1004 2481 conventionis,
1050 2405 1104 2466 et
1138 2401 1358 2479 altare,
1403 2405 1458 2466 et
1482 2421 1678 2483 pones
1713 2419 1948 2481 aquam
1990 2401 2062 2465 iu
2106 2422 2198 2466 ea.
2267 2401 2368 2468 19.
2396 2402 2525 2467 La-

571 2485 926 2567 vabuntque
980 2507 1056 2551 ex
1112 2507 1186 2550 ea
1229 2485 1490 2551 Aharon
1547 2492 1601 2552 et
1649 2486 1775 2566 filii
1824 2487 1962 2551 eius
2002 2506 2229 2552 manus
2271 2508 2428 2553 suas
2470 2492 2525 2552 et

559 2572 762 2653 pedes
815 2592 980 2636 suos.
1085 2572 1187 2637 20.
1256 2572 1516 2653 Quando
1575 2571 2008 2654 ingredientur
2060 2572 2524 2639 tabernaculum

572 2658 990 2723 conventionis
1032 2657 1326 2723 lavabunt
1367 2677 1432 2722 se
1485 2679 1672 2738 aqua,
1719 2661 1787 2720 ut
1827 2678 1950 2722 non
1982 2658 2370 2724 moriautur.-
2413 2664 2526 2725 aut

572 2762 766 2824 quum
822 2743 1413 2825 appropinquabunt
1468 2745 1562 2807 ad
1605 2743 1806 2808 altare
1821 2794 1837 2821 ,
1892 2748 1964 2808 ut
2015 2744 2398 2824 ministrent,
2455 2751 2525 2809 ut

570 2829 908 2894 incendant
960 2828 1325 2895 oblationem
1367 2827 1634 2912 iquitam
1677 2827 1954 2894 Iehovae.
2040 2829 2142 2894 21.
2193 2829 2523 2896 Lavabuut

569 2913 834 2996 inquam
866 2935 1098 2980 manus
1131 2934 1286 2980 suas
1327 2920 1383 2980 et
1404 2916 1599 2997 pedes
1632 2933 1795 2998 suos,
1842 2936 1918 2981 ne
1949 2916 2332 2981 moriantur:
2378 2918 2521 2983 erit-

567 3020 687 3084 que
719 3000 855 3065 dlis
896 3005 1197 3067 statutum
1226 3006 1617 3084 perpetuum,
1663 3002 1722 3066 ei
1762 3000 1995 3067 scilicet
2028 3007 2084 3066 et
2123 3002 2350 3067 semini
2383 3004 2522 3069 eius

556 3106 685 3167 per
724 3089 1145 3171 yeneratioues
1185 3109 1360 3154 suas.

744 3259 842 3323 18.
892 3259 1120 3324 Facies
1161 3264 1218 3324 et
1249 3259 1551 3326 concham.
1641 3260 2040 3344 Quanquam
2075 3259 2238 3326 haec
2273 3261 2518 3328 ablutio

568 3345 877 3428 puritatis
922 3366 1115 3428 quam
1164 3346 1387 3429 exegit
1411 3347 1592 3412 Deus
1637 3368 1677 3412 a
1712 3346 1847 3411 suis
1891 3345 2351 3428 sacerdotibus,
2395 3348 2519 3413 fuit

568 3430 972 3515 symbolum:
1033 3430 1186 3513 quia
1241 3442 1457 3496 tamen
1504 3432 1786 3510 concha,
1843 3430 1949 3497 vel
1995 3431 2282 3511 labrum,
2340 3434 2517 3499 unde

566 3538 737 3599 aqua
771 3517 1173 3600 suppetebat,
1218 3538 1367 3600 pars
1403 3517 1525 3582 fuit
1569 3528 1684 3583 aut
1727 3539 1843 3583 vas
1888 3538 2094 3582 unum
2139 3521 2518 3605 sanctuarii,

566 3602 699 3669 huc
733 3604 1025 3668 inserere
1063 3605 1274 3667 visum
1315 3613 1414 3667 est
1459 3604 1629 3687 quod
1677 3603 1758 3668 de
1802 3624 1881 3669 ea
1922 3604 2338 3687 praecipitur,
2385 3627 2513 3672 non

565 3689 759 3755 modo
819 3689 1029 3773 quoad
1094 3688 1439 3768 fabricam,
1496 3688 1610 3754 sed
1669 3690 1878 3772 quoad
1940 3712 2159 3765 usum,
2221 3692 2331 3773 qui
2388 3714 2514 3757 non

611 3783 827 3840 oterat
883 3774 1218 3840 commode
1277 3776 1588 3857 separari.
1678 3775 1846 3840 Nam
1907 3776 1964 3841 si
2023 3776 2202 3840 nuda
2257 3785 2515 3843 tantum

595 3860 736 3925 abri
783 3872 899 3925 aut
946 3863 1119 3925 vasis
1165 3862 1415 3942 aquarii
1461 3863 1633 3927 facta
1677 3862 1906 3928 fuisset
1949 3863 2213 3941 menti0,
2259 3864 2516 3929 nullum

562 3946 720 4011 inde
760 3947 1043 4011 fructum
1092 3948 1416 4029 cepissent
1461 3947 1752 4014 lectores.
1824 3946 2072 4013 Verum
2118 3949 2230 4013 ubi
2277 3948 2518 4015 diserte

562 4032 748 4098 iubet
772 4031 974 4106 Dens,
1025 4043 1285 4115 praesto
1331 4054 1472 4097 esse
1516 4054 1752 4115 aquam
1799 4034 1868 4098 in
1915 4035 2344 4118 receptacu10‚
2390 4058 2520 4120 qua

561 4140 798 4185 manus
836 4131 903 4183 et
947 4116 1144 4202 pedes
1189 4118 1458 4184 abluant
1501 4118 1890 4198 sacerdotes,
1935 4119 2093 4184 hinc
2127 4120 2519 4205 colligimus,

561 4215 808 4288 quanta
850 4204 1221 4269 reverentia
1275 4216 1338 4268 et
1384 4205 1733 4271 sanctitate
1777 4226 1961 4272 sacra
2003 4226 2125 4270 sua
2168 4207 2292 4272 coli
2337 4208 2519 4273 Deus

562 4290 860 4356 voluerit.
950 4290 1245 4373 Vulgare
1305 4291 1568 4374 quidem
1599 4292 1817 4356 etiam
1874 4291 2048 4375 apud
2093 4301 2322 4374 gentes
2364 4314 2519 4375 pro·

515 4443 520 4448 ⁴
563 4376 870 4440 verbium
912 4378 1066 4454 fuit,
1112 4376 1470 4459 impietatis
1517 4398 1661 4443 reos
1706 4398 1846 4442 esse
1894 4379 2007 4461 qui
2052 4398 2238 4444 sacra
2284 4387 2521 4443 tracta-

564 4471 718 4526 rent
784 4462 986 4528 illotis
1059 4463 1377 4528 manibus.
1483 4462 1917 4530 anremonia
1982 4484 2238 4547 quoque
2296 4467 2517 4530 testati

565 4555 758 4625 sunt,
815 4548 940 4613 rite
991 4570 1119 4613 non
1167 4549 1343 4614 litari
1390 4549 1517 4614 nisi
1563 4549 1644 4613 ab
1688 4551 1868 4615 omni
1913 4550 2406 4633 inquinamento
2453 4560 2521 4616 et

564 4633 757 4698 sorde
801 4635 1060 4717 purgati
1105 4644 1343 4700 essent.

1063 4779 1349 4901 Aleonec
1383 4797 1471 4834 me
1505 4782 1723 4835 flumine
1759 4783 1886 4835 vivo

1177 4866 1323 4912 nere,

561 4977 781 5061 inquit
837 4975 947 5041 ille
1002 4973 1172 5059 apud
1219 4977 1576 5061 Virgilium
1607 4977 1683 5066 ¹),
1740 4988 1809 5043 et
1866 4979 2106 5062 passim
2164 4987 2512 5044 occurrunt

562 5064 734 5129 tales
791 5063 1174 5129 sententiae.
1277 5063 1620 5128 Interdum
1680 5066 1877 5129 etiam
1937 5065 2065 5130 visi
2122 5075 2280 5130 sunt
2335 5074 2513 5131 recte

561 5150 893 5216 collimare
948 5147 1026 5214 ad
1089 5149 1305 5231 ipsum
1351 5169 1655 5233 scopum:
1714 5151 1908 5218 sicuti
1954 5150 2108 5215 dum
2153 5160 2348 5234 poeta
2387 5151 2512 5215 im·

731 5339 789 5409 1)
826 5336 1051 5394 Aeneia.
1090 5338 1162 5392 11.
1201 5336 1320 5392 ⁷19.

2000 410 2515 478 SECUNDUM
2557 402 3197 477 PRAEOEPTUM.

4436 416 4543 482 424

2646 597 2788 681 pios
2846 605 2912 661 et
2964 599 3309 663 sceleratos
3363 597 3544 663 iubet
3588 618 3626 662 a
3669 598 3870 664 sacris
3913 597 4265 680 facessere,
4319 623 4394 668 ne
4429 604 4544 688 ipsa

2644 682 3125 749 contaminent:
3187 682 3300 749 sed
3345 683 3622 749 evanida
3664 683 3790 748 fuit
3832 683 3947 749 illa
3990 684 4379 768 imaginatio,
4421 692 4547 772 quia

2644 789 2753 834 eos
2796 768 2976 834 nulla
3019 769 3440 853 resipiscendi
3486 790 3643 834 cura
3684 770 3900 854 tetigit
3942 771 4024 836 ad
4072 772 4277 837 Deum
4321 773 4544 856 placan—

2644 856 2818 920 dum.
2910 858 3127 939 Atque
3181 856 3341 920 adeo
3400 855 3508 921 ubi
3566 855 3791 921 sedulo
3836 856 4278 923 ablutionibus
4319 879 4547 942 operam

2644 940 2905 1021 dabant,
2952 941 3103 1023 quid
3140 942 3261 1008 sibi
3299 941 3493 1007 vellet
3528 941 3710 1021 illud,
3758 951 4014 1008 mentes
4059 964 4279 1008 errore
4324 945 4548 1014 obtene-

2642 1026 2863 1091 bratas
2926 1027 3136 1093 latuit.
3241 1028 3599 1111 Praecipue
3667 1037 3887 1092 tamen
3943 1027 4259 1094 admoniti
4316 1032 4551 1098 fuerunt

2641 1112 3006 1194 Israelitae,
3072 1134 3265 1196 quam
3324 1113 3579 1197 indigni
3639 1122 3858 1177 essent
3916 1115 4022 1197 qui
4070 1116 4214 1180 Deo
4271 1117 4553 1184 offerrent

2641 1199 2989 1277 sacrificia,
3050 1220 3252 1282 quum
3310 1200 3678 1264 sacerdotes
3721 1198 3801 1264 ad
3849 1199 3970 1265 hoc
4016 1222 4255 1266 munus
4302 1202 4553 1271 delectos

2641 1293 2893 1349 arceret
2945 1305 3064 1350 sua
3106 1286 3480 1368 impuritas,
3538 1284 3744 1351 donec
3785 1306 3955 1368 aqua
3996 1287 4299 1352 mundati
4340 1301 4553 1381 essent.

2639 1369 2848 1434 Porro
2885 1391 3198 1435 manuum
3237 1382 3304 1434 et
3337 1370 3576 1453 pedum
3622 1369 3781 1436 lotio
3825 1392 4053 1437 omnes
4097 1376 4384 1456 corporis
4422 1396 4550 1459 par-

2640 1465 2739 1520 tes
2778 1456 3047 1521 notabat
3090 1455 3388 1522 sordibus
3428 1477 3569 1523 esse
3613 1457 3903 1523 infectas.
3974 1458 4135 1522 Nam
4182 1461 4335 1541 quia
4373 1462 4552 1544 scrip·

2641 1551 2787 1605 tura
2822 1562 3016 1624 saepe
3053 1563 3286 1608 manus
3322 1543 3522 1608 sumit
3564 1564 3683 1626 pro
3729 1544 3902 1607 vitae
3947 1545 4329 1625 actionibus,
4372 1555 4432 1610 et
4471 1557 4553 1612 to·

2638 1637 2775 1692 tum
2836 1628 3011 1693 vitae
3064 1649 3328 1694 cursum
3387 1630 3529 1692 viae
3575 1637 3688 1693 aut
3731 1629 3948 1693 itineri
3992 1631 4275 1710 confert,
4335 1633 4555 1715 optime

2635 1714 2947 1778 convenit
3003 1713 3164 1779 haec
3221 1714 3656 1797 synecdoche,
3708 1714 3778 1777 in
3837 1716 4137 1781 manibus
4194 1727 4263 1781 et
4307 1717 4554 1800 pedibus

2633 1798 2935 1864 mundari
2994 1800 3312 1882 quaslibet
3373 1800 3617 1864 sordes.
3706 1800 3849 1864 Iam
3902 1813 4104 1867 restat
4158 1823 4446 1888 anagoge
4484 1804 4555 1869 ad

2635 1883 2995 1961 Christum,
3039 1906 3205 1969 quae
3241 1885 3436 1968 paulo
3473 1894 3620 1969 post
3654 1907 3740 1950 ex
3776 1887 4111 1953 sacrificiis
4144 1889 4383 1954 melius
4424 1910 4554 1975 cog·

2634 1971 2813 2037 nosci
2858 1973 3110 2054 poterit.

3180 2261 3311 2327 EX
3354 2260 3655 2328 EXODI
3703 2261 4037 2328 XXVIII.

2804 2398 2861 2461 1.
2912 2397 3013 2463 Tu
3048 2418 3186 2463 vero
3222 2419 3460 2465 accerse
3498 2400 3583 2465 ad
3617 2404 3671 2465 te
3692 2399 4053 2466 Ahar-onem
4090 2401 4360 2484 fratrem
4401 2407 4560 2468 tuum

2630 2489 2685 2548 et
2722 2482 2894 2564 filios
2937 2484 3073 2548 eius
3115 2504 3255 2548 cum
3298 2506 3393 2563 eo,
3453 2506 3484 2549 e
3526 2487 3726 2551 medio
3763 2486 4041 2567 filiorum
4087 2486 4329 2553 Israel:
4370 2493 4433 2552 ut
4470 2510 4560 2555 sa-

2627 2570 2887 2634 cerdotio
2925 2568 3231 2654 funqatur
3271 2570 3432 2636 mihi
3474 2572 3767 2646 Aharou,
3816 2571 4063 2649 Nadab,
4110 2574 4347 2654 Abihu,
4390 2574 4560 2641 Elea-

2626 2676 2760 2735 zar,
2803 2660 2857 2719 et
2900 2655 3194 2721 Ithamar
3231 2656 3357 2738 filii
3399 2656 3684 2723 Aharou.
3766 2658 3826 2722 2.
3872 2655 3959 2721 Ee
3997 2658 4193 2740 facies
4234 2665 4430 2726 vestes
4468 2682 4559 2726 sa-

2627 2761 2770 2806 cras
2792 2739 3085 2805 Aharoni
3114 2742 3313 2825 fratri
3348 2747 3469 2820 tuo,
3516 2745 3586 2808 in
3617 2745 3886 2827 yloriam
3919 2749 3978 2808 et
4010 2746 4304 2812 decorem.
4363 2747 4422 2813 3.
4472 2747 4561 2812 Tu

2625 2829 2833 2908 itaque
2890 2826 3224 2907 alloqueris
3279 2848 3486 2895 omnes
3539 2831 3847 2910 sapientes
3897 2830 4074 2895 corde
4126 2852 4286 2914 quos
4347 2832 4561 2915 replevi

2625 2914 2862 2993 spiritu
2896 2914 3260 2994 sapientiae,
3304 2919 3372 2978 ut
3411 2915 3656 2997 faciant
3696 2921 3885 2981 vestes
3910 2915 4175 2981 Aharon
4219 2919 4310 2983 ad
4350 2920 4561 2985 sancti-

2622 2998 2941 3081 ficandum
2996 3018 3136 3064 eum
3150 3050 3166 3080 ,
3222 3005 3292 3065 ut
3332 3001 3671 3066 sacerdotio
3710 3001 4014 3086 fuuyatur
4053 3002 4234 3068 mihi.
4329 3004 4387 3070 4„
4437 3005 4563 3070 Hae

2625 3090 2773 3151 suut
2813 3105 3022 3151 omnes
3062 3091 3252 3151 vestes
3293 3108 3454 3169 quas
3490 3087 3751 3170 facient,
3799 3088 4108 3171 pectorale
4160 3095 4217 3155 et
4262 3092 4474 3174 ephod,
4515 3095 4567 3156 et

2615 3170 2892 3252 pallium
2927 3176 2984 3235 et
3016 3172 3291 3238 tunicam
3331 3173 3666 3254 ocellatam,
3709 3174 3961 3239 mitram
4005 3181 4061 3239 et
4100 3175 4441 3243 baltheum.-
4475 3177 4564 3259 fa-

2624 3258 2782 3321 cient
2836 3258 3097 3339 inquam
3152 3264 3342 3325 vestes
3380 3259 3498 3325 has
3533 3280 3755 3325 sacras
3795 3260 4089 3326 Aharoui
4126 3261 4332 3342 fratri
4373 3269 4477 3329 tuo
4517 3266 4567 3327 et

2620 3343 2780 3423 filiis
2822 3344 2978 3420 eius,
3023 3348 3093 3407 ut
3126 3345 3465 3411 sacerdotio
3501 3345 3853 3429 funyantur
3892 3346 4068 3411 mihi.
4132 3347 4193 3412 5.
4250 3350 4381 3430 Qui
4418 3349 4562 3415 acci-

2616 3429 2795 3509 pient
2837 3448 3070 3494 aurum
3106 3435 3161 3495 et
3201 3430 3618 3515 hyacinthum,
3663 3436 3719 3496 et
3752 3453 4130 3513 purpuram,
4176 3440 4233 3498 et
4277 3437 4569 3500 vermicu-

2625 3515 2757 3579 lum
2811 3515 2998 3595 cocci,
3057 3520 3115 3580 et
3170 3515 3435 3599 byssum.
3538 3518 3597 3583 6.
3660 3517 3924 3584 Facient
3979 3524 4184 3584 autem
4243 3520 4446 3602 ephod
4496 3538 4565 3585 ex

2625 3619 2812 3677 auro,
2856 3599 3208 3685 hyacinthe,
3253 3608 3311 3667 et
3346 3623 3658 3685 purpura,
3702 3604 4032 3670 vermiculo
4074 3607 4252 3684 cocci,
4300 3612 4361 3673 et
4401 3607 4566 3689 bysso

2624 3690 2874 3764 retorta,
2921 3707 3102 3769 opere
3121 3687 3547 3772 phryyionico.
3609 3690 3646 3754 7
3654 3740 3666 3754 .
3704 3690 3893 3756 Duae
3927 3711 4074 3756 orae
4105 3693 4361 3759 iunctae
4402 3693 4567 3758 erunt

2622 3772 2695 3836 iu
2765 3771 3011 3837 duabus
3072 3774 3563 3840 extremitatibus
3625 3777 3761 3841 eius
3774 3786 3803 3853 ,‘
3872 3783 3931 3840 et
3994 3777 4085 3843 ita
4149 3781 4565 3864 coniunyetur.

2624 3857 2683 3921 8.
2736 3855 3071 3941 Giuyulum
3105 3866 3314 3928 autem
3346 3862 3556 3942 ipsius
3588 3861 3788 3943 ephod
3828 3863 3967 3927 eius
4009 3864 4172 3946 quod
4216 3864 4293 3929 in
4338 3886 4406 3930 eo
4446 3864 4567 3942 crit,

2620 3944 2832 4009 simile
2862 3945 2983 4009 erit
3022 3950 3298 4011 texturae
3332 3947 3559 4028 ipsius,
3603 3968 3680 4013 ex
3722 3948 3859 4030 ipso
3900 3949 4037 4026 erit,
4081 3970 4304 4034 nempe
4347 3971 4422 4016 ex
4464 3970 4568 4014 au·

2622 4050 2722 4107 ro,
2768 4029 3121 4112 hyacintho,
3165 4037 3221 4096 et
3255 4053 3573 4114 purpura,
3619 4038 3677 4097 et
3715 4035 4050 4101 vermiculo
4082 4038 4262 4116 cocci,
4307 4042 4366 4102 et
4405 4036 4570 4118 bysso

2621 4120 2871 4181 retorta.
2961 4116 3019 4181 9.
3068 4118 3359 4200 Accipies
3414 4138 3653 4201 quoque
3703 4120 3863 4186 duos
3920 4120 4166 4203 lapides
4224 4121 4569 4205 onychinae,

2622 4205 2677 4265 et
2733 4202 2976 4285 sculpes
3032 4204 3097 4266 iu
3155 4207 3248 4269 eis
3288 4206 3542 4269 nomina
3582 4205 3860 4286 filiorum
3903 4207 4131 4272 Israel.
4227 4209 4332 4273 10.
4383 4207 4505 4272 Sex
4541 4226 4570 4269 e

2622 4287 2978 4354 nominibus
3028 4309 3241 4355 eorum
3293 4290 3364 4353 iu
3419 4290 3632 4372 lapide
3675 4313 3826 4372 unc,
3871 4297 3928 4356 et
3968 4294 4231 4358 uomina
4276 4314 4394 4361 sex
4434 4289 4568 4358 reli-

2624 4393 2753 4453 qua
2809 4374 2877 4437 in
2932 4374 3141 4455 lapide
3195 4376 3414 4456 altero,
3465 4378 3803 4442 secundum
3850 4380 4289 4461 yeneratioues
4346 4397 4563 4445 eorum.

2628 4458 2726 4523 11.
2782 4457 2980 4540 Opere
3019 4461 3283 4544 artificis
3329 4462 3615 4544 lapidum
3659 4468 3715 4527 et
3756 4464 4096 4544 sculpturis
4136 4465 4373 4529 annuli
4421 4462 4569 4530 scal·

2612 4564 2732 4627 pes
2773 4545 2931 4611 duos
2973 4545 3115 4611 illos
3159 4547 3401 4630 lapides
3444 4549 3799 4614 nominibus
3837 4549 4116 4631 filiorum
4161 4550 4416 4630 Israel,
4458 4551 4569 4615 cir-

2621 4630 2938 4696 cumdatos
2982 4632 3163 4713 palis
3207 4635 3422 4699 aureis
3459 4635 3657 4717 facies
3699 4655 3815 4700 eos.
3901 4635 3999 4701 12.
4054 4635 4385 4719 Pouesque
4424 4638 4570 4702 duos

2620 4717 2766 4783 illos
2800 4716 3041 4799 lapides
3082 4719 3153 4783 in
3194 4719 3493 4785 lateribus
3534 4720 3743 4801 ephod,
3793 4722 4040 4803 lapides
4080 4724 4426 4788 memoriae
4453 4741 4570 4804 pro

2617 4804 2781 4884 filiis
2837 4803 3080 4869 Israel:
3146 4810 3202 4869 et
3249 4805 3404 4888 feret
3456 4805 3722 4871 Aharou
3775 4808 4031 4872 nomina
4088 4828 4312 4873 eorum
4368 4826 4569 4874 coram

2621 4888 2852 4954 Iehova
2878 4891 2947 4954 in
2983 4890 3221 4956 duobus
3253 4891 3535 4957 humeris
3566 4893 3706 4957 suis
3738 4893 3825 4958 ad
3858 4895 4243 4959 memoriam.
4312 4894 4412 4960 13.
4451 4891 4569 4958 Fa-

2619 4976 2744 5040 cies
2814 4975 3024 5057 itaque
3075 4976 3277 5056 palas
3330 4997 3590 5043 awreas:
3669 4978 3766 5043 14.
3826 4979 3915 5043 Et
3971 4979 4136 5044 duas
4191 4985 4453 5046 catenas
4500 4996 4567 5044 ea:

2619 5081 2777 5126 auro
2799 5081 2973 5141 puro
3008 5064 3391 5140 terminatas,
3422 5062 3624 5145 facies
3657 5085 3835 5145 opere
3864 5065 4106 5147 plectili
4132 5063 4196 5151 ¹),
4223 5067 4571 5147 inseresque

2618 5152 2864 5213 catenas
2908 5146 3187 5228 plectiles
3226 5148 3407 5231 palis
3448 5148 3599 5215 illis.
3693 5149 3792 5217 15.
3842 5149 4069 5217 Facies
4111 5152 4341 5218 deinde
4374 5155 4566 5236 pedo-

2791 5333 2849 5403 1)
2890 5334 3154 5404 Princeps
3189 5337 3277 5392 hie
3312 5341 3363 5392 et
3395 5337 3551 5406 infra
3586 5338 3812 5409 ubiquee
3848 5339 4187 5409 complicato.
