4867 6150
560 418 687 485 371
1733 493 1737 497 ἢ
2015 416 2392 487 PRIMUM
2440 419 3087 487 PRAEOEPTUM.
3906 369 3919 379 ’
4430 418 4541 486 372

559 607 718 674 Non
759 607 1003 673 frustra
1043 627 1200 692 ergo
1244 606 1558 692 praecipit
1601 606 1789 673 Deus
1829 617 1906 674 ut
1947 614 2327 675 constanter
2368 628 2516 692 per-

657 702 734 758 nt
786 694 855 758 in
912 693 1154 771 officio,
1221 715 1342 759 nec
1401 691 1709 759 excidant
1765 693 2221 778 intelligentia.
2311 693 2516 759 Vetat

563 715 805 845 {xinde
853 801 938 845 ne
996 779 1119 845 sibi
1176 779 1520 845 thesauros
1582 801 1702 844 rex
1766 781 2168 846 accumulet:
2226 780 2380 864 quia
2444 779 2515 845 id

565 866 711 932 fieri
755 886 890 930 non
936 874 1149 949 potest
1193 866 1336 930 sine
1378 865 1625 949 rapinis
1692 876 1761 930 et
1802 866 2111 932 violentis
2155 867 2514 932 exactioni-

566 952 721 1018 bus:
769 962 837 1016 et
880 951 1075 1017 simul
1115 951 1449 1035 opulentia
1490 950 1621 1016 illis
1666 952 1858 1017 inflat
1901 952 2068 1018 altos
2102 953 2393 1036 spiritus,
2441 960 2516 1017 ut

565 1036 881 1104 audacius
925 1036 1168 1103 iniusta
1213 1036 1384 1103 bella
1428 1037 1821 1122 suscipiant:
1877 1038 2254 1104 luxuriandi
2310 1038 2512 1103 auda-

566 1123 735 1190 ciam
781 1121 1107 1190 accendit:
1166 1123 1432 1188 tandem
1479 1144 1588 1190 eos
1632 1123 1807 1207 rapit
1851 1124 1932 1190 ad
1978 1125 2354 1210 tyrannicos
2398 1146 2515 1189 ex-

565 1231 809 1276 cessus.
899 1210 1203 1274 Primum
1249 1230 1322 1275 er
1368 1230 1406 1275 o
1452 1229 1683 1276 cavere
1728 1209 1933 1276 voluit
1969 1210 2153 1276 Deus
2200 1232 2281 1275 ne
2324 1231 2516 1294 reges

568 1295 927 1362 ditescendi
972 1295 1189 1361 studio
1246 1316 1281 1360 e
1379 1297 1642 1361 auriant
1704 1296 2094 1381 sangninem
2140 1295 2391 1380 populi:
2450 1305 2518 1360 et

568 1401 654 1446 ne
697 1381 1040 1466 pecuniam
1102 1380 1275 1447 male
1382 1391 1594 1447 artam
1650 1383 1722 1446 in
1788 1402 2230 1465 supervacuos
2292 1403 2516 1467 sump-

565 1474 674 1533 tus
717 1467 1134 1551 profundant,
1179 1487 1256 1533 ao
1298 1477 1435 1534 sint
1478 1489 1561 1534 ex
1606 1467 1816 1533 alieno
1850 1468 2141 1553 prodigi:
2181 1476 2519 1552 praeterea

560 1574 652 1706 Ine
696 1553 1083 1638 superbiant
1126 1553 1263 1619 suis
1307 1552 1555 1621 divitiis
1592 1553 1673 1619 ad
1719 1553 2093 1620 audendum
2138 1555 2287 1639 plus
2322 1574 2517 1638 quam

591 1638 775 1707 'ceat.

745 1725 845 1792 18.
900 1723 1133 1791 Verum
1164 1744 1358 1808 quum
1391 1724 1619 1791 sederit
1648 1745 1841 1807 super
1873 1725 2126 1792 solium.
2171 1726 2236 1791 N
2237 1747 2322 1792 on
2359 1725 2519 1791 satis

568 1811 804 1878 fuisset
847 1811 1016 1877 vitia
1058 1811 1383 1896 corrigere
1428 1810 1556 1875 nisi
1605 1810 1866 1876 formati
1913 1820 2133 1878 essent
2191 1834 2382 1899 reges
2435 1811 2519 1877 ad

567 1897 696 1964 Dei
743 1896 1079 1979 timorem,
1143 1905 1211 1961 et
1253 1896 1332 1961 de
1377 1917 1494 1961 suo
1537 1896 1751 1963 officio
1795 1897 1996 1980 probe
2055 1898 2291 1964 edocti:
2341 1920 2519 1966 nunc

569 2005 727 2069 ergo
770 1981 1035 2048 additur
1077 1984 1244 2049 ratio
1289 1981 1692 2067 disciplinae,
1738 2005 1868 2067 qua
1911 2004 2022 2049 eos
2066 1984 2323 2050 institui
2358 1984 2519 2050 utile

565 2070 692 2135 fuit
734 2069 816 2135 ad
859 2069 1125 2153 pietatis
1170 2078 1239 2134 et
1280 2069 1571 2135 iustitiae
1625 2069 1950 2147 studium,
2011 2090 2250 2153 nempe
2307 2081 2382 2134 ut·
2423 2071 2517 2135 le-

566 2176 715 2241 gem
760 2175 799 2220 a
843 2155 1288 2222 sacerdotibus
1333 2163 1401 2219 et
1442 2154 1701 2220 Levitis
1745 2156 2153 2237 susciperent
2174 2177 2341 2239 quae
2385 2156 2519 2221 illis

566 2251 740 2307 esset
796 2242 1090 2306 omnium
1152 2242 1482 2308 actionum
1543 2241 1792 2324 regula.
1880 2240 2057 2323 Quia
2111 2240 2517 2308 demonstra-

562 2326 778 2394 tivum
855 2347 1217 2411 pronomen
1299 2327 1721 2412 exprimitur,
1801 2327 2065 2410 quidam
2134 2329 2519 2394 existimant

569 2414 786 2479 notari
832 2412 1158 2479 duntaxat
1201 2413 1512 2478 volumen
1548 2413 2075 2479 Deuteronomii:
2122 2414 2236 2480 sed
2283 2435 2516 2497 parum

563 2499 756 2564 firma
796 2499 1067 2564 ratione.
1156 2499 1302 2584 Ego
1343 2499 1564 2581 itaque
1605 2498 2068 2584 comprehendi
2112 2522 2245 2565 non
2290 2499 2516 2566 dubito

561 2592 766 2650 totam
791 2584 1128 2650 doctrinae
1143 2605 1489 2663 summam,
1511 2605 1676 2669 quae
1697 2595 1832 2649 tam
1859 2585 1965 2653 hic
1983 2606 2176 2670 quam
2199 2586 2266 2651 in
2286 2587 2515 2652 Exodo

561 2677 630 2737 et
651 2670 952 2736 Levitico
995 2668 1297 2736 traditur.
1345 2671 1492 2735 Etsi
1537 2680 1759 2736 autem
1803 2672 2105 2738 omnibus
2149 2672 2514 2755 promiscue

564 2755 931 2822 communis
996 2777 1139 2822 esse
1201 2755 1456 2835 debuit,
1526 2777 1651 2840 quo
1717 2766 1940 2823 tamen
2025 2757 2106 2823 ad
2166 2758 2512 2824 lectionem

564 2842 704 2909 eius
749 2842 1079 2908 assiduam
1124 2843 1337 2928 magis
1382 2843 1618 2908 attenti
1662 2853 1882 2908 essent
1925 2865 2131 2929 reges,
2176 2845 2512 2927 exemplar

564 2927 700 2994 illis
848 2928 1186 2994 culiariter
1250 2927 1540 2994 dicatum
1606 2928 1881 2995 describi
1951 2930 2159 2994 voluit
2220 2930 2406 2996 Deus
2473 2952 2510 2996 a

565 3035 749 3081 sacer
794 3014 1015 3081 otibus
1059 3024 1125 3080 et-
1171 3014 1457 3080 Levitis:
1526 3036 1602 3082 ac
1668 3014 1921 3082 solenni
1978 3016 2113 3082 ritu
2159 3017 2228 3082 in
2274 3037 2511 3084 manus

561 3100 751 3178 tradi,
799 3111 873 3167 ut
914 3104 1159 3167 scirent
1200 3100 1283 3166 ad
1329 3102 1690 3187 regendum
1735 3103 2048 3187 populum
2095 3103 2220 3169 sibi
2264 3103 2513 3169 maiore

562 3186 835 3254 consilio
915 3196 983 3254 et
1061 3187 1413 3271 prudentia
1490 3210 1655 3272 opus
1732 3211 1873 3255 esse
1956 3211 2154 3272 quam
2235 3190 2512 3272 privatis

559 3271 951 3340 hominibus.
996 3273 1176 3356 Ergo
1210 3295 1412 3356 quum
1450 3273 1821 3341 sacerdotes
1859 3283 1924 3341 et
1959 3275 2236 3341 Levitae
2270 3277 2508 3342 librum

564 3360 911 3439 offerrent,
970 3359 1246 3443 perinde
1289 3361 1411 3424 fuit
1455 3381 1530 3426 ac
1575 3361 1633 3427 si
1677 3360 1863 3427 Deus
1907 3362 2288 3427 thesaurum
2335 3362 2513 3427 hunc

447 3509 456 3522 ,
564 3445 737 3545 apud
781 3466 1005 3530 regem
1049 3444 1422 3529 deponeret.
1489 3447 1820 3531 Praecipit
1867 3445 2101 3512 deinde
2147 3457 2220 3514 ut
2263 3468 2332 3513 se
2377 3459 2513 3514 toto

562 3542 740 3597 vitae
797 3554 994 3598 cursu
1049 3532 1120 3596 in
1177 3531 1342 3616 legis
1402 3530 1697 3599 doctrina
1750 3545 2129 3600 exerceant:
2175 3534 2328 3618 quia
2373 3534 2510 3618 ple·-

559 3639 836 3701 rumque
898 3617 1084 3683 libris
1149 3617 1457 3684 instructi
1513 3630 1674 3684 sunt
1737 3640 1953 3704 reges,
2021 3640 2295 3703 pompae
2364 3629 2511 3684 tan-

561 3713 704 3768 tum
769 3714 837 3768 et
902 3704 1356 3769 ostentationis
1414 3725 1642 3771 causa:
1703 3701 1935 3771 deinde
1995 3705 2106 3772 ubi
2159 3715 2513 3790 gustarunt

563 3787 735 3873 quod
789 3788 1085 3868 docetur,
1146 3790 1368 3855 statim
1428 3789 1651 3856 oborto
1705 3790 1995 3872 fastidio,
2064 3791 2282 3875 legere
2343 3791 2510 3859 desi·

563 3886 754 3940 nunt.
827 3874 1121 3941 Tandem
1180 3874 1523 3941 subiicitur
1566 3898 1875 3959 quorsum
1919 3878 2246 3961 pertineat
2289 3879 2509 3945 lectio:

560 3960 849 4046 primum
895 3962 964 4025 in
1001 3981 1239 4052 genere
1298 3974 1371 4026 ut
1437 3961 1692 4028 discant
1729 3964 1960 4029 timere
2006 3965 2223 4043 Deum
2266 3975 2333 4030 et
2374 3986 2509 4030 ser-

561 4068 717 4113 vare
751 4047 893 4114 eius
928 4056 1295 4131 praecepta,
1334 4046 1571 4113 deinde
1604 4070 1689 4114 ne
1724 4048 1898 4115 fastu
1934 4050 2147 4114 inflati
2182 4062 2246 4115 et
2290 4072 2512 4134 super-

558 4133 670 4199 bia
724 4133 906 4212 elati,
962 4132 1203 4198 fratres
1255 4154 1406 4199 suos
1461 4133 1826 4217 despiciant
1880 4143 2074 4219 atque
2116 4137 2509 4220 opprimant.

562 4218 653 4284 Et
727 4218 1024 4286 consulto
1071 4240 1328 4292 momen
1392 4219 1668 4286 fratrum
1737 4222 2041 4304 ponitur,
2124 4244 2211 4287 ne
2273 4233 2512 4306 putent

559 4304 707 4369 ideo
784 4307 888 4371 ius
974 4305 1303 4371 fraternae
1381 4307 1859 4372 coniunctionis
1941 4328 2083 4373 esse
2170 4308 2507 4387 abolitum,

563 4391 720 4474 quia
762 4392 882 4456 toti
940 4392 1182 4475 populo
1227 4391 1363 4457 sint
1418 4393 1758 4475 praefecti:
1818 4394 1973 4477 quin
2020 4394 2233 4476 potius
2278 4414 2508 4460 omncs

562 4476 872 4541 studeant
929 4480 1149 4543 fovere
1207 4491 1519 4561 tanquam
1582 4479 1893 4544 membra.
1985 4480 2237 4545 Iterum
2280 4492 2509 4565 postea

561 4564 908 4646 repetitur,
979 4585 1059 4628 ne
1115 4563 1464 4630 deflectant
1519 4563 1601 4629 ad
1647 4564 1944 4631 dextram
1996 4565 2098 4631 vel
2140 4566 2507 4632 sinistram:

560 4649 719 4733 quia
741 4649 810 4713 in
837 4670 1080 4733 magna
1114 4648 1381 4714 licentia
1416 4671 1754 4734 nunquam
1778 4652 1939 4717 satis
1972 4652 2258 4718 fraenari
2295 4662 2512 4736 potest

561 4734 903 4800 hominum
951 4734 1290 4818 cupiditas,
1357 4736 1499 4801 Iam
1548 4759 1631 4802 ne
1676 4737 1808 4802 illis
1843 4760 2046 4822 grave
2090 4740 2177 4804 sit
2219 4739 2288 4803 in
2332 4738 2508 4804 ordi-

558 4843 711 4888 nem
755 4822 937 4905 cogi,
1004 4819 1311 4887 admonet
1369 4836 1694 4904 postremo
1752 4822 1937 4890 Dens
2001 4823 2171 4888 hanc
2215 4825 2510 4892 modera-

560 4907 805 4973 tionem
867 4907 997 4971 illis
1053 4906 1194 4972 fore
1260 4908 1519 4990 utilem,
1591 4909 1744 4992 quia
1802 4909 2048 4975 diutius
2104 4911 2502 4995 regnabunt:

560 5016 761 5078 quum
831 4993 1182 5059 insolentia
1244 5015 1439 5078 saepe
1501 4996 1763 5080 regibus
1830 4998 1896 5060 in
1962 4996 2236 5060 exitium
2282 4997 2503 5062 cedat:

558 5080 729 5146 sicut
771 5079 1336 5146 Lacedaemonius
1393 5080 1505 5145 ille
1569 5081 1945 5163 respondit,
2025 5103 2226 5165 quum
2308 5105 2504 5168 aegre

555 5165 757 5231 ferret
810 5187 980 5232 uxor
1036 5166 1366 5249 oppositos
1409 5166 1612 5232 fuisse
1669 5167 1729 5231 ei
1795 5168 2106 5252 ephoros,
2166 5192 2235 5234 se
2295 5171 2500 5234 mino-

556 5273 697 5317 rem
776 5251 1042 5335 quidem
1124 5253 1481 5334 potentiam
1569 5253 1794 5320 liberis
1885 5255 2252 5337 relinquere
2278 5306 2292 5332 ,
2383 5255 2500 5320 sed

551 5338 766 5423 magis
867 5338 1265 5404 diuturnam.
1418 5339 1774 5405 Caeterum
1883 5338 1991 5405 hic
2090 5341 2502 5424 promittitur

2619 607 2847 757 longat
2883 607 3203 675 successio
3268 629 3353 675 ex
3398 608 3529 674 Dei
3572 608 3823 693 gratia,
3870 608 3925 674 si
3985 607 4164 674 ultro
4229 605 4352 673 sibi
4394 613 4544 674 tem-

2615 715 2818 779 peren
2852 744 2865 759 .

3262 1037 3394 1104 Ex
3440 1037 3711 1104 DEU'I'.
3756 1035 3919 1103 XX.

2794 1212 3000 1294 Quum
3043 1230 3326 1295 eyressus
3364 1210 3571 1293 fueris
3612 1209 3699 1275 ad
3728 1208 4045 1291 proelium
4091 1214 4306 1275 contra
4368 1207 4554 1274 hostes

2617 1303 2770 1379 taos,
2817 1319 2891 1365 ac
2932 1297 3169 1364 videris
3213 1298 3573 1379 equitatum,
3617 1314 3863 1371 currus,
3930 1299 3986 1360 et
4014 1295 4326 1378 populu-m
4370 1298 4552 1359 maio-

2617 1404 2749 1450 rem
2793 1389 2869 1461 te,
2913 1404 3033 1450 non
3076 1388 3307 1449 metues
3351 1382 3428 1448 ab
3485 1380 3648 1446 illis:
3712 1382 3863 1462 quia
3908 1380 4143 1446 Iehova
4183 1380 4367 1446 Deus
4420 1388 4554 1446 tuus

2618 1476 2817 1536 tecum
2858 1475 2964 1545 est,
3011 1469 3122 1552 qui
3164 1474 3219 1535 te
3260 1468 3479 1534 eduxit
3519 1487 3550 1531 c
3593 1472 3765 1532 terra
3795 1465 4086 1550 Aeyypti.
4154 1467 4215 1532 2.
4254 1464 4344 1532 Et
4372 1486 4554 1548 quum

2621 1556 3016 1623 occurreritis
3059 1554 3145 1621 ad
3176 1555 3507 1638 proelium,
3552 1553 3789 1618 accedet
3827 1554 4113 1619 sacerdos
4134 1554 4218 1619 ad
4238 1553 4553 1635 populum,

2619 1641 2679 1707 3.
2733 1644 2827 1708 Ac
2867 1641 3027 1707 dicet
3059 1640 3227 1706 illis.-
3271 1640 3453 1705 Audi
3490 1637 3711 1717 Israel,
3756 1659 3865 1704 vos
3905 1641 4232 1705 occurritis
4265 1638 4445 1703 hodie
4477 1639 4558 1704 ad

2609 1727 3052 1812 proeliandum
3114 1747 3256 1793 cum
3311 1725 3589 1792 hostibus
3644 1726 3898 1790 vestris:
3964 1746 4039 1790 ne
4093 1725 4405 1790 mollescat
4464 1745 4558 1789 cor

2616 1818 2889 1879 vestrum
2920 1833 3110 1895 neque
3130 1813 3419 1889 timeatiS,
3446 1831 3638 1893 neque
3660 1813 4042 1885 terreamini,
4067 1831 4257 1892 neque
4268 1812 4557 1890 paveatis

2619 1921 2662 1964 a
2698 1900 2869 1983 facie
2910 1919 3160 1965 eorum:
3245 1898 3306 1964 4.
3360 1898 3666 1980 Quoniam
3724 1896 3955 1962 Iehova
3996 1897 4176 1963 Deus
4219 1902 4415 1961 vester
4468 1898 4557 1960 in·

2618 1986 2774 2051 cedit
2816 1985 3128 2051 vobiscum
3166 1986 3252 2050 ad
3281 1983 3727 2065 proebiandum
3755 2004 3882 2064 pro
3923 1983 4092 2049 vobis
4115 1987 4329 2049 contra
4371 1981 4559 2047 hostes

2618 2077 2867 2152 vestros,
2913 2077 2968 2137 et
3009 2073 3096 2137 ad
3134 2070 3512 2154 servandum
3553 2089 3678 2135 vos.

2794 2243 2850 2308 1.
2917 2242 3124 2324 Quum
3181 2259 3465 2327 cyressas
3532 2240 3738 2321 fueris
3798 2241 3884 2305 ad
3928 2240 4261 2321 proelium.
4384 2239 4559 2303 Haec

2618 2351 2871 2413 quoque
2915 2329 3043 2410 lex,
3087 2328 3257 2411 quod
3303 2325 3385 2391 ad
3430 2326 3766 2409 politicum
3803 2325 4099 2391 ordinem
4138 2338 4415 2409 spectat,
4460 2348 4563 2407 ap·

2619 2415 2867 2499 pendix
2912 2424 3017 2481 est
3059 2413 3255 2499 primi
3300 2414 3648 2497 praecepti,
3696 2421 3775 2476 ut
3816 2412 3987 2477 bella
4022 2428 4257 2498 gerant
4294 2411 4421 2477 sub
4447 2412 4559 2476 Dei

2619 2501 2945 2585 auspiciis,
2988 2501 3256 2582 eiusque
3301 2498 3549 2565 auxilio
3592 2499 3837 2575 confisi,
3906 2497 4133 2564 ducem
4182 2512 4553 2581 sequantur.

2616 2587 2766 2655 Hoc
2809 2588 2981 2652 enim
3028 2585 3286 2669 pietatis
3337 2585 3777 2649 testimonium
3822 2583 4094 2649 reddere
4150 2584 4331 2668 ipsos
4376 2605 4555 2666 opor-

2618 2675 2768 2758 tuit,
2813 2682 2886 2738 ut
2907 2673 3123 2738 Deum
3150 2693 3279 2736 non
3303 2671 3525 2736 minus
3546 2671 3616 2734 in
3633 2670 3805 2736 bello
3829 2690 4022 2752 quam
4059 2671 4124 2734 in
4168 2691 4331 2753 pace
4355 2670 4555 2754 respi-

2617 2769 2862 2836 cerent,
2909 2780 3028 2824 nec
3064 2758 3216 2823 alibi
3256 2756 3545 2822 locarent
3578 2755 3809 2822 salutis
3831 2776 3989 2822 suae
4024 2757 4215 2821 fidem
4255 2777 4458 2839 quam
4495 2757 4553 2819 in

2617 2845 2904 2911 nominis
2947 2845 3088 2910 eius
3134 2843 3565 2911 invocatione.
3638 2842 3848 2917 ,Unde
3892 2843 4294 2928 colligimus,
4357 2843 4426 2905 in
4473 2843 4551 2907 ci·

2619 2932 2730 2996 vili
2797 2943 2861 2996 et
2926 2940 3191 2996 terrena
3253 2929 3723 3013 gubernatione
3788 2930 4059 2993 minimo
4133 2931 4553 3010 praeteritum

2615 3018 2815 3084 fuisse
2861 3018 2987 3083 Dei
3031 3015 3299 3084 cultum.
3345 3015 3491 3081 Etsi
3538 3017 3714 3080 enim
3760 3014 3840 3081 ad
3887 3035 4035 3080 eum
4082 3036 4356 3097 scopum
4406 3014 4553 3078 ‹uri-

2614 3106 2820 3189 gitur,
2882 3113 2955 3170 ut
3011 3113 3242 3168 mutua
3294 3111 3598 3167 servetur
3657 3103 3831 3167 inter
3878 3101 4178 3170 homines
4224 3105 4552 3183 aequitas:

2615 3190 2903 3275 primum
2948 3204 3170 3254 tamen
3207 3186 3486 3273 gradum
3523 3207 3781 3270 semper
3816 3197 4040 3253 tenere
4069 3187 4266 3252 debet
4317 3188 4552 3270 religio.

2615 3276 2895 3343 Summa
2937 3276 3139 3359 igitur
3182 3285 3315 3353 est,
3374 3274 3442 3338 in
3506 3274 3645 3357 ipso
3688 3295 3944 3357 quoque
4001 3295 4338 3338 armorum
4399 3289 4552 3338 stre·

2616 3365 2759 3446 pitu
2804 3384 2933 3427 non
2982 3363 3072 3426 ita
3119 3382 3259 3426 esse
3305 3358 3837 3425 tumultuantium
3883 3360 4039 3442 quin
4087 3374 4453 3444 agnoscant
4492 3379 4553 3422 se

2613 3472 2754 3515 esse
2798 3450 2919 3514 sub
2956 3446 3082 3512 Dei
3127 3445 3443 3524 custodia,
3486 3447 3754 3529 eiusque
3796 3446 4023 3512 virtuti
4068 3447 4305 3522 innixi,
4346 3447 4554 3509 salvos

2612 3557 2682 3601 se
2726 3534 2865 3599 fore
2909 3532 3263 3600 confidant.
3351 3533 3561 3597 Porro
3608 3553 3734 3597 non
3797 3533 4048 3597 animat
4091 3554 4200 3596 eos
4244 3532 4331 3596 ad
4396 3530 4553 3595 bella

2613 3634 2858 3687 temere
2903 3619 3245 3695 movenda,
3293 3617 3407 3684 sed
3453 3638 3571 3701 pro
3607 3618 3904 3684 confesso
3949 3619 4166 3695 sumit,
4194 3619 4550 3700 legitimam

2613 3728 2753 3773 esse
2793 3703 3079 3771 bellandi
3123 3725 3420 3770 causam:
3472 3707 3626 3787 quia
3672 3704 3793 3770 hoc
3838 3725 4178 3787 perperam
4226 3719 4410 3769 esset
4451 3706 4543 3766 ab·

2613 3794 2711 3859 uti
2757 3792 2882 3857 Dei
2930 3791 3225 3866 nomine,
3280 3810 3664 3873 prosperum
3724 3790 3803 3855 ab
3850 3795 3990 3874 ipso
4035 3803 4257 3872 petere
4304 3811 4547 3855 succes·

2612 3901 2759 3946 sum
2804 3878 2917 3943 ubi
2960 3877 3312 3961 quidquam
3359 3890 3622 3959 praeter
3641 3879 3780 3941 eius
3817 3877 4197 3941 mandatum
4239 3890 4547 3941 tentatur.

2619 3966 2819 4031 Vetat
2840 3973 3057 4029 autem
3085 3965 3333 4042 timere,
3371 3962 3672 4045 quamvis
3697 3962 3902 4027 hostis
3925 3963 4015 4026 sit
4034 3965 4336 4044 superior
4360 3962 4549 4045 equis,

2612 4061 2679 4116 et
2734 4049 3187 4127 multitudine,
3250 4056 3315 4112 et
3373 4057 3508 4113 toto
3568 4048 3796 4115 bellico
3860 4061 4196 4131 apparatu.
4306 4048 4550 4129 Quibus

2615 4137 2830 4203 verbis
2874 4135 3200 4212 admonet,
3249 4155 3380 4199 non
3427 4133 3574 4199 ideo
3619 4134 3759 4199 fore
3804 4134 4117 4200 obnoxios
4160 4132 4550 4216 quibuslibet

2611 4224 2889 4301 iniuriis,
2934 4222 3086 4305 quia
3131 4241 3446 4305 equorum
3493 4232 3558 4285 et
3601 4240 3914 4286 curruum
3959 4222 4138 4302 eopia
4186 4243 4318 4284 non
4367 4231 4549 4284 eruut

2610 4308 2934 4375 instructi.
3028 4307 3331 4372 Vidimus
3377 4307 3548 4371 enim
3597 4329 3824 4389 nuper,
3870 4329 3950 4371 ne
3995 4307 4258 4390 regibus
4295 4307 4547 4389 quidem

2611 4396 2811 4461 fuisse
2855 4394 3245 4477 permissum
3313 4403 3387 4457 ut
3431 4394 3603 4458 vires
3648 4392 4059 4472 colligerent,
4115 4394 4357 4475 quibus
4417 4412 4545 4473 pro-

2608 4482 2798 4547 fanae
2878 4493 3105 4564 gentes
3183 4480 3652 4562 gloriabantur.
3774 4479 3955 4562 Ergo
4037 4500 4118 4541 nc
4201 4478 4546 4542 debilitatis

2609 4590 2765 4633 suae
2831 4566 3072 4632 conscii
3142 4564 3489 4648 trepident,
3558 4566 3947 4647 pronunciat
4012 4565 4196 4629 Deus
4259 4570 4422 4629 satis
4485 4571 4542 4624 in

2609 4673 2730 4718 sua
2778 4653 3022 4718 virtute
3065 4652 3204 4716 fore
3249 4650 3574 4733 praesidii.
3664 4650 3881 4732 Atque
3937 4650 4091 4715 hinc
4138 4652 4312 4715 haud
4362 4649 4543 4713 «lubio

2608 4752 2940 4822 sumptum
2988 4748 3088 4803 est
3130 4736 3326 4801 illud:
3396 4737 3491 4801 Hi
3538 4738 3603 4800 in
3651 4737 3971 4812 curribus,
4014 4747 4082 4801 et
4119 4737 4186 4800 hi
4225 4738 4295 4800 iu
4340 4740 4540 4816 equis:

2608 4847 2726 4890 nos
2804 4835 3026 4890 autem
3105 4824 3175 4888 in
3256 4822 3520 4887 nomine
3602 4823 3725 4887 Dei
3814 4825 4019 4887 nostri
4105 4824 4543 4887 invocabimus

2605 4910 2808 4998 (Psal.
2866 4910 2969 4989 20,
3027 4907 3114 4996 8).
3203 4907 3354 4989 Qua
3419 4911 3670 4973 ratione
3735 4909 4041 4994 obiurgat
4107 4910 4311 4974 isaias
4355 4907 4439 4994 (8,
4482 4904 4542 4988 6)

2606 4997 2942 5080 populum,
3003 4994 3173 5078 quod
3219 4996 3609 5077 contemptis
3654 4996 3839 5077 aquis
3885 4993 4098 5074 Siloe,
4161 4995 4542 5078 appetivi-rit

2607 5102 2879 5168 magnos
2924 5091 2990 5147 et
3032 5080 3295 5164 rapidos
3341 5082 3607 5146 fluvios:
3656 5102 3888 5164 nempe
3942 5079 4045 5166 (ut
4087 5080 4238 5144 alibi
4286 5082 4540 5162 exponit

2599 5169 2757 5248 [Isa.
2803 5168 2908 5244 31,
2955 5166 3045 5254 11)
3069 5168 3224 5251 quia
3266 5168 3551 5232 confisus
3595 5168 3794 5232 fuerit
3827 5168 3894 5230 in
3927 5167 4221 5250 equitatu
4247 5163 4534 5249 Aegypti.

2603 5254 2983 5321 Notandum
3047 5265 3265 5319 autem
3329 5266 3427 5318 est
3486 5253 3592 5317 ubi
3640 5252 3951 5317 fundetur
3994 5270 4340 5317 securitas:
4399 5250 4538 5332 quia

2602 5341 2850 5408 scilicet
2916 5361 3182 5425 sperare
3247 5337 3479 5404 debeat
3544 5340 3856 5422 populus,
3924 5341 4195 5404 eandem
4262 5340 4379 5402 Dei
4440 5357 4533 5418 po·
