4867 6150
387 461 519 527 401

395 648 598 714 nimis
641 650 829 716 futile
872 658 970 716 est
1013 650 1357 716 cavillum:
1414 651 1570 734 quia
1613 673 1746 717 non
1792 652 1918 718 fuit
1958 652 2026 718 in
2076 651 2346 717 arbitrio

398 737 640 816 Mosis,
702 743 1015 801 terrestre
1068 735 1467 803 domicilium
1527 737 1851 804 fabricare
1895 737 2073 818 Deo,
2132 746 2202 803 et
2244 758 2346 802 sa-

396 843 584 888 crum
663 843 900 887 nomen
974 823 1341 905 imponere,
1415 845 1544 907 quo
1602 825 1840 907 ubique
1899 824 2345 891 sanctuarium

391 916 690 974 ornatur.
781 909 872 973 Et
918 908 1155 974 diserte
1201 920 1428 973 narrat
1470 909 1748 995 gloriam
1790 911 1921 976 Dei
1963 911 2102 975 11116
2146 929 2345 994 appa-

395 996 641 1060 ruisse:
686 1016 811 1078 quo
847 995 1090 1059 certius
1124 1006 1544 1079 cognosceret
1578 996 1856 1081 populus
1900 1018 2019 1062 sua
2059 999 2346 1062 immun-

397 1081 556 1146 ditie
591 1102 662 1146 se
700 1103 738 1145 a
761 1078 906 1145 Deo
941 1091 1347 1164 separatum:
1388 1102 1518 1165 qua
1555 1081 1635 1146 de
1670 1104 1741 1147 re
1778 1103 1895 1148 suo
1923 1084 2062 1149 loco
2084 1084 2345 1148 iterum.

396 1167 659 1233 Deinde
722 1167 993 1231 verbum
1057 1151 1183 1260 ΠΡΒ
1241 1178 1431 1232 sonat
1477 1168 1698 1233 Mosen
1757 1169 1987 1235 tulisse
2040 1168 2345 1233 taberna-

395 1254 618 1320 culum
691 1273 728 1317 6
786 1252 1052 1329 castris,
1124 1252 1294 1335 quod
1357 1253 1485 1318 alio
1542 1255 1946 1320 transferret.
2049 1255 2246 1320 Nunc
2289 1253 2347 1318 si

397 1339 545 1424 quis
604 1339 896 1416 obiiciat,
954 1340 1385 1420 compositum
1445 1340 1645 1407 fuisse
1705 1340 2202 1407 tabernaculum
2263 1338 2344 1403 ad

399 1425 735 1507 exemplar
774 1422 945 1508 quod
973 1425 1193 1491 Moses
1231 1424 1490 1490 viderat
1524 1426 1593 1490 in
1632 1439 1881 1492 monte:
1928 1427 2000 1491 in
2035 1435 2345 1509 promptu

395 1520 502 1578 est
544 1511 813 1588 solutio,
874 1511 1103 1576 Mosen
1151 1532 1282 1575 non
1327 1519 1488 1578 tunc
1530 1513 1820 1596 primum
1865 1514 1933 1577 in
1979 1524 2203 1578 monte
2244 1512 2346 1576 fu-

395 1599 532 1664 isse·
548 1597 851 1662 edoctum
889 1595 968 1660 de
1005 1618 1163 1662 vero
1189 1596 1316 1661 Dei
1352 1598 1534 1664 cultu
1571 1607 1638 1663 et
1670 1597 2062 1665 coelestibus
2099 1608 2346 1682 myste-

397 1685 547 1761 riis,
610 1702 810 1767 quum
872 1692 1165 1748 retentus
1224 1684 1350 1749 fuit
1413 1684 1641 1748 diebus
1701 1685 2169 1768 quadraginta,
2231 1683 2346 1748 sed

398 1771 528 1835 iam
601 1781 754 1834 ante
811 1769 978 1853 legis
1024 1769 1637 1853 promulgationem.
1726 1770 1867 1836 Nec
1913 1770 2184 1835 dubium
2228 1778 2347 1848 est,

397 1858 555 1940 quin
611 1855 835 1920 eadem
891 1865 1047 1920 tunc
1105 1865 1366 1920 ostensa
1411 1856 1657 1921 fuerint
1702 1877 1865 1940 quae
1906 1871 2058 1922 ante
2104 1855 2347 1922 didice-

395 1953 530 2021 rat,
589 1963 715 2026 quo
766 1942 1044 2024 populus
1105 1941 1184 2005 ad
1246 1941 1574 2006 assiduam
1634 1943 1801 2026 legis
1856 1942 2346 2008 meditationem

397 2029 607 2113 magis
689 2029 982 2093 intentus
1062 2036 1250 2092 esset.
1363 2028 1535 2093 Nam
1610 2049 1695 2092 ex
1760 2030 1969 2112 spatio
2034 2028 2349 2111 temporis

396 2135 752 2199 agnoscere
791 2122 1110 2197 poterant,
1157 2113 1324 2179 nihil
1362 2114 1565 2180 fuisse
1601 2115 2137 2198 praetermissum
2176 2114 2346 2198 quod

396 2202 529 2266 illis
589 2212 784 2267 esset·
820 2200 984 2265 utile
1043 2201 1333 2285 cognitu.
1424 2201 1719 2266 Tametsi
1774 2202 1951 2265 enim
2011 2211 2346 2265 momento

395 2288 610 2372 potuit
671 2288 851 2353 Deus
922 2308 1184 2351 servum
1248 2307 1438 2350 suum
1501 2287 1595 2352 sic
1649 2287 1997 2352 instituere
2049 2294 2126 2351 ut
2181 2285 2347 2351 nihil

396 2374 670 2452 deesset,
718 2374 928 2437 voluit
962 2383 1182 2437 tamen
1229 2372 1566 2455 paulatim,
1614 2381 1682 2437 ct
1725 2373 1909 2456 quasi
1956 2393 2072 2456 per
2117 2373 2346 2450 otium,

396 2461 520 2526 sibi
577 2460 939 2543 perfectum
994 2458 1322 2524 doctorem
1369 2459 1679 2524 formare:
1740 2458 1935 2542 idque
1980 2479 2061 2542 po
2113 2459 2204 2523 uli
2245 2457 2346 2522 in·

394 2546 692 2611 firmitati
748 2547 1084 2611 concessit.
1188 2543 1299 2610 Sic
1352 2545 1528 2609 enim
1591 2545 1836 2629 legitur
1892 2546 2044 2610 Exo
2092 2546 2115 2610 i
2176 2544 2347 2610 deci-

395 2653 505 2697 mo
536 2652 727 2711 non0,
767 2632 956 2709 Ecce,
997 2631 1192 2696 venio
1229 2629 1309 2694 ad
1348 2640 1413 2696 te
1449 2632 1517 2695 in
1557 2630 1760 2697 densa
1793 2631 1981 2710 nube,
2028 2641 2103 2695 ut
2127 2630 2348 2695 audiat

393 2740 502 2784 me
540 2719 816 2809 populus
853 2730 1066 2782 tecum
1104 2718 1499 2799 loquentem,
1546 2725 1613 2782 et
1655 2717 1875 2783 credat
1920 2718 2034 2782 tibi
2081 2718 2153 2782 in
2196 2738 2343 2799 per·

395 2817 687 2887 petuum.
798 2803 969 2868 Item
1037 2802 1383 2868 vicesimo:
1452 2800 1657 2869 Stetit
1724 2803 2002 2887 populus
2067 2802 2345 2881 eminus,

396 2892 617 2957 Moses
642 2902 861 2955 autem
899 2889 1172 2954 accessit
1209 2888 1289 2953 ad
1327 2888 1671 2972 caliginem
1707 2890 1776 2954 in
1816 2910 1941 2973 qua
1977 2899 2119 2954 erat
2143 2890 2342 2954 Deus.

394 2978 502 3043 Ex
540 2997 667 3059 quo
712 2986 910 3058 patet,
958 2974 1122 3039 nihil
1167 2975 1525 3040 absurdum
1567 2997 1728 3054 esse,
1773 2977 1827 3040 si
1876 2975 2170 3041 dicamus
2212 2976 2344 3039 iam

395 3075 559 3130 tunc
615 3062 856 3128 vidisse
913 3061 1251 3145 exemplar
1308 3061 1749 3141 tabernaculi,
1796 3062 1867 3126 in
1912 3082 2038 3146 quo
2083 3060 2347 3127 volebat

396 3151 519 3215 6611
548 3151 752 3228 Deus.
822 3147 954 3215 Sed
998 3170 1082 3213 ne
1111 3149 1259 3231 quis
1288 3170 1394 3213 me
1437 3149 1594 3213 solis
1623 3150 2014 3216 coniecturis
2040 3148 2161 3212 niti
2185 3147 2344 3212 obii·

394 3237 558 3314 ciat,
619 3236 842 3301 Moses
884 3235 1024 3319 ipse
1067 3235 1241 3301 clare
1286 3234 1715 3315 demonstrat,
1761 3245 2110 3318 antequam
2155 3235 2345 3299 tabu-

395 3323 495 3387 las
542 3323 883 3405 acciperet,
931 3322 1147 3386 Deum
1191 3321 1601 3406 praecepisse
1646 3320 1727 3386 de
1764 3320 2168 3386 tabernaculi
2208 3322 2346 3403 opi-

394 3408 560 3475 ficio.
631 3409 750 3474 Bis
811 3408 986 3473 enim
1033 3408 1248 3489 capite
1294 3407 1614 3491 vigesimo
1661 3407 1891 3491 quinto
1936 3407 2211 3491 legitur:
2258 3405 2343 3470 In

396 3515 550 3560 arca
606 3516 882 3578 repones
945 3493 1390 3558 testimonium
1449 3491 1623 3577 quod
1682 3491 1849 3559 dabo
1906 3493 2045 3558 tibi.
2150 3491 2345 3558 Unde

393 3589 579 3665 patet
649 3580 939 3646 nondum
1000 3579 1185 3646 datas
1243 3581 1446 3645 fuisse
1506 3578 1798 3657 tabulas,
1873 3600 2074 3663 quum
2131 3587 2345 3643 totum

395 3666 764 3734 aedificium
828 3688 910 3730 cx
957 3665 1086 3731 Dei
1145 3665 1453 3731 mandato
1511 3665 1873 3748 descripsit.
1958 3664 2153 3731 Unde
2198 3686 2347 3729 rur-

395 3775 546 3820 sum
584 3754 970 3837 colligimus,
1017 3753 1147 3816 iam
1190 3753 1546 3835 composito
1591 3752 2009 3818 tabernaculo
2053 3759 2348 3816 montem

394 3838 786 3917 ascendisse,
835 3847 922 3903 ut*
953 3838 1206 3902 tabulas
1250 3839 1514 3903 afferret
1559 3859 1723 3921 quae
1767 3839 1835 3902 in
1881 3858 2032 3903 arca
2073 3857 2346 3920 repone·

395 3937 651 3992 rentur.
755 3930 1129 4007 Antequam
1191 3945 1347 3988 vero
1407 3924 1486 3989 de
1546 3931 1880 3990 structura
1944 3922 2347 3989 tabernaculi

395 4012 716 4078 disserere
768 4011 1073 4093 incipiat,
1130 4009 1451 4074 tributum
1503 4011 1743 4094 populo
1788 4009 2049 4075 indicit:
2110 4021 2183 4074 ut
2227 4030 2345 4092 pro

395 4098 538 4163 suis
583 4098 854 4181 quisque
898 4097 1319 4162 facultatibus
1365 4098 1708 4162 materiam
1753 4097 2051 4162 conferat
2094 4105 2228 4163 tam
2273 4095 2345 4159 in

391 4186 613 4268 ipsum
660 4183 1187 4259 tabernaculum,
1247 4203 1441 4266 quam
1488 4183 1555 4246 in
1604 4184 1825 4247 omnia
1870 4203 2044 4247 vasa.
2133 4182 2349 4246 Leva—

395 4272 489 4335 tio
550 4280 768 4335 autem
824 4271 925 4334 vel
979 4281 1189 4336 ΠῺἹἾΠ
1247 4267 1633 4351 simpliciter
1690 4268 1797 4333 hic
1855 4289 1973 4351 pro
2019 4266 2346 4332 oblatione

387 4358 686 4439 capitur:
733 4377 965 4438 neque,
1013 4369 1088 4419 ut
1130 4354 1277 4419 aliis
1320 4355 1497 4432 locis,
1542 4353 1971 4438 distinguitur
2015 4353 2094 4418 ab
2140 4355 2348 4418 altera

396 4444 613 4527 specie
680 4442 983 4508 sacrificii
1051 4463 1215 4524 quae
1281 4453 1473 4509 ΠΒῚΜἾ
1538 4450 1829 4506 vocatur.
1943 4440 2347 4524 Simpliciter

395 4540 616 4595 autem
654 4529 963 4594 iubentur
985 4528 1323 4593 Israelitae
1368 4525 1751 4610 impendere
1794 4525 2039 4609 singuli
2085 4548 2166 4590 ex
2214 4526 2348 4591 suis

387 4615 603 4698 copiis
647 4624 710 4680 et
758 4615 1022 4697 opibus,
1080 4623 1399 4695 quantum
1447 4613 1527 4678 ad
1574 4613 1824 4677 cultum
1869 4610 1999 4677 Dei
2042 4614 2344 4678 sufficiat.

393 4701 672 4767 Certum
722 4700 984 4784 quidem
1030 4711 1129 4765 est
1171 4700 1394 4764 omnia
1438 4709 1664 4765 nostra
1708 4697 1836 4764 Dei
1882 4719 2055 4778 esse,
2099 4707 2168 4763 et
2212 4698 2346 4782 pol-

397 4787 496 4852 lui
558 4806 982 4870 quaecunque
1041 4785 1228 4852 nobis
1288 4787 1599 4871 largitur,
1659 4786 1784 4850 nisi
1843 4805 2042 4867 quum
2090 4786 2160 4848 in
2208 4785 2347 4849 eius

399 4874 675 4957 gloriam
721 4872 1042 4937 dicantur.
1101 4870 1235 4937 Sed
1282 4894 1397 4954 pro
1442 4893 1567 4937 sua
1608 4870 2021 4954 indulgentia
2063 4869 2344 4935 liberum

401 4959 593 5025 nobis
637 4961 927 5024 omnium
973 4980 1158 5023 usum
1208 4959 1562 5041 permittit:
1608 4957 1802 5024 modo
1849 4966 2165 5022 testemur
2209 4977 2347 5021 ma-

403 5067 564 5110 nere
634 5044 756 5110 sub
831 5045 972 5110 eius
1033 5046 1334 5124 arbitrio,
1409 5054 1483 5109 ut
1542 5044 1754 5126 parati
1810 5043 2016 5108 simus
2075 5062 2348 5127 erogare

402 5144 600 5214 prout
642 5132 926 5197 iusserit.
985 5130 1099 5195 Sic
1143 5132 1267 5195 rite
1313 5130 1767 5214 eleemosynas
1803 5129 2156 5208 offerimus,
2203 5137 2347 5193 tan·

404 5239 601 5301 quam
670 5219 821 5283 boni
880 5217 1096 5283 odoris
1152 5217 1497 5282 sacrificia:
1565 5218 1865 5299 quamvis
1922 5213 2003 5280 ad
2059 5216 2350 5299 inopiam

402 5325 611 5388 usque
646 5326 715 5370 se
758 5326 887 5370 non
936 5302 1284 5368 exhauriat
1327 5305 1436 5384 qui
1483 5302 1668 5367 dives
1713 5312 1841 5367 est:
1888 5301 2000 5367 sed
2046 5302 2349 5385 pauperi·

403 5391 527 5456 bus
565 5390 645 5455 de
690 5411 808 5456 suo
844 5411 1251 5466 succurrens,
1298 5390 1558 5454 fruatur
1600 5389 1785 5454 bonis
1832 5409 1998 5472 quae
2042 5386 2352 5471 possidet.

546 5493 767 5551 Calvina·
794 5509 981 5564 opera.
1057 5493 1169 5550 Vol.
1209 5491 1367 5547 XXI
1382 5493 1437 5547 V.

1787 460 2303 533 SECUNDUM
2346 462 3000 531 PRAEOEPTUM.

4272 472 4419 537 402

2449 650 2533 715 In
2579 670 2856 727 summa,
2905 649 3216 734 quidquid
3265 652 3600 720 offerimus
3644 653 3807 735 Dec,
3854 653 4069 721 simile
4114 665 4218 722 est
4259 658 4405 741 pri-

2449 736 2683 816 mitiis,
2742 736 2979 819 quibus
3038 745 3359 804 testamur
3414 740 3638 805 omnia
3692 749 3919 806 nostra
3962 742 4103 807 eius
4146 742 4397 825 gloriae

2449 831 2705 889 sacrata
2743 844 2902 888 esse.
2971 823 3114 888 Iam
3152 826 3455 907 quamvis
3492 825 3574 891 ad
3620 826 4026 893 tabernaculi
4071 830 4173 893 sui
4218 829 4396 894 aedi·

2447 909 2670 974 ficium
2738 920 2804 973 et
2861 916 3170 974 ornatum
3232 911 3432 978 nullis
3489 912 3712 996 populi
3773 911 4090 996 suppetiis
4149 924 4393 999 egeret,

2448 1004 2675 1077 utpote
2730 996 2841 1078 qui
2888 994 2971 1060 ad
3015 1015 3243 1061 omnes
3288 996 3553 1062 alendos
3599 998 3884 1082 quotidie
3929 1021 4082 1065 man
4127 1022 4165 1066 6
4209 1002 4392 1067 66616

2451 1080 2749 1164 pluebat:
2806 1080 3011 1146 voluit
3056 1090 3275 1147 tamen
3319 1083 3617 1166 singulos
3661 1105 3700 1148 a
3743 1086 4017 1150 minimo
4062 1108 4270 1170 usque
4314 1086 4399 1153 ad

2449 1168 2844 1244 maximum,
2912 1167 3254 1233 testandae
3320 1169 3585 1251 pietatis
3644 1190 3875 1249 causa,
3936 1173 4003 1235 in
4047 1193 4399 1238 commune

2450 1252 2687 1317 afferre
2746 1252 3059 1334 quidquid
3120 1253 3203 1318 ad
3263 1276 3519 1320 sacrum
3580 1255 3911 1341 opificium
3958 1260 4399 1324 necessarium

2451 1350 2609 1402 erat.
2680 1337 3016 1421 Quidquid
3063 1348 3278 1405 autem
3326 1351 3485 1407 tunc
3528 1342 3600 1406 in
3645 1343 4097 1408 sanctuarium
4143 1344 4401 1411 visibile

2449 1424 2744 1506 impendi
2807 1425 3049 1502 voluit,
3112 1425 3307 1492 hodie
3364 1448 3619 1510 quoque
3675 1429 3880 1513 exigit
3921 1429 3990 1494 in
4036 1430 4402 1513 spiritualis

2450 1511 2683 1594 templi
2718 1520 3141 1576 structuram.
3214 1510 3408 1578 Solus
3453 1514 3716 1596 proprie
3760 1523 3864 1580 est
3905 1516 4017 1597 qui
4061 1516 4401 1582 ecclesiam

2452 1617 2637 1661 suam
2699 1594 3026 1662 aedificat:
3087 1597 3430 1665 hominum
3492 1609 3715 1664 tamen
3775 1600 3989 1665 utitur
4046 1623 4276 1685 opera,
4336 1610 4405 1668 et

2451 1704 2675 1749 secum
2709 1682 2931 1766 plures
2968 1683 3113 1748 vult
3152 1706 3296 1750 esse
3339 1685 3748 1766 architectos,
3794 1696 3867 1752 ut
3889 1688 4200 1753 ecclesiae
4222 1688 4402 1754 aedi·

2452 1770 2670 1834 ficatio
2732 1769 2950 1850 aliqua
2992 1792 3079 1833 ex
3124 1779 3309 1853 parte
3353 1792 3436 1835 ex
3484 1772 3824 1837 hominum
3870 1774 4091 1838 labore
4135 1783 4400 1859 surgat:

2452 1855 2642 1919 sicuti
2686 1856 2948 1920 laudem
2995 1858 3285 1939 prosperi
3332 1879 3668 1924 successus
3712 1859 3845 1924 illis
3889 1858 4217 1925 adscribit.
4286 1860 4404 1925 In-

2453 1949 2634 2005 terea
2700 1941 2866 2005 nihil
2926 1941 3261 2007 offerimus
3323 1944 3490 2026 quod
3556 1966 3687 2009 non
3745 1946 3885 2026 ipse
3946 1946 4228 2030 largitus
4282 1947 4400 2012 sit:

2450 2025 2998 2109 quemadmodum
3045 2029 3384 2094 Israelitae
3444 2030 3610 2094 nihil
3668 2029 3991 2096 dederunt
4048 2032 4176 2097 nisi
4231 2031 4406 2115 quod

2451 2133 2533 2177 ex
2570 2134 2753 2180 mera
2789 2114 2929 2178 eius
2965 2112 3400 2181 beneficentia
3435 2127 3849 2199 provenerat.
3920 2117 4076 2182 Ideo
4123 2118 4408 2202 singulis

2451 2196 2534 2263 ad
2598 2207 2843 2265 certam
2902 2219 3282 2265 mensuram
3346 2200 3682 2267 distribuit
3740 2203 4016 2285 spiritus
4074 2205 4178 2269 sui
4236 2203 4409 2269 dona

2449 2283 2536 2370 (1.
2586 2285 2735 2351 Cor.
2787 2286 2887 2364 12,
2938 2285 3034 2372 7):
3081 2297 3156 2350 ut
3200 2308 3326 2370 quo
3369 2289 3644 2371 quisque
3690 2288 3840 2372 plus
3880 2288 3983 2354 vel
4030 2290 4252 2354 minus
4298 2310 4409 2356 ac-

2449 2371 2656 2454 cepit,
2727 2372 2806 2435 ad
2882 2373 3220 2438 ecclesiam
3278 2373 3747 2439 aedificandam
3804 2375 4164 2457 impendat.
4269 2375 4403 2441 Hic

2450 2470 2667 2522 autem
2704 2459 2991 2540 optimus
3028 2458 3384 2525 alacritatis
3421 2461 3728 2526 stimulus
3767 2461 3953 2526 nobis
3997 2482 4142 2527 esse
4186 2461 4399 2541 debet,

2449 2543 2620 2626 quod
2677 2565 2870 2608 nemo
2914 2553 3046 2609 tam
3092 2566 3341 2630 egenus
3386 2556 3512 2623 est,
3570 2546 3675 2611 vel
3722 2548 3973 2627 tenuis,
4034 2548 4220 2613 cuius
4265 2569 4403 2614 non

2451 2637 2643 2712 grata
2698 2630 2785 2694 sit
2842 2642 2906 2694 et
2964 2633 3191 2696 suavis
3235 2632 3479 2697 oblatio
3524 2633 3953 2715 quantumvis
4001 2633 4278 2718 exigua,
4334 2642 4403 2699 et

2451 2716 2520 2780 in
2582 2715 2922 2780 hominum
2982 2716 3188 2783 oculis
3242 2718 3488 2783 nullius
3547 2720 3684 2783 fere
3727 2719 3943 2801 pretii.
4033 2719 4244 2785 Porro
4288 2742 4405 2786 no-

2452 2801 2727 2866 tandum
2791 2810 2921 2880 est,
2982 2801 3302 2867 tributum
3363 2825 3493 2868 non
3554 2805 3726 2888 exigi
3773 2826 3889 2887 pro
3933 2805 4240 2888 imperio:
4287 2806 4405 2871 sed

2454 2885 2841 2953 denunciari
2888 2896 2964 2952 ut
3006 2887 3364 2953 liberaliter
3408 2890 3653 2973 singuli
3698 2891 4038 2955 conferant
4082 2890 4253 2974 quod
4301 2893 4404 2957 vi-

2453 2994 2600 3038 sum
2652 2974 2866 3039 fuerit.
2955 2973 3127 3038 Nam
3175 2973 3257 3039 ab
3301 2976 3487 3038 initio
3529 2997 3760 3040 verum
3804 2975 3932 3040 fuit
3975 2975 4137 3040 illud
4185 2976 4399 3057 Pauli,

2454 3057 2671 3124 Deum
2721 3059 2998 3125 hilarem
3046 3060 3336 3126 datorem
3381 3060 3652 3146 diligere
3697 3060 3782 3149 (1.
3831 3061 3979 3129 Cor.
4026 3062 4086 3140 9,
4136 3060 4220 3150 7).
4310 3064 4404 3129 Et

2456 3157 2587 3211 tota
2625 3147 2952 3230 scriptura
2990 3145 3178 3211 docet
3211 3148 3476 3212 nonnisi
3515 3148 3885 3214 voluntaria
3919 3149 4226 3233 obsequia
4261 3150 4402 3233 pla-

2454 3253 2601 3298 cere
2670 3233 2829 3297 Dec.
2943 3232 3261 3316 Quisquis
3341 3255 3498 3316 ergo
3582 3234 3664 3299 ad
3730 3233 4202 3300 aedificandum
4272 3234 4404 3301 Dei

2453 3318 2770 3402 templum
2826 3319 3070 3403 probus
3126 3320 3311 3403 cupit
3369 3340 3512 3385 esse
3573 3319 3863 3401 adiutor,
3938 3321 4105 3386 nihil
4167 3323 4405 3387 afferat

2452 3405 2692 3470 servile
2771 3405 2877 3469 vel
2956 3413 3305 3471 extortum.
3418 3405 3813 3489 Quanquam
3884 3409 4059 3472 enim
4128 3407 4404 3474 verbum

2448 3504 2607 3559 52:¹¹1*
2660 3491 2839 3556 varie
2872 3491 3169 3586 redditur
3205 3490 3287 3556 ab
3329 3491 3830 3575 interpretibus:
3877 3513 4138 3557 summa
4179 3503 4402 3558 tamen

2450 3577 2582 3642 huc
2627 3576 2826 3653 redit,
2872 3598 3116 3644 munus
3161 3579 3477 3661 cuiusque
3521 3600 3601 3643 ex
3650 3599 3974 3662 propensa
4018 3579 4224 3644 animi
4269 3580 4404 3645 ala-

2450 3663 2684 3729 critate
2743 3661 2888 3728 Deo
2948 3664 3086 3729 fore
3145 3673 3428 3748 gratum.
3522 3663 3739 3729 Vetus
3796 3667 4124 3747 interpres
4182 3665 4403 3747 habet,

2451 3749 2584 3829 Qui
2630 3750 2823 3815 offert
2866 3749 3239 3828 ultroneus,
3286 3749 3776 3833 paraphrastice
3822 3753 4032 3831 magis
4078 3770 4272 3834 quam
4318 3750 4401 3816 ad

2450 3835 2746 3901 verbum.
2838 3835 2973 3900 Alii
3033 3837 3207 3900 inter
3249 3858 3320 3901 se
3366 3835 3794 3902 dissentiunt:
3854 3836 4204 3901 relativum
4253 3838 4398 3920 qui-

2452 3923 2601 3986 dam
2648 3921 3032 4006 intelligunt
3077 3922 3156 3986 de
3200 3921 3544 4002 oblatione,
3592 3943 3667 3988 ac
3712 3925 4143 4001 transferunt,
4192 3923 4399 3990 Cuius

2451 4027 2562 4072 cor
2606 4008 2975 4075 voluntarie
3020 4006 3271 4073 dederit
3311 4009 3524 4074 illam:
3571 4009 3701 4085 alii,
3748 4008 3882 4089 Qui
3928 4029 4037 4073 cor
4078 4029 4270 4073 suum
4318 4010 4397 4072 li-

2450 4093 2670 4158 berale
2716 4105 2829 4160 aut
2872 4093 3321 4160 voluntarium
3368 4093 3756 4160 exhibuerit.
3848 4093 4156 4160 Secunda
4200 4116 4401 4178 expo·

2449 4180 2601 4246 sitio
2645 4188 2822 4245 recta
2865 4191 2979 4245 est.

2623 4266 2683 4332 3.
2744 4268 2885 4331 Ista
2941 4271 3143 4331 autem
3200 4271 3292 4331 est
3344 4265 3585 4331 oblatio.
3676 4264 3806 4330 Hic
3863 4266 4098 4331 melius
4158 4267 4396 4332 confir-

2449 4360 2673 4418 matur
2706 4352 2875 4436 quod
2916 4353 3043 4417 iam
3085 4352 3240 4430 dixi,
3287 4350 3564 4416 divitum
3604 4351 3791 4433 copia
3821 4371 3956 4415 non
3992 4350 4179 4416 obrui
4225 4350 4398 4435 quod

2453 4459 2538 4503 ex
2572 4460 2692 4504 sua
2728 4439 3050 4504 tenuitate
3086 4459 3410 4521 pauperes
3451 4438 3765 4502 offerunt:
3813 4437 4074 4520 quando
4119 4445 4186 4502 et
4227 4438 4398 4520 pilos

2450 4545 2794 4607 caprarum
2839 4547 3105 4591 censere
3150 4523 3463 4608 dignatur
3508 4524 3689 4587 Deus
3736 4524 3913 4588 inter
3957 4543 4176 4589 sacras
4219 4524 4399 4589 obla-

2450 4612 2678 4689 tiones,
2728 4632 2859 4676 non
2897 4611 3117 4675 minus
3162 4631 3354 4693 quam
3403 4630 3654 4687 aurum,
3698 4629 4078 4691 purpuram,
4124 4615 4191 4674 et
4232 4609 4399 4694 lapi-

2452 4697 2566 4762 des
2610 4699 2949 4780 pretiosos.
3026 4696 3286 4761 Deinde
3332 4694 3515 4760 varia
3558 4703 3625 4758 et
3668 4695 4021 4778 multiplici
4063 4694 4396 4762 contribu-

2450 4786 2626 4847 tione
2672 4784 3016 4848 ostendere
3052 4782 3237 4866 quasi
3273 4781 3341 4846 in
3381 4780 3644 4864 speculo
3687 4780 3920 4860 voluit,
3965 4781 4047 4846 ad
4092 4782 4399 4866 spiritua-

2451 4870 2533 4934 lis
2592 4869 2819 4951 templi
2861 4868 3228 4934 aedificium
3277 4867 3597 4932 donorum
3649 4868 3969 4932 varietate
4014 4888 4179 4951 opus
4223 4885 4397 4931 esse:

2451 4953 3000 5038 quemadmodum
3046 4953 3306 5019 disserit
3352 4953 3601 5019 Paulus
3649 4953 3748 5018 12.
3797 4954 3877 5018 ad
3924 4954 4285 5018 Romanos:
4332 4962 4405 5017 et
4522 4987 4535 5008 ι

2456 5043 2512 5107 1.
2589 5041 2667 5105 ad
2730 5039 3030 5107 Corinth.
3108 5041 3208 5105 12.
3317 5039 3739 5122 Splendidior
3796 5038 4055 5122 quidem
4117 5038 4403 5104 divitum

2452 5128 2577 5194 fuit
2619 5128 2915 5210 largitio:
2964 5148 3191 5192 verum
3238 5125 3426 5191 sicuti
3476 5126 3738 5210 gravati
3784 5146 3917 5189 non
3963 5137 4121 5189 sunt
4163 5145 4405 5189 aurum

2454 5234 2648 5280 suum
2686 5223 2754 5278 et
2788 5221 3157 5298 argentum,
3204 5212 3661 5297 hyacinthum,
3707 5230 4086 5294 purpuram,
4132 5220 4198 5273 et
4241 5209 4404 5293 lapi-

2456 5302 2569 5365 des
2614 5300 2938 5382 pretiosos
2985 5300 3386 5383 coniungere
3431 5298 3602 5376 aeri,
3663 5299 3864 5374 ferr0,
3920 5295 4193 5378 aliisque
4253 5296 4411 5361 vul-

2457 5386 2724 5472 garibus
2770 5385 3097 5451 materiis:
3142 5385 3234 5450 ita
3277 5383 3472 5448 hodie
3518 5385 3628 5467 qui
3674 5382 4241 5448 excellentioribus
4287 5380 4417 5447 do·-
