4867 6150
546 424 677 490 579

546 615 621 680 in
688 614 813 679 hoc
870 618 1219 697 praecepto
1282 610 1535 678 inclusa
1601 620 1701 678 est
1765 610 2144 694 promissi0,
2223 630 2516 678 seorsum

545 708 796 776 tamen,
842 712 910 765 et
954 700 1141 783 quasi
1184 698 1251 763 in
1297 710 1679 764 transcursu
1718 695 2006 762 notanda
2049 706 2166 762 est.
2197 778 2208 783 ,
2235 697 2517 762 Promit-

549 786 640 850 tit
682 787 945 869 quidem
992 785 1161 851 sicut
1206 783 1541 849 benedixit
1590 782 1764 848 diem
1814 783 2168 866 septimum
2229 792 2307 849 ut
2365 804 2517 848 eum

553 885 960 956 segregaret,
1006 872 1099 935 ita
1142 892 1212 936 se
1258 869 1755 935 benedicturum
1801 868 2029 934 fideles
2076 882 2148 935 ut
2183 890 2296 934 eos
2331 888 2516 934 sanc-

554 958 778 1025 tificet.
867 957 1124 1021 Verum
1167 957 1559 1040 praecipuae
1606 965 1762 1020 sunt
1808 953 2068 1020 iubendi
2119 967 2359 1038 partes.
2430 955 2520 1019 Et

552 1043 947 1109 tantundem
995 1042 1176 1108 valet
1221 1042 1509 1107 narratio
1550 1040 2022 1107 benedictionis
2068 1062 2142 1106 ac
2177 1041 2234 1107 si
2278 1039 2519 1107 exhor-

553 1131 719 1195 tatio
764 1142 937 1195 esset
985 1129 1067 1194 ad
1112 1128 1498 1212 parendum.
1604 1125 1938 1209 Quoniam
1988 1127 2229 1210 alioqui
2281 1129 2516 1192 intem-

553 1216 815 1301 pestive
850 1214 973 1281 hoc
1012 1226 1185 1280 esset
1219 1214 1508 1297 positum
1536 1216 1711 1279 inter
1734 1214 1899 1297 legis
1924 1213 2251 1278 mandata.
2321 1210 2519 1294 Quod

553 1312 775 1369 autem
847 1300 984 1366 dixi
1051 1298 1330 1365 feriandi
1407 1301 1605 1365 ritum
1680 1301 1960 1381 figuram
2026 1299 2387 1384 spiritualis
2453 1308 2518 1364 et

555 1387 835 1454 maximi
901 1385 1199 1471 mysterii
1272 1385 1499 1463 fuisse,
1574 1406 1648 1451 ac
1715 1384 1986 1469 proinde
2047 1385 2517 1451 caeremoniale

557 1474 684 1541 hoc
744 1482 1165 1557 praeceptum
1224 1472 1509 1547 censeri,
1567 1494 1699 1537 non
1759 1473 1855 1536 ita
1917 1472 2370 1556 accipiendum
2417 1485 2519 1537 est

554 1581 636 1625 ac
671 1561 727 1627 si
765 1582 892 1625 non
934 1571 1152 1625 essent
1196 1558 1306 1623 alii
1343 1579 1594 1642 quoque
1641 1557 1887 1623 diversi
1935 1559 2119 1623 fines.
2213 1559 2306 1623 Et
2341 1566 2517 1622 certe

563 1647 738 1712 diem
784 1647 1137 1728 sept-imum
1199 1644 1327 1710 sibi
1391 1645 1670 1727 sumpsit
1727 1643 1913 1709 Deus
1973 1666 2048 1710 ac
2106 1645 2518 1711 consecravit

558 1732 887 1815 completa
908 1730 1137 1795 mundi
1162 1731 1508 1807 creatione,
1547 1739 1618 1794 ut
1641 1731 1710 1795 in
1749 1730 2224 1795 consideranda
2246 1751 2517 1814 operum

559 1840 830 1885 suorum
867 1814 1375 1901 pulchritudine,
1411 1816 1817 1893 excellentia,
1855 1829 1915 1881 et
1950 1816 2199 1896 decore,
2237 1816 2519 1881 cultores

564 1926 719 1971 suos
737 1903 882 1969 aliis
904 1901 1207 1968 omnibus
1231 1902 1405 1968 curis
1427 1902 1677 1968 solutos
1699 1922 1971 1986 prorsus
1996 1904 2324 1969 retineret.
2355 1902 2418 1967 N
2423 1902 2520 1967 ul-

549 1991 697 2057 lum
743 1991 1008 2074 quidem
1052 1999 1456 2054 momentum
1504 1988 1861 2071 praeterire
1906 2010 2187 2072 aequum
2236 2000 2353 2065 est,
2391 2009 2518 2071 quo

555 2098 692 2143 non
738 2076 973 2141 attenti
1010 2076 1217 2140 simus
1277 2074 1357 2140 ad
1420 2073 1961 2140 considerandam
2020 2075 2091 2139 in
2149 2074 2519 2140 admirabili

558 2162 790 2228 mundi
834 2161 1089 2245 opificio
1135 2172 1200 2225 et
1246 2160 1719 2240 gubernatione
1767 2158 1893 2225 Dei
1946 2161 2357 2244 sapientiam,
2404 2182 2517 2244 po-

565 2249 858 2325 tentiam,
894 2248 1270 2325 bonitatem,
1303 2247 1642 2313 iustitiam.
1689 2245 1824 2313 Sed
1857 2247 2009 2330 quia
2044 2247 2335 2313 lubricae
2361 2254 2521 2312 sunt

561 2347 821 2400 mentes
845 2342 1129 2407 nostrae,
1158 2342 1226 2397 et
1244 2331 1523 2398 subinde
1546 2333 1650 2398 vel
1674 2332 1987 2398 diffluunt
2009 2334 2113 2399 vel
2141 2332 2518 2398 distrahun-

561 2436 689 2500 tur,
706 2421 893 2486 Deus
908 2441 1025 2502 pro
1052 2440 1173 2484 sua
1193 2417 1376 2484 indul
1428 2420 1606 2484 entia
1623 2420 1989 2485 infirmitati
2017 2431 2518 2485 nostraeconsu-

558 2508 724 2583 lens,
772 2504 944 2570 diem
988 2526 1192 2569 unum
1239 2525 1279 2569 a
1321 2527 1394 2570 re
1421 2506 1592 2588 iquis
1637 2517 1934 2590 separat,
1982 2516 2049 2570 et
2092 2504 2171 2570 ab
2215 2503 2519 2570 omnibus

552 2592 838 2657 terrenis
883 2591 1166 2675 negotiis
1209 2600 1274 2655 et
1332 2592 1509 2656 curis
1566 2591 1931 2655 immunem
1989 2613 2130 2656 esse
2174 2592 2387 2667 iubet,
2434 2612 2520 2654 ne

555 2678 715 2761 quid
759 2688 1061 2744 sanctum
1102 2675 1266 2742 illud
1313 2676 1606 2742 studium
1651 2676 1982 2759 impediat.
2071 2677 2219 2743 Hac
2264 2679 2517 2742 ratione

560 2788 691 2829 non
737 2763 1119 2847 simpliciter
1165 2762 1370 2828 voluit
1414 2762 1708 2851 singulos
1755 2761 1933 2827 domi
1990 2765 2357 2847 quiescere,
2402 2762 2517 2829 sed

557 2850 910 2916 convenire
956 2849 1035 2913 ad
1083 2850 1557 2928 sanctuarium,
1598 2859 1670 2914 ut
1705 2847 1841 2914 illic
1875 2849 2180 2933 precibus
2215 2861 2283 2914 et
2316 2847 2515 2915 sacri-

555 2937 724 3002 ficiis
788 2954 1052 3019 operam
1110 2932 1345 2999 darent
1401 2934 1726 3017 simulque
1790 2936 2186 3018 proficerent
2238 2936 2309 3000 in
2365 2934 2513 3001 doc·

553 3024 739 3089 trina
784 3022 1045 3106 pietatis
1092 3042 1173 3087 ex
1220 3019 1384 3106 legis
1430 3021 1989 3106 interpretatione.
2060 3021 2295 3103 Quoad
2347 3021 2518 3088 hanc

561 3120 855 3193 partem,
922 3107 1113 3173 nobis
1179 3127 1327 3173 cum
1393 3108 1602 3174 veteri
1680 3109 1919 3192 populo
1985 3110 2354 3176 communis
2419 3120 2517 3173 est

560 3194 867 3261 sabbathi
913 3193 1293 3273 necessitas,
1339 3203 1409 3258 ut
1457 3193 1561 3258 die
1605 3216 1739 3259 uno
1793 3195 1980 3260 liberi
2024 3194 2265 3271 simus,
2326 3205 2520 3278 atque

559 3285 656 3347 ita
699 3281 937 3346 melius
979 3279 1194 3364 parati
1240 3288 1374 3345 tam
1421 3279 1502 3345 ad
1539 3278 1925 3345 discendum
1972 3302 2168 3362 quam
2205 3279 2286 3345 ad
2321 3280 2521 3346 fidem

562 3376 855 3433 nostram
913 3364 1303 3431 testandam.
1397 3366 1660 3431 Tertius
1725 3367 1923 3431 etiam
2003 3367 2302 3432 sabbathi
2369 3367 2522 3433 finis

557 3464 832 3518 notatur
876 3473 915 3516 a
958 3452 1163 3531 Mose,
1210 3452 1323 3516 sed
1370 3452 1558 3534 quasi
1603 3452 2043 3533 accidentalis,
2082 3462 2156 3518 ut
2189 3454 2277 3518 sit
2307 3453 2524 3536 aliqua

560 3540 772 3606 servis
839 3537 1179 3603 relaxatiO.
1293 3535 1470 3618 Quia
1526 3536 1651 3603 hoc
1716 3537 1798 3603 ad
1871 3539 2168 3606 caritatis
2227 3540 2523 3626 regulam

557 3626 864 3710 pertinet,
912 3626 1173 3708 proprie
1219 3623 1435 3689 locum
1481 3645 1611 3689 non
1656 3623 1857 3689 habet
1898 3626 1968 3690 in
2015 3626 2230 3707 priore
2267 3627 2522 3692 tabula:

557 3713 835 3793 ideoque
873 3710 1137 3775 additur
1173 3730 1212 3775 a
1247 3709 1436 3775 Mose
1482 3720 1796 3793 tanquam
1835 3712 2205 3777 extrinseca
2243 3712 2521 3778 utilitas:

565 3812 638 3863 ut
680 3798 874 3881 paulo
920 3807 1065 3879 post
1110 3797 1351 3860 iterum
1400 3795 1665 3861 dicetur.

737 3883 796 3950 8.
846 3881 1214 3947 Recordare.
1291 3882 1543 3947 Eodem
1582 3904 1778 3948 sensu
1825 3882 1894 3947 in
1931 3883 2202 3949 Deuter.
2250 3885 2521 3952 dicitur:

563 3968 856 4035 Custodi.
924 3966 1103 4034 Hinc
1140 3967 1508 4050 colligimus
1543 3988 1672 4032 non
1715 3967 1795 4033 de
1829 3990 1901 4033 re
1946 3968 2072 4033 levi
2128 3969 2327 4035 verba
2359 3972 2524 4048 fieri,

565 4058 679 4122 ubi
717 4055 905 4120 Deus
940 4076 1073 4119 non
1112 4074 1245 4118 uno
1282 4054 1483 4119 verbo
1526 4054 1942 4120 sanctitatem
1992 4054 2297 4121 sabbathi
2348 4080 2523 4122 com-

564 4143 847 4214 mendat,
919 4141 1035 4206 sed
1101 4138 1382 4206 Iudaeos
1427 4138 1508 4204 ad
1589 4139 1927 4206 sollicitam
1998 4141 2524 4208 observationem

567 4228 907 4306 hortatur,
959 4240 1152 4309 atque
1198 4227 1292 4291 ita
1349 4226 1672 4291 incuriam
1728 4228 2270 4311 transgressionis
2313 4231 2526 4293 instar

561 4314 705 4379 fore
762 4315 1171 4396 pronunciat.
1262 4312 1503 4392 Porro,
1569 4333 1774 4395 quum
1848 4312 2026 4378 dicit:
2096 4311 2231 4380 Sex
2298 4314 2525 4380 diebus

563 4399 958 4481 operaberis,
995 4398 1254 4481 oblique
1289 4398 1831 4483 ingratitudinem
1868 4400 2239 4482 exprobrat,
2272 4401 2327 4465 si
2357 4402 2525 4466 forte

565 4485 703 4550 illis
748 4505 949 4568 grave
1006 4499 1179 4550 esset
1221 4504 1297 4551 ac
1344 4485 1692 4549 molestum
1747 4484 1918 4549 diem
1980 4507 2184 4551 unum
2245 4508 2326 4552 ex
2378 4508 2521 4569 sep·

565 4585 702 4635 tom
752 4568 892 4634 Deo
937 4569 1185 4649 dicare,
1224 4592 1426 4654 quum
1522 4591 1596 4636 ro
1641 4592 1758 4636 sua
1805 4571 2196 4637 liberalitate
2239 4595 2355 4637 sex
2391 4573 2525 4638 illis

570 4656 928 4739 permittat.
995 4657 1226 4740 Neque
1262 4657 1434 4722 enim
1503 4667 1577 4721 ut
1612 4658 1843 4722 inscite
1878 4658 2143 4739 quidam
2182 4658 2526 4748 putarunt)

564 4744 776 4827 exigit
818 4763 935 4806 sex
998 4742 1251 4808 dierum
1307 4743 1634 4819 laborem,
1688 4741 1802 4809 sed
1860 4745 2003 4825 ipsa
2050 4744 2360 4810 facilitate
2415 4766 2526 4811 eos

566 4831 648 4895 ad
675 4826 1039 4914 parendum
1078 4828 1295 4905 allicit,
1333 4828 1509 4912 quod
1531 4831 1879 4912 septimam
1917 4841 2169 4912 partem
2206 4830 2527 4896 duntaxat

569 4917 696 4982 sibi
720 4914 1052 4980 vendicet:
1087 4934 1161 4979 ac
1183 4914 1240 4980 si
1263 4914 1533 4980 diceret:
1565 4915 1847 4996 Quando
1871 4914 2111 4981 assidui
2146 4928 2281 4981 toto
2306 4917 2525 4983 studio

566 5013 636 5067 et
672 5001 914 5067 mentis
959 5002 1321 5066 attentione
1365 5024 1509 5067 esse
1554 5024 1687 5066 non
1734 5003 2003 5084 potestis
2048 5000 2132 5066 ad
2173 5025 2278 5067 me
2329 5025 2524 5086 quae·

565 5089 870 5166 rendum,
916 5087 1151 5153 saltem
1190 5089 1500 5171 exiguum
1556 5086 1817 5170 aliquod
1873 5098 2134 5170 tempus
2194 5090 2359 5154 mihi
2418 5113 2529 5156 va-

567 5196 772 5240 cuum
819 5173 1172 5240 concedite.
1261 5171 1420 5237 Ideo
1465 5173 1650 5237 dicit:
1710 5173 2112 5240 Universum
2159 5197 2354 5258 opus,
2402 5199 2527 5260 quo

566 5260 926 5341 significat,
987 5260 1251 5342 dempto
1309 5257 1627 5323 sabbatho
1684 5272 2031 5343 suppetere
2089 5259 2302 5327 adhuc
2367 5263 2529 5329 satis

565 5349 884 5431 temporis
928 5344 1010 5410 ud
1054 5345 1279 5411 omnia
1322 5346 1604 5428 negotia.

1984 420 2446 503 QUARTUM
2491 419 3140 487 PRAEOEPTUM.

4432 424 4545 491 580

2801 610 2900 675 10.
2952 608 3100 675 Non
3138 609 3341 692 facies
3382 631 3554 692 opus.
3646 610 3901 694 Nempe
3963 609 4134 693 quod
4195 611 4302 676 vel
4368 612 4552 695 pridie

2623 697 2856 763 confici
2893 697 3129 779 potuit,
3188 695 3293 762 vel
3343 696 3414 760 in
3451 695 3814 762 crastinum
3852 695 4102 763 differri
4145 705 4373 780 potest.
4431 699 4554 765 Au-

2623 779 2765 846 dire
2809 780 2971 847 duos
3016 782 3351 866 litigantes
3395 782 3720 849 iudicibus
3764 783 3862 849 fas
3914 804 4044 849 non
4102 782 4263 849 fuit:
4318 785 4382 852 si
4427 786 4556 869 quis

2623 878 2845 933 autem
2888 867 3205 933 violenter
3235 888 3587 952 aggressus
3612 884 3783 935 esset
3808 869 4202 953 proximum,
4235 869 4558 953 prohibere

2623 953 2931 1019 iniuriam
2977 954 3194 1031 licuit,
3257 965 3323 1019 et
3365 975 3556 1038 opem
3602 955 3774 1020 ferre
3817 956 4115 1021 innoxio:
4163 956 4316 1039 quia
4356 979 4558 1023 neces

2623 1039 2785 1105 sitas
2863 1058 3139 1105 moram‘
3193 1060 3330 1105 non
3409 1041 3796 1124 patiebatur.
3896 1041 4136 1107 Cibum
4213 1041 4562 1125 hospitibus

2622 1146 2899 1208 coquere
2964 1147 3094 1192 non
3160 1125 3373 1192 licuit:
3444 1128 3497 1191 si
3567 1129 3681 1192 bos
3746 1128 3852 1192 vel
3902 1128 4126 1193 asinus
4183 1128 4252 1192 in
4322 1130 4559 1195 foveam

2624 1210 2964 1289 ceciderat,
3012 1211 3238 1277 debuit
3280 1212 3498 1277 educi:
3547 1214 3699 1296 quia
3734 1213 4050 1296 postridie
4084 1235 4308 1279 serum
4355 1215 4564 1281 fuisset

2629 1297 2969 1363 auxilium.
3058 1298 3208 1363 Hac
3261 1296 3341 1363 de
3400 1319 3596 1364 causa
3639 1300 4035 1381 pronunciat
4069 1298 4381 1367 Christus
4434 1300 4565 1366 sab·

2621 1383 2899 1449 bathum
2967 1385 3211 1451 factum
3280 1405 3421 1450 esse
3487 1383 3774 1450 hominis
3840 1387 4089 1469 gratia,
4157 1406 4291 1450 non
4359 1398 4564 1452 autem

2624 1469 2957 1534 hominem
3038 1478 3304 1554 propter
3370 1469 3756 1536 sabbathum
3820 1469 4054 1557 (Marc.
4101 1470 4161 1550 2,
4207 1469 4361 1559 27):
4427 1475 4568 1556 quia

2623 1577 2756 1620 non
2802 1555 2951 1640 plus
2996 1556 3201 1641 exigit
3242 1555 3430 1621 Deus
3477 1576 3673 1640 quam
3734 1559 3894 1623 utile
3949 1566 4093 1623 erat
4148 1558 4258 1623 vel
4320 1578 4567 1625 necesse

2625 1640 2707 1706 ad
2774 1643 3086 1726 populum
3154 1642 3226 1706 in
3289 1642 3506 1708 studio
3564 1642 3826 1726 pietatis
3893 1643 4387 1710 continendum.
4472 1644 4569 1710 Ita

2626 1727 2855 1794 bovem
2902 1727 2985 1793 ad
3045 1728 3447 1812 pascendum
3502 1729 3807 1795 emittere
3861 1730 4140 1814 impium
4196 1731 4463 1797 fuisset:
4520 1731 4571 1796 si

2622 1825 2842 1879 autem
2886 1814 3154 1879 exiisset
3177 1813 3290 1879 bos
3332 1828 3709 1897 cornupeta,
3754 1816 4089 1882 retrahere
4125 1817 4207 1882 ad
4243 1816 4571 1883 stabulum

2624 1921 2707 1965 ne
2753 1900 2978 1966 obvios
3020 1898 3341 1966 occideret
3385 1900 3486 1967 vel
3533 1899 3826 1967 laederet
3869 1910 4126 1968 rectum
4171 1902 4321 1969 fuit.

2799 1984 3031 2051 Servus
3072 1991 3219 2051 tuus
3264 1991 3321 2051 et
3361 1986 3610 2053 aneilla.
3700 1985 4093 2071 Quanquam
4142 1989 4211 2054 in
4256 1988 4571 2055 Deutero-

2621 2071 2844 2137 nomio
2886 2070 3179 2150 additur,
3225 2069 3441 2137 Deum
3492 2074 3805 2156 aequitati
3859 2075 4199 2140 consulere
4244 2075 4410 2140 dum
4445 2097 4571 2142 ser-

2623 2160 2726 2223 vis
2772 2168 2839 2223 et
2882 2158 3137 2224 ancillis
3180 2159 3631 2226 remissionem
3678 2180 3718 2224 a
3761 2159 3983 2224 labore
4030 2159 4172 2225 dari
4227 2161 4449 2240 iubet,
4504 2183 4572 2228 ae

2623 2244 2693 2308 in
2737 2243 3120 2309 memoriam
3156 2243 3484 2310 Israelitis
3528 2253 3872 2311 revocatur
3905 2245 4106 2312 fuisse
4141 2245 4303 2313 olim
4341 2268 4572 2326 servos,

2622 2351 2748 2411 quo
2794 2331 3004 2414 magis
3034 2331 3117 2395 ad
3153 2330 3630 2396 humanitatem
3668 2332 3800 2396 sint
3834 2333 4170 2415 propensi:
4220 2332 4573 2400 tenendum

2625 2428 2846 2480 tamen
2891 2428 2993 2481 est
3035 2416 3205 2500 quod
3252 2416 3596 2494 admonui,
3636 2419 3896 2500 proprie
3953 2427 4327 2500 spectatum
4383 2418 4573 2485 fuisse

2622 2523 2830 2567 unum
2881 2503 3006 2568 Dei
3050 2501 3319 2569 cultum.
3410 2500 3674 2568 Scimus
3734 2513 3953 2569 autem
4015 2513 4223 2569 totum
4277 2504 4577 2571 Abrahae

2623 2608 2833 2671 genus
2877 2589 2971 2653 sic
3014 2587 3215 2653 fuisse
3259 2589 3404 2655 Deo
3448 2610 3746 2668 sacrum,
3790 2600 3865 2656 ut
3907 2590 4083 2655 servi
4126 2603 4355 2657 essent
4390 2612 4573 2675 quac·

2624 2672 2775 2738 dam
2839 2673 3152 2753 accessio,
3210 2673 3383 2738 unde
3441 2682 3509 2738 et
3562 2674 3968 2742 circumcisio
4021 2678 4399 2742 communis
4455 2678 4576 2742 illis

2621 2758 2771 2825 fuit.
2862 2761 2954 2824 Et
3018 2771 3190 2826 certe
3250 2759 3449 2825 nimis
3509 2760 3864 2827 absurdum
3925 2770 4055 2842 est,
4122 2762 4463 2829 hominem
4518 2765 4577 2829 iu

2624 2845 2872 2910 familia
2916 2845 3019 2911 cui
3057 2855 3332 2928 praeest,
3376 2855 3444 2911 et
3487 2845 3557 2910 in
3587 2865 3717 2930 qua
3760 2847 3906 2913 vult
3950 2850 4214 2931 agnosci
4262 2848 4578 2926 dominus,

2623 2932 2849 2997 fovere
2892 2932 3242 3015 profanum
3288 2932 3417 2997 Dei
3463 2942 3935 3018 contemptum.
4025 2933 4181 2999 Alia
4234 2936 4575 3019 inquilino-

2626 3038 2775 3084 rum
2821 3020 3008 3098 rati0,
3045 3017 3283 3101 quibus
3320 3039 3583 3086 necesse
3617 3018 3747 3085 fuit
3780 3020 4115 3104 quiescere
4151 3020 4258 3086 die
4294 3023 4581 3107 septimo,

2624 3105 2925 3188 quamvis
2959 3107 3031 3169 in
3067 3106 3409 3189 praeputio
3451 3115 3814 3172 manerent.
3875 3106 4106 3191 Neque
4141 3111 4324 3174 enim
4365 3109 4582 3176 alieni-

2625 3212 2832 3276 genas
2890 3201 3146 3256 tantum
3208 3190 3507 3276 designat
3565 3193 3677 3275 qui
3739 3193 3874 3277 legi
3940 3215 4180 3260 nomen
4246 3194 4579 3276 dederant,

2624 3275 2741 3343 sed
2784 3278 2985 3342 etiam
3027 3279 3534 3344 incircumcisos.
3605 3277 3682 3344 Si
3726 3281 3873 3362 quis
3916 3281 4201 3363 excipiat
4240 3302 4580 3365 perperam

2623 3365 2829 3429 factos
2873 3385 3015 3429 esse
3059 3373 3395 3431 consortes
3431 3365 3602 3430 sacri
3646 3364 3927 3450 symboli
3985 3387 4111 3448 quo
4170 3367 4364 3433 Deus
4425 3368 4579 3433 elec-

2626 3461 2768 3516 tum
2814 3450 3126 3534 populum
3187 3447 3312 3516 sibi
3371 3449 3789 3529 devinxerat,
3847 3451 4086 3516 solutio
4142 3451 4215 3516 in
4277 3464 4580 3537 promptu

2626 3545 2758 3616 est,
2818 3558 2950 3601 non
3010 3536 3258 3601 factum
3318 3536 3516 3602 fuisse
3562 3558 3792 3602 eorum
3837 3557 4057 3616 causa,
4117 3536 4232 3603 sed
4297 3561 4386 3606 ne
4435 3537 4583 3623 quid

2625 3630 3001 3688 occurreret
3021 3620 3344 3687 Israelitis
3371 3631 3528 3687 ante
3559 3623 3778 3688 oculos
3805 3623 4122 3689 sabbatho
4146 3625 4581 3692 contrarium:

2625 3707 2796 3791 quod
2863 3708 3106 3775 elarius
3162 3712 3533 3792 perspicere
3598 3709 3754 3775 licet
3816 3709 3889 3774 in
3959 3709 4160 3776 bobus
4226 3724 4298 3775 et
4367 3712 4578 3777 asinis.

2625 3795 2824 3860 Oerte
2869 3795 3053 3860 Deus
3097 3815 3136 3859 a
3182 3793 3395 3860 brutis
3441 3793 3836 3861 animalibus
3880 3796 4132 3861 cultum
4176 3797 4582 3879 spiritualem

2627 3900 2966 3963 nunquam
2991 3879 3301 3963 exigeret.
3368 3878 3501 3947 Sed
3526 3881 3735 3947 voluit
3759 3880 3943 3948 Deus
3965 3883 4172 3947 otium
4198 3883 4582 3949 animalium

2625 3988 2744 4049 pro
2790 3966 3176 4031 documento
3221 3987 3396 4043 esse,
3456 3977 3531 4032 ut
3590 3989 3973 4051 quocunque
4026 3978 4374 4034 verterent
4418 3970 4582 4036 Isra-

2625 4053 2821 4118 elitae
2856 4052 3077 4118 oculos
3097 4052 3530 4119 incitarentur
3566 4053 3649 4118 ad
3690 4054 3994 4119 sabbathi
4036 4054 4579 4122 observationem.

2626 4139 2766 4204 Nec
2809 4140 3069 4213 mirum,
3114 4138 3375 4221 quando
3421 4140 3489 4204 in
3535 4140 3871 4206 communi
3906 4141 4085 4205 luctu
4126 4141 4237 4222 qui
4276 4143 4582 4225 suscipie-

2626 4227 2825 4292 batur
2892 4224 2976 4289 ad
3043 4224 3517 4306 deprecandam
3587 4226 3755 4290 iram
3830 4227 3991 4308 Dei,
4070 4227 4400 4294 indictum
4466 4227 4583 4293 fuit

2627 4310 2947 4377 ieiunium
2991 4310 3199 4376 brutis
3248 4311 3664 4377 animalibus:
3731 4322 3804 4377 ut
3859 4311 3984 4379 hoc
4041 4314 4424 4396 spectaculo
4482 4312 4581 4379 ad-

2627 4397 2862 4462 moniti
2922 4396 3144 4462 miseri
3203 4395 3531 4478 homines,
3599 4398 3831 4481 culpae
3897 4400 4296 4483 gravitatem
4357 4400 4581 4465 melius

2629 4485 2968 4560 sentirent,
3014 4493 3082 4548 et
3123 4495 3482 4567 spontaneo
3528 4491 3716 4550 reatu
3752 4485 4218 4568 praevenirent
4246 4484 4380 4551 Dei
4426 4484 4579 4552 iudi-

2629 4573 2834 4649 cium,
2879 4569 3128 4651 sibique
3163 4570 3232 4633 in
3271 4572 3552 4653 peccatis
3596 4572 3766 4636 serio
3807 4570 4262 4655 displicerent,
4310 4592 4582 4655 quorum

2630 4676 2905 4741 poenam
2973 4656 3194 4737 aliqua
3239 4676 3321 4720 ex
3381 4667 3570 4738 parte
3629 4654 3942 4723 videbant
3994 4659 4244 4740 imponi
4303 4659 4582 4723 innoxiis

2631 4740 3046 4808 animalibus.
3113 4740 3306 4806 Adde
3342 4741 3516 4824 quod
3555 4744 3609 4808 si
3655 4743 3762 4808 vel
3801 4743 4075 4808 minima
4116 4743 4390 4810 libertas
4431 4743 4581 4808 fuis·

2630 4840 2730 4894 set
2773 4827 2906 4894 illis
2951 4828 3301 4911 permissa,
3348 4827 3662 4895 cessando
3701 4829 3911 4896 multa
3956 4830 4260 4896 fecissent
4307 4832 4377 4894 in
4414 4830 4578 4894 frau-

2629 4915 2778 4981 dem
2801 4913 3000 5064 degis,
3047 4934 3246 4997 opera
3281 4935 3399 4980 sua
3436 4935 3554 4997 per
3588 4915 3948 4998 inquilinos
3996 4924 4063 4981 et
4104 4917 4401 4981 iumenta
4444 4935 4579 4998 per-

2713 5022 2798 5066 en
2845 5022 2899 5066 0.

2627 5023 2710 5086 ag
2804 5087 2905 5152 11.
2958 5085 3268 5167 Quoniam
3316 5107 3428 5152 sea:
3485 5087 3704 5154 diebus
3753 5087 3899 5170 fecit
3956 5087 4205 5154 Iekova.
4295 5089 4405 5154 Ex
4464 5088 4575 5153 hoe

2630 5175 2772 5240 loco
2817 5171 3169 5256 probabilis
3205 5175 3582 5238 coniectura
3623 5174 3899 5254 elicitur,
3945 5173 4248 5242 sabbathi
4283 5174 4574 5241 sanctita·

2632 5273 2764 5325 tem
2810 5259 3013 5323 fuisse
3057 5258 3339 5340 priorem
3388 5258 3549 5342 lege.
3638 5260 3732 5326 Et
3775 5269 3951 5328 certe
3994 5261 4165 5345 quod
4221 5274 4377 5326 ante
4433 5282 4568 5325 nar·

2635 5346 2806 5412 ravit
2852 5345 3104 5424 Moses,
3162 5346 3405 5411 vetitos
3447 5347 3649 5413 fuisse
3695 5346 3800 5414 die
3844 5348 4120 5431 septimo
4165 5368 4412 5413 manna
4449 5344 4567 5412 col·
