4867 6150
547 417 684 484 435

729 606 835 673 42.
882 605 1021 673 Fac
1061 608 1157 673 eis
1195 612 1253 673 et
1278 605 1628 689 feminalia.
1697 604 1880 686 Quia
1911 604 2215 670 homines
2249 624 2370 686 pre
2404 604 2510 669 in-

558 693 785 779 genita
827 693 953 758 sibi
998 694 1263 759 levitate
1306 704 1372 757 et
1415 691 1810 775 petulantia,
1876 690 2186 757 minimas
2254 710 2513 773 queque

557 779 954 845 offensiones
1000 779 1081 844 ad
1126 776 1499 862 spernenda
1541 797 1729 843 sacra
1772 777 2118 860 arripiunt,
2177 784 2375 860 atque
2420 778 2535 841 ita-

556 864 749 932 facile
792 865 1045 933 vilescit
1088 865 1350 948 religio:
1413 862 1496 928 ad
1538 864 1902 931 cavendum
1947 863 2079 928 tale
2123 861 2511 946 periculum,

555 950 665 1016 hic
709 949 791 1016 de
832 971 907 1017 re
949 952 1019 1016 in
1061 952 1342 1034 speciem
1379 950 1512 1015 levi
1555 950 1872 1033 praecipit
1914 947 2122 1027 Deus,
2189 957 2265 1013 ut
2304 947 2511 1014 feme-

554 1036 803 1102 ralibus
845 1047 1064 1121 partes
1108 1034 1447 1120 pudendas
1490 1044 1722 1121 tegant
1756 1034 2143 1102 sacerdotes.
2234 1032 2513 1101 Summa

555 1134 674 1201 est,
720 1134 795 1188 ut
839 1134 1014 1188 caste
1059 1132 1127 1187 et
1172 1122 1538 1189 verecunde
1581 1143 1651 1187 se
1694 1131 1948 1206 gerant,
2012 1143 2097 1185 ne
2140 1121 2196 1185 si
2241 1119 2396 1204 quid
2441 1120 2509 1186 in

554 1207 718 1292 ipsis
763 1216 953 1293 turpe
997 1209 1103 1274 vel
1158 1209 1377 1274 minus
1433 1206 1739 1275 decorum
1800 1218 2139 1290 appareat,
2198 1207 2509 1273 maiestas

553 1315 890 1361 sacrorum
936 1295 1293 1360 minuatur.
1380 1292 1540 1359 Idee
1586 1295 1852 1377 quidam
1911 1301 2253 1377 exponunt
2295 1293 2508 1375 parti-

552 1380 799 1446 culam:
859 1380 955 1447 Ut
1014 1381 1390 1445 ministrent
1446 1381 1518 1445 in
1575 1380 1954 1459 sanctitate,
2012 1399 2087 1444 ac
2140 1378 2199 1444 si
2258 1376 2504 1444 dictum

555 1477 756 1545 esset,
826 1476 899 1531 ut
941 1466 1089 1549 puri
1134 1465 1270 1531 sint
1314 1465 1394 1531 ab
1439 1469 1616 1531 omni
1662 1466 1952 1545 macula,
2009 1484 2131 1529 nec
2184 1464 2312 1529 Dei
2368 1464 2505 1529 cul-

553 1558 699 1616 tum
757 1552 1123 1637 profanent.
1223 1553 1369 1636 Ego
1435 1559 1656 1618 tamen
1723 1566 1889 1632 ΦἾῚΡ
1948 1571 2067 1633 pre
2132 1550 2506 1616 sanctuario

552 1637 762 1722 accipi
800 1640 1100 1717 arbitrer,
1144 1637 1343 1722 idque
1377 1639 1590 1723 magis
1626 1646 1727 1703 est
1759 1638 2145 1722 genuinum.
2218 1635 2508 1701 Additur

554 1732 776 1790 autem
843 1724 1295 1800 comminatio,
1361 1745 1493 1787 nen
1558 1724 1828 1806 impune
1895 1723 2147 1789 laturos
2210 1723 2267 1788 si
2331 1721 2504 1789 hane

549 1809 1079 1877 observationem
1126 1810 1570 1894 neglexerint:
1617 1811 1769 1893 quia
1811 1808 2024 1876 scelus
2068 1808 2133 1872 in
2182 1827 2253 1874 se
2298 1808 2504 1875 susci·

551 1896 754 1980 pient.
844 1897 983 1963 Nee
1028 1897 1301 1962 mirum:
1346 1896 1608 1979 quando
1651 1896 1866 1962 omnis
1908 1894 2165 1960 incuria
2207 1903 2275 1959 et
2318 1916 2505 1960 secu-

552 1982 720 2049 ritas
774 1981 846 2045 in
902 1982 1104 2049 sacris
1163 1981 1559 2068 peragendis
1618 1981 1700 2047 ad
1757 1991 2205 2065 contemptum
2265 1979 2395 2045 Dei
2439 1989 2506 2045 et

550 2068 950 2152 impietatem
999 2068 1265 2135 accedit.
1355 2068 1707 2133 Caeterum
1764 2067 1936 2151 qued
1994 2087 2149 2132 mex
2208 2066 2506 2149 sequitur

555 2153 636 2219 de
698 2155 842 2219 iure
908 2154 1015 2219 vel
1084 2161 1333 2220 statute
1397 2163 1744 2238 perpetue,
1814 2174 1944 2219 nen
2012 2153 2178 2218 bene
2236 2151 2502 2235 quidam

552 2238 727 2326 (mee
771 2237 1041 2326 iudicio)
1084 2240 1166 2306 ad
1205 2254 1621 2324 praecept-um
1659 2238 1739 2303 de
1775 2238 2195 2305 femoralibus
2229 2239 2502 2303 restrin-

546 2334 749 2411 gunt:
795 2347 1000 2411 quum
1048 2326 1194 2393 aliis
1227 2346 1486 2410 queque
1522 2325 1866 2391 sacerdotii
1901 2324 2196 2410 partibus
2231 2345 2504 2407 respen-

550 2411 723 2478 deat.
827 2412 1247 2478 Generaliter
1317 2433 1475 2497 erge
1547 2412 1943 2496 pronunciat
2002 2410 2215 2489 Deus,
2288 2410 2503 2494 legem

548 2520 620 2564 se
678 2497 851 2562 ferre
908 2520 1038 2564 nen
1083 2498 1307 2583 exigui
1362 2498 1696 2583 temperis,
1764 2497 1876 2563 sed
1922 2517 2088 2581 quae
2132 2516 2390 2579 semper
2434 2496 2503 2560 in

549 2583 756 2651 electe
803 2584 1040 2667 popule
1086 2584 1310 2669 vigere
1355 2583 1607 2650 debeat.
1697 2581 1891 2649 Unde
1955 2582 2325 2667 colligimus
2388 2602 2503 2648 vo-

545 2690 690 2736 cem
734 2654 888 2747 0571?
942 2673 1196 2754 quoties
1241 2670 1321 2736 de
1364 2671 1616 2736 umbris
1659 2668 1981 2752 legalibus
2024 2670 2261 2754 agitur,
2305 2668 2505 2733 finem

548 2756 848 2840 accipere
901 2757 971 2820 in
1036 2756 1285 2823 Christi
1352 2757 1658 2822 adventu.
1748 2756 1841 2821 Et
1896 2764 2074 2820 certe
2132 2756 2292 2819 haec
2351 2773 2509 2819 vera

548 2851 653 2908 est
703 2844 1264 2908 caeremoniarum
1309 2843 1730 2926 perpetuitas,
1797 2849 1872 2907 ut
1912 2841 1986 2905 in
2030 2840 2331 2918 Christe,
2394 2841 2506 2923 qui

541 2949 771 2994 earum
832 2928 1042 2994 solida
1094 2938 1193 2995 est
1235 2931 1483 2995 veritas
1549 2936 1617 2994 et
1659 2926 2059 3005 substantia,
2121 2926 2504 2993 consistant.

547 3013 728 3096 Quia
785 3015 960 3081 enim
1011 3016 1083 3081 in
1127 3013 1397 3082 Christe
1441 3013 1707 3081 demum
1753 3013 2124 3080 exhibitum
2171 3021 2274 3079 est
2331 3012 2506 3096 qued

546 3106 710 3167 tunc
754 3100 876 3167 sub
921 3103 1172 3168 umbris
1216 3100 1611 3167 delineatum
1669 3100 1827 3179 fuit,
1887 3121 1963 3165 ee
2021 3100 2288 3166 stabiles
2349 3107 2508 3165 sunt

545 3186 801 3271 figurae
844 3188 1016 3266 illae,
1061 3185 1233 3272 quod
1276 3196 1423 3272 post
1457 3208 1679 3254 rerum
1725 3186 2317 3252 manifestationem
2342 3207 2507 3251 usus

550 3294 775 3339 earum
825 3272 1036 3341 desiit.
1080 3273 1291 3357 quue
1331 3275 1464 3339 iam
1510 3274 1666 3339 elim
1712 3293 1753 3338 a
1787 3271 2049 3338 Davide
2093 3271 2504 3355 praedictum

546 3359 753 3426 fnisse
799 3359 1118 3436 vidimus,
1186 3360 1292 3425 ubi
1339 3359 1599 3426 levitice
1642 3358 2003 3425 sacerdotio
2047 3357 2226 3423 aliud
2270 3378 2505 3424 secun-

549 3445 708 3511 dum
759 3444 1055 3511 ordinem
1096 3445 1585 3512 Melchisedech
1632 3445 1945 3529 subrogat
1987 3442 2189 3531 (Psal.
2234 3444 2378 3527 110,
2415 3442 2501 3531 4).

547 3531 821 3597 Honore
865 3552 1093 3598 aucem
1140 3532 1459 3598 translate
1516 3530 1623 3618 (ut
1676 3531 1838 3597 scite
1895 3529 2084 3597 decet
2143 3531 2501 3614 Apostolus

654 3618 751 3684 eb.
800 3619 860 3698 7,
909 3615 1050 3704 12])
1105 3617 1212 3683 ius
1265 3639 1521 3701 queque
1574 3625 1643 3682 et
1694 3623 1944 3684 statuta
1999 3617 2219 3682 omnia
2284 3624 2501 3682 trans-

574 3704 707 3768 erri
751 3724 1016 3770 necesse
1062 3715 1178 3770 est.
1252 3704 1533 3771 Cessant
1576 3723 1734 3788 ergo
1770 3701 1963 3768 hodie
2009 3711 2264 3768 veteres
2300 3702 2497 3767 ritus:

552 3791 708 3873 quia
773 3790 1101 3875 spirituali
1167 3788 1423 3856 Christi
1482 3788 1839 3855 sacerdotio
1910 3810 2042 3854 non
2088 3787 2512 3854 conveniunt.

553 3875 637 3941 In
728 3897 855 3959 que
944 3897 1013 3942 se
1093 3875 1308 3959 prodit
1387 3875 1631 3959 duplex
1712 3875 2130 3961 sacrilegium
2210 3886 2514 3957 papatus,

598 3961 819 4028 uande
875 3962 1017 4027 ausi
1087 3971 1244 4027 sunt
1288 3961 1585 4027 homines
1629 3961 1941 4026 mortales
1986 3960 2242 4027 Christi
2296 3980 2511 4026 sacer-

552 3984 751 4129 dotie,
797 4057 1105 4131 tanquam
1173 4046 1435 4127 caduco,
1503 4047 1683 4113 aliud
1746 4047 2015 4112 tertium
2084 4045 2513 4113 substituere:

550 4144 621 4202 et
661 4133 944 4200 Iudaees
988 4156 1069 4219 pe
1152 4155 1332 4200 eram
1378 4133 1717 4214 imitando,
1768 4134 2217 4200 caeremonias
2260 4152 2515 4199 coacer-

547 4228 816 4297 varunt,
883 4241 1050 4304 quae
1139 4221 1339 4287 irecte
1384 4228 1688 4305 pugnant
1729 4240 1881 4285 cum
1928 4228 2170 4285 natura
2213 4218 2513 4285 sacerdo·

550 4306 630 4372 tii
687 4306 962 4371 Christi.
1065 4306 1430 4390 Excipiunt
1496 4302 1791 4389 quidem,
1851 4325 2120 4370 manere
2175 4305 2512 4387 integrum

552 4391 805 4459 Christi
873 4391 1307 4459 sacerdotium
1329 4443 1343 4470 ,
1412 4391 1716 4475 quamvis
1779 4391 2165 4457 innumeros
2228 4391 2515 4456 habeant

554 4478 919 4545 sacrificos:
964 4477 1079 4543 sed
1124 4479 1218 4543 ita
1261 4476 1794 4561 tergiversande,
1854 4478 2097 4542 frustra
2141 4476 2308 4542 elabi
2365 4491 2510 4541 ten-

553 4572 723 4629 tant.
782 4563 954 4628 Nam
999 4564 1056 4630 si
1100 4564 1167 4628 in
1215 4562 1578 4630 sacerdotio
1625 4562 1816 4647 legali
1856 4563 2212 4646 quidquam
2251 4572 2510 4627 mutare

555 4649 664 4718 vel
723 4669 965 4715 novare
1022 4650 1205 4716 nefas
1263 4650 1414 4728 fuit,
1476 4660 1722 4733 quante
1767 4649 1983 4714 minus
2030 4649 2215 4715 licuit
2247 4645 2508 4713 'Christi

556 4735 993 4803 sacerdotium
1042 4736 1421 4803 adventitiis
1468 4738 1510 4801 fi
1628 4736 1798 4801 entis
1841 4755 2277 4818 corrumpere,
2323 4737 2511 4800 cuius

557 4832 780 4889 tamen
825 4822 1171 4906 integritas
1216 4822 1576 4889 invielabii
1614 4822 1741 4887 Dei
1786 4822 2210 4886 iureiurando
2257 4822 2512 4886 sancita

557 4908 705 4975 est?
778 4907 1027 4972 Filium
1090 4909 1447 4992 alloquitur
1503 4919 1725 4993 pater:
1791 4908 1893 4973 'Pu
1949 4929 2020 4972 es
2078 4907 2382 4973 sacerdes
2440 4907 2506 4971 in

555 5003 938 5061 aeternum:
982 4994 1137 5076 quid
1182 4994 1421 5078 nugari
1463 4994 1670 5070 iuvat,
1718 4994 1874 5058 dum
1921 4994 2273 5059 innumera
2318 4994 2512 5059 turba

558 5089 856 5160 creatur,
917 5079 1187 5146 Christo
1252 5079 1417 5144 nihil
1486 5078 1841 5145 decedere?
1932 5079 2274 5161 Quomodo
2348 5080 2510 5144 haee

555 5168 732 5233 inter
777 5189 847 5233 se
888 5167 1324 5245 consentiunt,
1370 5177 1639 5229 unctum
1684 5167 1889 5232 fuisse
1934 5178 2010 5232 ut
2052 5188 2171 5251 per
2205 5165 2512 5249 spiritum

558 5274 629 5320 se
674 5254 958 5333 efferret,
1018 5252 1238 5319 efferri
1287 5263 1507 5316 tamen
1555 5250 1637 5316 ab
1679 5252 1873 5317 aliis?
1935 5254 2132 5319 unica
2185 5251 2512 5317 oblatione

551 5340 758 5406 fuisso
802 5338 1180 5404 defunctum
1245 5336 1325 5403 ad
1387 5337 1647 5420 plenam
1707 5338 2044 5418 iustitiam,
2113 5348 2180 5404 et
2222 5335 2514 5422 quotidie

1948 414 2465 483 SECUNDUM
2511 416 3162 484 PRAEOEPTUM.

4411 416 4518 483 436

2616 605 2886 671 efferri?
2941 605 3088 671 Iam
3133 607 3189 670 si
3233 605 3455 672 nullus
3497 605 3694 670 hodie
3735 604 4073 689 legitimus
4117 610 4220 669 est
4258 604 4521 672 sacerdes

2616 692 2741 757 nisi
2799 692 2910 775 qui
2966 693 3035 756 in
3094 713 3163 756 se
3219 692 3420 757 habet
3479 689 3650 774 qued
3694 690 4027 756 veteribus
4072 689 4297 774 figuris
4335 702 4525 756 esten-

2617 798 2765 843 sum
2812 778 2971 856 fuit,
3027 779 3356 843 sacrifices
3399 779 3742 862 preferant
3785 776 4082 861 angelica
4124 776 4400 859 puritate
4436 797 4527 842 or·

2614 873 2834 943 natos,
2905 873 2972 928 et
3031 865 3215 947 quasi
3276 886 3344 930 se
3427 872 3653 948 egates
3710 883 3793 928 ex
3849 862 4193 927 hominum
4252 882 4527 927 numere:

2615 950 2855 1033 alioqui
2909 947 3261 1033 repudiare
3305 950 3351 1014 li
3441 971 3586 1014 rum
3634 949 3764 1014 erit
3806 949 4175 1032 quicunque
4217 947 4324 1013 vel
4364 948 4531 1012 mini-

2613 1057 2722 1101 me
2776 1035 2937 1101 vitio
2992 1036 3319 1119 inquinati
3380 1045 3593 1101 eruut.
3691 1035 3872 1100 Hinc
3929 1035 4128 1101 etiam
4188 1041 4396 1098 ertum
4446 1040 4532 1100 est

2612 1122 2973 1188 secundum
3011 1122 3461 1206 sacrilegium:
3506 1119 3681 1206 qued
3717 1121 3964 1188 scilicet
3999 1118 4323 1204 evangelii
4363 1119 4532 1186 clari·

2611 1215 2812 1273 tatem
2863 1228 3031 1274 neve
3075 1207 3411 1273 Iudaismo
3469 1207 3749 1273 obruere
3807 1207 3951 1273 ausi
4008 1213 4186 1271 suut.
4267 1206 4535 1271 Deci-ant

2611 1293 2742 1360 illis
2775 1293 2997 1359 omnia
3041 1292 3122 1360 ad
3168 1315 3357 1359 suum
3404 1293 3837 1359 sacerdotium
3884 1291 4311 1377 probandum.
4374 1292 4534 1376 Ergo

2610 1380 2933 1464 optimum
2965 1379 3421 1464 compendium
3468 1380 3593 1445 fuit
3631 1379 3957 1444 immensa
4000 1377 4536 1444 caeremoniarum

2610 1466 2917 1551 congerie
2972 1487 3156 1531 suam
3217 1466 3581 1530 vanitatem
3638 1466 4005 1532 involvere:
4069 1485 4143 1529 ac
4202 1463 4259 1528 si
4301 1463 4536 1530 nebulis

2610 1551 2825 1618 lucem
2886 1552 3331 1618 obscurarent.
3422 1550 3573 1632 Quo
3625 1551 3840 1636 magis
3895 1550 4265 1617 cavendum
4323 1557 4420 1615 est
4464 1571 4538 1615 ne

2609 1637 2837 1704 fideles
2882 1660 2922 1704 a
2964 1650 3149 1722 pure·
3178 1637 3431 1704 Christi
3476 1638 3783 1703 institute
3829 1637 4259 1722 degenerent,
4305 1637 4361 1702 si
4402 1656 4539 1700 eum

2607 1726 2883 1808 eupiunt
2923 1724 3169 1790 habere
3213 1723 3481 1790 unicum
3530 1730 3596 1789 et
3641 1733 3981 1790 aeternum
4025 1721 4463 1788 mediatorem.

3190 2066 3323 2134 EX
3366 2065 3671 2132 EXODI
3714 2064 3986 2131 XXIX.

2784 2241 2842 2306 1.
2902 2239 3041 2306 Hoc
3092 2259 3334 2323 quoque
3370 2238 3573 2321 facies
3614 2238 3709 2304 eis
3751 2238 3837 2304 ad
3877 2237 4404 2319 sanctificandum
4441 2257 4546 2315 eos,

2610 2331 2681 2393 ut
2731 2327 3080 2393 sacerdotio
3118 2326 3471 2410 funyantur
3511 2324 3689 2390 mihi.
3784 2324 3957 2389 Tolle
3998 2325 4331 2391 iuvencum
4368 2344 4550 2389 unum

2606 2413 2815 2495 filium
2869 2411 3071 2489 bovis,
3130 2416 3188 2478 et
3230 2413 3456 2477 arietes
3497 2411 3655 2476 duos
3696 2411 4151 2477 ivnmaculatos.
4246 2412 4307 2477 2.
4358 2410 4552 2476 Panes

2600 2504 2931 2581 praeterea
2998 2499 3499 2581 infermentatos,
3572 2501 3630 2561 et
3697 2497 4031 2578 placentas
4084 2497 4552 2579 infermentatas

2610 2586 2848 2650 mixtas
2881 2584 3025 2662 oleo,
3069 2589 3128 2649 et
3168 2584 3404 2667 layana
3444 2582 3884 2664 infermentata
3927 2586 4112 2649 uncta
4155 2583 4320 2650 oleo.-
4361 2602 4438 2648 ex
4474 2581 4552 2646 si-

2612 2671 2769 2737 mila
2812 2671 3052 2736 triticea
3093 2670 3293 2753 facies
3335 2689 3429 2734 ea.
3518 2667 3577 2733 3.
3626 2667 3945 2750 Ponesque
3987 2688 4063 2733 ea
4104 2669 4176 2734 in
4218 2670 4554 2734 canistrum

2612 2777 2813 2821 unum
2830 2809 2845 2833 ,
2902 2761 2959 2822 et
3000 2756 3218 2838 offeres
3260 2775 3335 2821 ea
3377 2755 3449 2818 in
3493 2754 3797 2833 canistro,
3841 2774 3971 2818 una
4014 2774 4153 2819 cum
4192 2754 4466 2832 iuvenco,
4506 2756 4555 2818 et

2612 2842 2851 2910 duobus
2907 2841 3228 2908 arietibus.
3330 2839 3391 2905 4.
3461 2841 3627 2905 Tum
3684 2839 4047 2905 Abaronem
4097 2845 4153 2906 et
4203 2840 4379 2923 filios
4430 2840 4554 2905 eius

2616 2930 2894 2996 accedere
2947 2928 3145 3011 facies
3202 2927 3287 2992 ad
3328 2928 3556 2992 ostium
3597 2925 3978 2992 tabernaculi
4021 2927 4468 3007 conventionis,
4507 2928 4556 2991 et

2616 3014 2862 3082 lavabis
2916 3035 3018 3081 eos
3069 3033 3256 3097 aqua.
3362 3012 3420 3079 5.
3485 3012 3570 3078 Et
3628 3012 3895 3096 accipies
3949 3017 4165 3092 vestae,
4230 3013 4555 3097 indue-sque

2616 3102 2884 3167 Abaron
2918 3101 3211 3178 tunicam,
3257 3104 3313 3166 et
3345 3099 3622 3182 pallium
3663 3099 3876 3181 ephod,
3917 3105 3977 3164 et
4017 3099 4212 3182 ephod
4246 3099 4557 3182 pectorale,

2617 3189 2942 3271 cinyesque
2999 3207 3138 3253 eum
3190 3185 3427 3252 baltheo
3469 3186 3681 3268 ephod.
3763 3186 3822 3251 6.
3875 3182 4079 3252 Penes
4109 3191 4444 3269 praeterea
4482 3186 4557 3250 ci-

2618 3275 2833 3340 darim
2889 3291 3081 3355 super
3133 3276 3324 3354 caput
3379 3273 3550 3338 eius:
3611 3291 3897 3339 coronam
3952 3277 4157 3337 autem
4220 3271 4558 3338 sanctitatis

2606 3380 2808 3442 pones
2871 3380 3063 3442 super
3126 3359 3412 3423 cidarim.
3527 3363 3583 3422 7.
3657 3356 3975 3423 Postremo
4037 3359 4312 3441 accipies
4376 3358 4558 3424 oleum

2617 3447 2961 3527 unctionis,
3018 3450 3072 3509 et
3125 3444 3356 3527 fundes
3398 3464 3590 3527 super
3633 3448 3823 3525 caput
3862 3444 4030 3523 eius,
4072 3450 4129 3511 et
4167 3465 4373 3529 unqes
4413 3464 4555 3510 eum.

2621 3533 2679 3599 8.
2732 3531 2883 3597 Post
2924 3531 3073 3597 haec
3111 3529 3282 3610 filios
3324 3530 3462 3596 eius
3504 3530 3786 3596 accedere
3820 3530 4051 3613 facies,
4095 3535 4151 3596 et
4194 3532 4425 3597 indues
4467 3547 4557 3594 eos

2616 3619 2881 3684 tunicas.
2970 3617 3030 3683 9.
3081 3615 3418 3701 Cinyesque
3470 3616 3614 3682 illos
3671 3615 3904 3682 baltheo
3922 3667 3936 3694 ,
3997 3616 4274 3683 Abaron
4316 3622 4377 3682 et
4407 3616 4562 3698 filios

2618 3709 2789 3780 eius,
2848 3707 2906 3769 et
2946 3702 3193 3786 aptabis
3237 3703 3331 3768 eis
3361 3702 3598 3784 pileos,
3646 3707 3702 3768 et
3741 3703 3862 3767 erit
3902 3704 3995 3768 eis
4035 3704 4462 3770 sacerdotium
4502 3701 4561 3765 in

2618 3794 2917 3855 statutum
2950 3793 3322 3871 perpetuum
3336 3839 3352 3869 ,
3415 3787 3821 3871 implebisque
3863 3809 4119 3854 manum
4163 3789 4463 3866 Aharon,
4514 3789 4563 3852 et

2618 3895 2877 3941 manum
2906 3875 3185 3956 filiorum
3228 3876 3382 3940 eius.
3456 3874 3554 3939 10.
3602 3873 3693 3939 Et
3733 3875 3949 3957 offeres
3990 3876 4325 3941 invencum
4367 3892 4561 3941 coram

2617 3961 3010 4027 tabernaculo
3066 3961 3481 4026 conventionis
3497 4011 3512 4041 ,
3572 3961 4002 4043 imponentque
4043 3960 4321 4028 Ahar-on
4361 3966 4419 4028 et
4448 3958 4563 4042 filii

2617 4048 3206 4200 523³..sz
3214 4066 3439 4197 ..5553
3470 4047 4133 4198 {iffiafflfflsssseiss
4186 4048 4562 4200 m

2617 4221 3046 4286 conventionis.
3138 4218 3236 4283 12.
3285 4218 3692 4301 Accipiesque
3745 4239 3779 4285 e
3833 4220 4147 4303 sanquine
4188 4221 4463 4298 iuvenci,
4514 4222 4562 4282 et

2606 4326 2802 4389 pones
2833 4326 3023 4388 super
3054 4325 3287 4371 cornua
3320 4304 3548 4369 altaris
3589 4304 3785 4388 diyito
3826 4311 3963 4370 tuo:
4006 4305 4327 4388 reliquum
4372 4309 4561 4371 autem

2614 4393 2985 4476 sanquinem
3022 4392 3256 4474 fundes
3297 4391 3381 4456 ad
3416 4391 3892 4474 fundamentum
3933 4391 4180 4457 altaris.
4278 4392 4380 4459 13.
4432 4390 4558 4456 Tol·

2615 4477 2819 4559 lesque
2871 4497 3108 4542 omnem
3161 4477 3414 4558 adipem
3457 4478 3827 4559 operientem
3867 4478 4190 4556 intestina,
4251 4484 4312 4544 et
4352 4479 4557 4542 reticu-

2616 4562 2745 4626 lum
2800 4564 2965 4645 quod
3021 4568 3109 4630 est
3162 4583 3356 4644 super
3397 4564 3598 4640 iecur,
3661 4568 3717 4628 et
3758 4563 3917 4628 duos
3950 4583 4161 4641 renes,
4216 4570 4277 4630 et
4323 4564 4558 4646 adipem

2615 4650 2727 4731 qui
2760 4654 2849 4715 est
2881 4669 3072 4732 super
3105 4649 3264 4729 illos,
3304 4654 3362 4713 et
3396 4649 3684 4715 incendes
3716 4669 3788 4713 ea
3822 4669 4014 4731 super
4056 4649 4280 4716 altare.
4345 4650 4440 4714 14.
4476 4646 4559 4713 At

2613 4755 2862 4801 carnem
2904 4735 3168 4812 iuvenci,
3213 4740 3269 4800 et
3299 4735 3529 4815 pellem
3572 4736 3727 4814 eius,
3767 4734 4107 4816 fimumque
4148 4737 4293 4802 eius
4335 4734 4554 4802 combu-

2614 4841 2718 4886 res
2780 4822 2916 4906 iyni
2978 4827 3153 4886 eastra
3218 4825 3460 4886 eastra.-
3523 4820 3909 4901 sacrificium
3957 4841 4086 4903 pro
4141 4828 4401 4903 peccato
4459 4822 4554 4886 est-

2618 4907 2717 4973 15.
2744 4909 3025 4973 Arietem
3058 4927 3295 4989 quoque
3327 4906 3591 4971 alterum
3633 4908 3918 4989 accipies,
3960 4912 4015 4972 et
4056 4907 4376 4990 imponent
4397 4906 4560 4972 Aba·

2613 5014 2727 5057 ron
2807 4998 2862 5057 et
2920 4992 3047 5073 filii
3110 4994 3246 5056 eius
3310 5011 3540 5057 manus
3603 5012 3761 5058 suas
3820 5013 4012 5074 super
4072 4999 4265 5075 caput
4330 4991 4556 5059 arietis,

2619 5079 2718 5144 16.
2754 5079 2925 5145 Tunc
2945 5077 3247 5143 mactabis
3280 5079 3553 5158 arietan,
3589 5079 3972 5162 accipiesque
4005 5081 4385 5163 sanquinem
4417 5080 4557 5152 eius,

2614 5169 2672 5229 et
2736 5185 3025 5248 asperges
3094 5184 3290 5246 super
3341 5162 3542 5229 altare
3588 5186 3706 5246 per
3757 5166 4101 5231 circuitum.
4216 5166 4297 5230 17
4303 5218 4317 5231 .
4376 5164 4554 5230 Arie-

2614 5256 2735 5315 tem
2768 5256 2970 5315 autem
3006 5250 3282 5319 concides
3317 5251 3385 5315 in
3425 5250 3640 5332 frusta
3682 5271 3833 5328 sua,
3889 5257 3946 5317 et
3984 5250 4232 5317 lavabis
4274 5250 4558 5318 iettestina

2617 5337 2789 5413 eius,
2847 5355 3157 5417 cruraque
3213 5335 3381 5415 eius,
3438 5341 3721 5418 etpones
3769 5357 3959 5421 super
4008 5338 4227 5421 frusta
4289 5338 4456 5412 eicis,
4506 5336 4560 5399 et
