4867 6150
306 469 435 539 673

309 655 670 744 gratificari
716 657 968 736 volunt,
1012 656 1095 722 ad
1142 665 1404 741 tempus
1448 655 1745 722 animum
1788 676 1981 723 suum
2028 663 2270 742 tegere,

313 744 427 811 ubi
452 764 613 810 vero
652 743 737 808 ad
781 743 1021 810 seriam
1068 743 1609 826 exsequutionem
1654 750 1925 808 ventum
1971 750 2091 821 est,
2136 742 2273 808 elu-

307 829 466 895 dere
521 828 839 913 quidquid
892 828 1093 895 fuerit
1149 828 1568 913 promissum.
1658 828 1863 911 Atqui
1906 828 2039 895 nisi
2082 827 2276 895 liber-

313 925 451 981 tate
485 936 610 981 sua
643 917 714 980 in
761 923 1058 1000 tempore
1102 924 1415 980 utantur:
1461 915 1645 981 Deus
1689 933 1966 997 poenam
2012 914 2273 982 servilis

312 999 765 1086 indulgentiae
808 1008 876 1066 et
920 1001 1463 1068 dissimulationis
1506 1000 1689 1065 luere
1736 999 1913 1067 vult:
1958 1000 2074 1066 sed
2118 1000 2269 1084 quia

314 1086 626 1154 mulieres
669 1109 790 1153 sua
836 1087 1074 1155 levitas
1131 1096 1200 1153 et
1241 1087 1683 1154 inconstantia
1724 1107 1836 1152 sae
1883 1106 1919 1152 e
1963 1085 2046 1153 ad
2092 1086 2268 1152 frau-

311 1172 602 1239 dandum
681 1173 956 1253 invitat,
1041 1171 1197 1240 huic
1276 1194 1533 1257 quoque
1609 1173 1788 1257 peric
1861 1193 1901 1238 o
1982 1172 2269 1240 occurri-

313 1266 440 1324 tur.
531 1258 803 1326 Accidet
840 1269 913 1325 ut
949 1257 1186 1324 mulier
1227 1260 1370 1325 viro
1413 1258 1718 1337 subiecta,
1765 1258 2103 1341 praecipiti
2145 1258 2268 1323 zeli

308 1345 569 1410 fervore
640 1354 915 1426 voveat,
982 1366 1058 1410 eo
1126 1355 1387 1410 mortuo
1453 1345 1527 1409 in
1584 1344 1905 1410 viduitate
1961 1352 2270 1411 retractet

308 1430 606 1514 specioso
663 1440 1047 1515 praetextu,
1106 1431 1264 1514 quia
1319 1439 1479 1496 tune
1533 1430 1742 1496 libera
1784 1451 1915 1496 non
1958 1439 2102 1496 erat
2143 1450 2267 1498 nec

308 1517 411 1582 sui
458 1517 660 1582 iuris:
720 1517 893 1582 idem
937 1516 1132 1583 faciet
1174 1537 1340 1601 quae
1381 1516 1729 1599 repudiata
1769 1536 1840 1582 se
1883 1515 2268 1601 obstringet,

303 1602 545 1667 deinde
585 1603 699 1670 ubi
744 1603 1068 1687 nupserit,
1123 1602 1337 1669 soluta
1378 1601 1506 1668 sibi
1545 1601 1880 1670 videbitur
1908 1600 1972 1688 ¹).
2046 1602 2266 1669 Huius

305 1689 552 1771 impiae
609 1689 1049 1774 poenitentiae
1108 1709 1308 1772 quum
1352 1689 1554 1754 nimis
1594 1688 1824 1754 crebra
1866 1688 2003 1754 sint
2045 1708 2267 1754 exem-

305 1773 431 1858 pla,
478 1796 615 1840 non
648 1776 889 1841 mirum
928 1783 1031 1841 est
1064 1776 1122 1840 si
1166 1774 1250 1840 ad
1297 1774 1557 1841 fraudes
1600 1772 1924 1841 tollendas
1968 1774 2268 1857 specialis

303 1859 533 1925 addita
592 1860 791 1927 fuerit
845 1861 1080 1928 cautio.
1175 1860 1401 1942 Quare
1456 1874 1718 1945 tempus
1772 1860 1911 1926 voti
1969 1859 2267 1926 conside-

297 1943 595 2012 randum
654 1967 798 2012 esse
854 1947 1252 2030 pronunciat
1295 1947 1511 2027 Deus,
1571 1955 1647 2011 ut
1688 1967 1821 2012 non
1864 1945 2089 2012 minus
2134 1947 2269 2010 sint

295 2029 630 2098 obnoxiae
685 2054 883 2116 quam
941 2033 1000 2100 si
1056 2031 1286 2098 eadem
1346 2043 1644 2098 maneret
1686 2031 1990 2099 conditio.
2080 2030 2267 2116 Quae

292 2139 452 2203 ergo
503 2140 543 2184 a
570 2120 788 2202 patria
819 2126 1141 2203 potestate
1165 2120 1618 2204 emancipatae
1660 2118 1910 2183 fuerint
1951 2138 2071 2202 per
2113 2138 2267 2183 con-

294 2204 599 2290 iugium,
659 2204 900 2271 deinde
952 2206 1053 2271 vel
1100 2214 1311 2270 morte
1354 2206 1460 2271 vel
1504 2204 1777 2288 repudio
1822 2204 2106 2282 solutae,
2154 2225 2264 2270 eas

299 2289 383 2355 ad
449 2299 614 2356 vota
678 2290 996 2358 solvenda
1060 2289 1352 2356 damnat.
1465 2289 1820 2363 Caeterum
1884 2310 1973 2355 ex
2037 2289 2267 2356 ultimo

299 2396 507 2443 versu
576 2377 812 2460 eapitis
878 2384 1061 2460 patet
1125 2376 1237 2443 hic
1307 2376 1470 2443 duas
1528 2377 1946 2461 exceptiones
2003 2376 2266 2460 proprie

299 2463 582 2528 tractari
670 2484 789 2528 uae
833 2462 1047 2547 legem
1093 2461 1467 2547 generalem
1514 2464 1953 2546 restringunt.

474 2548 540 2615 5.
656 2550 669 2563 ‘
711 2553 917 2615 autem
958 2549 1221 2614 initum
1259 2549 1478 2631 fecerit
1506 2554 1696 2633 pater
1736 2548 1893 2614 eius.
1959 2546 2268 2615 Notanda

295 2633 608 2718 loquutio
673 2645 807 2701 est:
877 2635 1096 2701 Deum
1160 2633 1417 2720 puellae
1482 2635 1622 2702 fore
1677 2633 2033 2719 propitium
2050 2686 2069 2714 ,
2134 2652 2265 2717 qua

1758 465 2179 533 TERTIUM
2223 466 2876 534 PRAEOEPTUM.

4200 466 4332 534 574

2369 655 2601 721 'Moses
2664 655 2903 722 leniter
2967 657 3241 723 stultam
3305 656 3686 723 facilitatem
3751 656 4062 741 castigat:
4136 656 4331 740 paulo

2376 749 2526 824 post
2604 740 2778 807 idem
2862 742 3119 810 dicetur
3202 742 3281 810 de
3362 744 3680 809 uxoribus
3744 743 4129 828 coniugatis.
4239 743 4332 808 Et

2377 837 2554 893 certe
2597 830 2938 895 temeritas
2980 837 3084 894 est
3125 829 3635 912 reprehensione
3679 829 3906 914 digna,
3954 828 4128 912 quod
4171 849 4332 895 suae

2377 913 2770 980 conditionis
2814 916 3270 997 immemores,
3313 915 3500 998 quasi
3544 935 3821 981 excusso
3865 914 4039 999 iugc,
4086 914 4170 981 ad
4213 935 4330 981 au-

2377 998 2668 1065 dendum
2714 999 3081 1083 prosiliunt.
3149 999 3543 1067 Subindicat
3584 1021 3742 1086 ergo
3787 998 3971 1067 Deus
4010 1021 4144 1066 non
4187 1021 4332 1067 esse

2375 1092 2570 1151 extra
2610 1086 2904 1170 eulpam:
2959 1086 3076 1153 sed
3115 1109 3200 1153 ne
3244 1087 3501 1155 occulto
3545 1107 3840 1153 moerore
3882 1094 4330 1170 torqueantur,

2376 1191 2638 1237 omnem
2670 1172 3050 1257 scrupulum
3083 1173 3334 1253 eximit,
3380 1195 3451 1239 se
3486 1173 3812 1256 placatum
3855 1172 3994 1238 fore
4038 1194 4332 1257 pronun·

2373 1257 2556 1323 cians
2600 1260 2654 1324 si
2700 1257 2966 1324 aliunde
3007 1258 3324 1342 impedita
3364 1259 3563 1325 fuerit
3607 1260 3740 1325 voti
3786 1258 4041 1325 solutio.
4131 1257 4332 1340 Quod

2372 1344 2596 1409 mariti
2661 1344 2770 1409 vel
2836 1344 3044 1428 patris
3109 1344 3446 1412 dissensus
3503 1345 3864 1430 requiritur
3921 1342 4148 1411 eodem
4208 1344 4333 1425 die,

2374 1428 2767 1495 tantundem
2803 1431 3000 1510 valet,
3046 1452 3121 1497 ac
3164 1434 3219 1497 si
3265 1431 3514 1498 dictum
3558 1442 3750 1510 esset,
3793 1451 3928 1496 non
3973 1450 4167 1516 posse
4208 1431 4331 1497 im·

2372 1515 2635 1599 probari
2692 1515 2866 1599 quod
2926 1517 3125 1583 semel
3188 1518 3531 1601 placuerit.
3621 1517 3833 1583 Porro
3878 1532 4092 1583 tacere
4136 1516 4333 1582 uxori

2375 1601 2480 1666 vel
2538 1603 2747 1681 filiae,
2801 1603 3135 1687 significat
3174 1626 3309 1670 non
3354 1624 3427 1670 se
3470 1624 3835 1688 opponere,
3897 1602 4012 1669 sed
4058 1601 4332 1670 tacendo

2374 1686 2533 1753 dare
2578 1689 2844 1772 signum
2891 1690 3246 1755 annuendi.

2544 1774 2605 1839 9.
2669 1772 2891 1840 Votum
2949 1780 3154 1841 autem
3204 1797 3380 1842 omne
3419 1776 3665 1842 viduae.
3755 1774 3918 1840 Dixi
3961 1795 4080 1840 cur
4120 1773 4329 1840 nomi·

2373 1859 2582 1925 natim
2622 1858 2703 1925 de
2748 1858 2968 1926 viduis
3010 1863 3391 1946 praecipiat,
3437 1883 3523 1927 ne
3562 1860 3813 1928 scilicet
3854 1860 4095 1926 mulier
4138 1858 4331 1927 novis

2373 1947 2624 2027 nuptiis
2669 1965 2742 2009 se
2786 1945 3075 2030 elapsam
3125 1968 3271 2015 esse
3314 1956 3532 2031 putet,
3591 1948 3744 2030 quia
3785 1946 3919 2012 iam
3964 1947 4203 2012 iterum
4247 1944 4330 2010 li-

2371 2030 2529 2096 bera
2572 2052 2704 2097 non
2746 2033 2835 2097 sit
2875 2041 3137 2116 recepto
3182 2035 3363 2119 iugo:
3409 2043 3486 2100 ut
3527 2053 3721 2117 saepe
3766 2031 4084 2098 eiusmodi
4125 2031 4329 2099 cavil-

2370 2116 2456 2181 lis
2500 2138 2642 2184 sese
2688 2117 3015 2185 extricant
3058 2118 3376 2187 homines.
3447 2119 3588 2185 Nec
3631 2117 3809 2184 aliud
3855 2119 4077 2203 agitur
4119 2138 4329 2201 usque

2370 2202 2454 2268 ad
2490 2204 2688 2268 finem
2728 2224 2960 2270 versus
2996 2206 3362 2290 penultimi,
3407 2206 3606 2272 nimis
3641 2206 3817 2270 enim
3853 2224 4069 2271 crasse
4114 2203 4328 2270 hallu·

2368 2289 2579 2355 cinati
2636 2300 2823 2370 sunt,
2885 2292 2998 2374 qui
3043 2290 3124 2357 de
3166 2293 3422 2358 familia
3463 2293 3993 2373 interpretantur
4036 2299 4102 2356 et
4144 2290 4327 2356 hero.

2369 2375 2506 2441 Res
2537 2387 2712 2442 certe
2747 2375 2891 2459 ipsa
2925 2376 3055 2442 tale
3091 2389 3534 2444 commentum
3578 2398 3715 2442 non
3760 2375 4080 2442 admittit:
4127 2375 4330 2442 verba

2369 2462 2573 2526 etiam
2618 2461 2826 2528 Mosis
2869 2483 3029 2546 repu
3127 2474 3259 2531 ant.
3329 2463 3480 2546 Quo
3520 2462 3733 2548 magis
3776 2462 4022 2527 mirum
4066 2471 4167 2528 est
4207 2460 4326 2527 ho·

2367 2548 2577 2647 mines
2635 2546 2904 2633 linguae
2966 2549 3051 2615 he
3097 2551 3309 2617 raicae
3364 2549 3609 2635 peritos
3653 2549 3898 2616 claram
3940 2547 4151 2614 lucem
4192 2567 4326 2613 non

2367 2632 2632 2701 vidisse.

1129 3392 1808 3472 APPENDICES
1846 3394 2210 3469 TERTII
2245 3394 2856 3473 PRAECEPTI
2898 3393 3503 3472 POLITICAE.

888 3663 1023 3731 EX
1068 3663 1373 3730 LEVIT.
1419 3661 1685 3729 XXIV.

479 3817 588 3886 15.
632 3819 746 3886 Ad
784 3817 1213 3902 fils‘os‘jlsracl
1253 3818 1543 3900 muer-is,
1588 3817 1876 3884 dicendo:
1915 3814 2121 3882 Homo
2164 3819 2276 3899 qui

296 3907 714 3974 maledixerit
769 3906 910 3974 Deo
961 3925 1108 3987 suo,
1149 3903 1430 3988 portabit
1482 3904 1682 3971 scelus
1737 3923 1940 3969 suum.
2029 3903 2130 3968 16.
2187 3902 2278 3969 Et

298 3994 414 4075 qui
457 3991 859 4074 transfixerit
898 4011 1119 4059 nomen
1163 3990 1453 4070 Iskome,
1497 3996 1692 4058 morte
1732 3989 2068 4056 moriam.-
2111 3989 2276 4073 lapi-

297 4079 521 4145 dando
579 4077 896 4160 lapidabit
951 4098 1090 4143 etun
1140 4078 1479 4144 universus
1520 4081 1751 4158 coatus,
1803 4076 1934 4141 sive
1975 4075 2278 4159 indiyema

295 4165 538 4264 faerit,
583 4164 717 4230 sive
747 4164 1155 4247 peremimus,
1199 4185 1393 4247 quum
1433 4164 1822 4245 transfixerit
1861 4181 2102 4240 nomen,
2146 4182 2276 4228 mo-

879 4539 1014 4606 nx
1058 4535 1361 4606 Exom
1405 4537 1710 4628 xx112).

488 4678 555 4744 9.
586 4677 662 4744 Si
697 4679 842 4761 φάε
875 4676 1111 4744 dederit
1133 4677 1434 4759 proximo
1466 4696 1583 4742 suo
1625 4678 1899 4756 asinum,
1945 4677 2040 4742 vel
2060 4676 2278 4757 bovem,

302 4765 403 4831 vel
460 4785 664 4839 ovem,
710 4768 823 4830 aut
866 4764 1264 4846 quodeunque
1304 4763 1650 4829 iumentum
1691 4764 1762 4827 in
1805 4764 2181 4842 custodiam,
2225 4768 2281 4829 et

304 4850 482 4916 illud
527 4855 840 4915 mortuum
878 4850 1101 4933 fuerit,
1156 4854 1270 4915 aut
1309 4850 1693 4933 confractum
1732 4855 1846 4914 aut
1885 4854 2136 4931 captum
2177 4870 2282 4915 ne-

304 4938 484 5002 mine
550 4936 825 5002 vidente.-
894 4934 992 5000 10.
1063 4934 1216 5001 Erit
1277 4936 1725 5002 minuandum
1792 4934 2053 5001 Iehovae
2114 4937 2282 5002 inter

494 5123 558 5193 1)
609 5122 883 5191 Ρηίιοορε
937 5121 1197 5177 habebat.-
1249 5122 1401 5176 Idem
1452 5122 1617 5176 faciet
1674 5138 1814 5191 quae
1862 5122 1970 5177 iam
2018 5124 2284 5179 obstricta

308 5194 709 5263 repudiabitur
750 5210 784 5245 a
817 5192 1033 5245 marito.

496 5260 560 5330 2)
595 5261 763 5341 H.“'⁸⁰
794 5261 970 5315 locum
1005 5260 1374 5341 depromimus
1408 5275 1476 5313 ea·
1510 5261 1655 5342 edit.⁸
1676 5259 1838 5315 1563.
1891 5261 2062 5317 Abest
2094 5278 2131 5315 a
2165 5278 2283 5316 ver-

309 5333 477 5414 sione
522 5332 726 5398 aalma
762 5336 823 5412 ‘et
853 5331 924 5385 ab
959 5330 1082 5383 edd.
1116 5329 1324 5383 tannes.
1396 5329 1551 5383 Idem
1591 5330 1881 5385 ducendum
1915 5331 1983 5384 de
2016 5346 2280 5386 commem

305 5406 472 5458 nno
494 5397 606 5455 huc
623 5405 945 5470 pert-nante.
1005 5398 1267 5469 Refertur
1301 5398 1493 5452 malms
1526 5398 1604 5453 ad
1639 5407 1886 5455 octavum
1916 5406 2280 5470 praeceptum.

2375 3668 2738 3745 utrmque,
2795 3663 2959 3745 quod
3010 3662 4329 3729 nonextenderitmanumsuaminrem

2361 3769 2659 3902 ῗέεοέἷὲηᾶ
2688 3750 2813 3830 sui,
2857 3753 2912 3814 et
2945 3747 3125 3815 illius
3156 3749 3449 3815 dominus
3490 3748 3803 3830 suscipiet,
3848 3748 3985 3829 ipse
4025 3769 4166 3816 vero
4207 3769 4334 3817 non

2551 4007 2773 4073 Levit.
2820 4006 2939 4087 24,
2990 4006 3092 4073 15.
3153 4006 3266 4072 Ad
3314 4005 3483 4088 filios
3528 4005 3739 4072 Israel
3781 4006 4068 4088 loqueris,
4157 4005 4337 4072 Hinc

2380 4094 2515 4158 iam
2574 4092 2818 4160 clarius
2877 4100 3060 4177 patet
3118 4093 3320 4158 finem
3381 4092 3562 4157 tertii
3618 4093 3951 4176 praecepti
4005 4091 4208 4157 fuisse
4258 4100 4337 4157 ut

2380 4199 2511 4262 qua
2581 4178 2770 4246 decet
2836 4179 3257 4247 observantia
3315 4186 3380 4244 et
3438 4180 3861 4245 veneratione
3919 4178 4173 4245 colatur
4229 4199 4334 4244 sa-

2381 4286 2567 4332 crum
2614 4265 2740 4331 Dei
2789 4286 3060 4343 nomen,
3106 4265 3261 4348 quia
3305 4284 3518 4349 poena
3559 4264 3795 4348 capitis
3839 4265 4137 4331 sancitur
4180 4284 4335 4329 con-

2383 4350 2657 4416 tumelia
2730 4372 2859 4434 qua
2938 4351 3256 4418 violatum
3337 4350 3552 4416 fuerit.
3666 4350 3837 4415 Nam
3904 4348 4335 4416 maledicendi

2383 4438 2585 4503 verbo
2629 4437 2851 4504 Moses
2902 4438 3208 4522 profanas
3262 4457 3490 4502 omnes
3540 4442 3606 4502 et
3647 4436 3941 4521 impuras
3984 4455 4177 4503 voces
4222 4435 4334 4502 de-

2381 4523 2605 4608 signat
2660 4544 2828 4606 quae
2887 4522 2971 4588 ad
3029 4522 3310 4588 dedecus
3353 4520 3744 4587 inurendum
3791 4520 4098 4588 tendunt:
4158 4529 4234 4587 ut
4276 4522 4336 4589 si

2381 4610 2529 4693 quis
2551 4609 2767 4674 Deum
2808 4608 2914 4675 vel
2958 4608 3324 4675 iniustitiae
3368 4608 3473 4673 vel
3520 4607 3930 4674 crudelitatis
3975 4608 4332 4685 insimulet,

2379 4696 2486 4761 vel
2533 4716 2685 4760 eum
2727 4695 2971 4761 laceret
3012 4695 3324 4761 conviciis
3342 4745 3357 4774 ,
3417 4691 3525 4759 vel
3568 4716 3649 4760 ex
3694 4694 3984 4778 professo
4028 4693 4334 4759 detrahat

2382 4782 2524 4847 eius
2578 4780 2857 4865 gloriae,
2914 4782 3054 4846 sive
3111 4779 3175 4845 id
3235 4800 3355 4863 per
3397 4778 3804 4846 iracundiam
3850 4782 3984 4859 fiat,
4029 4780 4171 4846 sive
4215 4800 4335 4864 per

2429 4868 2811 4948 roterviam,
2857 4877 2932 4932 ut
2974 4865 3165 4932 multi
3209 4866 3582 4949 exasperati
3626 4874 3944 4934 evomunt
3987 4864 4334 4930 horribiles

2381 4889 2844 5036 blasphemias,
2896 4951 3009 5017 alii
3032 4953 3101 5017 in
3139 4951 3444 5018 ludibriis
3482 4951 3824 5019 audaciam
3875 4971 4062 5017 suam
4111 4960 4332 5016 osten-

2383 5047 2546 5104 tant.
2632 5038 3013 5105 Secundum
3076 5060 3339 5104 versum
3386 5037 3559 5121 quod
3601 5038 3702 5105 bis
3746 5039 3991 5121 legitur
4035 5037 4333 5120 proximo

2384 5146 2580 5191 versu
2636 5138 2750 5218 ΞΡ)
2804 5125 3138 5209 significat
3179 5124 3503 5190 Hebraeis
3548 5145 3786 5191 cavare
3832 5123 3934 5189 vel
3981 5122 4331 5207 perforare,

2381 5224 2451 5277 et
2484 5233 2600 5295 per
2635 5211 3084 5295 metaphoram
3123 5210 3487 5294 explicare:
3531 5212 3701 5278 sicut
3738 5208 3961 5275 Latini
4004 5207 4335 5274 enucleari

2382 5295 2612 5364 dicunt
2645 5295 2822 5379 quod
2855 5296 3118 5382 penitus
3162 5298 3515 5363 excutitur.
3584 5296 3734 5361 Non
3780 5295 3973 5379 longe
4016 5293 4334 5360 absimilis

2381 5395 2487 5451 est
2563 5383 2987 5468 metaphorae
3052 5384 3218 5448 ratio
3283 5385 3353 5448 in
3417 5380 3829 5448 contumelia.
3920 5380 4093 5446 Nam
4158 5379 4332 5463 quod
