4867 6150
611 411 741 479 335

604 609 793 668 erant
825 621 1032 683 usque
1067 599 1147 666 ad
1189 620 1547 683 vesperam,
1593 620 1726 665 non
1761 600 1994 665 leviter
2026 599 2344 682 populum
2381 621 2547 684 pun-

604 708 760 771 gere
827 687 1068 763 debuit,
1126 699 1202 752 ut
1256 698 1594 770 peccatum
1651 687 1861 769 magis
1917 687 2278 751 abominari
2337 686 2545 752 disce·

605 783 727 839 ret.
832 770 965 839 Sed
1025 793 1227 855 quum
1285 774 1535 838 cineres
1599 772 1906 856 colligere
1972 774 2232 836 nonnisi
2299 771 2546 837 mundo

603 858 854 925 homini
897 860 995 924 fas
1037 869 1237 938 esset,
1303 879 1425 924 neo
1468 858 1620 924 alibi
1668 879 1981 941 reponere
2025 879 2219 941 quam
2279 860 2346 922 in
2407 858 2548 923 loco

604 944 870 1023 mundo,
920 944 1039 1010 1100
1081 944 1374 1029 symbolo
1419 943 1936 1009 demonstratum
1982 944 2138 1022 fuit,
2200 965 2329 1008 non
2396 943 2541 1009 sub·

604 1032 835 1097 sistere
881 1031 1077 1094 ullam
1125 1030 1444 1095 maculam
1490 1032 1555 1094 in
1601 1031 1741 1113 ipso
1785 1030 2120 1106 sacrificio,
2166 1030 2277 1094 sed
2316 1029 2399 1095 ab
2433 1052 2547 1094 ex-

605 1125 833 1182 tranea
888 1126 953 1182 et
1019 1115 1382 1181 adventitia
1428 1115 1569 1180 labe
1613 1117 1865 1181 censeri
1909 1116 2383 1198 quodammodo
2427 1115 2548 1180 im-

603 1220 874 1285 purum:
920 1202 1076 1285 quia
1118 1202 1569 1285 abstergendis
1615 1201 1914 1267 sordibus
1950 1202 2347 1267 destinatum
2385 1211 2545 1266 erat.

603 1288 797 1355 Unde
851 1299 918 1352 et
974 1309 1144 1371 aqua
1195 1294 1266 1352 iu
1340 1310 1535 1370 quam
1607 1287 2074 1353 coniiciebatur
2146 1289 2342 1366 cinis,
2413 1301 2545 1351 tam

603 1395 772 1455 aqua
814 1374 1246 1457 separationis
1302 1394 1496 1457 quam
1556 1375 1842 1454 expiatio
1901 1373 2074 1438 dicta
2127 1374 2268 1439 fuit.
2361 1374 2547 1438 Haec

601 1460 778 1526 enim
827 1460 1015 1525 lectio
1060 1480 1253 1541 quam
1300 1458 1553 1525 red-lidi
1598 1460 1884 1543 genuina
1928 1470 2050 1524 est:
2094 1480 2170 1524 ac
2204 1481 2545 1542 perperam

600 1555 871 1612 vertunt
891 1546 1033 1611 alii:
1080 1545 1161 1610 In
1185 1546 1387 1628 aquas
1409 1547 1855 1630 separationis,
1894 1562 1958 1610 et
1981 1544 2062 1609 ad
2086 1545 2543 1627 expiationem.

602 1632 813 1696 Vetus
868 1632 1226 1714 interpres,
1285 1633 1496 1714 quoad
1548 1631 1714 1696 hanc
1776 1653 2033 1707 vocem,
2091 1653 2356 1697 sensum
2418 1651 2545 1695 non

602 1716 774 1781 male
818 1716 1118 1796 reddidit,
1163 1716 1333 1799 quod
1376 1739 1576 1782 vacca
1611 1718 1695 1781 sit
1732 1719 2073 1783 combusta
2109 1738 2228 1800 pro
2265 1730 2545 1800 peccato.

602 1801 736 1870 Sed
782 1804 1087 1886 quoniam
1129 1803 1413 1868 Hebraei
1459 1817 1652 1873 metm-l
1709 1816 1840 1867 tam
1900 1804 2111 1868 scelus
2169 1804 2276 1868 vel
2322 1825 2546 1885 pecca-

602 1897 764 1966 tum,
809 1909 1002 1971 quam
1051 1890 1332 1954 hostiam
1369 1890 1474 1955 cui
1509 1889 1873 1972 imponitur
1908 1888 2294 1966 maledictio,
2341 1889 2546 1972 signi-

603 1976 785 2041 ficat:
831 1976 1065 2040 melius
1109 1976 1505 2057 exprimitur
1547 1976 1719 2058 quod
1767 1975 1974 2041 voluit
2015 1975 2234 2040 Moses
2284 1978 2547 2039 nomine

601 2060 1013 2143 expiationis.
1105 2059 1448 2145 Separatio
1491 2075 1712 2125 autem
1760 2061 1841 2127 ad
1891 2063 2184 2126 homines
2240 2061 2544 2138 refertur,

604 2167 760 2229 quos
805 2146 1105 2229 propriae
1150 2146 1371 2213 sordes
1416 2146 1725 2212 arcebant
1770 2169 1808 2212 a
1851 2167 2034 2213 sacro
2069 2160 2276 2213 coetu.
2325 2146 2547 2228 Quae·

598 2232 770 2298 ritur
826 2243 1048 2297 tamen
1112 2252 1232 2298 our
1296 2244 1617 2298 statutum
1685 2233 1809 2299 1100
1875 2254 2222 2298 commune
2292 2233 2547 2297 dicatu-r

599 2328 735 2383 tam
794 2318 1070 2383 advenis
1127 2318 1703 2403 peregrinantibus
1757 2320 1825 2383 in
1871 2330 2047 2383 terra
2091 2319 2295 2383 Israel
2346 2339 2544 2401 quam

598 2403 955 2487 indigenis:
1023 2405 1177 2487 quia
1224 2406 1493 2469 minime
1537 2418 2043 2470 cousentaneum
2086 2405 2318 2470 fuisset
2362 2426 2547 2469 mun-

602 2490 747 2555 dari
797 2490 1301 2556 incircumcisos.
1401 2489 1661 2555 Solutio
1721 2491 1928 2556 facilis
1977 2504 2108 2568 est,
2169 2490 2549 2574 peregrinos

599 2575 882 2659 intelligi
929 2597 1058 2641 nou
1102 2579 1212 2659 qui
1261 2597 1525 2659 prorsus
1558 2577 1753 2641 alieni
1799 2589 2021 2642 essent
2056 2597 2096 2640 a
2128 2576 2385 2659 populo,
2431 2575 2545 2641 sed

601 2661 715 2745 qui
779 2660 1039 2726 oriundi
1100 2684 1186 2726 ex
1249 2661 1552 2746 gentibus
1626 2663 1914 2745 profanis
1993 2684 2097 2727 am
2153 2664 2283 2728 lexi
2359 2672 2550 2726 erant

601 2747 847 2830 legem:
893 2749 1089 2812 eosin
1129 2748 1463 2819 sacrificiis
1500 2757 1568 2812 et
1601 2749 1852 2832 reliquo
1888 2750 2064 2814 cultu
2160 2770 2274 2814 eus
2313 2761 2551 2831 aequat

602 2834 911 2899 Abrahae
945 2833 1127 2899 filiis:
1166 2856 1268 2913 ne,
1304 2836 1358 2899 si
1405 2832 1628 2915 dispar
1663 2853 1836 2899 esset
1869 2833 2177 2913 conditio,
2224 2833 2549 2900 scindens·

603 2928 713 2984 tur
747 2919 1035 2996 ecclesia,
1082 2920 1152 2984 in
1197 2920 1381 2985 ouius
1424 2942 1661 3002 corpus
1705 2920 1883 2984 insiti
1931 2933 2139 2986 erant.

777 3004 878 3069 11.
931 3005 1055 3088 Qui
1093 3007 1358 3090 tetiyerit
1399 3006 1684 3073 cadaver.
1734 3006 1923 3073 Nunc
1944 3007 2194 3089 species
2233 3006 2547 3090 quasdam

603 3092 1036 3175 pollutionum
1096 3093 1326 3157 recitat
1380 3095 1450 3158 in
1502 3091 1737 3176 quibus
1784 3095 2150 3159 necessaria
2191 3093 2319 3158 fuit
2362 3093 2545 3158 lotio:

603 3198 830 3243 omnes
875 3189 1099 3243 tamen
1143 3176 1227 3243 ad
1270 3200 1480 3243 unum
1520 3192 1717 3262 caput
1761 3178 2052 3255 redeunt,
2113 3200 2348 3261 nempe
2392 3201 2548 3245 con-

603 3271 852 3330 tactum
876 3263 1234 3344 cadaveris,
1282 3266 1547 3343 ossium,
1590 3265 1895 3348 sepulcri,
1938 3266 2387 3332 contaminare
2435 3267 2549 3329 ho·

604 3349 836 3415 mines.
924 3349 1150 3432 Neque
1206 3348 1313 3415 hic
1370 3351 1701 3416 distinctio
1746 3353 2011 3433 ponitur
2053 3353 2225 3416 inter
2268 3350 2551 3418 hominis

605 3435 801 3501 occisi
859 3433 1171 3513 cadaver,
1238 3448 1306 3500 et
1361 3437 1502 3500 eius
1560 3437 1669 3520 qui
1724 3438 1795 3501 in
1854 3436 2020 3502 lecto
2075 3449 2378 3502 mortuus
2429 3450 2548 3502 est.

603 3519 797 3589 Unde
841 3521 1136 3604 sequitur
1180 3531 1456 3586 mortem
1502 3521 1611 3587 hic
1654 3524 1926 3606 proponi
1991 3535 2306 3605 tanquam
2350 3523 2546 3588 male·

605 3606 907 3673 dictionis
964 3608 1090 3672 Dei
1147 3609 1501 3691 speculum.
1595 3609 1683 3672 Et
1747 3620 1923 3674 certe
1986 3610 2042 3674 si
2100 3608 2555 3674 consideratur

604 3694 747 3758 eius
790 3694 979 3776 origo
1021 3704 1088 3757 et
1131 3714 1345 3772 causa,
1414 3695 1483 3757 in
1528 3692 1813 3777 quolibet
1857 3694 2122 3759 homine
2182 3704 2440 3759 mortuo
2481 3716 2553 3760 se

601 3778 854 3861 profert
911 3788 1188 3844 naturae
1247 3780 1605 3862 corruptio,
1676 3802 1804 3863 qua
1846 3782 2063 3864 imago
2111 3779 2233 3845 Dei
2291 3780 2554 3845 foedata

605 3876 731 3930 est:
778 3864 933 3946 quia
977 3864 1104 3929 nisi
1145 3865 1265 3930 toti
1312 3866 1533 3930 vitiosi
1579 3887 1894 3944 08800108,
1954 3888 2086 3930 non
2134 3887 2555 3932 nasceremur

604 3948 688 4014 ad
749 3950 1112 4015 interitum.
1225 3949 1361 4015 Sed
1425 3952 1551 4016 alio
1627 3953 1825 4016 etiam
1883 3952 2294 4036 significandi
2363 3952 2554 4017 modo

604 4036 788 4101 Deus
845 4037 1162 4120 populum
1221 4036 1471 4115 docuit,
1538 4037 1754 4101 labem
1811 4038 2146 4117 contrahi,
2209 4039 2320 4103 ubi
2378 4059 2555 4105 com-

603 4122 1017 4188 municamus
1056 4123 1363 4205 operibus
1407 4122 1830 4188 infructuosis
1868 4125 2307 4189 tenebrarum.
2390 4126 2554 4192 Peo-

601 4217 746 4273 cata
787 4210 964 4272 enim
1011 4219 1204 4274 vocat
1239 4209 1568 4291 apostolus
1610 4207 1808 4296 (Heb.
1847 4210 1907 4289 6,
1955 4208 2022 4296 1)
2066 4231 2262 4292 opera
2296 4221 2556 4275 mortua

599 4293 709 4359 vel
751 4292 834 4357 ab
876 4294 1135 4368 effectu,
1184 4294 1290 4360 vol
1325 4297 1496 4378 quia,
1539 4297 1730 4361 sicuti
1764 4293 1923 4360 fides
1957 4289 2078 4361 est*
2098 4297 2236 4360 vita
2271 4298 2550 4374 animae,

605 4378 703 4444 ita
744 4379 1098 4445 infidelitas
1141 4381 1211 4445 in
1258 4395 1466 4446 morte
1507 4382 1719 4463 ipsam
1763 4380 2028 4447 detinet.
2120 4381 2346 4463 Quum
2396 4403 2554 4466 ergo

610 4464 910 4543 cadaver,
952 4487 1118 4543 ossa,
1168 4467 1560 4551 sepulcrum.
1606 4465 1954 4550 designent
1988 4468 2305 4551 quidquid
2339 4467 2553 4532 afferi-

608 4572 756 4617 mus
799 4573 883 4616 ex
923 4563 1139 4618 utero:
1193 4555 1375 4636 quia,
1444 4552 1651 4618 donec
1693 4557 1900 4620 simus
1943 4555 2253 4637 regeniti,
2313 4566 2382 4619 et
2438 4576 2555 4620 nos

607 4637 850 4721 spiritu
904 4659 1023 4705 suo
1078 4650 1144 4703 et
1200 4640 1328 4705 fide
1383 4641 1669 4706 vivificet
1716 4640 1929 4723 Deus,
1987 4640 2270 4705 vivendo
2327 4661 2555 4708 sumus

606 4724 884 4789 mortui:
939 4745 1070 4789 non
1115 4725 1389 4791 dubium
1430 4739 1531 4791 est
1575 4726 1735 4809 quin
1779 4725 2100 4791 admoniti
2144 4727 2391 4792 fuerint
2435 4726 2555 4791 filii

607 4809 815 4875 Israel
862 4819 937 4876 ut
979 4832 1048 4875 se
1094 4833 1291 4894 puros
1337 4812 1479 4877 Deo
1518 4823 1878 4892 servarent,
1936 4811 2016 4876 ab
2062 4812 2242 4877 omni
2285 4833 2552 4894 corrup-

607 4896 787 4960 tione
831 4896 1290 4961 abstinendum
1335 4918 1500 4963 esse:
1547 4898 1716 4982 quod
1762 4898 1819 4964 si
1862 4920 1944 4963 ex
1990 4899 2275 4964 hominis
2312 4897 2555 4964 mortui

608 4991 916 5049 contactu
960 4982 1219 5048 macula
1260 4984 1486 5048 infecti
1531 4999 1785 5062 essent,
1845 4984 2355 5068 confugiendum
2400 5006 2553 5049 mox

518 5065 526 5076 ”
608 5089 752 5134 esse
815 5066 896 5132 ad
962 5066 1381 5134 ablutionem.
1485 5067 1787 5152 Denique
1852 5092 1980 5136 non
2043 5072 2171 5137 alio
2230 5071 2556 5153 spectavit

607 5155 1035 5230 caeremonia,
1083 5155 1208 5219 nisi
1235 5168 1308 5220 ut
1331 5155 1479 5237 puri
1517 5176 1557 5219 a
1592 5156 1772 5222 vitiis
1807 5157 2026 5222 caruis
2061 5158 2312 5223 sincere
2339 5158 2554 5223 Deum

607 5241 915 5320 colerent,
975 5261 1177 5324 seque
1226 5252 1606 5306 exercerent
1646 5242 1717 5305 in
1774 5244 2088 5308 continua
2134 5243 2554 5309 meditatione

608 5328 1070 5409 poeniteutiae:
1130 5326 1303 5410 quod
1354 5327 1411 5392 si
1455 5349 1495 5391 a
1537 5328 1825 5412 puritate
1872 5328 2286 5408 excidissent,
2335 5330 2553 5394 Deum

2071 411 2452 478 PRIMUM
2498 412 3146 480 PRAEOEP'I'UM.

4447 418 4550 488 336

2646 601 3030 750 iqterposito
3115 601 3431 667 sacrificio
3509 608 3578 666 et
3652 601 3899 667 lotione
3929 652 3946 684 ,
4043 599 4382 669 studerent
4448 606 4552 674 sibi

2648 708 2689 769 p
2717 706 2925 753 acare.

2820 772 2919 838 13.
2973 772 3329 855 Quicumque
3371 773 3632 855 tetiyerit
3673 778 3999 852 mmmmm,
4043 794 4155 841 nec
4187 774 4550 855 purificatus.

2649 858 2961 924 Gravitas
3021 880 3265 941 poenae
3322 859 3622 942 capitalis
3676 855 3960 924 ostendit
4002 870 4398 943 quantopere
4437 863 4555 930 Deo

2648 944 2905 1028 placeat
2967 944 3340 1010 mundities.
3452 945 3721 1009 Poterat
3785 945 4142 1028 quispiam,
4224 948 4278 1012 si
4344 947 4553 1015 oblitus

2647 1041 2819 1095 esset
2862 1029 2966 1095 die
3012 1031 3207 1095 tertio
3251 1030 3353 1096 vel
3408 1032 3688 1114 septimo
3733 1052 3803 1095 se
3846 1052 4221 1115 aspergere,
4282 1036 4557 1115 temporis

2648 1117 2898 1180 iactura
2942 1117 3264 1182 redimere
3322 1138 3509 1181 suam
3567 1116 4067 1200 negligentiam:
4129 1117 4284 1200 quia
4336 1128 4559 1185 tantum

2648 1202 3150 1284 protrahebatur
3207 1205 3276 1267 in
3322 1203 3525 1266 alium
3570 1203 3744 1267 diem
3790 1202 4120 1284 lustratio,
4175 1202 4289 1268 sed
4334 1204 4561 1289 ingredi

2647 1310 2795 1353 cum
2842 1288 3140 1354 sordibus
3184 1289 3649 1364 sanctuarium,
3713 1289 3991 1371 capitale
4036 1297 4210 1353 erat:
4269 1291 4418 1373 quia
4460 1291 4561 1358 1100

2647 1372 2840 1439 1110ἀο
2888 1377 3213 1457 permixta
3260 1376 3538 1443 fuissent
3580 1394 3768 1439 sacra
3813 1376 4125 1457 profanis:
4194 1375 4326 1439 imo
4380 1376 4562 1459 polln-

2648 1475 2791 1524 tum
2837 1461 3071 1526 fuisset
3115 1461 3321 1524 altare
3365 1480 3515 1525 cum
3551 1469 3689 1524 toto
3729 1459 3855 1526 Dei
3898 1461 4099 1527 cultu.
4160 1461 4408 1526 Verum
4447 1463 4562 1544 qui-

2648 1545 2797 1610 dem
2862 1558 2961 1611 est
3028 1547 3194 1611 levis
3260 1546 3576 1610 momenti
3644 1546 3849 1611 fuisse
3914 1556 4164 1613 tactum
4235 1547 4564 1625 cadaveris,

2649 1654 2769 1697 neo
2812 1653 2931 1714 pro
2976 1632 3222 1698 scelere
3264 1631 3547 1697 nefando
3591 1632 3790 1697 fuisse
3852 1633 4255 1698 habendum:
4316 1633 4424 1698 sed
4478 1634 4565 1699 hic

2648 1729 2925 1783 externa
2968 1717 3416 1782 immundities
3451 1739 3569 1800 per
3604 1738 3675 1782 80
3706 1740 3835 1784 0011
3878 1729 4217 1801 reputatur
4251 1740 4327 1784 ac
4360 1722 4413 1784 si
4446 1720 4567 1784 labe

2648 1826 2733 1868 ex
2786 1807 2888 1885 pio
2947 1804 3161 1870 officio
3216 1814 3551 1870 contracta
3607 1803 3897 1870 offensus
3950 1814 4124 1870 esset
4167 1805 4383 1869 Deus:
4435 1805 4569 1886 quin

2649 1891 2866 1973 potius
2909 1891 3060 1954 finis
3103 1889 3550 1954 caeremoniae
3594 1889 3993 1970 spectandus
4036 1901 4152 1969 est,
4198 1889 4369 1972 quod
4407 1889 4570 1956 Deus

2650 1976 2893 2040 talibus
2937 1975 3327 2040 rudimentis
3360 1974 3700 2040 Israelitas
3736 1987 4051 2058 tanquam
4088 1996 4327 2058 pueros
4369 1976 4572 2041 docere

2651 2061 2874 2139 voluit,
2921 2061 2978 2127 si
3023 2063 3167 2145 quis
3210 2062 3504 2126 inficeret
3546 2082 3733 2125 sacra
3777 2063 3917 2127 suis
3956 2061 4277 2140 sordibus,
4328 2063 4573 2127 minime

2649 2149 2721 2213 in
2786 2146 2909 2213 hac
2974 2147 3249 2213 audacia
3311 2167 3456 2212 esse
3523 2146 3956 2212 tolerandum.
4064 2146 4147 2212 In
4212 2147 4341 2213 1100
4395 2149 4575 2230 igitur

2649 2236 2777 2300 sita
2820 2235 2947 2298 fuit
2989 2233 3248 2316 religio,
3307 2232 3561 2299 cultum
3610 2234 3731 2297 Dei
3775 2234 3987 2317 inagis
4029 2255 4173 2299 0880
4218 2234 4574 2317 pretiosum,

2649 2340 2844 2403 quam
2892 2330 2964 2383 ut
3004 2340 3157 2384 eum
3200 2320 3471 2402 impune
3513 2319 3946 2385 contaminari
3999 2320 4296 2385 sinerent
4337 2319 4577 2385 Israeli·

2650 2419 2775 2471 tae.
2883 2405 3077 2472 Unde
3132 2404 3505 2488 colligimus
3555 2404 3897 2488 sacrilegio
3967 2405 4333 2489 irrogatam
4403 2406 4579 2469 fuisse

2650 2512 2947 2576 poenam.
2994 2491 3274 2557 Summa
3319 2491 3446 2556 huc
3491 2489 3679 2565 redit,
3728 2492 3946 2556 Deum
3991 2511 4122 2555 non
4151 2494 4277 2556 rite
4313 2490 4435 2557 coli
4469 2490 4579 2555 nisi

2649 2578 2846 2644 corde
2889 2579 3142 2642 sincero
3185 2589 3253 2641 et
3294 2577 3478 2660 puris
3517 2577 3848 2643 manibus:
3892 2576 3950 2641 si
3985 2575 4145 2659 quid
4180 2589 4400 2642 autem
4435 2576 4580 2641 labis

2651 2675 3055 2731 contractum
3123 2663 3250 2740 sit,
3318 2665 3692 2745 expiatione
3756 2684 3921 2746 opus
3985 2683 4168 2741 0880,
4252 2678 4581 2744 antequam

2654 2751 2817 2815 liber
2860 2749 2942 2814 ad
2988 2768 3174 2815 sacra
3217 2768 3516 2814 accessus
3561 2759 3801 2831 pateat.
3865 2748 4246 2814 Notandum
4290 2770 4447 2814 vero
4479 2754 4580 2825 081,

2651 2836 2862 2920 quoad
2920 2844 3323 2914 contactum,
3385 2855 3608 2918 parem
3675 2835 3877 2900 fuisse
3920 2835 4279 2913 rationem,
4335 2835 4474 2901 sive
4522 2832 4584 2897 in

2654 2944 2812 3005 agro
2862 2922 3103 2987 iaceret
3146 2920 3443 2998 cadaver,
3490 2921 3631 2985 sive
3676 2920 3870 2985 domi.
3959 2918 4212 2985 Verum
4260 2921 4319 2984 si
4356 2920 4497 3004 quis
4528 2920 4584 2983 in

2655 3007 3074 3074 tabernaculo
3132 3014 3306 3073 esset
3363 3018 3694 3086 mortuus,
3754 3006 3892 3071 solo
3948 3006 4252 3091 ingressu
4308 3004 4587 3070 homines

2656 3095 2862 3161 fuisse
2899 3094 3199 3178 pollutos,
3243 3092 3546 3158 similiter
3567 3114 3730 3159 vasa
3764 3113 3930 3176 quae
3963 3093 4272 3176 operculo
4306 3097 4587 3158 carerent

2661 3182 2863 3247 fuisse
2911 3181 3172 3260 polluta.

2839 3266 2943 3331 22.
2989 3266 3078 3330 Et
3129 3264 3435 3346 quidquid
3484 3264 3750 3342 tetinerit
3803 3265 4186 3332 immundus.
4281 3263 4416 3330 Alii
4457 3282 4586 3328 ver·

2657 3364 2834 3417 tunt:
2881 3351 3197 3433 Quisquis
3235 3352 3527 3434 tetigerit
3558 3349 3994 3430 immundum,
4041 3349 4426 3415 immundus
4459 3348 4584 3412 erit

2657 3439 2825 3504 Nam
2870 3458 3071 3522 quum
3119 3436 3405 3502 Hebraei
3449 3447 3684 3500 neutro
3729 3457 3971 3520 genere
4025 3450 4325 3514 careant,
4394 3439 4589 3518 potest

2655 3525 3009 3590 relativum
3078 3535 3234 3591 ww&
3299 3533 3365 3586 et
3431 3542 3668 3586 nomen
3725 3534 3918 3590 &omn
3974 3531 4112 3586 tam
4168 3520 4588 3587 masculinum

2656 3629 2851 3694 quam
2911 3620 3217 3673 neutrum
3275 3627 3451 3673 esse:
3512 3616 3580 3672 et
3638 3615 3912 3689 uterque
3969 3629 4198 3672 sensus
4260 3628 4398 3673 non
4439 3602 4589 3669 male

2656 3695 3036 3763 conveniet:
3101 3696 3223 3758 nisi
3279 3693 3447 3776 quod
3509 3715 3594 3757 ex
3651 3693 3941 3758 secundo
3999 3694 4297 3759 membro
4362 3688 4590 3772 colligi-

2658 3804 2821 3856 mus,
2868 3781 3081 3863 potius
3115 3779 3197 3845 de
3231 3781 3618 3864 contagione
3653 3780 3760 3843 hio
3795 3781 4079 3855 tractari,
4119 3800 4250 3862 qua
4288 3772 4591 3843 immundi

2658 3881 2794 3934 tam
2864 3866 3166 3932 homines
3231 3885 3428 3947 quam
3499 3876 3712 3930 vestes
3788 3876 3856 3930 et
3902 3865 4150 3948 reliqua
4219 3885 4382 3932 vasa
4464 3860 4592 3925 infi-

2657 3956 2861 4021 ciunt.
2953 3951 3177 4035 Neque
3237 3952 3414 4017 enim
3474 3951 3556 4017 ad
3612 3971 3958 4035 vesperam
4021 3972 4228 4034 usque
4285 3950 4593 4016 duntaxat

2658 4038 2981 4105 immundi
3023 4048 3214 4103 erant
3255 4037 3369 4120 qui
3414 4038 3770 4120 tetigerant
3804 4036 4104 4116 cadaver,
4147 4058 4315 4114 0888,
4365 4033 4464 4102 vel
4502 4051 4591 4097 80-

2659 4127 2988 4210 pulcrum,
3056 4123 3168 4188 sed
3212 4123 3364 4188 totis
3407 4135 3660 4205 septem
3705 4121 3955 4188 diebus.
4043 4121 4335 4188 Videtur
4392 4128 4593 4185 autem

2659 4211 2881 4277 addita
2926 4210 3125 4275 fuisse
3169 4210 3330 4275 11800
3374 4209 3690 4282 clausula,
3738 4229 3821 4273 ne
3863 4208 4225 4273 fremerent
4267 4205 4499 4272 Iudaei
4522 4201 4592 4267 ob
4692 4227 4699 4234 ·

2660 4318 2906 4382 poenae
2950 4297 3387 4362 atrocitatem:
3433 4295 3602 4378 quod
3646 4296 3825 4359 Deus
3867 4293 4017 4359 leve
4053 4294 4366 4360 delictum
4404 4297 4593 4357 morte

2660 4385 2990 4467 plecteret.
3107 4381 3255 4447 Η80
3320 4381 3526 4464 igitur
3596 4381 3852 4445 ratione
3919 4379 4330 4446 demonstrat
4397 4378 4593 4443 Moses

2658 4480 2905 4553 quanto
2964 4477 3148 4533 reatu
3203 4488 3275 4533 se
3318 4469 3727 4550 obstringant
3787 4466 3897 4549 qui
3941 4466 4267 4531 immundi
4313 4480 4591 4548 perrum-

2657 4567 2826 4639 punt
2869 4554 2952 4620 ad
2998 4553 3464 4630 sanctuarium,
3525 4552 3678 4636 quia
3723 4552 3849 4616 Dei
3893 4552 4343 4629 sanctitatem,
4401 4568 4591 4633 quan·

2658 4654 2802 4707 tum
2846 4643 2913 4706 in
2958 4661 3031 4705 se
3073 4653 3194 4716 est,
3240 4660 3369 4703 non
3414 4640 3557 4705 sine
3603 4636 3995 4703 intolerabili
4031 4637 4433 4703 contumelia
4466 4630 4590 4716 pol-

2658 4728 2871 4793 luunt.
2931 4729 3150 4809 Atque
3196 4725 3352 4790 hinc
3396 4725 3657 4791 videtur
3700 4736 3964 4806 sumpta
4005 4723 4208 4789 fuisse
4254 4727 4591 4808 prophetae

2655 4814 3052 4897 obiurgatio,
3108 4811 3218 4877 ubi
3279 4811 3544 4876 Iudaeis
3599 4809 3981 4892 exprobrat,
4043 4832 4153 4876 008
4199 4810 4371 4874 nihil
4428 4799 4591 4870 aliud

2655 4920 2851 4984 quam
2881 4898 3144 4963 foedare
3188 4897 3436 4962 cultum
3466 4898 3591 4961 Dei
3636 4897 3771 4962 suis
3814 4896 4151 4962 sacrificiis
4176 4894 4240 4983 ¹).
4290 4887 4592 4986 Proponit

2655 4988 2831 5052 enim
2901 4986 3070 5050 hanc
3134 4982 3581 5066 quaestionem
3644 4981 4122 5047 sacerdotibus:
4235 4981 4315 5047 si
4383 4978 4590 5072 tulerit

2659 5073 2851 5137 homo
2880 5091 3144 5137 carnem
3177 5080 3473 5134 sanctam
3516 5069 3587 5132 in
3610 5088 3727 5133 ora
3753 5070 3951 5133 vestis
3996 5087 4172 5145 suae,
4217 5079 4286 5133 et
4317 5065 4592 5148 tetigerit

2829 5275 2886 5344 1)
2929 5274 3219 5329 Editiones
3254 5278 3331 5327 αα
3366 5274 3510 5328 hunc
3545 5272 3722 5329 locum
3759 5272 3993 5327 laudant
4031 5273 4174 5328 Mal.
4206 5271 4265 5339 2,
4324 5271 4422 5326 ubi
4463 5261 4591 5321 nana

2657 5345 2764 5399 tale
2798 5345 3009 5413 leqitur.
3083 5343 3296 5398 Anudit
3327 5349 3494 5399 autor
3529 5343 3605 5397 ad
3644 5342 3821 5413 Hayq.
3858 5341 3910 5413 2,
3950 5342 4020 5397 10
4055 5358 4134 5412 sq.
