4867 6150
322 434 439 499 461

321 624 496 688 hunc
539 624 967 704 posteriorem
1011 646 1276 691 sensum
1336 624 1719 708 amplector:
1778 626 2082 710 quamvis
2136 645 2270 691 non

321 705 661 791 displiceat
702 710 902 774 etiam
947 711 1210 794 propria
1254 709 1666 794 significatio

485 794 589 860 27.
626 792 718 860 Et
738 800 972 878 ponent
1003 816 1220 861 nomen
1254 817 1479 862 meum.
1546 798 1757 863 Recte
1778 795 2040 880 quidem
2066 796 2272 861 vertit

316 880 794 965 Hieronymus:
841 880 1259 948 Invocabunt
1301 903 1569 948 nomen:
1631 882 1747 949 sed
1805 881 1958 965 quia
2000 880 2270 965 empha-

315 966 445 1031 tica
479 975 583 1032 est
621 967 926 1033 hebraica
961 968 1273 1051 loquutio,
1311 989 1460 1033 eam
1497 970 1781 1035 retinere
1804 968 2026 1034 malui.
2090 968 2268 1033 Nam

313 1052 500 1119 Deus
542 1074 784 1118 nomen
828 1075 1018 1119 suum
1065 1054 1239 1137 apud
1297 1054 1666 1121 sacerdotes
1724 1054 2024 1139 deponit,
2081 1065 2152 1120 ut
2199 1056 2269 1119 in

314 1138 607 1205 medium
652 1139 943 1223 quotidie
987 1144 1324 1222 proferant
1366 1148 1685 1224 tanquam
1742 1140 2266 1218 benevolentiae,

313 1233 380 1289 et
413 1245 580 1307 quae
622 1224 779 1290 inde
824 1226 1034 1291 oritur
1078 1226 1332 1305 salutis,
1379 1227 1641 1311 pignus.
1677 1227 1881 1303 „Nam
1920 1227 2267 1311 promissio

312 1331 486 1394 quae
529 1311 795 1376 tandem
843 1312 1222 1390 subiicitur,
1282 1315 1631 1379 confirmat
1673 1335 1805 1378 non
1849 1314 2120 1379 inanem
2161 1312 2269 1379 vel

307 1396 570 1462 irritam
617 1398 818 1463 fuisse
860 1397 1029 1464 hanc
1072 1400 1584 1477 caeremoniam,
1636 1399 1749 1465 ubi
1794 1420 1863 1464 se
1908 1399 2151 1483 populo
2195 1421 2268 1464 re

307 1483 455 1566 ipsa
501 1483 998 1550 benedicturum
1036 1484 1345 1550 affirmat.
1413 1487 1632 1568 Atque
1677 1485 1834 1550 hinc
1876 1486 2267 1570 colligimus,

309 1568 628 1653 quidquid
679 1580 1008 1654 peragunt
1065 1570 1375 1637 ecclesiae
1430 1572 1722 1636 ministri
1782 1594 1865 1636 ex
1909 1570 2041 1636 Dei
2084 1592 2271 1636 man-

310 1655 500 1736 dato,
571 1676 724 1721 vero
785 1665 851 1721 et
901 1654 1108 1722 solido
1175 1657 1414 1722 effectu
1475 1658 1696 1740 ipsum
1762 1657 2048 1723 sancire:
2116 1658 2272 1740 quia

306 1741 485 1807 nihil
538 1764 657 1826 per
712 1742 1049 1807 ministros
1108 1743 1506 1824 pronunciat
1564 1743 1734 1827 quod
1791 1764 1926 1808 non
1983 1751 2273 1826 praestet

311 1835 516 1911 atque
558 1828 832 1911 impleat
876 1829 1149 1911 spiritus
1195 1830 1296 1893 sui
1357 1831 1623 1895 virtute.
1714 1828 1850 1895 Sed
1908 1829 2271 1894 notandum

307 1923 410 1980 est
455 1915 553 1980 ita
596 1914 1027 1980 benedicendi
1063 1935 1305 1979 munus
1350 1915 1434 1981 ad
1477 1915 1847 1981 sacerdotes
1892 1916 2271 1994 transferre,

311 2008 390 2066 ut
434 2002 542 2066 ins
584 2000 717 2065 illis
763 2020 954 2065 suum
1001 2021 1136 2065 non
1190 2000 1511 2085 resignet:
1558 2003 1714 2085 quia
1756 2009 2103 2086 postquam
2149 2004 2273 2066 mi-

310 2087 661 2152 nisterium
706 2086 840 2151 illis
882 2086 1242 2165 mandavit,
1285 2086 1414 2153 sibi
1457 2089 1570 2153 uni
1615 2088 1827 2172 ipsam
1872 2088 1971 2153 rei
2015 2087 2271 2153 exhibi-

307 2172 562 2240 tionem
608 2172 930 2239 vendicat.

849 2463 982 2531 EX
1024 2465 1379 2532 NUMER.
1425 2461 1726 2529 XXXV.

487 2602 546 2668 1.
593 2601 683 2668 Et
723 2603 1018 2685 loonutus
1061 2608 1154 2667 est
1194 2601 1426 2668 Iehova
1469 2602 1542 2667 in
1580 2601 2031 2683 oanopestribus
2075 2601 2271 2669 Moab

298 2691 499 2755 iuxta
543 2688 884 2755 Iordanem
934 2688 1209 2769 Iericho,
1263 2688 1545 2754 dicendo.-
1631 2688 1691 2753 2.
1753 2686 2061 2771 Praecipe
2108 2689 2271 2771 filiis

298 2775 524 2841 Israel
565 2780 636 2840 ut
676 2776 823 2840 dent
843 2774 1087 2841 Levitis
1118 2776 1194 2842 de
1236 2774 1614 2840 haereditate
1644 2775 2071 2855 possessionis
2111 2795 2270 2841 suae

296 2860 489 2927 urbes
535 2861 621 2926 ad
661 2859 1072 2926 habitandam
1086 2912 1101 2940 ‚
1145 2866 1204 2926 et
1243 2859 1603 2927 suburbana
1657 2859 1913 2924 urbiam
1953 2861 2264 2941 ipsarum,

286 2967 414 3029 per
449 2947 761 3013 circuitus
795 2968 1016 3013 earum
1049 2947 1284 3013 dabitis
1315 2947 1480 3028 ipsis
1502 2945 1760 3012 Levitis.
1828 2945 1888 3011 3.
1936 2946 2269 3030 Eruntque

297 3034 497 3101 urbes
555 3033 692 3099 illis
749 3034 836 3100 ad
899 3032 1348 3101 habitandum.-
1411 3031 1777 3099 suburbana
1840 3053 1983 3099 vero
2047 3054 2268 3100 earum

296 3125 494 3187 crunt
534 3120 919 3186 animalibus
953 3142 1202 3187 eorum:
1245 3126 1301 3186 et
1340 3119 1726 3185 substantiae
1768 3139 1998 3197 eorum,
2044 3126 2101 3186 et
2143 3141 2269 3189 om-

295 3207 494 3272 nibus
530 3206 742 3272 bestiis
776 3227 1006 3273 eorum,
1073 3206 1134 3272 4.
1182 3206 1274 3272 Et
1305 3205 1709 3272 surburbana
1749 3204 2005 3270 urbium
2048 3228 2265 3273 earum

293 3313 464 3375 quas
528 3291 762 3358 dabitis
819 3293 1059 3359 Levitis
1074 3344 1089 3373 ,
1148 3315 1191 3360 a
1235 3293 1484 3375 pariete
1539 3291 1719 3358 urbis
1734 3344 1750 3370 ,
1794 3296 1852 3356 et
1890 3291 2262 3373 forinseca-9,

293 3379 476 3444 mille
542 3379 884 3444 cubitorum
939 3384 1123 3444 erant
1165 3399 1291 3462 per
1342 3378 1690 3444 circuitum.
1794 3376 1855 3443 5.
1920 3377 2266 3446 Praeterea

292 3466 649 3531 metiemini
702 3471 883 3530 embra
937 3464 1152 3531 urbem
1192 3486 1235 3531 a
1280 3463 1479 3547 playa
1533 3464 1823 3530 orientali
1876 3463 2000 3529 duo
2055 3465 2266 3531 millia

291 3551 670 3631 cubitorum
708 3556 767 3616 et
798 3571 841 3616 a
868 3550 1066 3635 playa
1100 3550 1461 3616 meridiana
1495 3550 1620 3615 duo
1656 3550 1865 3616 millia
1899 3549 2265 3632 cubitorum,

291 3642 351 3703 et
384 3659 433 3704 a
465 3638 676 3721 playa
718 3637 1080 3703 occidentali
1112 3638 1237 3704 duo
1271 3635 1478 3701 millia
1511 3636 1872 3715 cubitorum,
1908 3641 1964 3701 et
1997 3659 2039 3701 a
2061 3637 2265 3722 playa

294 3723 678 3806 aquilonari
718 3724 843 3788 duo
884 3722 1095 3789 millia
1135 3723 1514 3790 cubitorum.-
1557 3728 1613 3788 et
1653 3721 1806 3787 urbs
1846 3722 1994 3802 ipsa
2032 3725 2151 3789 erit
2193 3726 2265 3788 in

290 3811 545 3876 medio.-
602 3810 732 3876 ista
786 3830 1087 3875 mensura
1143 3812 1262 3876 erit
1314 3809 1408 3874 eis
1448 3808 1946 3874 suburbanorum
1987 3808 2261 3876 urbium.

291 3897 354 3961 6.
403 3896 519 3962 De
559 3895 821 3960 urbibus
861 3900 1070 3962 antem
1112 3916 1274 3978 quas
1315 3894 1548 3961 dabitis
1590 3895 1865 3972 Levitis,
1921 3901 2103 3960 erum
2154 3916 2266 3962 sex

291 3982 494 4048 nrbes
536 3981 800 4065 refuqii‚
858 4002 1020 4063 quas
1072 3981 1305 4047 dabitis
1347 3985 1418 4046 at
1456 3980 1668 4066 fugiat
1712 3980 1863 4046 illuc
1919 3980 2267 4048 homicida:

291 4074 352 4133 et
424 4072 689 4150 praeter
762 4067 916 4133 illas
992 4066 1228 4134 dabitis
1304 4067 1731 4151 quadraqinta
1813 4066 1978 4133 duas
2062 4068 2264 4134 urbes.

295 4154 359 4219 7.
418 4153 654 4220 Omnes
694 4153 878 4220 urbes
919 4174 1085 4253 qaas
1136 4154 1371 4221 dabitis
1416 4152 1691 4233 Levitis,
1746 4158 1927 4218 erunt
1989 4155 2266 4235 quadra·

286 4238 911 4408 ξ”ιὲιίῗῖὤίῗὲ
943 4260 1179 4392 ἆέἔὲἕ.
1209 4244 1287 4392 ἕ.
1306 4238 1702 4424 mitt.
1723 4239 2263 4424 ‘J'i‘z'mmmdfflssi

288 4412 375 4478 ab
421 4434 499 4479 eo
542 4417 658 4494 qui
691 4411 912 4498 plwres
952 4411 1267 4491 habuerit,
1303 4412 1524 4495 plures
1567 4415 1921 4494 accipietis:
1977 4416 2033 4475 et
2075 4411 2154 4476 ab
2197 4433 2266 4478 eo

287 4501 413 4582 qui
447 4499 818 4582 pauciores,
854 4499 1192 4579 pauciores
1231 4496 1530 4581 capietis:
1570 4497 1811 4580 sinyubi
1842 4516 1969 4577 pro
2010 4500 2265 4580 quanti-

283 4591 424 4651 tate
485 4584 904 4666 possessionis
956 4604 1110 4650 suae
1164 4604 1357 4668 quam
1400 4584 1825 4664 possederint,
1893 4582 2132 4651 dabunt
2187 4605 2265 4650 ex

283 4671 570 4737 urbibus
608 4670 752 4736 suis
794 4669 1052 4737 Levitis.

485 4842 544 4907 1.
593 4839 685 4907 Et
726 4842 1020 4926 loqaidns
1061 4850 1149 4911 esi
1185 4843 1436 4910 Iehova.
1507 4842 1831 4923 Quamvis
1867 4840 2055 4907 nulla
2089 4853 2265 4909 esset

285 4928 686 4996 haereditas
748 4929 950 4996 tribui
1007 4931 1213 5009 Levi,
1276 4930 1490 4996 locum
1556 4939 1779 4994 tamen
1840 4927 2264 4996 habitationis

284 5016 636 5100 assignari
679 5018 989 5098 oportuit.
1078 5016 1357 5082 Fundus
1400 5036 1708 5100 agrorum
1753 5014 2013 5081 Levitis
2073 5015 2264 5083 datus

283 5124 439 5168 non
493 5110 596 5166 est
638 5101 752 5167 ubi
795 5110 1093 5167 sererent
1138 5110 1252 5167 aut
1296 5114 1645 5168 meterent:
1707 5103 1819 5167 sed
1880 5121 2264 5184 compensa-

285 5187 512 5254 tionis
555 5186 696 5254 loco
732 5187 1006 5254 fuerunt
1042 5188 1333 5253 decimae
1367 5191 1540 5254 iusta
1576 5190 1784 5271 portio
1830 5190 2064 5268 victus,
2109 5187 2263 5253 sub-

286 5274 530 5341 ductis
572 5275 771 5340 etiam
815 5274 1085 5340 decimis
1129 5297 1293 5357 quae
1337 5275 1635 5340 solebant
1687 5276 1941 5359 erogari
1987 5274 2054 5339 in
2098 5296 2262 5358 pau-

281 5381 523 5445 peres.
611 5360 807 5427 Nunc
852 5369 1073 5427 autem
1119 5360 1251 5427 illis
1295 5359 1505 5444 quoad
1551 5360 1949 5427 domicilium
2002 5363 2260 5445 prospi-

1719 435 2231 504 SECUNDUM
2274 434 2926 502 PRAEGEPTUM.

4197 444 4337 509 462

2375 625 2578 691 citur:
2625 625 2741 690 ubi
2778 626 3129 713 diligenter
3163 625 3647 693 observandum
3685 636 3805 707 est,
3844 629 3938 695 sic
3970 649 4090 714 per
4125 638 4326 696 totam

2375 720 2620 776 terram
2667 712 2993 791 distribui,
3039 721 3115 777 ut
3158 712 3297 778 sint
3339 714 3525 796 quasi
3572 714 3868 798 dispositi
3910 715 4209 782 custodes
4243 716 4328 782 ad

2373 798 2900 866 conservandum
2945 798 3075 867 Dei
3119 798 3405 877 cultum,
3465 820 3551 864 ne
3611 821 3742 883 qua
3785 802 4055 884 obrepat
4097 823 4328 887 super-

2372 883 2580 962 stitio,
2662 886 2767 951 vel
2833 885 3118 971 populus
3182 886 3254 950 in
3320 906 3614 950 crassum
3678 887 3806 951 Dei
3880 897 4333 971 contemptum

2371 969 2648 1036 labatur.
2752 971 3018 1040 Scimus
3076 971 3254 1036 enim
3313 970 3631 1037 divinitus
3675 993 3816 1038 esse
3859 973 4131 1040 electos:
4190 996 4331 1040 non

2371 1065 2627 1121 tantum
2665 1066 2739 1122 ut
2772 1058 3200 1124 caeremoniis
3237 1056 3469 1122 darent
3503 1078 3789 1141 operam,
3833 1059 3946 1124 sed
3990 1069 4066 1125 ut
4108 1068 4329 1126 essent

2370 1141 2537 1227 legis
2580 1143 3006 1229 interpretes,
3077 1143 3160 1208 ad
3203 1142 3559 1209 fovendam
3602 1145 3673 1209 in
3717 1144 3960 1229 populo
4003 1147 4327 1212 sinceram

2370 1229 2704 1310 pietatem.
2771 1231 2916 1297 Iam
2954 1231 3021 1295 si·
3047 1249 3287 1318 omnes·
3310 1229 3509 1294 simul
3543 1231 3612 1293 in
3649 1252 3783 1296 una
3815 1232 4098 1297 statione
4130 1232 4329 1298 locati

2369 1316 2586 1380 forent
2628 1316 2993 1398 periculum
3040 1324 3200 1393 erat,
3247 1336 3331 1379 ne
3372 1316 3442 1379 in
3488 1323 3627 1380 tota
3671 1326 3847 1381 terra
3888 1318 4114 1382 statim
4161 1319 4327 1403 legis

2373 1401 2671 1467 doctrina
2713 1404 2785 1467 in
2841 1402 3242 1468 oblivionem
3302 1401 3589 1466 veniret:
3651 1411 3844 1485 atque
3900 1404 3993 1468 ita
4037 1404 4327 1487 reliquae

2373 1487 2586 1552 tribus
2631 1491 3182 1570 profanescerent.
3272 1486 3495 1568 Quare
3540 1486 3650 1553 hic
3704 1491 3941 1553 enituit
3994 1489 4326 1572 incompa-

2372 1571 2601 1638 rabilis
2659 1573 2791 1640 Dei
2845 1575 3134 1649 bonitas,
3198 1572 3355 1637 dum
3414 1594 3625 1656 poena
3685 1576 3871 1657 quasi
3930 1575 4001 1639 in
4058 1576 4324 1643 virtutis

2373 1660 2771 1742 praemium,
2833 1670 2900 1727 et
2932 1659 3301 1743 ignominia
3344 1660 3412 1723 in
3458 1659 3773 1725 honorem
3819 1681 4135 1727 conversa
4174 1662 4321 1727 fuit.

2372 1745 2560 1812 Haec
2605 1748 2780 1812 enim
2827 1746 3166 1829 dissipatio
3211 1745 3506 1810 leviticae
3553 1746 3765 1811 tribus
3810 1743 4145 1831 praedicta
4188 1750 4325 1814 fue-

2373 1842 2480 1897 rat
2515 1853 2553 1897 a
2588 1841 2813 1900 sancto
2850 1832 3224 1916 patriarcha
3260 1830 3473 1909 Iacob,
3520 1833 3887 1923 ut‘posteri
3919 1834 3993 1897 in
4029 1853 4105 1898 ea
4151 1842 4345 1900 terra-

2374 1916 2651 2001 dispersi
2698 1929 2935 1998 essent,
2981 1939 3180 2002 quam
3224 1918 3441 1982 autor·
3462 1918 3723 2001 generis
3748 1919 3915 1984 Levi
3962 1918 4327 1985 detestabili

2373 2004 2589 2081 caede,
2636 2014 2704 2070 et
2745 2006 3064 2073 scelerata
3108 2004 3382 2086 perfidia
3432 2003 3773 2087 polluerat.
3864 2005 4129 2071 Eventu
4178 2028 4324 2089 pro-

2375 2090 2555 2156 bavit
2577 2091 2763 2157 Deus
2796 2092 2864 2157 id
2900 2090 3234 2156 oraculum
3273 2111 3312 2153 a
3349 2110 3419 2156 se
3453 2089 3838 2173 profectum,
3884 2112 4018 2155 non
4061 2091 4324 2157 irritum

2375 2177 2712 2244 excidisse.
2810 2172 3079 2242 Interea
3137 2198 3337 2259 quum
3400 2176 3630 2241 merito
3688 2177 3759 2241 in
3817 2175 4080 2260 signum
4136 2177 4327 2242 dede-

2374 2263 2545 2329 coris
2589 2263 2720 2330 huc
2763 2274 2828 2329 et
2871 2264 3031 2328 illuc
3076 2260 3411 2346 relegandi
3458 2270 3679 2327 essent
3700 2261 3999 2342 Levitae,
4045 2263 4326 2347 singulis

2374 2357 2590 2415 terrae
2658 2351 2955 2433 partibus
3017 2349 3290 2413 fuerunt
3356 2348 3693 2431 praefecti,
3753 2356 3830 2412 ut
3887 2349 4047 2414 alias
4113 2350 4326 2416 tribus

2373 2437 2738 2501 retinerent
2779 2435 2900 2502 sub
2944 2435 3108 2519 legis
3153 2436 3327 2519 iugo,
3417 2433 3561 2499 Iam
3607 2432 3977 2500 admirabili
4016 2435 4144 2500 Dei
4178 2457 4328 2520 pro-

2374 2521 2667 2588 videntia
2746 2523 2960 2606 potius
3040 2521 3237 2588 locati
3300 2528 3455 2586 sunt
3518 2521 3588 2584 in
3654 2522 3934 2604 propriis
4000 2528 4068 2585 et
4128 2522 4326 2588 certis

2375 2607 2673 2686 sedibus,
2734 2629 2929 2691 quam
2992 2608 3145 2672 data
3202 2605 3474 2672 libertas
3531 2614 3609 2671 ut
3659 2608 4028 2689 promiscue
4073 2608 4325 2690 reliquo

2374 2694 2616 2777 populo
2673 2717 2744 2761 se
2802 2695 3171 2760 miscerent.
3258 2692 3474 2759 Urbes
3518 2693 3691 2757 enim
3752 2714 3916 2776 quas
3958 2691 4093 2757 illis
4136 2692 4324 2759 Deus

2376 2780 2698 2859 attribuit,
2745 2780 3017 2845 totidem
3061 2780 3333 2845 fuerunt
3380 2777 3659 2857 scholae,
3706 2778 3817 2844 ubi
3863 2799 3933 2843 se
3976 2778 4215 2845 melius
4259 2788 4325 2845 et

2373 2866 2645 2932 liberius
2705 2874 3089 2950 exercerent
3139 2866 3210 2930 in
3256 2865 3403 2948 lege
3448 2862 3784 2930 discenda:
3846 2885 4042 2947 seque
4082 2867 4323 2930 forma-

2372 2963 2524 3018 rent
2567 2953 2650 3019 ad
2694 2952 3068 3018 obeundum
3104 2950 3376 3016 docendi
3413 2970 3674 3015 munus.
3762 2949 3932 3014 Nam
3980 2950 4036 3014 si
4079 2951 4321 3033 passim

2373 3039 2788 3106 habitassent
2852 3059 3000 3105 cum
3071 3038 3305 3123 vulgo,
3373 3036 3659 3120 proclive
3724 3046 3868 3102 erat
3920 3047 4059 3101 tum
4112 3038 4323 3104 multa

2373 3127 2535 3192 vitia
2578 3124 2997 3202 contrahere,
3050 3133 3189 3189 tum
3234 3125 3574 3207 negligere
3617 3122 3908 3188 studium
3952 3123 4136 3206 legis.
4227 3125 4323 3190 At

2369 3234 2573 3295 quum
2629 3212 2701 3276 in
2768 3219 2980 3278 certas
3043 3211 3284 3276 classes
3347 3222 3567 3275 essent
3621 3208 3907 3288 collecti,
3962 3210 4111 3273 talis
4168 3229 4322 3275 con-

2367 3299 2614 3363 iunctio
2657 3318 2771 3364 eos
2815 3296 3159 3363 admonuit
3202 3318 3241 3360 a
3284 3293 3473 3379 plebe
3518 3316 3660 3361 esse
3703 3292 4081 3373 disiunctos,
4131 3304 4205 3361 ut
4249 3316 4321 3362 se

2366 3384 2631 3468 penitus
2674 3384 2817 3450 Deo
2875 3367 3273 3448 addicerent.
3364 3380 3554 3447 Adde
3612 3379 3785 3465 quod
3840 3401 4066 3445 eorum
4125 3381 4321 3448 urbes

2366 3471 2638 3536 fuerunt
2702 3471 2890 3553 quasi
2955 3468 3263 3534 lucernae
3334 3487 3500 3551 quae
3566 3467 3650 3532 ad
3714 3475 4043 3533 extremos
4110 3489 4320 3550 usque

2366 3556 2645 3641 angulos
2709 3556 3058 3640 fulgerent.
3162 3555 3376 3620 Erant
3430 3574 3587 3637 ergo
3644 3561 3956 3636 tanquam
4014 3553 4319 3619 claustris

2365 3643 2626 3720 muniti,
2653 3664 2739 3708 nc
2768 3651 2905 3707 tam
2939 3640 3126 3706 facile
3151 3638 3232 3706 ad
3257 3661 3366 3705 eos
3388 3647 3815 3723 penetrarent
3839 3640 4145 3723 vulgares
4177 3660 4320 3706 cor-

2365 3728 2683 3812 ruptelae.
2772 3727 2931 3812 Ipsa
2990 3745 3247 3810 quoque
3305 3725 3615 3792 sodalitas
3662 3725 4005 3791 stimulare
4049 3745 4161 3791 eos
4207 3725 4320 3791 de-

2367 3815 2538 3896 buit,
2598 3828 2670 3880 ut
2724 3814 2839 3880 alii
2893 3814 3054 3878 alios
3114 3821 3344 3878 mutuo
3400 3812 3484 3877 ad
3530 3812 4033 3890 continentiam,
4101 3832 4320 3877 mores

2364 3901 2697 3978 honestos,
2743 3908 2811 3967 et
2844 3899 3130 3982 pudicos,
3168 3898 3676 3982 temperantiam
3713 3897 4002 3981 aliasque
4035 3898 4319 3963 virtutes

2364 3987 2497 4052 Dei
2541 3987 2751 4053 servis
2787 3985 3023 4069 dignas
3060 3985 3514 4050 hortarentur:
3560 3983 3734 4066 quod
3771 3985 3825 4049 si
3863 3983 3944 4048 ad
3982 3983 4315 4049 licentiam

2366 4074 2765 4152 diffluerent,
2809 4072 3031 4137 minus
3065 4069 3471 4136 excusabiles
3507 4070 3804 4136 fuissent.
3873 4069 4054 4154 Ergo
4089 4090 4318 4134 eorum

2365 4159 2565 4226 urbes
2624 4160 2811 4242 quasi
2868 4157 3169 4240 speculae
3229 4157 3525 4235 fuerunt,
3584 4156 3655 4219 in
3714 4155 3952 4238 quibus
4007 4154 4315 4221 excubias

2368 4253 2671 4331 agerent,
2743 4244 2824 4310 ad
2890 4244 3292 4327 impietatem
3361 4263 3398 4308 e
3460 4241 3703 4307 finibus
3768 4248 4036 4306 sanctae
4100 4249 4317 4306 terrae

2367 4332 2737 4397 arcendam.
2802 4329 2997 4394 Illinc
3032 4327 3272 4394 diffusa
3305 4329 3428 4393 fuit
3462 4327 3577 4393 lux
3621 4326 3920 4393 coelestis
3963 4325 4314 4410 doctrinae,

2366 4417 2551 4483 illinc
2602 4437 2907 4500 sparsum
2952 4417 3130 4482 vitae
3174 4435 3432 4493 semen,
3484 4413 3665 4478 illinc
3720 4413 4004 4495 petenda
4045 4412 4317 4479 fuerunt

2366 4512 2630 4570 sanctae
2674 4511 2740 4569 et
2781 4502 2993 4569 omnis
3037 4500 3439 4586 integritatis
3484 4499 3804 4582 exempla.

2538 4589 2600 4655 4.
2662 4588 2753 4654 Et
2805 4587 3170 4654 suburbana
3225 4586 3476 4651 urbium
3527 4605 3766 4650 earum.
3854 4584 3986 4650 Hic
4040 4593 4316 4669 apparet

2364 4676 2652 4742 varietas
2696 4697 2780 4741 ex
2824 4697 2955 4757 qua
2988 4676 3197 4739 oritur
3233 4672 3540 4755 quaesti0.
3609 4671 3837 4735 Primo
3872 4672 4046 4736 enim
4084 4671 4316 4737 definit

2364 4764 2587 4828 Moses
2609 4760 2920 4827 suburbia
2944 4760 3125 4825 mille
3148 4758 3385 4824 cubitis
3415 4756 3494 4822 ab
3516 4757 3697 4836 urbe,
3723 4777 3957 4823 versus
3991 4778 4312 4840 quemque

2363 4850 2754 4925 terminum,
2810 4855 3035 4929 postea
3081 4844 3342 4912 videtur
3387 4842 3741 4908 extendere
3784 4842 3868 4907 ad
3914 4843 4041 4909 duo
4085 4844 4308 4908 millia.

2363 4933 2651 5014 Quidam
2696 4933 2876 4998 hunc
2911 4931 3159 4998 nodum
3198 4932 3295 4995 ita
3328 4929 3703 5013 expediunt,
3737 4930 3881 4994 loca
3916 4928 4065 4993 urbi
4099 4928 4311 5010 magis

2361 5019 2612 5098 vicina,
2678 5019 2965 5103 tuguriis
3022 5026 3088 5083 et
3146 5017 3356 5082 hortis
3411 5016 3615 5081 fuisse
3675 5015 4018 5094 destinata.
4123 5015 4311 5080 Mille

2364 5114 2588 5171 autem
2630 5106 2872 5171 cubitis
2919 5124 3197 5170 vacuum
3240 5104 3441 5169 fuisse
3496 5106 3784 5186 spatium
3833 5101 4150 5166 armentis
4204 5102 4309 5166 vel

2363 5190 2673 5276 gregibus
2718 5191 3093 5275 pascendis:
3151 5188 3323 5273 quod
3382 5187 3692 5255 videntur
3733 5188 4006 5253 finxisse
4051 5195 4306 5252 tantum

2363 5288 2437 5342 ut
2480 5276 2889 5362 subterfugio
2934 5276 3279 5342 eluderent
3321 5275 3754 5341 obiectionem
3812 5275 4304 5357 repugnantiae.

2363 5365 2509 5447 Ego
2558 5385 2710 5428 vero
2756 5364 2970 5446 potius
3016 5363 3351 5440 existimo,
3395 5372 3739 5445 postquam
3786 5357 3965 5422 mille
4019 5360 4307 5443 undique
