4867 6150
550 420 687 487 495

555 608 669 674 sed
715 608 869 691 quia
912 627 997 670 ex
1039 603 1334 689 professo
1379 603 1459 669 de
1496 601 1834 668 sacrificiis
1878 603 2116 688 agitur,
2161 624 2283 668 nec
2323 623 2505 667 men-

557 696 651 759 tio
714 696 793 759 fit
857 692 1148 775 reliquae
1206 688 1715 767 observationis,
1783 690 1911 755 nisi
1977 689 2101 753 hac
2153 690 2505 767 occasione,

549 779 970 847 contexenda
1023 778 1150 842 fuit
1201 796 1350 843 cum
1409 775 1548 860 iugi
1606 775 1957 854 sacrificiO,
2008 785 2321 857 tanquam
2368 776 2510 840 eius

553 866 847 934 accessio
905 863 1017 929 vel
1076 884 1248 947 pars,
1361 860 1595 927 Obiter
1650 860 1913 944 quidem
1973 861 2242 944 attingit
2286 861 2510 926 Moses

558 952 731 1037 quod
789 959 940 1016 ante
1000 949 1300 1026 vidimus,
1352 956 1427 1013 ut
1470 947 1750 1032 populus
1793 955 2044 1030 septem
2090 945 2319 1013 diebus
2362 946 2511 1012 abs-

555 1041 768 1105 tineat
832 1058 872 1102 a
937 1036 1290 1112 fermento,
1363 1044 1792 1116 vescaturque
1869 1032 2153 1117 panibus
2233 1033 2507 1117 azymis.

555 1124 695 1191 Sed
752 1143 906 1189 mox
965 1120 1303 1187 descendit
1351 1119 1436 1185 ad
1477 1120 1913 1204 praecipuum
1957 1127 2188 1202 caput,
2242 1119 2323 1184 de
2383 1140 2510 1201 quo

558 1233 734 1277 nunc
776 1207 1063 1275 instituit
1106 1215 1416 1274 tractare:
1470 1215 1544 1270 ut
1585 1206 1870 1289 populus
1925 1206 1996 1269 in
2055 1204 2510 1271 holocaustum

559 1293 852 1362 immolet
900 1293 1062 1359 duos
1120 1296 1465 1369 iuvenem,
1524 1293 1796 1357 arietem
1855 1312 2082 1369 unum,
2143 1297 2210 1355 et
2258 1302 2509 1374 septem

562 1404 787 1466 agnos,
834 1401 968 1446 una
1010 1400 1162 1446 cum
1193 1378 1379 1446 hirco
1417 1379 1491 1442 in
1524 1378 1996 1461 expiationem:
2043 1385 2241 1460 atque
2277 1387 2350 1442 ut
2387 1377 2510 1443 hoc

559 1468 950 1536 sacrificium
1018 1466 1218 1531 iteret
1286 1485 1404 1547 per
1467 1474 1673 1529 totam
1735 1462 2230 1528 hebdomadam.
2356 1462 2510 1543 Quo

558 1558 781 1639 itaque
825 1553 1034 1618 maior
1079 1559 1251 1617 esset
1294 1550 1523 1634 religio
1567 1550 1936 1633 paschatis,
2003 1550 2144 1631 iugi
2190 1550 2509 1615 sacrificio

558 1642 979 1708 coniunctum
1014 1637 1143 1702 fuit
1177 1635 1301 1703 hoc
1335 1636 1944 1714 extraordinarium,
1991 1634 2232 1718 partim
2254 1648 2327 1700 ut
2369 1656 2511 1700 ma-

559 1727 663 1812 gis
703 1726 1136 1791 incitarentur
1179 1721 1263 1787 ad
1305 1744 1375 1788 se
1412 1721 1556 1787 Deo
1600 1722 1959 1788 vovendos:
2007 1721 2248 1803 partim
2286 1732 2362 1785 ut
2396 1742 2510 1805 ag-

560 1822 910 1878 noscerent
962 1829 1158 1894 quam
1213 1809 1628 1874 familiariter
1693 1807 2036 1893 amplexus
2101 1815 2278 1872 esset
2331 1808 2512 1890 ipsos

560 1902 629 1965 in
673 1899 979 1983 gratiam:
1040 1895 1200 1960 dum
1259 1916 1342 1960 ex
1389 1895 1684 1978 ipsorum
1727 1894 2038 1978 gregibus
2082 1902 2150 1958 et
2193 1894 2513 1958 armentis

562 1986 862 2052 victimas
919 1983 1238 2060 sumebat,
1297 2002 1380 2045 ex
1438 1982 1732 2064 ipsorum
1777 1981 1975 2045 etiam
2019 1978 2201 2045 cellis
2246 1989 2311 2044 et
2357 1979 2511 2043 hor-

561 2072 692 2137 reis
746 2068 1120 2153 postulabat
1178 2087 1437 2132 sacrum
1495 2066 1762 2149 epulum
1802 2065 1925 2131 sibi
1969 2065 2223 2150 parari:
2269 2065 2512 2148 partim

563 2179 716 2223 vero
761 2165 834 2221 ut
875 2177 945 2221 se
993 2175 1138 2219 reos
1181 2153 1412 2219 mortis
1446 2164 1752 2217 aeternae
1790 2150 2083 2234 professi,
2130 2150 2214 2215 ad
2249 2152 2515 2217 veniam

561 2242 911 2328 petendam
932 2239 1380 2323 confugerent,
1423 2248 1491 2303 et
1526 2238 1721 2302 simul
1755 2237 1919 2301 intel
1950 2238 1962 2251 ’
2016 2245 2203 2303 erent
2245 2239 2514 2303 unicum

561 2351 704 2396 esse
747 2326 1295 2393 reconciliationis
1354 2325 1619 2389 modum
1639 2374 1654 2400 ‚
1708 2345 1908 2407 quum
2038 2345 2154 2388 eus
2199 2324 2513 2389 sacrificio

561 2424 738 2481 esset
778 2413 1094 2496 placatae.

734 2500 838 2565 26.
911 2498 1112 2563 Porro
1191 2496 1293 2562 die
1344 2496 1805 2576 primitiarum.
1932 2494 2119 2561 Idem
2194 2494 2515 2578 praecipit

563 2588 784 2653 Moses
838 2584 918 2650 de
974 2582 1182 2649 altero
1238 2580 1343 2645 die
1385 2582 1581 2645 festo:
1640 2601 1877 2663 nempe
1919 2602 2047 2664 quo
2090 2602 2242 2648 suas
2287 2581 2514 2665 primi·

562 2674 688 2738 tias
733 2670 1110 2736 offerebant.
1202 2668 1390 2733 'l'unc
1434 2688 1688 2751 quoque
1731 2668 2106 2751 augendum
2150 2689 2291 2734 esse
2326 2666 2516 2733 docet

561 2762 716 2843 iuge
752 2757 1142 2824 sacrificium
1178 2752 1435 2819 duobus
1469 2754 1785 2831 iuvencis,
1831 2775 1965 2818 uno
2002 2756 2222 2833 ariete,
2261 2762 2513 2837 septem

562 2845 768 2931 agnis,
822 2843 1004 2909 hirco
1059 2843 1130 2905 in
1185 2840 1658 2924 expiationem,
1726 2860 1876 2904 cum
1943 2840 2174 2905 minha
2229 2851 2295 2905 et
2348 2839 2512 2904 liba-

561 2932 778 3009 mine,
836 2931 906 2993 in
964 2948 1117 2993 eum
1173 2947 1368 3010 quem
1425 2926 1617 3008 paulo
1673 2938 1827 2991 ante
1884 2925 2021 2991 dixi
2074 2927 2291 2992 finem.
2380 2925 2514 2990 Hic

563 3017 892 3103 ingeritur
935 3013 1250 3080 molestus
1309 3011 1659 3095 scrupulus
1677 3061 1694 3094 ,
1750 3012 1904 3097 quia
1960 3012 2241 3079 Levitie.
2289 3012 2373 3078 23
2417 3012 2515 3077 iu-

566 3123 816 3171 vencus
849 3123 1023 3167 unus
1066 3120 1186 3183 pro
1223 3098 1475 3164 duobus
1509 3098 1793 3181 ponitur,
1839 3107 2072 3165 contra
2105 3099 2236 3164 duo
2273 3100 2514 3164 arietes

564 3211 683 3274 pro
741 3210 894 3254 uno.
982 3185 1270 3267 Quidam
1323 3184 1707 3250 existimant
1749 3185 2119 3251 libertatem
2163 3182 2514 3252 sacerdoti·

564 3277 688 3342 bus
739 3275 941 3340 fuisse
998 3272 1238 3337 datam.
1344 3272 1547 3354 Atqui
1593 3269 1754 3335 dum
1801 3281 2039 3354 reputo
2083 3291 2280 3354 quam
2321 3291 2513 3354 prae-

566 3364 699 3429 cise
754 3359 835 3426 de
891 3357 1176 3442 singulis
1225 3355 1644 3422 mandaverit
1688 3359 1902 3436 Deus,
1962 3357 2183 3423 nescio
2225 3377 2313 3422 an
2364 3356 2515 3421 talis

567 3445 961 3533 permutatio
1017 3447 1089 3508 in
1147 3463 1371 3509 eorum
1430 3440 1700 3507 arbitrio
1744 3443 1972 3508 relicta
2015 3443 2227 3509 fuerit.
2317 3442 2516 3524 Quod

566 3534 678 3598 alii
737 3533 971 3598 volunt
1025 3530 1245 3595 Deum
1304 3528 1507 3594 semel
1564 3536 1949 3595 contentum
1993 3529 2198 3594 fuisse
2238 3550 2370 3594 uno
2414 3529 2513 3595 iu·

567 3640 792 3696 venc0,
835 3616 1010 3702 quod
1051 3637 1184 3679 non
1219 3624 1595 3700 suppeteret
1626 3616 1697 3678 in
1742 3613 1999 3681 deserto
2036 3636 2276 3700 magna
2309 3618 2515 3700 copia,

567 3707 891 3790 effugium
957 3701 1236 3770 videtur.
1329 3702 1440 3766 Me
1506 3700 1797 3784 quidem,
1877 3702 2199 3785 quomodo
2269 3701 2518 3767 nodum

570 3793 748 3857 hunc
789 3788 1156 3873 expediam,
1201 3809 1332 3853 non
1388 3788 1675 3871 reperire
1719 3788 1951 3853 fateor:
2009 3788 2139 3852 nisi
2197 3787 2367 3852 forte
2421 3788 2519 3853 di-

569 3898 816 3956 camus,
873 3876 1027 3959 quia
1083 3875 1245 3939 satis
1298 3885 1528 3939 exacte
1582 3874 1652 3938 in
1698 3873 1844 3940 aliis
1901 3874 2205 3940 omnibus
2252 3881 2519 3940 cautum

568 3976 713 4030 erat
765 3984 850 4028 ne
905 3960 1064 4045 quid
1115 3968 1366 4025 temere
1424 3967 1728 4044 agerent,
1787 3980 1924 4023 una
1977 3969 2236 4025 tantum
2280 3959 2404 4026 hac
2447 3962 2519 4024 in

566 4058 754 4134 parte
796 4048 1001 4114 fuisse
1045 4045 1433 4124 admonitos,
1488 4044 1705 4110 Deum
1752 4045 2032 4111 maiores
2078 4045 2186 4111 vel
2231 4048 2520 4113 minores

564 4136 870 4203 victimas
923 4154 1041 4216 per
1099 4154 1169 4198 se
1221 4131 1389 4197 nihil
1442 4132 1703 4197 morari.
1795 4131 1993 4196 Nulla
2044 4133 2244 4196 etiam
2286 4133 2520 4217 religio

567 4221 785 4288 dicere
831 4228 1027 4300 vetat,
1070 4228 1147 4284 ut
1188 4219 1257 4283 in
1301 4218 1497 4282 rebus
1539 4215 1836 4283 leviculis
1880 4215 2216 4282 interdum
2262 4221 2521 4284 contin-

566 4308 683 4393 git,
718 4305 1082 4372 scribarum
1104 4305 1357 4371 incuria
1391 4302 1755 4386 obrepsisse
1778 4302 2112 4369 diversum
2131 4324 2520 4369 numerum:

566 4392 766 4475 idque
808 4393 976 4456 forte
1030 4392 1243 4475 magis
1285 4391 1654 4473 ingenuum
1698 4388 1842 4456 erit.
1931 4389 2204 4455 Rectior
2256 4389 2522 4473 quidem

566 4476 741 4564 (meo
794 4476 1056 4564 iudicio)
1115 4477 1306 4543 lectio
1350 4485 1482 4556 est,
1540 4484 1613 4539 ut
1670 4475 1950 4540 offerant
2000 4475 2164 4540 duos
2206 4477 2524 4542 iuvencos

570 4575 638 4629 et
691 4563 961 4628 arietem
1018 4584 1244 4628 unum.
1368 4560 1698 4643 Quoniam
1755 4582 1914 4626 vero
1972 4561 2128 4626 alibi
2181 4577 2301 4627 cur
2347 4561 2523 4627 diem

569 4652 749 4716 hunc
791 4649 1152 4714 instituerit
1206 4648 1389 4714 Deus
1454 4648 1853 4731 explicatur,
1914 4648 2200 4714 breviter
2258 4656 2524 4714 tantum

571 4743 1071 4813 commemorat,
1167 4756 1373 4818 quum
1456 4734 1684 4799 minha
1782 4733 2060 4799 offerent
2153 4756 2234 4799 ex
2330 4737 2524 4801 novis

569 4822 891 4907 frugibus,

1212 5111 1564 5179 NUMER.
1610 5113 1879 5179 XXIX.

744 5249 802 5315 1.
850 5248 1068 5315 Mense
1131 5253 1340 5314 autem
1403 5248 1691 5330 septimo,
1747 5252 1964 5329 primo
2039 5250 2144 5316 die
2225 5251 2525 5331 eiusdem,

571 5336 915 5403 convocatio
934 5339 1154 5402 sancta
1187 5336 1308 5400 erit
1347 5334 1545 5401 vobis.-
1586 5335 1832 5400 nullum
1872 5356 2032 5417 opus
2073 5336 2300 5403 servile
2331 5336 2527 5418 facie·

1966 412 2485 481 SECUNDUM
2529 411 3184 481 PRAEOEPTUM.

4422 417 4527 485 496

2612 602 2716 681 tie,
2760 602 2897 668 dies
2939 603 3253 687 clanyoris
3304 604 3426 668 erit
3461 603 3650 669 vobis.
3722 604 3783 668 2.
3829 603 3918 668 Et
3954 604 4212 686 facietis
4252 604 4534 673 holocane·

2610 692 2743 752 tum
2773 688 2846 752 in
2878 690 3124 754 odorem
3156 690 3384 771 qnietis
3419 689 3684 756 Iehovae
3699 738 3714 766 ,
3774 691 4100 756 iuvencum
4137 691 4341 772 filium
4389 693 4537 760 bovis

2609 794 2824 848 unum,
2870 774 3131 839 arietem
3170 796 3385 857 unum,
3446 795 3642 859 aqnos
3684 776 4010 843 anniculos
4066 783 4293 859 septem
4338 778 4537 844 imma·

2610 861 2879 926 calates:
2948 860 3008 925 3.
3069 859 3159 924 Et
3211 862 3496 927 minham
3552 881 3766 926 eoram
3829 881 3909 927 ea:
3969 864 4192 929 simila
4246 867 4539 949 permixta

2611 946 2755 1026 oleo,
2799 952 2922 1011 tres
2964 947 3240 1012 decimas
3269 968 3394 1029 per
3434 947 3717 1030 sinyalos
3750 948 4056 1029 iuvencos,
4100 950 4264 1015 duas
4295 951 4543 1018 decimas

2599 1053 2721 1114 per
2769 1031 3051 1115 sinynlos
3105 1035 3360 1099 arietes:
3437 1032 3496 1098 4.
3545 1032 3633 1097 E't
3687 1034 3994 1099 decimam
4049 1056 4395 1117 nnamper
4431 1039 4547 1102 sin-

2605 1118 2786 1201 yalos
2828 1139 3038 1202 cynos,
3078 1139 3200 1200 per
3247 1125 3472 1201 septem
3514 1140 3727 1202 aqnos.
3815 1119 3877 1185 5.
3925 1120 4014 1185 Et
4056 1122 4300 1188 hircum
4339 1143 4547 1205 capra-

2609 1224 2755 1268 rum
2794 1224 2992 1269 unum
3033 1205 3107 1270 in
3148 1205 3531 1287 sacrificium
3563 1226 3687 1287 pro
3723 1214 3971 1289 peccato
3984 1258 4000 1287 ,
4059 1208 4145 1271 ad
4187 1210 4549 1288 expiandam

2610 1310 2735 1355 vos.
2826 1291 2886 1355 6.
2952 1289 3214 1356 Praeter
3255 1291 3682 1358 holocaustum
3721 1293 4145 1372 calendarum,
4189 1299 4248 1359 et
4288 1295 4548 1361 min-bam

2612 1377 2766 1455 eius,
2802 1381 2858 1442 et
2890 1376 3315 1442 holocaustam
3350 1379 3511 1461 iaye,
3548 1378 3947 1461 minhamqae
3979 1380 4138 1457 eine,
4175 1385 4231 1446 et
4264 1380 4549 1448 libamina

2612 1482 2842 1540 eorum,
2883 1463 3224 1528 secandam
3256 1465 3423 1529 ritus
3454 1484 3623 1543 enoc,
3669 1465 3740 1529 in
3773 1465 4021 1530 odorem
4051 1466 4300 1548 quietis,
4345 1466 4551 1533 oblatio

2612 1548 2818 1631 iynita
2862 1549 3141 1614 Iehovae.
3234 1550 3292 1614 7.
3339 1550 3598 1616 Decimo
3655 1556 3861 1615 autem
3903 1552 4009 1616 die
4048 1553 4285 1617 mensi-s·
4323 1555 4554 1636 septimi

2612 1634 2808 1699 haiae
2826 1687 2840 1711 ,
2898 1636 3240 1701 convocatio
3297 1641 3516 1702 sancta
3571 1638 3692 1702 erit
3731 1636 3922 1717 nobie,
3978 1638 4389 1721 affliyetisqae
4430 1646 4554 1705 ani-

2615 1740 2754 1786 mas
2796 1727 3073 1787 vestras:
3124 1722 3369 1786 nullam
3432 1742 3589 1802 opus
3649 1722 3917 1805 facietis.
4023 1723 4083 1789 8.
4144 1723 4235 1788 Et
4297 1726 4550 1806 offeretis

2614 1805 3042 1872 holocaustum
3100 1807 3367 1875 Iehovae
3421 1810 3489 1872 in
3547 1808 3795 1874 odorem
3836 1811 4079 1890 qnietiS,
4123 1810 4450 1876 iuvencum
4483 1811 4555 1891 fi·-

2613 1892 2774 1957 lium
2837 1893 3013 1958 bovis
3075 1914 3273 1958 unum
3288 1943 3303 1970 ‚
3374 1896 3631 1959 arietem
3691 1915 3917 1973 anum,
3986 1916 4181 1979 aynos
4248 1898 4554 1963 anniculos

2616 1982 2873 2059 septem.-
2915 1979 3311 2045 immaculati
3344 1986 3528 2044 erunt
3558 1980 3749 2045 vobis,
3815 1981 3874 2046 9.
3922 1980 4011 2045 Et
4042 1982 4332 2047 minham
4364 2003 4559 2048 eoram

2617 2084 2697 2129 ex
2731 2066 2952 2130 simila
2984 2085 3321 2148 conspersa
3366 2066 3515 2142 oleo,
3560 2071 3689 2130 tres
3720 2067 3996 2132 decimas
4037 2069 4110 2133 in
4153 2069 4441 2152 singulos
4474 2071 4561 2134 iu-

2615 2170 2844 2230 vencoS,
2890 2152 3054 2217 duas
3098 2152 3373 2218 decimas
3405 2154 3476 2217 in
3507 2151 3787 2235 singulos
3820 2155 4076 2220 arietes.-
4123 2154 4224 2221 10.
4278 2155 4563 2239 Sinqulas

2617 2238 2892 2303 decimas
2904 2257 3025 2319 per
3046 2258 3241 2321 aynae
3262 2238 3559 2322 sinquloS,
3588 2259 3707 2319 per
3738 2245 3964 2321 septem
3996 2260 4206 2323 agnos.
4280 2241 4383 2307 11.
4422 2241 4561 2306 Hir·

2618 2342 2761 2389 cam
2833 2344 3176 2406 capraram
3250 2344 3449 2390 unum
3526 2327 3596 2390 in
3675 2324 4063 2405 sacrificium
4114 2347 4244 2408 pro
4301 2333 4567 2410 peccato:

2577 2452 2581 2456 »
2609 2413 2865 2491 praeter
2922 2410 3281 2475 oblationem
3326 2430 3455 2491 pro
3497 2415 3751 2491 peccato
3792 2413 4258 2492 expiationum:
4315 2419 4372 2479 et
4412 2414 4562 2480 holo-

2620 2500 2906 2562 caustam
2961 2496 3134 2578 iaye,
3195 2500 3253 2559 et
3302 2495 3584 2561 minham
3639 2497 3777 2562 eiu-3
3794 2547 3808 2576 ,
3873 2497 4302 2580 libaminaque
4358 2520 4571 2566 eorum,

2637 2581 2736 2646 12.
2790 2581 2993 2647 Porro
3025 2582 3489 2664 decimaquinta
3523 2583 3627 2648 die
3657 2584 3894 2649 mensis
3925 2585 4196 2664 septimi,
4239 2587 4573 2652 convocatio

2631 2672 2846 2732 sancta
2888 2668 3006 2732 erit
3042 2666 3246 2735 vobis.-
3284 2668 3532 2734 nnllam
3572 2690 3729 2750 opas
3770 2670 3991 2735 servile
4026 2669 4299 2751 facidia,
4352 2677 4409 2737 et
4448 2671 4574 2737 cele·

2633 2752 2896 2818 brabitis
2952 2753 3370 2819 solennitatem
3415 2755 3678 2820 Iehovae
3729 2761 3959 2836 septem
4015 2757 4250 2822 diebus.
4344 2758 4445 2823 13.
4500 2756 4576 2822 Et

2631 2839 3084 2918 holocaustum,
3143 2844 3202 2905 et
3242 2839 3606 2906 oblationem
3646 2842 3914 2924 iynitam
3954 2843 4027 2907 in
4067 2843 4321 2909 odorem
4364 2844 4578 2927 quietis

2635 2924 2916 3003 Iehovae,
2974 2927 3258 2992 iuvencos
3309 2925 3479 3008 lilios
3534 2926 3707 2993 bovis
3759 2929 4073 3007 tredecim,
4134 2932 4375 2996 arietes
4416 2932 4575 3008 duce,

2633 3032 2827 3096 aynos
2904 3013 3228 3082 anniculos
3313 3014 3810 3095 quatuordecim.-
3899 3015 4298 3083 immaculati
4389 3021 4575 3083 mitt.

2636 3098 2737 3164 14.
2785 3098 3083 3164 Minham
3136 3119 3374 3181 quoqne
3423 3121 3635 3166 eorum
3690 3120 3768 3165 ex
3808 3100 4025 3166 simila
4065 3123 4411 3184 conspersa
4450 3104 4577 3178 oleo,

2632 3191 2759 3250 tres
2813 3186 3087 3251 decimas
3141 3187 3214 3250 in
3265 3187 3556 3251 iuvencos
3605 3186 3889 3269 sinyulos
3941 3188 4232 3254 tredecim
4283 3190 4577 3255 iuvencis:

2632 3271 2803 3338 duas
2860 3272 3136 3336 decimae
3189 3273 3257 3336 in
3324 3272 3554 3338 arietes
3617 3272 3898 3355 einynlos
3961 3273 4205 3339 duobus
4268 3275 4578 3341 arietibuS.

2625 3357 2726 3422 15.
2774 3355 2864 3422 Et
2903 3358 3195 3439 sinynlas
3235 3358 3508 3424 decimae
3540 3378 3663 3439 per
3704 3378 3901 3442 aqnos
3941 3360 4245 3443 sinyuloa
4292 3367 4576 3444 quatuor·

2621 3444 2820 3509 decim
2863 3445 3065 3527 aynis.
3161 3443 3262 3509 16.
3310 3442 3400 3509 Et
3453 3443 3700 3510 hircum
3741 3465 4085 3527 caprarum
4126 3467 4337 3511 anum
4381 3449 4451 3512 in
4489 3466 4580 3511 sa-

2619 3529 2925 3611 crificiwn
2969 3550 3089 3611 pro
3119 3534 3399 3611 peccato.-
3443 3536 3703 3611 praeter
3738 3530 4165 3598 holocaustum
4209 3533 4378 3617 iuye,
4437 3533 4580 3598 min-

2622 3615 2776 3681 ham
2830 3617 2971 3680 eius
3020 3621 3077 3680 et
3135 3616 3403 3682 libamen
3459 3617 3615 3682 eius.
3721 3617 3822 3681 17.
3866 3615 3995 3682 Die
4045 3624 4264 3683 antem
4332 3617 4579 3686 secando

2623 3703 2914 3767 iuvencos
2951 3699 3121 3782 filios
3162 3702 3333 3767 bovis
3365 3702 3704 3781 duodecim,
3751 3704 3979 3769 arietes
4011 3704 4188 3780 duo-5,
4480 3724 4581 3770 an·

2624 3787 2863 3853 niculoe
2914 3787 3376 3869 quatuordecim
3439 3787 3888 3854 immfflulatos,
3993 3790 4092 3856 18.
4151 3788 4247 3857 Et
4303 3790 4579 3857 minnan

2623 3894 2855 3951 eoram,
2899 3879 2955 3938 et
2996 3872 3309 3939 libamina
3350 3894 3561 3941 eorwm
3603 3876 3676 3939 in
3717 3875 4023 3953 iuuencos,
4072 3876 4143 3941 in
4188 3878 4435 3943 arietes
4452 3926 4469 3957 ,
4518 3878 4581 3940 in

2626 3979 2821 4044 agnos
2839 3959 3179 4027 secundam
3198 3977 3530 4026 nnmerum
3550 3980 3782 4038 eorum,
3820 3963 4005 4026 iuxta
4026 3983 4281 4029 morem.
4360 3963 4461 4029 19.
4505 3959 4583 4027 Et

2625 4045 2873 4111 hircum
2927 4066 3270 4128 capraram
3326 4067 3526 4112 unum
3580 4048 3651 4112 in
3704 4048 4091 4130 sacrificium
4122 4069 4254 4130 pro
4304 4054 4582 4132 peccato.-

2615 4138 2871 4214 praeter
2903 4132 3332 4198 holocaustum
3364 4133 3530 4217 inge,
3576 4137 3634 4197 et
3662 4133 3945 4198 minham
3979 4137 4137 4214 eins,
4182 4140 4241 4200 et
4283 4135 4585 4201 libamina

2626 4237 2854 4283 eorum.
2945 4218 3048 4283 20.
3096 4218 3225 4284 Die
3265 4239 3409 4283 vero
3449 4220 3628 4284 tertio
3670 4220 3960 4285 iuvencos
4001 4221 4318 4296 undecim,
4372 4222 4584 4286 arietes

2626 4304 2786 4370 duos
2802 4355 2816 4377 .
2911 4324 3103 4387 agnos
3180 4305 3504 4371 anniculos
3581 4307 4048 4387 quatuordecim
4128 4307 4579 4373 immaculatos.

2626 4389 2732 4455 21.
2779 4390 2867 4455 Et
2918 4390 3201 4454 minham
3256 4411 3494 4480 eornm,
3550 4396 3609 4456 et
3649 4390 3958 4456 libamina
3999 4411 4219 4458 eoram
4264 4395 4343 4459 in
4385 4396 4586 4457 inven-

2624 4496 2742 4552 008,
2788 4477 2859 4541 in
2893 4477 3135 4554 arieteS,
3180 4481 3236 4541 et
3268 4478 3338 4541 in
3372 4497 3585 4560 aynae,
3627 4477 3965 4542 secundum
3997 4498 4341 4545 numeram
4363 4496 4584 4556 eorum,

2624 4562 2805 4626 iaxta
2846 4581 3095 4628 morem.
3184 4563 3287 4628 22.
3334 4562 3422 4627 Et
3463 4563 3709 4628 bircam
3750 4564 3823 4628 in
3862 4565 4253 4647 sacrificium
4283 4586 4416 4646 pro
4445 4583 4583 4645 pec·

2626 4653 2763 4713 cato
2809 4669 3023 4727 unum,
3057 4656 3317 4729 praeter
3357 4649 3778 4715 holocaustam
3810 4651 3972 4735 iuye,
4018 4656 4077 4715 et
4107 4651 4405 4716 minham
4436 4651 4581 4728 eine,

2627 4739 2683 4800 et
2723 4734 2993 4799 libamen
3034 4737 3189 4800 eins.
3279 4736 3382 4801 23.
3431 4734 3561 4800 Die
3613 4738 3819 4801 autem
3876 4741 4099 4818 quarto
4155 4739 4453 4803 iuvencos
4490 4736 4583 4801 dc-

2629 4839 2774 4897 cem,
2821 4822 3047 4886 arietes
3102 4821 3277 4902 daos,
3332 4842 3525 4906 aynos
3567 4823 3896 4889 anniculos
3937 4823 4419 4904 quatuordecim
4470 4823 4581 4886 im·

2630 4906 2995 4972 maculatos.
3100 4907 3203 4972 24.
3266 4907 3562 4972 Minham
3618 4928 3829 4973 eorum
3884 4915 3941 4974 et
3998 4908 4317 4974 libamina
4383 4925 4585 4975 wrm

2631 4994 2703 5057 in
2746 4993 3053 5070 iuvencos,
3110 4992 3181 5057 in
3217 4995 3460 5071 arieteS,
3522 4999 3581 5058 et
3620 4994 3691 5058 in
3734 5015 3941 5079 cynos,
3991 4994 4339 5059 secandam
4382 5012 4581 5059 name·

2630 5098 2777 5143 ram
2818 5097 3054 5156 eonem,
3113 5079 3295 5144 iaxta
3336 5099 3603 5145 morem.-
3669 5079 3769 5146 25.
3818 5080 3907 5146 Εἴ
3956 5079 4201 5145 hircum
4247 5098 4583 5162 caprarum

2632 5185 2827 5229 annm
2867 5166 2936 5228 in
2974 5164 3362 5245 sacrificinm
3394 5186 3518 5246 pro
3550 5171 3819 5247 peccato,
3857 5171 4117 5249 praeter
4155 5165 4580 5233 holocaustum

2630 5251 2790 5333 iuye,
2831 5249 3116 5315 minham
3149 5252 3290 5315 eius
3322 5256 3378 5316 et
3413 5251 3680 5317 libamen
3713 5254 3867 5319 eins.
3948 5252 4052 5316 26.
4098 5251 4185 5316 Et
4227 5252 4338 5319 die
4381 5252 4579 5335 quanto

2627 5335 2914 5401 iuvencos
2946 5355 3179 5414 novam,
3224 5338 3451 5403 arietes
3470 5339 3647 5418 duo-9,
3689 5360 3884 5423 aynos
3925 5337 4258 5406 anniculos
4300 5344 4582 5420 quatuor-
