4867 6150
330 439 460 508 673

328 629 515 713 furor
570 648 777 705 meuc,
830 635 891 694 et
944 628 1224 696 occidam
1263 646 1373 693 vos
1415 624 1663 711 yladio,
1721 631 2023 709 eruntque
2063 646 2294 694 uxores

331 719 575 782 vestrae
616 714 865 792 viduae,
909 718 966 779 et
1003 713 1128 796 filii
1169 714 1361 780 vestri
1392 712 1662 796 pupilli.

952 1054 1088 1122 Ex
1130 1054 1436 1122 LEVI'I'.
1482 1054 1679 1122 XIX.

509 1230 613 1297 33.
701 1227 777 1295 Si
841 1227 1295 1313 pereyo-inatus
1370 1231 1568 1294 tecum
1648 1228 1847 1311 fucrit
1912 1228 2297 1312 peremimus

332 1319 406 1386 in
442 1322 618 1384 terra
658 1319 882 1394 vestra,
924 1332 1053 1378 non
1094 1314 1463 1396 opprimatis
1496 1313 1695 1379 illum.
1786 1311 1889 1379 34.
1963 1312 2297 1395 Tanquam

335 1405 640 1488 indiyena
681 1422 760 1467 ex
800 1400 1010 1481 vobi-3,
1053 1400 1173 1466 erit
1212 1399 1383 1466 vobis
1420 1401 1801 1484 pet-cyrinus
1855 1400 1968 1482 qm·
2007 1400 2297 1485 pet-cyri-

334 1487 748 1573 naturapud
802 1506 937 1563 vos,
995 1484 1718 1571 etdiziqeseumsimt
1854 1486 2298 1570 ipsumsquia

323 1574 651 1663 per-cyrini
688 1573 912 1655 fuistis
955 1573 1027 1639 in
1069 1577 1277 1639 terra.-
1317 1592 1423 1656 eqo
1466 1570 1699 1638 Iehova
1742 1570 1921 1638 Deus
1959 1577 2174 1639 vester.

510 1745 729 1813 Levit.
789 1743 891 1825 19,
949 1743 1051 1810 33.
1116 1742 1194 1808 Si
1223 1744 1691 1827 parem-inatus.
1782 1745 2157 1826 Antequam
2213 1740 2297 1809 ad

339 1833 502 1901 alias
544 1832 929 1916 iniquitates
963 1838 1327 1909 transeam,
1370 1839 1795 1915 praeceptum
1837 1827 1961 1895 hoc
2003 1829 2298 1896 inserere

336 1921 555 1987 visum
615 1925 751 1998 est,
818 1916 930 1982 ubi
1009 1916 1271 1983 iubetur
1349 1914 1632 1998 populus
1713 1916 1858 1981 sine
1914 1916 2300 2000 exceptione

335 2027 488 2074 cum
523 2000 830 2070 omnibus
873 2002 1088 2068 colere
1130 2000 1544 2085 aequitatem.
1610 2001 1783 2067 Nam
1828 2000 1884 2068 si
1930 2001 2114 2067 nulla
2147 2023 2299 2086 per-

340 2093 719 2177 egrinorum
760 2090 934 2156 facta
960 2087 1194 2154 fuisset
1223 2088 1471 2153 mentio
1486 2139 1501 2165 ,
1559 2094 1899 2170 putassent
1934 2087 2297 2167 Israelitae,

335 2176 533 2245 modo
576 2197 663 2243 ex
705 2196 828 2241 sua
866 2182 1065 2259 gente
1108 2174 1441 2239 neminem
1476 2173 1826 2240 laesissent
1846 2223 1865 2257 ,
1910 2194 1982 2239 se
2025 2194 2298 2258 prorsus

337 2262 553 2331 officio
595 2281 741 2328 esse
784 2261 1155 2327 defunctos:
1217 2258 1373 2325 dum
1422 2268 1642 2325 autem
1688 2259 1982 2342 hospites
2000 2309 2015 2337 ,
2084 2266 2152 2326 et
2192 2260 2297 2325 in-

381 2349 621 2417 uilinos
662 2345 935 2432 perinde
970 2358 1167 2429 atque
1212 2347 1735 2431 consanguineos
1782 2345 1915 2410 illis
1972 2365 2298 2411 commen-

429 2446 455 2501 t
496 2435 700 2514 Deus,
733 2432 891 2498 inde
925 2439 1292 2516 agnoscunt
1327 2431 1723 2514 aequitatem
1750 2452 2010 2515 semper
2045 2443 2108 2520 et
2146 2451 2295 2497 cum

339 2521 647 2588 omnibus
717 2517 1057 2587 colendam
1122 2537 1285 2584 esse.
1372 2516 1511 2584 Nec
1572 2538 1734 2583 vero
1798 2526 2044 2585 temere
2111 2516 2298 2583 Deus

339 2628 412 2673 se
455 2628 530 2673 ac
574 2627 771 2673 suum
816 2604 1251 2690 patrocinium
1296 2603 1597 2688 opponit,
1643 2623 1728 2668 ne
1772 2602 2140 2688 peregrinis
2183 2604 2301 2669 fiat

340 2694 603 2760 iniuria.
711 2691 884 2757 Nam
952 2689 1107 2775 quia
1170 2689 1502 2755 neminem
1569 2689 1820 2755 habent
1894 2690 2005 2773 qui
2075 2686 2297 2756 odium

340 2780 562 2848 subire
584 2777 750 2845 velit
773 2798 893 2862 pro
928 2777 1221 2861 ipsorum
1246 2774 1646 2855 defensione,
1689 2775 2137 2860 improborum
2160 2776 2299 2841 vio-

339 2866 585 2931 lentiae
665 2876 733 2929 et
808 2860 1339 2947 oppressionibus
1406 2859 1810 2945 quibuslibet
1866 2862 2078 2947 magis
2141 2867 2302 2928 sunt

339 2950 632 3025 obnoxii,
668 2970 867 3034 quam
905 2949 960 3014 si
996 2947 1366 3014 domesticis
1405 2947 1749 3032 praesidiis
1785 2947 2022 3014 muniti
2057 2955 2301 3015 essent.

340 3034 595 3105 Eadem
628 3036 698 3103 in
735 3034 1004 3121 pupillis
1038 3048 1105 3101 et
1140 3032 1360 3101 viduis
1394 3033 1780 3101 mulieribus
1821 3035 2019 3100 ratio:
2066 3033 2305 3100 mulier

340 3126 424 3193 ob
456 3123 913 3190 infirmitatem
948 3142 1165 3199 sexus,
1211 3121 1339 3187 nisi
1381 3121 1585 3187 lateat
1624 3121 1748 3186 sub
1784 3121 2005 3186 mariti
2049 3119 2301 3198 umbra,

341 3210 641 3311 exposita
684 3219 788 3275 est
823 3208 1028 3275 variis
1069 3207 1296 3272 noxis:
1335 3206 1605 3292 pupillis
1649 3205 1886 3290 quibus
1932 3205 2101 3272 nihil
2145 3228 2302 3274 con-

343 3297 476 3364 sihi
519 3296 842 3379 suppetit,
886 3292 1081 3359 multi
1123 3292 1556 3373 insidiantur,
1601 3311 1677 3357 ac
1712 3292 1769 3357 si
1811 3302 2032 3359 essent
2074 3313 2301 3359 eorum

342 3381 608 3467 praeda.
692 3379 1025 3462 Quoniam
1068 3379 1288 3463 itaque
1328 3379 1424 3445 ita
1458 3377 1761 3445 destituti
1795 3386 1952 3444 sunt
1992 3378 2305 3445 humanis

344 3467 636 3548 auxiliis,
692 3465 1020 3534 succurrit
1081 3465 1267 3531 Deus
1326 3463 1410 3531 ad
1449 3485 1642 3549 opem
1698 3463 2065 3531 ferendam:
2124 3485 2200 3531 ae
2245 3465 2305 3531 si

346 3555 591 3620 iniuste
676 3562 1032 3631 vexentur,
1113 3549 1444 3619 vindicem
1525 3572 1596 3618 se
1674 3550 1814 3616 fore
1891 3552 2303 3634 pronunciat.

344 3640 575 3707 Priore
617 3638 757 3706 loco
802 3638 1169 3723 peregrinis
1211 3636 1516 3720 adiungit
1560 3636 1877 3722 pupillos,
1939 3646 2007 3701 et
2050 3635 2306 3716 viduas,

344 3726 415 3792 in
472 3726 678 3791 altero
738 3723 1035 3790 nominat
1077 3721 1253 3789 solos
1304 3724 1720 3808 peregrinos:
1778 3742 2041 3789 summa
2083 3731 2303 3788 tamen

345 3811 576 3878 eodem
635 3810 839 3889 redit,
900 3830 1012 3875 eos
1071 3830 1298 3875 omnes
1351 3811 1460 3892 qui
1505 3808 1718 3875 orbati
1761 3820 1919 3874 sunt
1962 3817 2030 3873 et
2075 3808 2306 3874 nudati

348 3896 629 3964 terrenis
673 3896 941 3980 opibus,
984 3895 1107 3960 sub
1150 3896 1278 3960 Dei
1336 3894 1544 3960 tutela
1598 3905 1665 3960 et
1722 3893 2087 3977 patrocinio
2142 3914 2306 3974 esse,

347 3984 729 4069 protegique
798 3983 939 4047 eius
999 4001 1235 4046 manu:
1312 3991 1389 4047 ut
1444 3983 1539 4046 ita
1580 3988 2034 4063 compescatur
2076 4000 2305 4045 eorum

347 4068 620 4136 audacia
675 4069 786 4151 qui
841 4066 967 4133 sibi
1011 4068 1282 4149 impune
1340 4087 1684 4134 cessurum
1719 4066 2061 4131 confidunt
2093 4066 2306 4133 scelus

341 4153 696 4240 quodlibet,
742 4151 934 4219 modo
977 4173 1168 4217 nemo
1206 4154 1280 4217 in
1324 4165 1500 4219 terra
1543 4153 1827 4219 resistat.
1917 4151 2119 4217 Nulla
2162 4153 2305 4235 qui·

348 4244 499 4308 dem
567 4242 881 4324 iniquitas
948 4237 1242 4304 manebit
1320 4239 1533 4304 inulta
1613 4237 1786 4323 apud
1868 4238 2122 4318 Deum,
2189 4237 2306 4304 sed

347 4327 695 4412 peculiaris
739 4336 841 4392 est
883 4325 1049 4391 ratio
1092 4345 1209 4390 cur
1271 4324 1454 4390 Deus
1498 4325 1907 4408 peregrinos,
1960 4323 2195 4389 viduas
2240 4333 2307 4389 et

347 4412 630 4498 pupillos
684 4432 757 4478 se
811 4411 1102 4495 recipere
1156 4411 1225 4475 in
1282 4410 1480 4476 fidem
1538 4429 1723 4476 suam
1785 4418 2093 4476 testetur:
2153 4410 2307 4495 quia

349 4499 463 4566 ubi
521 4498 730 4582 magis
789 4509 1130 4583 grassatur
1181 4496 1453 4573 malum,
1519 4497 1961 4580 praesentiore
2017 4496 2307 4562 remedio

348 4606 514 4669 opus
559 4596 676 4649 est.
745 4583 1141 4668 Peregrinos
1185 4583 1310 4649 hoc
1352 4581 1618 4648 nomine
1653 4580 2090 4663 commendat,
2132 4581 2307 4668 quod

350 4670 634 4756 populus
679 4671 789 4754 qui
833 4670 1294 4755 peregrinatus
1339 4668 1556 4735 fuerat
1597 4669 1670 4733 in
1734 4667 2071 4753 Aegypto,
2134 4670 2306 4735 anti-

349 4777 518 4842 quae
563 4776 722 4822 suae
781 4754 1174 4822 conditionis
1230 4775 1516 4835 memor,
1569 4753 1928 4819 humanius
1984 4775 2144 4839 erga
2196 4755 2308 4820 ho-

352 4842 563 4928 spites
606 4863 677 4907 se
712 4862 941 4926 gerere
978 4841 1271 4908 debebat.
1358 4841 1506 4907 Etsi
1552 4840 1728 4905 enim
1762 4840 2038 4924 indigna
2081 4850 2306 4926 tyran-

353 4928 507 4994 nide
549 4928 844 5012 oppressi
888 4926 1154 4993 tandem
1198 4928 1476 5005 fuerant,
1523 4926 1865 4993 exordium
1911 4935 2135 4991 tamen
2170 4926 2306 4993 illis

354 5012 894 5081 considerandum
938 5013 1088 5079 fuit:
1136 5012 1306 5096 quod
1337 5012 1584 5080 scilicet
1615 5012 1773 5078 illuc
1817 5019 2038 5096 patres
2082 5033 2306 5078 eorum

350 5099 764 5184 compulerat
801 5100 1076 5183 penuria
1119 5107 1187 5163 et
1228 5100 1465 5173 fames.
1513 5107 1579 5164 et
1615 5120 1815 5182 quum
1869 5098 2122 5163 alienae
2165 5099 2309 5183 opis

356 5197 580 5253 essent
622 5184 830 5270 indigi
851 5237 866 5265 ‚
910 5183 1322 5268 hospitaliter
1364 5184 1613 5268 accepti
1658 5185 1936 5250 fuerant.
2027 5183 2156 5250 Ubi
2202 5185 2307 5250 de·

358 5274 668 5348 nunciat,
719 5273 774 5336 si
831 5270 1068 5336 viduae
1111 5270 1410 5337 afflictae
1454 5283 1520 5335 et
1564 5270 1798 5355 pupilli
1855 5270 2306 5350 clamaverint,

352 5378 581 5426 eorum
626 5357 977 5424 clamorem
1023 5355 1318 5423 auditum
1355 5356 1455 5434 iri,
1503 5376 1632 5421 non
1678 5356 1991 5441 intelligit
2031 5377 2101 5422 se
2137 5356 2306 5423 desi-

595 5459 815 5514 Calvt'm’
846 5475 1027 5527 opera.
1112 5457 1226 5515 Voz.
1264 5456 1494 5514 XXIV.

1761 435 2217 506 OCTAVUM
2262 435 2913 507 PRAEOEPTUM.

4230 438 4363 505 674

2396 625 2551 692 dem
2586 625 2726 691 fore
2770 626 2827 693 si
2865 627 3049 694 taciti
3091 626 3430 712 perferant
3471 626 3783 694 iniurias:
3843 626 3960 694 sed
4004 648 4122 712 pro
4178 647 4361 695 com·

2394 710 2582 777 muni
2618 732 2800 777 more
2832 713 3144 797 loquitur,
3191 712 3345 797 quia
3380 712 3463 779 ad
3497 713 3717 796 ipsum
3753 733 4109 797 provocare
4145 716 4362 781 solent

2396 799 2507 881 qui
2554 818 2876 881 nusquam
2915 799 3068 864 alibi
3115 801 3454 882 reperiunt
3497 800 3822 866 solatium.
3884 799 4151 866 Interea
4194 802 4361 868 scia-

2397 905 2567 961 mus,
2676 883 2937 951 uamvis
2975 883 3351 952 abstineant
3416 906 3456 950 a
3520 885 3950 970 querimoniis
4017 887 4130 970 qui
4196 887 4359 954 laesi

2396 976 2572 1049 sunt,
2610 904 2831 1035 geum
2853 977 3075 1036 tamen
3110 972 3398 1054 partium
3435 991 3700 1039 suarum
3739 973 4010 1037 minime
4045 972 4360 1054 oblivisci,

2397 1062 2476 1120 ut
2520 1054 2602 1121 ad
2661 1055 2907 1122 scelera
2950 1057 3320 1124 conniveat.
3409 1057 3556 1124 Imo
3605 1056 3775 1122 nihil
3817 1059 4033 1125 acrius
4078 1080 4228 1124 eum
4274 1059 4359 1126 ad

2397 1140 2789 1207 sumendam
2829 1142 2913 1212 de
2956 1142 3276 1226 improbis
3320 1143 3679 1211 vindictam
3725 1144 4108 1210 exstimulat
4162 1166 4361 1230 quam

2399 1248 2742 1293 servorum
2823 1249 3093 1294 suorum
3171 1230 3533 1295 tolerantia.
3659 1230 4080 1315 Exprimitur
4159 1233 4360 1298 etiam

2396 1333 2647 1396 poenae
2687 1334 2928 1398 genus:
2990 1316 3101 1399 qui
3152 1313 3371 1382 viduis
3408 1326 3475 1381 et
3515 1315 3785 1399 pupillis
3843 1316 4210 1383 molestiam
4253 1318 4359 1383 in·

2399 1398 2703 1480 tulerint,
2759 1400 2981 1484 gladio
3035 1403 3394 1486 perituros,
3453 1412 3528 1467 ut
3572 1423 3798 1468 eorum
3843 1401 4088 1469 viduae
4130 1413 4199 1470 et
4243 1424 4363 1486 pu-

2399 1485 2543 1569 pilli
2599 1485 3051 1569 improborum
3110 1487 3454 1567 audaciae,
3507 1487 3857 1555 violentiae
3902 1498 3968 1553 et
4018 1488 4360 1557 fraudibus

2400 1570 2802 1638 subiaceant.
2868 1572 3078 1639 Porro
3122 1573 3481 1640 notandum
3528 1582 3628 1641 est
3670 1573 3843 1658 quod
3885 1575 4174 1642 secundo
4219 1576 4361 1643 loco

2399 1657 2714 1724 iubentur
2759 1666 3024 1725 exteros
3079 1670 3146 1725 et
3202 1659 3563 1744 inquilinos
3628 1660 3904 1744 perinde
3948 1683 4024 1729 ac
4068 1683 4139 1729 se
4177 1661 4357 1747 ipsos

2399 1741 2695 1827 diligere.
2785 1744 2959 1811 Nam
3015 1743 3172 1811 inde
3229 1754 3504 1831 apparet
3568 1767 3809 1813 nomen
3873 1748 4162 1831 proximi
4229 1770 4360 1815 non

2402 1829 2719 1915 restringi
2784 1828 2870 1896 ad
2925 1852 3169 1898 consan
3222 1834 3445 1899 niueos
3505 1832 3615 1899 vel
3669 1831 3916 1900 similes
3966 1834 4360 1918 quibuscum

2400 1916 2664 2000 propior
2705 1924 2805 1982 est
2846 1919 3174 1985 necessita
3220 1939 3277 1998 o,
3323 1918 3438 1985 sed
3482 1926 3705 2003 patere
3741 1918 3826 1985 ad
3869 1928 4077 1986 totum
4124 1920 4361 1987 huma·

2400 2023 2565 2066 num
2631 2021 2877 2087 genus:
2944 2003 3139 2070 sicuti
3195 2004 3484 2071 ostendit
3558 2003 3867 2072 Christus
3942 2006 4013 2071 in
4081 2026 4364 2091 persona

2401 2085 2821 2168 Samaritani,
2870 2090 2984 2173 qui
3019 2089 3306 2157 hominis
3338 2091 3659 2177 incogniti
3694 2092 4023 2170 misertus,
4070 2092 4361 2160 officium

2400 2173 2838 2241 humanitatis
2882 2177 3229 2260 praest-itit,
3275 2198 3315 2241 a
3358 2176 3602 2244 Iudaeo
3651 2185 3845 2262 atque
3888 2178 4086 2244 etiam
4125 2178 4366 2246 Levita

2401 2260 2779 2346 neglectum
2820 2258 3011 2347 (Luc.
3061 2262 3162 2342 10,
3190 2261 3330 2351 30).

3093 2604 3229 2672 Ex
3271 2604 3543 2672 DEUT.
3587 2605 3679 2672 X.

2581 2775 2683 2845 17.
2744 2776 2930 2844 Deus
2984 2796 3109 2842 non
3170 2777 3398 2859 accipit
3448 2796 3823 2860 personant,
3887 2796 4085 2859 neque
4143 2779 4372 2861 recipit

2405 2883 2655 2931 munus.
2745 2861 2846 2929 18.
2917 2861 3188 2930 Faciem
3228 2863 3539 2931 iudicium
3588 2863 3835 2947 pupillo
3877 2868 3934 2929 et
3973 2863 4219 2945 viduae,
4262 2865 4364 2932 di-

2409 2948 2611 3103 ligen-⁵·
2657 2949 3107 3033 pereffluam,
3160 2948 3368 3015 dando
3424 2953 3481 3015 ct
3522 2969 3759 3032 panem
3814 2955 3873 3016 et
3917 2949 4365 3017 vestimentum.

2410 3036 2447 3135 l
2498 3086 2513 3102 .
2524 3033 2856 3188 tegiliffl'te
2895 3035 3096 3206 ἰῖιιύαν
3124 3036 3549 3122 peu-cymium,
3590 3035 3748 3119 quia
3776 3035 4105 3121 pereyrini
4143 3036 4371 3120 fuistis

2406 3143 2483 3189 m
2654 3143 2700 3188 a
2809 3141 2924 3207 eyy
2989 3142 3036 3188 ι.

2585 3292 2953 3360 Confirmat
3038 3293 3441 3377 superiorem
3520 3293 3916 3359 sententiam
3999 3295 4081 3362 ab
4159 3295 4370 3378 ipsius

2409 3379 2542 3446 Dei
2607 3390 2871 3445 natura.
2958 3378 3152 3446 Facit
3216 3379 3395 3446 enim
3442 3379 3594 3446 vilis
3652 3387 3722 3445 et
3765 3378 4019 3447 abiecta
4083 3381 4370 3449 conditio

2409 3486 2641 3532 eorum
2679 3464 3072 3549 quibuscum
3115 3465 3301 3531 nobis
3345 3466 3681 3549 negotium
3707 3475 3827 3544 est,
3872 3475 3947 3532 ut
3965 3467 4370 3550 petulantius

2408 3573 2522 3619 eos
2565 3571 2913 3619 vexemus:
2962 3551 3114 3635 quia
3154 3550 3463 3617 videntur
3506 3571 3776 3634 prorsus
3819 3549 4083 3617 deserti.
4174 3555 4372 3638 Atqui

2412 3640 2597 3704 Deus
2656 3645 2856 3719 negat
2909 3639 3216 3703 miseram
3269 3656 3494 3702 eorum
3553 3645 3799 3703 sortem
3853 3637 4189 3705 obstaculo
4224 3659 4371 3707 esse

2408 3725 2760 3808 quominus
2783 3723 2944 3805 ipsis
2965 3733 3325 3799 succurrat,
3369 3723 3523 3805 quia
3565 3743 3878 3806 personas
3912 3744 4045 3789 non
4083 3725 4370 3809 respicit.

2409 3809 2696 3875 Nomine
2738 3827 2899 3874 vero
2939 3828 3257 3891 personae
3301 3807 3698 3895 intelligitur
3730 3808 3840 3876 vel
3883 3810 4211 3893 splendor,
4263 3813 4373 3878 vel

2409 3894 2793 3969 obscuritas,
2838 3915 2915 3961 ac
2949 3906 3227 3960 externa
3260 3895 3529 3979 species,
3566 3916 3762 3979 quam
3802 3896 4002 3980 vulgo
4046 3917 4372 3981 apparen-

2408 3986 2574 4047 tiam
2616 3982 2994 4058 nominant,
3040 3979 3587 4063 quemadmodum
3630 4001 3715 4048 ex
3758 3980 3989 4047 multis
4033 3982 4192 4049 locis
4236 3984 4370 4049 col·

2410 4069 2659 4152 ligitur.
2747 4065 2830 4132 In
2877 4086 3165 4145 summa,
3211 4067 3396 4133 Deus
3441 4088 3513 4132 se
3557 4067 3712 4133 facit
3753 4066 4134 4135 hominibus
4181 4068 4370 4136 dissi·

2409 4154 2635 4219 milem
2654 4203 2668 4232 ,
2727 4172 2890 4237 quos
2944 4152 3116 4235 rapit
3170 4154 3456 4219 exterior
3520 4162 3938 4236 conspectus,
4000 4163 4072 4219 ut
4131 4153 4370 4222 divites

2411 4240 2662 4307 honore
2741 4249 3250 4323 prosequantur,
3332 4241 3559 4322 inopes
3637 4237 3816 4305 odio:
3889 4240 4185 4322 pulchris
4263 4241 4372 4307 vel

2411 4324 2676 4391 disertis
2716 4324 3003 4404 faveant,
3050 4334 3475 4390 contemnant
3499 4324 3844 4391 deformes.
3895 4325 4078 4409 Ergo
4121 4346 4368 4410 προσυ·

2409 4417 2674 4495 ποληψια
2717 4419 2819 4476 est
2862 4430 3244 4493 perversum
3302 4410 3619 4477 iudicium
3676 4409 3850 4494 quod
3910 4431 4030 4478 nos
4089 4433 4129 4477 a
4171 4433 4373 4480 causa

2410 4496 2695 4575 abducit,
2740 4494 2898 4561 dum
2945 4505 3199 4562 mentes
3242 4506 3500 4563 nostras
3542 4509 3975 4580 praeoccupat
4014 4497 4192 4584 quod
4238 4521 4371 4565 non

2412 4582 2693 4649 debebat
2736 4584 2963 4673 venire
3006 4582 3078 4647 in
3121 4583 3463 4648 rationem.
3553 4582 3711 4648 Ideo
3769 4581 4070 4649 Christus
4115 4596 4368 4652 rectum

2410 4669 2727 4735 iudicium
2771 4689 2914 4735 esse
2954 4668 3146 4735 docet
3186 4669 3353 4752 quod
3392 4688 3527 4733 non
3560 4668 3772 4734 fertur
3813 4669 4173 4735 secundum
4220 4691 4367 4753 per·

2410 4775 2633 4822 sonas:
2672 4756 2826 4838 quia
2861 4775 3195 4838 nunquam
3240 4754 3620 4820 dominatur
3660 4753 3912 4820 veritas
3946 4763 4015 4820 et
4048 4756 4369 4822 rectitudo

2411 4842 2543 4907 nisi
2587 4841 2745 4906 dum
2790 4841 2874 4906 ad
2910 4861 3055 4906 rem
3096 4847 3307 4924 ipsam
3351 4838 3771 4907 attendimus.
3855 4839 4186 4923 Sequitur,
4233 4861 4370 4907 non

2410 4928 2688 5011 impune
2745 4926 2916 4992 laedi
2974 4925 3527 5009 contemptibiles,
3591 4928 3744 5010 quia
3800 4927 3857 4992 si
3924 4927 4372 4993 destituuntur

2411 5013 2703 5078 humano
2746 5012 3022 5089 auxilio,
3067 5013 3255 5078 Deus
3299 5012 3408 5095 qui
3459 5013 3531 5077 in
3569 5013 3829 5079 excelso
3871 5011 4084 5091 sedet,
4145 5013 4368 5079 humi-

2411 5098 2502 5163 lia
2547 5096 2814 5181 respicit
2856 5097 3061 5186 (Psal.
3114 5098 3255 5176 138,
3301 5096 3389 5184 6).
3478 5097 3714 5180 Quoad
3757 5097 4170 5181 peregrinos,
4231 5103 4367 5179 [eos

2412 5184 2536 5250 sibi
2579 5205 2774 5251 curae
2820 5205 2963 5251 esse
3018 5185 3247 5267 probat
3293 5186 3509 5263 Deus,
3576 5183 3747 5267 quod
3804 5183 3875 5247 in
3933 5183 4064 5249 illis
4111 5182 4368 5252 alendis

2411 5282 2480 5336 et
2516 5268 2870 5336 vestiendis
2913 5271 3001 5336 sit
3045 5271 3404 5337 beneficus:
3451 5268 3709 5348 deinde]
3757 5269 4058 5351 specialis
4100 5292 4366 5337 rursum

2413 5356 2759 5423 adducitur
2820 5357 3019 5434 ratio,
3078 5358 3230 5440 quia
3285 5356 3623 5422 Israelitae
3690 5354 3845 5426 olim
3902 5376 4103 5438 quum
4152 5356 4368 5443 inqui·
