4867 6150
350 458 464 524 149

346 647 785 731 dissipabitur:
837 646 1118 729 proferte
1162 666 1550 726 sermonem,
1597 655 1665 712 et
1709 666 1837 711 non
1885 648 2015 712 fiet.
2083 646 2267 711 Haec

344 754 488 801 vero
511 732 898 799 confidentia
921 734 1274 799 frustratur
1296 733 1560 816 impios:
1599 732 1769 816 quod
1806 731 1957 798 dum
1993 732 2266 797 effraeni

341 820 580 902 impetu
626 822 942 899 feruntur,
989 840 1120 883 non
1156 827 1390 901 putant
1433 838 1741 885 arcanum
1780 839 1922 884 esse
1964 818 2262 884 fraenum

343 904 478 971 Deo
524 905 605 971 ad
650 905 1039 971 coercendas
1083 925 1310 970 eorum
1355 903 1675 970 libidines,

503 991 561 1056 8.
610 987 772 1055 Filii
815 996 1018 1057 autem
1056 990 1266 1056 Israel
1306 991 1539 1075 eyressi
1581 995 1773 1056 erant.
1858 990 2079 1055 Tacite
2124 1011 2266 1072 per-

341 1077 603 1162 stringit
644 1078 862 1142 Mosos
908 1076 1173 1142 nimiam
1218 1077 1653 1155 securitatem,
1699 1097 1862 1159 quae
1907 1075 2266 1141 abstulerat

340 1183 591 1229 omnem
646 1172 891 1228 metum
950 1173 1017 1228 et
1069 1184 1324 1229 curam:
1387 1163 1555 1228 unde
1613 1175 1679 1227 et
1731 1160 2076 1227 invocandi
2139 1161 2259 1226 Dei

338 1248 620 1314 studium
665 1248 837 1334 apud
882 1270 990 1314 eos
1033 1249 1344 1333 frigebat,
1400 1258 1473 1313 ut
1518 1269 1773 1331 semper
1818 1248 2148 1330 ignaviam
2197 1256 2265 1311 et

338 1342 656 1419 torporem
724 1345 996 1419 generat
1058 1335 1393 1400 securitas.
1497 1334 1671 1399 Hinc
1732 1334 1973 1400 factum
2033 1342 2133 1398 est
2191 1341 2264 1397 ut

335 1422 475 1504 plus
521 1422 786 1487 afferret
829 1421 1089 1504 pavoris
1135 1428 1269 1485 tam
1318 1442 1629 1505 magnum
1696 1419 2045 1485 discrimen
2090 1418 2261 1501 quod

337 1508 568 1572 animis
622 1528 754 1572 non
812 1513 1401 1590 praesumpserant.
1493 1505 1623 1571 Sed
1679 1527 1759 1570 ex
1817 1503 2024 1570 altera
2080 1514 2263 1587 parte

336 1593 685 1675 amplificat
721 1593 936 1658 Moses
977 1594 1253 1676 gratiam
1295 1591 1439 1672 Dei,
1486 1591 1654 1675 quod
1698 1600 1836 1655 tam
1879 1598 2260 1673 opportune,

335 1690 397 1743 et
437 1680 509 1743 in
553 1679 695 1762 ipso
739 1677 839 1765 (ut
878 1677 1090 1765 aiunt)
1136 1679 1412 1744 articulo
1473 1677 1827 1742 auxiliatus
1877 1678 1961 1740 sit
2005 1676 2262 1742 miseris

332 1765 646 1831 Israelitis
670 1765 875 1830 stulta
896 1765 1147 1830 laetitia
1183 1763 1680 1830 exsultantibus.
1749 1763 2049 1846 Repente
2085 1762 2261 1826 enim

334 1850 748 1934 deprehensi,
826 1849 907 1915 ad
974 1851 1256 1934 primum
1324 1849 1608 1914 hostium
1677 1849 2025 1914 clamorem
2092 1847 2262 1913 ultro

331 1937 568 2019 alioqui
613 1937 1063 2003 concidissent.
1138 1937 1491 2002 Monemur
1524 1936 1741 2017 itaque
1777 1933 1897 1998 hoc
1942 1933 2260 2017 exemp10,

334 2022 479 2088 dum
542 2025 668 2087 tuti
726 2045 950 2088 sumus
1010 2021 1139 2087 Dei
1194 2022 1625 2105 protectione,
1694 2019 2044 2084 metuenda
2095 2040 2261 2102 quae

330 2109 620 2175 accidere
666 2117 936 2193 possunt
981 2107 1385 2187 discrimina,
1431 2127 1563 2172 non
1609 2114 1684 2170 ut
1727 2105 1981 2190 pavidis
2027 2105 2262 2170 animis

330 2195 839 2272 tumultuemur,
906 2195 1021 2260 sed
1075 2205 1149 2259 ut
1207 2193 1498 2259 modeste
1559 2194 1876 2257 lateamus
1937 2192 2058 2255 sub
2119 2191 2260 2256 eius

329 2280 460 2361 alis,
505 2303 717 2365 neque
751 2279 1228 2347 inconsiderato
1260 2278 1496 2363 gaudio
1520 2279 1889 2344 efferamur.
1948 2277 2261 2342 Proximo

326 2388 522 2433 versu
558 2367 845 2433 breviter
879 2376 1101 2432 narrat
1124 2367 1342 2433 Moses
1386 2386 1580 2448 quam
1627 2362 2034 2428 formidabile
2079 2385 2261 2446 spec·

326 2455 610 2519 taculum
635 2453 952 2518 Israelitis
997 2453 1318 2517 obiectum
1364 2452 1579 2528 fuerit,
1618 2471 1816 2533 quum
1855 2471 1925 2513 se
1964 2448 2261 2514 viderent

324 2541 398 2606 ab
443 2562 582 2605 una
640 2548 822 2623 parte
880 2539 1046 2627 mari
1101 2538 1466 2614 conclusos,
1513 2559 1552 2602 a
1596 2535 1908 2600 lateribus
1965 2535 2098 2599 fere
2147 2535 2260 2600 ab·

324 2638 583 2710 sorptos
605 2626 898 2691 faucibus
934 2625 1257 2708 pylarum,
1293 2631 1361 2687 et
1395 2621 1592 2688 simul
1630 2623 1875 2686 instare
1898 2621 2257 2686 exercitum

320 2711 705 2779 Pharaonis.
824 2711 1026 2777 Cuius
1103 2710 1301 2774 robur
1380 2709 1595 2773 verbis
1670 2707 2053 2791 amplificat,
2131 2727 2256 2790 quo

319 2799 559 2864 melius
582 2820 663 2863 ex
690 2798 894 2862 altera
917 2804 1102 2880 parte
1124 2794 1447 2879 refulgeat
1470 2794 1608 2877 opis
1646 2793 1963 2858 divinitus
2000 2792 2256 2857 oblatae

321 2886 547 2969 gloria.

490 3056 596 3122 10.
663 3055 983 3137 Quumque
1031 3052 1442 3137 applicuisset
1485 3050 1756 3133 Pharao,
1807 3050 2091 3116 kvaruut
2131 3049 2259 3132 filii

322 3143 529 3209 Israel
566 3143 771 3208 oculos
803 3161 970 3219 suos,
1013 3144 1066 3206 et
1099 3160 1239 3220 ecce,
1286 3139 1580 3222 Aegyptii
1614 3138 1731 3202 iter
1772 3137 2082 3220 faciebant
2112 3141 2261 3218 post

319 3248 430 3294 eoa
546 3226 772 3309 Itaque
836 3229 1179 3293 timuerunt
1241 3225 1452 3304 valde,
1531 3230 1584 3289 et
1646 3225 2070 3289 clamaverunt
2127 3222 2257 3304 filii

321 3314 527 3381 Israel
592 3315 677 3381 ad
741 3313 1048 3379 Iehovam.
1162 3311 1260 3376 11.
1330 3310 1418 3375 Et
1481 3312 1776 3376 dixerunt
1847 3310 1933 3376 ad
1997 3307 2253 3373 Mosen:

320 3399 666 3484 Numquid,
700 3399 748 3487 ¹)
812 3401 964 3481 quia
1027 3419 1144 3463 non
1218 3402 1397 3464 erant
1458 3395 1785 3483 sepulchra
1846 3397 1913 3460 in
1962 3394 2253 3478 Aegypte,

317 3488 519 3553 tulisti
563 3508 679 3552 nos
722 3491 793 3551 ut
824 3505 1204 3551 moreremur
1238 3486 1309 3549 in
1343 3484 1576 3548 deserto
1591 3481 1625 3546 ,9
1680 3482 1885 3563 Quare
1917 3482 2011 3546 sic
2044 3481 2254 3561 fecisti

317 3573 519 3655 nobi'S,
568 3578 641 3637 ut
684 3572 969 3637 educeres
1010 3591 1122 3636 nos
1164 3590 1239 3635 ecc
1286 3567 1614 3652 Aeyypto?
1702 3567 1801 3632 12.
1865 3566 2087 3631 Nonne
2146 3565 2255 3631 hoc

316 3665 399 3723 est
449 3659 705 3724 verbum
766 3658 933 3740 quod
974 3656 1258 3722 diximus
1300 3655 1412 3720 tibi
1469 3655 1538 3718 in
1583 3655 1892 3737 Ampio,
1953 3653 2253 3717 dicentes.-

314 3745 583 3811 Dimitte
638 3765 749 3809 uos
765 3795 779 3823 ,
838 3748 908 3808 ut
961 3743 1310 3807 serviamus
1357 3739 1702 3824 Aeqyptiis.
1792 3737 2033 3803 Melius
2088 3759 2156 3803 en
2166 3740 2253 3801 im

315 3832 485 3897 nobis
544 3836 681 3897 erat
743 3831 980 3895 servire
1022 3827 1350 3910 Aeyyptiis
1405 3844 1595 3907 quam
1648 3824 1809 3889 mori
1863 3825 1935 3888 in
1999 3824 2247 3889 deserto.

319 3916 413 3982 13.
463 3917 552 3982 Et
594 3916 757 3982 dixit
792 3914 1003 3981 Moses
1045 3914 1129 3978 ad
1161 3913 1499 3994 populum:
1546 3910 1643 3976 Ne
1685 3910 2020 3974 timueritis
2035 3934 2055 3974 .·
2096 3915 2251 3974 state

315 4008 367 4066 et
420 4005 622 4071 videte
673 4002 936 4067 salutem
992 3999 1252 4065 Ieliovae
1316 4019 1503 4079 quam
1567 3996 1744 4062 hodie
1805 3996 1995 4079 faciet
2059 3995 2246 4060 vobis.

318 4089 488 4154 Nam
531 4109 687 4172 quos
727 4088 981 4153 vidistis
1026 4085 1361 4168 Aeyyptios
1404 4084 1604 4163 hodie,
1661 4103 1782 4146 uon
1838 4082 1986 4147 estis
2045 4082 2252 4147 visuri

303 4177 562 4256 posthae
603 4177 676 4239 in
724 4173 1055 4239 saeculum.
1137 4171 1235 4236 14.
1287 4170 1515 4236 Ieltova
1545 4166 1854 4252 puqnabit
1883 4188 2008 4248 pro
2052 4166 2250 4248 vobis,

313 4266 364 4325 et
439 4283 555 4327 vos
635 4260 973 4343 quiescetis,
1088 4256 1186 4322 15.
1258 4255 1529 4321 Dixerat
1605 4259 1809 4319 autem
1873 4253 2102 4318 Iehova
2166 4254 2251 4319 ad

312 4346 570 4414 Mosen.-
621 4346 787 4429 Quid
826 4346 1063 4411 clamas
1106 4343 1192 4409 ad
1246 4342 1390 4407 me?
1456 4340 1785 4422 Alloquere
1832 4340 1998 4421 filios
2044 4338 2253 4404 Israel

308 4437 376 4496 ut
404 4433 913 4515 proficiscantur.
999 4429 1097 4494 16.
1152 4429 1249 4493 Tu
1292 4448 1436 4492 vero
1479 4427 1684 4492 attolle
1724 4426 2009 4491 baculum
2053 4431 2247 4504 tuum,

307 4523 362 4583 et
402 4520 661 4584 extende
703 4536 960 4581 manum
1003 4521 1175 4580 tuam
1226 4534 1414 4593 super
1457 4533 1655 4589 mare,
1717 4518 1773 4577 et
1815 4512 2024 4576 scinde
2070 4512 2245 4588 illud,

307 4609 361 4668 et
392 4604 838 4688 ingrediantur
865 4602 992 4684 filii
1016 4599 1225 4666 Israel
1247 4620 1372 4680 per
1404 4599 1677 4664 „aestima
1696 4597 1900 4661 maris
1931 4599 2000 4660 in
2038 4598 2246 4663 arida.

311 4690 405 4756 17.
446 4690 538 4755 Et
572 4710 713 4769 ecce,
750 4710 852 4772 eqo
871 4686 1166 4754 roborabo
1188 4707 1290 4751 cor
1314 4685 1776 4769 Aegyptiorum,
1814 4687 1883 4746 ut
1909 4688 2251 4764 sequantur

304 4775 445 4841 illos
462 4829 477 4855 ,
522 4776 1030 4861 ylorifieaborque
1074 4773 1143 4837 iu
1189 4771 1554 4848 Pharaone,
1601 4776 1657 4835 et
1701 4772 1769 4833 in
1816 4773 1936 4832 toto
1978 4770 2249 4834 exercitu

305 4863 471 4942 eius,
537 4865 607 4927 in
651 4862 938 4926 curribus
981 4859 1150 4936 eius,
1209 4863 1265 4924 et
1307 4859 1372 4922 in
1419 4856 1724 4939 equitibus
1766 4855 1920 4919 eius.
2014 4854 2112 4920 18.
2166 4854 2250 4918 Et

304 4951 497 5013 scient
557 4948 853 5031 Aeyyptii
906 4947 1068 5028 quod
1123 4965 1227 5029 eqo
1285 4943 1542 5018 Iehova,
1610 4962 1802 5026 quum
1862 4941 2250 5024 glorificatus

299 5033 479 5115 fuero
524 5036 598 5099 in
637 5034 965 5098 Pharaone
980 5082 995 5112 ,
1046 5032 1115 5096 in
1158 5030 1489 5113 quadriyis
1531 5035 1586 5095 et
1627 5031 1699 5093 in
1740 5026 2048 5110 equitibus
2091 5028 2246 5092 eius.

480 5205 586 5270 10.
659 5206 978 5287 Quumque
1048 5202 1451 5284 applicuisset
1519 5200 1790 5265 Pharao,
1904 5198 2250 5284 Significat

441 5394 501 5464 1)
541 5393 617 5447 In
651 5396 923 5462 marqine:
960 5392 1060 5447 Vel
1072 5429 1091 5459 ,
1131 5393 1211 5443 An
1250 5393 1390 5459 quia.

1463 456 2204 526 COMMENTARIUS
2250 459 2350 524 IN
2394 457 2696 525 EXODI
2740 458 2938 526 OAP.
2983 459 3176 525 XIV.

4182 464 4322 530 150·

2369 648 2588 714 Moses
2632 670 2713 713 ex
2759 668 2831 712 re
2876 649 3231 730 improvisa
3275 647 3424 731 plus
3468 650 3734 716 terroris
3777 649 3980 717 fuisse
4021 650 4322 731 illatum,

2367 734 2520 817 quia
2572 734 2791 799 nullus
2850 734 3200 818 praevenit
3266 735 3575 816 nuncius,
3644 747 3719 801 ut
3776 736 3877 802 vel
3938 737 4314 820 pauxillum

2366 819 2677 903 temporis
2736 820 3002 885 daretur
3060 817 3141 886 ad
3197 842 3267 886 se
3324 822 3780 905 expediendos.
3868 820 4051 888 Iusta
4091 824 4314 907 'igitur

2364 905 2471 971 vel
2528 906 2898 972 fortissimis
2955 907 3326 988 pectoribus
3383 907 3504 972 fuit
3559 907 3830 974 timendi
3887 928 4116 988 causa,
4176 909 4309 976 nisi

2365 991 2632 1057 modum
2687 993 3138 1058 excessissent.
3231 991 3362 1059 Sed
3419 992 3519 1058 bis
3576 1003 3964 1078 peccarunt:
4023 994 4178 1078 quia
4237 1001 4307 1061 et

2365 1099 2514 1142 cum
2561 1079 2875 1142 memoria
2910 1077 3369 1143 beneficiorum
3395 1076 3522 1143 Dei
3557 1101 3704 1163 spes
3741 1079 4036 1146 coelestis
4073 1079 4308 1146 auxilii

2364 1163 2496 1228 illis
2540 1184 2811 1229 excussa
2852 1164 2994 1244 fuit,
3040 1171 3105 1229 et
3150 1185 3224 1228 eo
3269 1164 3554 1248 prolapsi
3597 1175 3752 1230 sunt
3789 1166 4301 1250 ingratitudinis,

2366 1257 2438 1313 ut
2503 1259 2730 1314 contra
2784 1250 2999 1314 Deum
3066 1256 3132 1313 et
3196 1249 3428 1316 Mosen
3495 1261 3801 1334 proterve
3859 1251 4300 1336 insurgerent.

2366 1333 2761 1418 Quanquam
2798 1333 3111 1400 videntur
3147 1334 3274 1400 duo
3301 1337 3642 1423 ‘contraria
3687 1337 3793 1403 hic
3832 1337 4080 1415 referri,
4130 1336 4297 1421 quod

2365 1429 2431 1486 et
2476 1421 2906 1486 clamaverint
2949 1420 3031 1486 ad
3074 1420 3407 1500 Iehovam,
3446 1431 3513 1487 ct
3556 1423 3785 1488 turbas
3830 1423 4306 1489 concitaverint

2363 1507 2432 1572 in
2503 1508 2640 1572 eius
2704 1506 3101 1572 ministrum.
3208 1506 3341 1573 Sed
3397 1508 3702 1594 colligere
3767 1521 4137 1592 promptum
4203 1518 4305 1575 est

2364 1593 2714 1659 clamorem
2757 1592 2948 1657 illum
2993 1615 3202 1676 neque
3246 1616 3329 1659 ex
3375 1593 3534 1673 fide,
3591 1614 3802 1676 neque
3856 1616 3938 1659 ex
3982 1595 4150 1660 serio
4195 1595 4301 1660 vel

2366 1679 2488 1743 rite
2531 1680 2885 1762 composito
2931 1679 3166 1744 affectu
3213 1681 3570 1763 profectum
3630 1681 3831 1745 fuisse
3875 1679 3988 1745 sed
4032 1681 4302 1747 confuso

2363 1765 2613 1850 impetu
2691 1764 2893 1830 fuisse
2980 1771 3338 1830 extortum:
3427 1767 3617 1832 sicuti
3708 1776 3981 1831 naturae
4068 1787 4301 1832 sensus

2364 1858 2633 1916 cunctos
2689 1849 2998 1916 mortales
3056 1851 3366 1934 impellit,
3424 1860 3501 1915 ut
3558 1853 3924 1936 promiscue
3981 1852 4046 1917 in
4108 1852 4302 1918 rebus

2364 1937 2622 2001 miseris
2658 1948 2812 2001 vota
2848 1959 2966 2001 sua
2991 1936 3069 2000 ad
3095 1937 3312 2001 Deum
3348 1944 3767 2002 convertant:
3807 1939 4067 2003 tametsi
4093 1959 4301 2020 neque

2366 2021 2880 2087 misericordiam
2924 2023 3064 2087 eius
3109 2022 3618 2104 amplectantur,
3667 2045 3874 2106 neque
3918 2023 4303 2090 recumbant

2363 2111 2427 2172 in
2511 2109 2654 2173 eius
2735 2111 3111 2191 potentiam.
3224 2107 3331 2172 Ita
3378 2130 3456 2172 ue
3538 2109 3752 2173 David
3821 2110 4084 2175 Psalmo
4155 2110 4298 2176 107.

2363 2195 2636 2259 miseros
2701 2215 2927 2260 omnes
2987 2193 3144 2260 dicit
3209 2194 3292 2259 ad
3413 2215 3563 2259 eum
3630 2195 3983 2279 confugere
4048 2198 4302 2278 quoties

2362 2287 2557 2363 urget
2591 2280 2808 2362 aliqua
2845 2279 3227 2345 necessitas:
3273 2280 3442 2363 quia,
3491 2289 3563 2344 ut
3600 2280 4026 2364 stupidissimi
4062 2281 4300 2364 quique

2362 2366 2465 2433 vel
2511 2368 2796 2431 maxime
2840 2365 3097 2448 profani
3147 2368 3357 2450 magis
3402 2365 3761 2430 reddantur
3805 2365 4302 2449 inexcusabiles,

2365 2453 2549 2517 Deus
2611 2459 2844 2516 natura
2904 2451 3065 2517 duce
3125 2460 3191 2518 et
3247 2472 3484 2517 arcano
3543 2452 3857 2518 instinctu
3918 2473 4029 2518 eos
4085 2451 4167 2517 ad
4227 2475 4298 2519 se

2364 2536 2629 2603 adducit
2673 2537 2828 2602 dum
2874 2538 3346 2621 periclitantur.
3416 2537 3641 2620 Neque
3679 2549 3896 2602 tamon
3944 2538 4065 2603 hoc
4108 2538 4300 2604 modo

2362 2645 2551 2688 suum
2580 2622 2721 2688 Deo
2746 2623 3060 2689 honorem
3096 2624 3415 2703 tribuunt,
3450 2625 3748 2706 quamvis
3783 2624 4048 2708 linguae
4083 2625 4303 2690 sonitu

2362 2710 2641 2776 salutem
2687 2708 2768 2774 ab
2812 2730 2888 2774 eo
2934 2709 3285 2793 postulent.
3378 2709 3652 2773 Minime
3698 2731 3853 2793 ergo
3913 2710 4151 2774 mirum
4199 2718 4301 2775 est

2362 2797 2417 2859 si
2462 2797 2533 2860 in
2581 2806 2947 2860 extremam
2994 2795 3394 2860 anxietatem
3435 2793 3677 2860 redacti
3701 2794 4038 2860 Israelitae
4072 2816 4299 2878 preces

2361 2890 2429 2947 et
2476 2889 2643 2959 vota,
2691 2881 3069 2964 interposito
3118 2882 3240 2945 Dei
3288 2882 3572 2958 nomine,
3619 2881 4061 2964 conceperint:
4110 2901 4299 2963 prae-

2361 2968 2586 3033 sertim
2614 2988 2813 3050 quum
2839 2967 3030 3050 paulo
3053 2977 3207 3032 ante
3230 2987 3414 3032 suam
3436 2966 3569 3031 illis
3590 2966 3865 3051 gloriam
3888 2966 4302 3050 patefecisset

2363 3061 2462 3120 tot
2522 3052 2888 3120 miraculis:
2968 3059 3035 3118 et
3113 3052 3431 3119 haberent
3495 3074 3753 3136 semper
3816 3053 3885 3117 in
3949 3059 4301 3136 conspectu

2362 3141 2633 3218 nubem,
2691 3138 2790 3205 vel
2843 3140 3214 3206 columnam
3260 3139 3541 3223 igneam.
3634 3138 3766 3205 Sed
3810 3138 4024 3204 insani
4068 3159 4295 3204 eorum

2362 3229 2673 3310 strepitus
2732 3236 2960 3291 contra
3020 3225 3249 3291 Mosen
3316 3224 3491 3290 claro
3558 3223 3946 3290 documento
4013 3225 4300 3309 fuerunt,

2362 3324 2604 3377 temere
2661 3313 2841 3376 velut
2896 3311 3229 3376 ecstaticos
3289 3311 3661 3394 prorupisse
3719 3310 3797 3376 ad
3858 3310 4296 3376 invocandum

2359 3399 2483 3463 Dei
2541 3419 2801 3462 nomen.
2911 3397 3077 3461 Nam
3136 3398 3304 3479 quod
3373 3409 3712 3479 exponunt
3768 3396 4032 3479 quidam
4093 3398 4298 3461 inter-

2357 3493 2595 3566 preteS,
2635 3482 2944 3566 quosdam
2985 3485 3087 3565 pie
3124 3484 3320 3548 fuisse
3357 3493 3668 3566 precatos,
3705 3495 3772 3546 et
3796 3483 3958 3547 alios
3983 3503 4064 3545 ex
4104 3481 4297 3546 turba

2354 3570 2650 3652 improbe
2719 3570 3146 3634 tumultuatos
3213 3590 3353 3634 esse
3434 3579 3660 3633 contra
3730 3569 3956 3632 Mosen
4037 3570 4294 3633 ratione

2352 3666 2560 3722 caret:
2644 3655 2798 3738 quia
2862 3656 3257 3720 coniunctim
3325 3654 3486 3719 haec
3554 3653 3680 3722 duo
3754 3654 4152 3730 recitantur,
4219 3660 4298 3717 ut

2354 3754 2682 3826 nequeant
2729 3741 2809 3805 ad
2857 3741 3150 3807 diversos
3196 3741 3494 3806 homines
3540 3738 3904 3805 transferri.

2528 3828 2625 3892 11.
2676 3827 3009 3910 Numquid
3064 3827 3217 3908 quia
3263 3847 3385 3892 non
3444 3831 3637 3891 erant.
3725 3825 3856 3890 Hic
3916 3825 4150 3891 rectior
4194 3833 4295 3890 est

2352 3933 2614 3980 sensus:
2661 3914 2814 3996 quia
2858 3912 3100 3995 duplex
3125 3914 3386 3997 negatio
3426 3933 3538 3995 pro
3565 3932 3693 3977 una
3715 3911 3998 3994 ponitur.
4049 3912 4297 3975 Amara

2353 4010 2572 4064 autem
2616 4011 2680 4064 et
2727 3998 2995 4064 mordax
3044 4011 3142 4063 est
3184 3998 3579 4082 obiurgatio:
3626 4000 3778 4080 quia
3824 4018 3954 4060 non
4003 3996 4296 4061 contenti

2352 4086 2679 4168 praeferre
2740 4086 3025 4171 Aegypti
3079 4085 3382 4172 'sepulcra
3440 4084 3633 4147 morti
3694 4105 3885 4165 quam
3956 4080 4292 4160 timebant,

2352 4173 2927 4238 subsannationem
2972 4171 3267 4246 miscent,
3328 4179 3712 4253 quaerentes
3772 4168 3922 4251 quid
3984 4168 4047 4230 in
4111 4189 4294 4231 men-

2353 4267 2486 4323 tem
2546 4259 2800 4323 venerit
2867 4256 3029 4321 Mosi
3090 4266 3162 4320 ut
3220 4273 3327 4321 eos
3373 4255 3662 4319 traheret
3718 4253 3786 4317 in
3849 4252 4290 4332 solitudinem,

2353 4366 2426 4409 ac
2489 4343 2543 4407 si
2599 4354 2776 4408 terra
2831 4343 3117 4427 Aegypti
3171 4362 3301 4405 non
3359 4340 3687 4405 sufficeret
3742 4338 3823 4403 ad
3893 4339 4064 4421 ipsos
4109 4360 4293 4421 sepe·

2351 4429 2619 4494 liendos.
2693 4430 2889 4511 Atqui
2931 4431 3109 4492 Deus
3147 4427 3362 4511 palam
3412 4440 3478 4490 et
3522 4435 3741 4508 aperte
3778 4446 3846 4489 se
3885 4426 4113 4490 ducem
4151 4446 4293 4490 esse

2352 4517 2565 4580 exitus
2609 4515 3030 4599 probaverat:
3093 4512 3326 4578 deinde
3380 4512 3590 4594 turpis
3633 4510 3963 4576 socordiae
4010 4510 4135 4574 fuit
4177 4510 4291 4574 ob-

2350 4602 2558 4667 livisci
2604 4623 2808 4683 nuper
2841 4621 2911 4664 se
2948 4600 3219 4664 mortuis
3258 4599 3453 4663 fuisse
3490 4596 3755 4674 simileS,
3810 4615 3886 4661 ac
3921 4617 3956 4660 e
3993 4596 4291 4679 sepulcro

2352 4689 2550 4752 fuisse
2600 4686 2982 4751 mirabiliter
3027 4685 3307 4750 eductos.
3400 4683 3700 4766 Longius
3743 4683 3938 4746 etiam
3988 4702 4292 4763 prorum-

2349 4774 2446 4858 pit
2490 4794 2712 4838 eorum
2759 4774 2969 4850 furor,
3031 4792 3230 4854 quum
3292 4768 3600 4834 audacter
3643 4768 3714 4832 in
3762 4769 4135 4832 memoriam
4185 4790 4289 4832 re-

2353 4870 2584 4924 vocant
2605 4859 2838 4942 impias
2859 4857 3314 4941 blasphemias.
3352 4876 3517 4939 quae
3550 4854 3713 4937 ipsis
3739 4853 4077 4936 pudendae
4100 4861 4290 4918 erant

2350 4967 2424 5010 ac
2486 4942 2914 5010 detestabiles.
3020 4942 3225 5008 Cuius
3283 4944 3455 5007 enim
3523 4939 4018 5024 ingratitudinis
4076 4940 4286 5003 fuerat

2349 5033 2616 5097 reiicere
2672 5030 2949 5094 oblatam
3006 5029 3407 5093 liberationis
3474 5026 3786 5111 gratiam,
3849 5034 3913 5090 et
3974 5024 4115 5089 Deo
4173 5045 4285 5089 ve-

2351 5117 2558 5182 nienti
2603 5116 2865 5180 ianuam
2910 5113 3230 5196 claudere,
3295 5123 3365 5179 ut
3407 5114 3472 5177 in
3519 5112 3656 5177 suis
3703 5111 3980 5176 miseriis
4025 5120 4284 5193 putres-

2348 5201 2613 5269 cerent?
2641 5199 2815 5266 Huic
2837 5201 3100 5284 quidem
3124 5211 3347 5265 tantae
3369 5198 3680 5283 pravitati
3704 5198 4046 5281 ignoverat
4073 5195 4280 5261 Deus:

2349 5289 2465 5354 sed
2498 5290 2786 5372 ipsorum
2823 5299 2963 5352 erat
2986 5287 3245 5353 assidue
3279 5306 3557 5371 gemero,
3594 5289 3662 5349 et
3697 5280 4087 5348 verecundia
4121 5301 4284 5364 quo·

2349 5372 2697 5440 dammodo
2754 5374 2970 5455 obrui,
3033 5386 3109 5438 ut
3161 5393 3378 5438 coram
3439 5369 3567 5436 Dei
3622 5367 3862 5434 iudicio
3920 5367 4306 5432 aboleretur

3876 5465 3981 5523 10*
