4867 6150
366 452 487 518 233

369 651 432 708 et
461 661 885 724 quaecunque
922 641 1034 707 alii
1057 660 1181 706 sua
1214 639 1540 707 industria
1562 643 1953 726 magnisque
1978 642 2309 709 laboribus

365 737 790 812 paraverant,
835 727 907 791 in
952 727 1100 792 illos
1144 728 1535 794 transferre:
1581 728 1677 793 ita
1721 750 1796 793 eo
1838 730 2052 812 magis
2096 728 2309 794 detes·

365 812 576 879 tabilis
634 825 777 879 erat
829 812 1168 896 impietas,
1242 814 1458 898 ipsum
1530 814 1896 899 negligere,
1964 837 2161 898 quum
2239 836 2309 880 86

364 899 645 984 quotidie
685 901 757 964 in
803 898 917 964 illa
953 898 1303 981 multiplici
1340 900 1661 965 bonorum
1700 902 2006 984 congerie
2049 922 2306 983 reprae-

363 994 671 1051 sentaret.
759 985 1109 1051 Discamus
1170 986 1394 1069 itaque
1437 1008 1519 1051 ex
1565 987 1689 1052 hoc
1734 988 1874 1053 loco
1919 986 2311 1052 liberalitate

361 1070 488 1136 Dei
523 1093 644 1136 nos
682 1071 953 1136 invitari
990 1071 1072 1136 ad
1110 1071 1251 1137 eius
1291 1072 1577 1138 cultum:
1628 1083 1695 1137 et
1730 1074 1982 1156 quoties
2022 1072 2307 1156 benigne

362 1156 698 1223 nobiscum
772 1157 943 1241 agit,
1021 1157 1293 1243 gloriam
1360 1179 1544 1224 suam
1615 1172 1767 1224 ante
1832 1159 2051 1225 oculos
2118 1159 2305 1223 nobis

363 1252 667 1309 statuere.
781 1241 912 1310 Sed
993 1263 1078 1308 ex
1156 1245 1455 1327 opposito
1534 1246 2062 1320 meminerimus,
2142 1264 2307 1329 quae

364 1329 684 1395 debebant
748 1329 934 1396 nobis
1002 1350 1144 1395 esse
1210 1329 1517 1396 vehicula
1581 1329 1661 1395 ad
1728 1343 1984 1397 mentes
2047 1346 2310 1401 nostras

362 1437 619 1482 sursum
666 1415 988 1481 tollendas
1045 1417 1209 1481 vitio
1263 1427 1484 1482 nostro
1538 1418 1833 1483 converti
1890 1418 1959 1482 in
2017 1439 2307 1484 remoras

362 1510 426 1567 et
459 1500 824 1568 obstacula:
862 1522 989 1583 quo
1024 1501 1272 1567 scilicet
1310 1502 1518 1587 magis
1549 1504 1629 1568 ad
1668 1504 2033 1569 cavendum
2068 1506 2304 1569 attenti

359 1588 584 1655 simus.
673 1588 758 1653 In
793 1589 924 1653 fine
969 1609 1198 1653 versus
1244 1588 1327 1653 12
1370 1589 1498 1654 alia
1540 1589 2033 1655 circumstantia
2078 1610 2305 1655 eorum

360 1674 758 1739 dementiam
801 1674 1118 1758 coarguit,
1164 1675 1219 1738 si
1254 1685 1524 1756 repente
1560 1674 1749 1740 ditati
1789 1677 2307 1758 intemperanter

356 1761 709 1826 insultent:
767 1781 842 1826 ac
901 1761 956 1825 si
1015 1759 1290 1837 diceret,
1348 1762 1617 1826 minime
1668 1761 2072 1828 tolerabilem
2137 1762 2306 1828 hanc

356 1868 498 1913 esse
543 1846 923 1924 socordiam,
969 1847 1021 1910 si
1059 1843 1188 1909 Dei
1224 1847 1654 1911 beneficentia
1696 1848 1909 1913 ornati
1955 1870 2085 1912 non
2130 1848 2307 1931 cogi-

355 1940 501 1997 tent
547 1932 625 1997 de
670 1953 790 1998 sua
847 1931 1133 2016 origine:
1195 1933 1348 2015 quia
1408 1932 1573 1996 nihil
1631 1935 1841 2018 magis
1897 1933 1979 1999 ad
2038 1934 2308 1999 humili-

353 2028 560 2084 tatem
603 2040 712 2084 eos
756 2018 1021 2084 flectere
1067 2017 1293 2083 debuit
1336 2036 1528 2101 quam
1577 2021 1816 2086 misera
1859 2019 1975 2085 illa
2017 2024 2306 2085 servitus

354 2104 532 2170 unde
576 2104 786 2188 erepti
831 2106 1109 2169 fuerant.
1200 2104 1382 2188 Ergo
1427 2105 1683 2187 amplae
1729 2106 2189 2185 dominationi,
2237 2109 2305 2171 in

350 2212 550 2275 quam
574 2191 723 2255 illos
750 2191 935 2255 Deus
961 2187 1307 2269 extulerat,
1348 2192 1617 2273 opponit
1642 2192 1905 2256 domum
1943 2214 2303 2271 servorum,

351 2290 438 2342 ut·
509 2278 827 2362 pristinae
892 2276 1086 2341 sortis
1151 2275 1515 2342 recordatio
1581 2279 1976 2360 proterviam
2045 2300 2303 2344 omnem

348 2375 738 2447 compescat.

1011 2705 1144 2772 EX
1188 2705 1457 2773 DEU'P.
1506 2705 1632 2773 IX.

530 2880 583 2942 1.
644 2877 828 2942 Audi
873 2875 1118 2943 Israel:
1167 2877 1267 2943 Tu
1312 2878 1554 2944 transis
1594 2877 1777 2944 hodie
1823 2878 2188 2959 Iordanem,
2236 2886 2304 2945 ut

337 2964 738 3047 inyrediaris
778 2962 863 3027 ad
893 2963 1348 3045 possidendum
1387 2970 1596 3047 pentes
1629 2985 1897 3049 maynas
1931 2971 1986 3030 et
2018 2966 2302 3031 robustas

325 3057 593 3135 praeter
627 3055 701 3127 te,
745 3047 934 3115 urbes
974 3069 1243 3134 maynas
1284 3055 1340 3115 et
1371 3053 1650 3116 munitas
1683 3071 1882 3134 usque
1915 3052 2001 3117 ad
2032 3053 2295 3119 coelum:

337 3138 399 3203 2.
450 3136 774 3218 Populum
815 3155 1115 3219 mayuum
1150 3141 1207 3201 et
1237 3157 1590 3219 procerum,
1629 3138 1798 3217 filios
1832 3138 2107 3204 Enacim
2142 3160 2301 3221 quos

335 3230 405 3288 tu
450 3225 640 3302 nosti,
684 3228 740 3287 et
780 3223 856 3288 de
898 3222 1124 3303 quibus
1155 3229 1222 3288 tu
1261 3224 1535 3289 audisti.-
1587 3225 1745 3304 Quis
1777 3226 2058 3291 consistet
2090 3246 2300 3292 coram

331 3311 504 3392 filiis
549 3308 780 3374 Euae?
861 3309 921 3373 3.
974 3308 1139 3374 Scito
1184 3309 1393 3390 itaque
1434 3310 1613 3375 hodie
1654 3311 1818 3392 quod
1852 3310 2082 3377 Iebova
2119 3312 2300 3377 Deus

334 3402 488 3462 tuus
535 3396 672 3477 ipse
714 3399 802 3459 est
835 3395 948 3477 qui
983 3396 1213 3460 transit
1244 3401 1387 3460 ante
1415 3400 1486 3473 te,
1528 3397 1692 3479 tynis
1725 3417 2120 3464 consumens.-
2162 3399 2299 3481 ipse

332 3482 567 3549 delebit
608 3501 743 3559 eos,
788 3501 864 3546 aa
917 3480 1279 3547 humiliabit
1332 3501 1429 3546 eos
1483 3503 1693 3547 coram
1749 3488 1835 3559 te,
1895 3490 1962 3548 ut
2023 3485 2299 3565 expellas

334 3589 439 3635 eos
460 3568 830 3650 perdasque
861 3586 964 3632 eos
996 3567 1130 3647 cito,
1169 3568 1682 3649 quemadmodum
1713 3569 1880 3634 dixit
1900 3569 2132 3635 Iehova
2166 3569 2295 3636 tibi.

331 3655 394 3721 4.
449 3653 560 3719 Ne
602 3654 781 3718 dicas
824 3654 895 3718 in
933 3653 1110 3718 corde
1150 3659 1269 3731 tua,
1315 3674 1508 3734 quum
1540 3654 1845 3737 expulerit
1868 3655 2096 3721 Iehova
2121 3655 2299 3722 Deus

329 3748 490 3806 tuus
524 3740 680 3806 illos
704 3761 744 3803 a
777 3738 944 3821 facie
976 3745 1105 3817 tua,
1141 3740 1431 3805 dicendo:
1471 3739 1741 3821 Propter
1761 3743 2074 3808 iustitiam
2095 3763 2297 3808 meam

328 3827 695 3893 introduxit
727 3845 825 3890 me
848 3824 1079 3890 Iehova
1112 3831 1185 3890 ut
1208 3827 1568 3906 possideam
1602 3832 1832 3891 terram
1873 3827 2063 3893 hanc:
2104 3849 2297 3911 quum

321 3918 599 3996 propter
659 3912 1058 3993 iniquitatem
1118 3913 1395 3996 yentium
1445 3915 1716 3977 istarum
1755 3912 1986 3979 Iehova
2029 3916 2297 3998 expellat

329 4020 444 4066 eas
492 4019 538 4064 a
578 3999 745 4081 facie
799 4001 925 4061 tua.
1015 3996 1075 4063 5.
1140 3998 1286 4063 Non
1329 4004 1592 4080 propter
1641 4001 1955 4065 iustitiam
2011 4005 2187 4066 tuam
2242 4006 2296 4066 et

324 4085 771 4151 rectitudinem
812 4083 1017 4148 cordis
1057 4084 1155 4148 tui
1195 4089 1263 4148 tu
1306 4085 1679 4169 inyredieris
1724 4086 1812 4150 ad
1845 4088 2314 4168 possidendam.

325 4177 577 4237 terram
611 4190 843 4246 eom,
880 4170 990 4235 sed
1011 4174 1271 4251 propter
1312 4172 1686 4253 impietatem
1715 4174 1993 4255 gentium
2025 4175 2294 4238 istarum

326 4258 576 4323 lebona
599 4257 783 4322 Deus
815 4261 961 4321 tuus
988 4256 1239 4337 expellit
1265 4277 1377 4322 eas
1412 4259 1653 4339 a0faeie
1695 4263 1826 4334 tua,
1870 4264 1939 4324 ut
1981 4259 2297 4340 confirmet

321 4344 593 4411 verbum
616 4342 781 4424 quod
801 4342 1042 4408 iuravit
1062 4344 1199 4424 ipse
1221 4340 1453 4408 Iehova
1474 4344 1771 4424 patribus
1795 4346 1939 4425 tuis,
1974 4345 2293 4424 Abrahae,

327 4430 542 4496 Isaac
593 4436 650 4494 et
693 4429 898 4494 Iacob.
1002 4428 1060 4493 6.
1132 4429 1299 4494 Scito
1363 4430 1575 4511 itaque
1638 4430 1802 4512 quod
1864 4451 1988 4495 non
2040 4438 2296 4514 propter

322 4518 655 4583 iustitiam
718 4520 895 4580 tuam
961 4514 1192 4580 Iehova
1260 4513 1439 4580 Deus
1500 4520 1649 4580 tuus
1711 4516 1820 4580 dat
1883 4516 1998 4582 tibi
2060 4523 2296 4584 terram

326 4604 542 4668 istam
582 4603 879 4683 optimam
897 4653 911 4678 ,
969 4606 1040 4666 ut
1078 4603 1411 4683 possideas
1453 4621 1624 4666 eam.-
1677 4603 1988 4685 siquidem
2017 4605 2298 4687 populus

326 4689 550 4756 durae
587 4688 845 4754 cervicis
886 4708 969 4754 es.
1113 4703 1118 4710 '

524 4861 583 4926 1.
637 4859 737 4924 Tu
777 4860 1016 4926 transis
1055 4859 1236 4926 hodie
1269 4859 1624 4927 Iordanem,
1715 4861 1922 4927 Totus
1967 4861 2076 4926 hio
2119 4861 2298 4928 locus

325 4949 637 5033 elogium
704 4946 999 5011 continet
1061 4946 1390 5030 gratuitae
1459 4948 1585 5012 Dei
1640 4945 2089 5024 liberalitatis,
2170 4969 2299 5032 qua

327 5036 463 5101 sibi
513 5033 831 5117 populum
879 5030 1180 5098 devinxit
1224 5031 1304 5097 ad
1352 5031 1516 5117 legis
1559 5033 1962 5116 obsequium.
2055 5034 2300 5100 Debuit

326 5131 574 5187 autem
617 5117 717 5206 (ut
759 5119 890 5183 iam
948 5122 1168 5184 visum
1229 5116 1358 5205 est)
1412 5121 1769 5186 acerrimus
1826 5119 1935 5186 hic
1993 5141 2135 5185 esse
2180 5121 2298 5186 sti·

323 5207 574 5272 mulus
607 5206 690 5271 ad
726 5204 1111 5289 pungendos
1131 5204 1489 5282 Israelitas,
1527 5217 1600 5270 ut
1621 5209 1885 5289 penitus
1909 5217 2301 5289 raperentur

322 5295 415 5359 ad
493 5291 843 5357 colendum
910 5299 976 5357 et
1042 5291 1394 5357 amandum
1458 5291 1712 5373 Deum,
1793 5294 1898 5359 cui
1964 5304 2301 5376 tantopere

325 5378 652 5446 obstricti
697 5386 903 5444 erant.
992 5376 1360 5444 Consilium
1407 5400 1563 5463 ergo
1608 5380 1816 5446 Mosis
1860 5379 1988 5444 fuit
2032 5380 2297 5446 docere:

1824 454 2359 522 PRAEFATIO
2403 454 2506 521 IN
2554 455 2899 521 LEGEM.

4234 460 4364 525 234

2417 644 2619 710 nullis
2664 644 2918 714 meritis
2961 641 3318 724 Israelitas,
3361 643 3475 710 sed
3520 644 3621 710 sin
3673 645 3839 710 ulari
3877 645 4004 711 Dei
4049 646 4403 714 beneficio‘
4474 724 4481 729 ζ

2415 731 2732 796 haeredes
2774 730 2911 794 fore
2954 740 3169 795 terrae
3199 729 3545 795 Chanaan:
3591 730 3614 794 i
3662 752 3787 814 que
3832 740 4045 798 totum
4092 753 4361 798 manare

2414 838 2503 882 ex
2544 816 2802 882 foedere
2847 827 2914 880 et
2956 816 3300 898 adoptione
3358 817 3678 900 gratuita:
3741 827 3813 882 ut
3873 818 4164 884 vicissim
4210 841 4359 903 per-

2414 912 2669 967 starent
2733 902 2800 966 in
2865 902 3042 966 fideli
3107 903 3563 967 observatione
3627 903 3941 981 foederis,
4008 913 4203 988 atque
4267 906 4363 972 ita

2412 989 2624 1072 magis
2668 989 2973 1072 propensi
3018 998 3237 1053 essent
3281 988 3361 1053 ad
3407 991 3546 1053 eius
3591 989 3860 1055 cultum.
3926 989 4138 1056 Nimis
4181 992 4362 1057 enim

2411 1074 2761 1158 indignum
2822 1082 2995 1139 esset
3051 1094 3183 1139 non
3245 1092 3585 1141 occurrere
3631 1076 3773 1142 Deo
3825 1076 4233 1143 voluntarios
4277 1077 4364 1142 ad

2411 1160 2826 1225 subeundum
2872 1160 3014 1224 eius
3077 1161 3425 1244 imperium
3486 1183 3648 1243 quos
3707 1182 3829 1227 sua
3893 1164 4108 1247 gratia
4171 1185 4361 1248 prae-

2411 1246 2617 1311 venit.
2709 1245 2921 1310 Porro
2966 1267 3050 1310 ne
3108 1246 3232 1311 sibi
3288 1246 3643 1330 quidquam
3702 1258 4043 1330 arrogent,
4104 1249 4362 1333 magni-

2409 1331 2710 1396 tudinem
2758 1333 3092 1414 potentiae
3140 1332 3263 1397 Dei
3309 1336 3377 1396 in
3425 1355 3499 1397 eo
3557 1334 3973 1399 commendat
4030 1333 4202 1417 quod
4261 1343 4363 1400 tot

2409 1418 2709 1501 gentium
2755 1419 3036 1483 victores
3079 1439 3222 1483 esse
3281 1426 3640 1501 nequeant,
3709 1419 3834 1485 nisi
3892 1421 4279 1486 mirabiliter
4322 1443 4360 1486 e

2408 1505 2589 1569 coelo
2645 1504 2869 1568 adiuti.
2960 1503 3104 1569 Hac
3160 1504 3414 1568 ratione
3467 1504 3621 1570 dicit
3666 1515 3895 1589 gentes
3939 1506 4086 1570 illas
4130 1508 4354 1572 multi·

2410 1588 2641 1654 tudine
2686 1600 2756 1655 et
2798 1608 3101 1665 numero,
3172 1589 3408 1654 deinde
3467 1590 3850 1655 fortitudine
3896 1591 4125 1657 bellica
4166 1613 4356 1675 prae-

2407 1675 2662 1740 cellere.
2754 1674 2992 1755 Addit,
3036 1697 3260 1740 eorum
3307 1677 3506 1741 urbes
3548 1697 3691 1742 esse
3736 1698 4012 1761 magnas
4055 1688 4123 1743 et
4165 1680 4357 1743 inex-

2407 1761 2828 1847 pugnabiles:
2890 1771 3220 1845 postremo
3276 1763 3345 1825 in
3401 1761 3534 1827 illis
3591 1782 3733 1827 esse
3787 1764 3956 1829 filios
4009 1765 4355 1848 gigantum

2409 1868 2680 1930 procera
2722 1860 2976 1912 statura
3034 1846 3495 1914 formidabiles.
3585 1849 3754 1914 Nam
3803 1850 3987 1916 Enac
4045 1848 4150 1937 (ut
4202 1872 4356 1916 nar·

2409 1944 2597 1999 ratur
2654 1934 2851 1999 Iosue
2913 1932 3012 1998 15.
3069 1931 3307 2020 capite)
3366 1936 3652 2000 famosus
3708 1935 3895 2020 gigas
3953 1937 4112 2014 fuit,
4168 1938 4355 2002 cuius

2455 2020 2654 2086 osteri
2714 2020 2919 2085 vocati
2976 2030 3137 2085 sunt
3193 2020 3491 2086 Enacim.
3596 2021 3686 2085 Et
3745 2042 3876 2104 quo
3933 2021 4204 2087 tollatur
4260 2026 4355 2088 eis

2456 2106 2748 2184 ubitatio,
2794 2105 2953 2171 citat
2995 2106 3171 2188 ipsos
3217 2117 3436 2184 testes,
3481 2106 3652 2189 quod
3698 2106 3958 2173 illorum
4004 2117 4356 2192 conspectu

2407 2192 2658 2257 fuerint
2743 2192 3040 2257 exterriti
3120 2200 3195 2256 ut
3267 2192 3477 2257 velint
3553 2208 3816 2257 cursum
3895 2195 4354 2260 retroflectere.

2411 2278 2609 2344 Nunc
2676 2289 2971 2343 tenemus
3033 2298 3346 2361 quorsum
3415 2278 3692 2343 tendant
3770 2300 3996 2344 omnes
4073 2280 4357 2346 circum·

2409 2366 2722 2442 stantiae,
2770 2385 3005 2446 nempe
3050 2376 3124 2428 ut
3162 2365 3233 2428 in
3277 2364 3567 2430 victoriis
3613 2365 3832 2447 populi
3878 2376 3945 2429 et
3986 2364 4159 2431 felici
4203 2388 4353 2433 suc-

2409 2471 2598 2516 cessu
2655 2449 2981 2535 refulgeat
3038 2450 3164 2515 Dei
3220 2450 3446 2534 gloria.
3534 2450 3721 2515 Haec
3780 2450 4008 2531 verba,
4063 2472 4223 2534 quos
4281 2464 4354 2518 tu

2410 2538 2601 2615 nosti,
2638 2545 2705 2601 et
2728 2537 2807 2601 de
2842 2535 3077 2619 quibus
3117 2536 3375 2614 audisti,
3413 2536 3495 2602 ad
3533 2536 3981 2619 exploratores
4013 2536 4355 2605 referenda

2408 2630 2582 2688 sunt.
2693 2622 2922 2706 Neque
3007 2623 3183 2686 enim
3265 2623 3567 2706 gigantes
3645 2622 3742 2687 illi
3824 2623 4041 2690 adhuc
4113 2624 4355 2707 populo

2408 2729 2630 2775 coram
2691 2710 3144 2774 innotuerant:
3214 2708 3326 2773 sed
3385 2708 3464 2773 ad
3520 2730 3746 2774 omnes
3803 2709 4117 2774 transfert
4180 2709 4355 2792 quod

2407 2815 2760 2878 paucorum
2809 2804 2980 2860 erat:
3027 2795 3180 2877 quia
3225 2815 3310 2858 ex
3355 2815 3578 2860 eorum
3624 2794 3836 2860 relatu
3878 2795 4123 2878 passim
4171 2816 4354 2880 gras·

2407 2890 2589 2945 satus
2634 2894 2778 2945 erat
2823 2892 3035 2945 terror
3078 2902 3196 2964 per
3238 2893 3468 2957 castra,
3516 2901 3591 2946 ac
3633 2882 3687 2946 si
3725 2881 3856 2946 iam
3891 2882 4236 2948 venissent
4269 2882 4353 2947 ad

2407 2968 2806 3032 conflictum.
2882 2966 3058 3047 Quia
3101 2987 3257 3049 ergo
3301 2967 3592 3050 persuasi
3636 2968 3896 3032 fuerant
3939 2988 4009 3033 se
4054 2967 4352 3034 hostibus

2406 3054 2549 3118 fore
2600 3055 2916 3138 impares,
2974 3062 3042 3117 et
3097 3053 3459 3118 exanimati
3524 3053 3785 3119 fuerant
3849 3053 3930 3119 ad
3997 3075 4350 3134 rumorem,

2407 3141 2630 3206 Moses
2697 3161 2809 3204 eos
2874 3139 3137 3222 proprio
3199 3139 3572 3204 testimonio
3638 3141 3965 3224 coarguit:
4037 3162 4118 3205 ne
4183 3142 4351 3206 forte

2405 3238 2632 3309 postea
2708 3225 2971 3290 laudem
3042 3226 3155 3290 uni
3225 3226 3365 3290 Deo
3433 3224 3715 3292 debitam
3782 3226 3863 3291 ad
3931 3247 4002 3291 86
4066 3228 4348 3309 rapiant.

2408 3314 2737 3378 Docemur
2779 3326 3000 3377 autem
3046 3333 3128 3376 ex
3174 3310 3278 3376 his
3334 3312 3556 3377 verbis
3612 3332 3756 3376 eam
3814 3332 3959 3378 esse
4004 3312 4350 3378 hominum

2403 3399 2947 3484 ingratitudinem
3016 3407 3089 3461 ut
3153 3396 3282 3462 Dei
3355 3399 3674 3463 beneficia
3752 3407 4067 3480 quantum
4134 3400 4205 3463 in
4272 3419 4345 3464 86

2404 3499 2504 3550 est
2545 3484 2923 3556 obscurent,
2972 3505 3182 3567 neque
3228 3506 3512 3567 unquam
3561 3485 3828 3563 cedant,
3878 3486 4000 3549 nisi
4047 3486 4348 3551 convicti.

2574 3571 2634 3637 3.
2687 3570 2854 3636 Scito
2895 3571 3109 3652 itaque
3145 3569 3343 3635 hodie.
3436 3570 3707 3654 Colligit
3750 3592 3831 3635 ox
3881 3570 4348 3653 superioribus,

2402 3657 2601 3722 nimis
2656 3658 2982 3741 malignos
3039 3657 3178 3720 fore
3233 3656 3572 3721 Israelitas
3631 3656 3755 3721 nisi
3813 3665 4176 3740 agnoscant
4219 3654 4350 3722 Dei

2401 3765 2605 3808 manu
2642 3745 3018 3827 profligatos
3053 3763 3195 3806 esse
3230 3741 3468 3807 hostes,
3531 3742 3622 3807 Et
3658 3763 3785 3825 quo
3814 3742 4027 3826 magis
4059 3742 4352 3808 illustret

2400 3830 2824 3908 miraculum,
2868 3826 3301 3892 similitudine
3348 3829 3590 3905 utitur,
3638 3827 3855 3893 Deum
3901 3829 4037 3912 igni
4084 3849 4351 3911 compa-

2400 3937 2594 3994 rans,
2651 3915 2763 3999 qui
2822 3913 3087 3980 insolito
3146 3913 3340 3978 modo
3395 3922 3462 3978 et
3519 3914 3885 3980 incredibili
3934 3923 4031 3977 tot
4074 3914 4350 3997 populos

2397 4013 2756 4068 consumet.
2802 3999 3091 4066 Perinde
3114 4001 3289 4064 enim
3328 4010 3427 4065 est
3451 4021 3526 4065 ac
3548 4000 3604 4064 si
3629 3998 3922 4078 dixisset,
3965 3998 4349 4064 humanitus

2399 4088 2544 4152 fieri
2583 4108 2710 4152 non
2748 4107 2954 4170 posse,
3001 4107 3122 4151 nec
3166 4086 3426 4151 usitatis
3460 4085 3841 4164 rationibus,
3888 4093 3959 4149 ut
3997 4095 4089 4148 tot
4124 4087 4351 4169 populi

2399 4185 2466 4239 et
2511 4182 2646 4238 tam
2706 4173 2994 4240 bellicosi
3053 4171 3183 4235 cito
3241 4181 3530 4254 pereant.
3622 4171 3801 4237 Alibi
3853 4179 4122 4236 vocatur
4170 4172 4350 4238 Deus

2397 4260 2574 4343 ignis
2631 4278 3056 4336 consumens,
3114 4258 3377 4323 diverso
3436 4278 3664 4338 sensu,
3725 4267 3800 4322 ut
3856 4257 4024 4322 iram
4081 4258 4221 4323 eius
4276 4278 4351 4322 ac

2397 4346 2762 4430 potentiam
2808 4354 3231 4409 xmetuamus.
3343 4341 3478 4409 Sed
3545 4344 3653 4409 hic
3718 4351 3976 4407 tantum
4039 4343 4351 4428 intelligit

2401 4433 2620 4497 Moses
2698 4428 3082 4496 admirabile
3160 4431 3300 4494 fore
3377 4431 3518 4495 eius
3601 4450 3764 4512 opus
3853 4428 4347 4512 dissipationem

2398 4518 2696 4604 gentium
2743 4517 3099 4584 Chanaan:

2572 4605 2631 4669 4.
2677 4603 2777 4669 Ne
2810 4603 2989 4669 dieas
3021 4603 3093 4666 in
3126 4602 3306 4667 corde
3339 4606 3459 4666 tuo.
3507 4600 3700 4665 Nunc
3722 4602 4015 4683 apertius
4039 4600 4350 4668 admonet

2402 4691 2716 4774 populum
2776 4711 2858 4754 ne
2916 4710 2984 4754 86
3040 4688 3211 4753 fastu
3267 4697 3332 4753 et
3391 4686 3594 4751 stulta
3654 4686 4040 4771 gloriatione
4098 4687 4347 4752 efferat.

2401 4776 2546 4842 Nisi
2584 4787 2718 4841 tam
2758 4796 2959 4859 pravo
2995 4783 3062 4838 et
3096 4773 3386 4857 maligno
3422 4774 3655 4838 fuisset
3688 4774 3975 4856 ingenio,
4014 4774 4173 4838 satis
4208 4780 4352 4837 erat

2401 4885 2536 4928 uno
2602 4862 2804 4928 verbo
2868 4861 3148 4946 gratiam
3215 4860 3340 4925 Dei
3403 4858 3690 4924 ostendi:
3759 4861 3873 4925 sed
3938 4881 4073 4926 non
4137 4858 4352 4943 potuit

2401 4949 2594 5013 aliter
2657 4970 2768 5013 eos
2834 4949 3054 5013 Moses
3121 4944 3202 5010 ad
3281 4943 3754 5030 gratitudinem
3836 4945 4157 5012 adducere
4223 4944 4349 5008 nisi

2401 5046 2693 5101 correcta
2761 5042 2827 5099 et
2896 5033 3146 5098 deiecta
3208 5031 3534 5115 superbia.
3647 5029 4076 5098 Obstaculum
4147 5031 4350 5113 igitur

2400 5120 2566 5186 illud
2591 5120 2779 5196 tollit,
2816 5141 2945 5202 quo
2967 5118 3315 5200 conspicua
3351 5118 3439 5183 sit
3473 5116 3649 5199 apud
3671 5139 3780 5182 eos
3808 5118 3934 5183 Dei
3966 5116 4347 5181 liberalitas.

2406 5207 2644 5272 Dicere
2688 5208 2758 5270 in
2801 5204 2995 5272 corde
3037 5203 3427 5270 tantundem
3484 5203 3662 5268 valet
3722 5223 3796 5268 ac
3853 5213 4190 5286 reputare,
4238 5200 4346 5266 vel

2403 5293 2777 5376 opinionem
2835 5292 3191 5374 concipere.
3283 5289 3507 5370 Quare
3565 5309 3700 5353 non
3754 5298 4011 5354 tantum
4069 5287 4348 5370 castigat

2405 5380 2627 5445 Moses
2661 5378 2926 5463 linguae
2972 5377 3371 5456 iactantiam,
3415 5374 3529 5440 sed
3576 5374 3903 5439 occultum
3940 5375 4185 5439 fastum
4221 5393 4348 5457 quo
