4867 6150
538 418 664 483 647

537 590 645 669 lis,
694 610 822 673 quo
871 590 1082 674 magis
1127 597 1506 672 portentum
1552 609 1779 653 omnes
1824 587 2241 663 exhorreant,
2304 596 2371 651 et
2416 584 2499 651 ab

537 696 623 742 eo
647 688 942 751 caveant,
981 674 1060 740 ad
1086 676 1430 740 innoxium
1458 696 1663 758 usque
1702 673 1945 738 animal
1981 675 2218 738 transit
2251 693 2499 757 poena:

546 763 739 828 sicuti
778 772 932 826 ante
969 760 1256 828 vidimus
1293 761 1529 826 bovem
1578 769 2005 842 cornupetam
2053 759 2248 824 morti
2286 757 2501 824 addici

548 848 609 913 si
638 846 965 912 hominem
1004 847 1329 912 occiderit.
1390 848 1571 913 Hinc
1609 854 1826 911 autem
1881 847 2251 929 colligimus
2290 865 2498 928 quan-

543 942 773 1016 topere
819 933 1156 1016 displiceat
1203 933 1324 999 hoc
1366 955 1573 1018 genus
1620 932 1883 998 sceleris
1926 933 2102 1011 Deo,
2158 932 2313 996 dum
2361 931 2499 994 ani·

545 1019 816 1084 malium
862 1040 1026 1102 quae
1072 1029 1263 1084 extra
1305 1021 1565 1103 culpam
1611 1028 1770 1083 sunt
1804 1027 2011 1084 morte
2056 1019 2367 1084 sancitur.

1152 1326 1285 1429 Ex
1330 1325 1638 1391 strr.
1684 1324 1883 1390 xlx.

717 1497 822 1562 29.
880 1497 1029 1562 Nou
1072 1497 1316 1578 pollues
1366 1496 1573 1578 filiam
1623 1502 1799 1562 tuam
1847 1497 2281 1578 prostituendo
2335 1515 2499 1561 eam:

542 1603 738 1666 neque
779 1588 1076 1648 scortetur
1117 1588 1303 1663 terra,
1345 1588 1402 1648 et
1441 1582 1779 1666 impleatur
1820 1584 1965 1662 ipsa
2008 1583 2248 1648 scelere.

717 1755 981 1821 Clarius
1013 1754 1423 1820 demonstrat
1467 1754 1575 1818 hic
1620 1754 1799 1820 locus
1828 1774 2030 1837 vagos
2074 1775 2302 1818 omnes
2346 1773 2494 1818 con·

543 1842 802 1908 cubitus
838 1861 1096 1923 semper
1131 1861 1347 1906 coram
1373 1841 1518 1905 Deo
1555 1840 1752 1904 fuisse
1796 1840 2074 1904 illicitos.
2134 1839 2504 1922 Allegorice

545 1927 809 1992 trahere
867 1925 949 1991 ad
1011 1927 1414 2008 spiritualem
1476 1926 1975 1991 fornicationem
2036 1925 2205 2007 quod
2251 1925 2359 1989 hic
2405 1925 2505 1988 di-

546 2015 743 2094 citur,
812 2025 1103 2077 coactum
1172 2023 1270 2077 est
1334 2021 1526 2094 atque
1589 2010 1934 2077 insulsum.
2024 2011 2239 2075 Nimis
2305 2011 2502 2075 etiam

547 2099 760 2183 legem
797 2101 1209 2180 restringunt
1242 2098 1355 2180 qui
1391 2108 1626 2181 putant
1659 2096 1870 2161 solum
1905 2097 2206 2162 interdici
2244 2094 2505 2179 publica

544 2184 899 2268 lenocinia,
956 2206 1157 2268 quum
1219 2183 1430 2265 potius
1475 2182 1870 2266 generaliter
1913 2182 2272 2267 praecipiat
2313 2181 2505 2247 Deus

545 2271 957 2354 parentibus,
1018 2283 1093 2335 ut
1144 2270 1265 2334 sub
1321 2289 1492 2350 pura
1548 2278 1854 2351 castaque
1907 2269 2290 2334 educatione
2335 2268 2505 2334 filias

546 2378 699 2422 suas
746 2356 1134 2422 custodiant.
1206 2355 1458 2418 Verum
1509 2365 1586 2418 ut
1635 2353 1867 2419 demus
1907 2375 2040 2418 non
2078 2354 2254 2418 aliud
2292 2354 2506 2419 vetari

548 2462 744 2525 quam
814 2452 888 2505 ut
940 2462 1023 2505 ne
1075 2449 1380 2523 parentes
1423 2441 1710 2505 filiarum
1757 2441 1894 2505 sint
1936 2441 2238 2519 lenones,
2284 2449 2505 2505 tamen

548 2548 635 2591 ex
668 2527 1002 2611 polluendi
1038 2528 1242 2591 verbo
1285 2524 1617 2609 colligitur
1660 2526 1840 2609 ipsas
1882 2546 1965 2591 ex
2010 2538 2240 2610 stupro
2282 2547 2506 2590 macu-

548 2613 678 2676 lam
726 2613 1146 2678 contrahere:
1237 2611 1695 2695 frigideenim
1741 2611 2004 2693 quidam
2049 2613 2323 2677 verbum
2380 2595 2507 2680 55η

548 2706 820 2764 vertunt
880 2696 1210 2781 publicare
1314 2712 1381 2762 et
1447 2698 1615 2762 ratio
1675 2696 1898 2762 addita
1966 2698 2125 2763 satis
2182 2719 2508 2780 superque

552 2785 915 2860 confirmat,
956 2783 1314 2866 quamlibet
1347 2787 1811 2849 scortationem
1849 2804 1989 2848 esse
2026 2783 2170 2847 Deo
2207 2802 2509 2848 exosam:

549 2869 778 2952 Neque
828 2878 1148 2934 scortetur
1195 2877 1401 2943 terra,
1448 2869 1683 2952 inquit,
1735 2880 1803 2934 et
1850 2869 2203 2952 impleatur
2245 2869 2505 2935 scelere.

549 2955 681 3021 Hic
733 2966 910 3020 certe
953 2976 1085 3019 non
1131 2953 1211 3019 de
1255 2954 1597 3020 adulteriis
1640 2957 1875 3039 agitur.
1964 2955 2176 3038 Atqui
2219 2956 2273 3019 si
2320 2966 2510 3020 extra

551 3042 931 3125 coniugium
991 3052 1223 3107 coeant
1282 3041 1384 3107 vir
1445 3052 1513 3106 et
1555 3041 1833 3118 femina,
1888 3041 2099 3107 scelus
2158 3063 2301 3108 esse
2354 3063 2507 3126 pro-

553 3131 826 3192 nunciat
884 3129 1086 3192 Deus.
1176 3127 1371 3194 Unde
1441 3129 1772 3211 sequitur,
1831 3130 2109 3210 septimo
2163 3139 2508 3212 praecepto

557 3214 871 3296 populum
904 3213 1139 3293 doceri,
1185 3224 1260 3278 ut
1281 3214 1408 3280 sibi
1452 3215 1534 3279 ab
1578 3214 1760 3278 omni
1804 3214 2217 3297 impudicitia
2250 3222 2503 3280 caveat.

1137 3502 1271 3569 EX
1313 3504 1584 3570 DEU'P.
1632 3503 1905 3570 XXIII.

730 3676 827 3741 18.
868 3675 1013 3741 Non
1048 3677 1167 3741 erit
1199 3677 1494 3742 meretrix
1527 3696 1560 3741 e
1590 3674 1848 3756 filiabus
1886 3672 2112 3756 Israel,
2153 3696 2345 3759 neque
2386 3679 2509 3742 erit

552 3768 823 3828 scortum
866 3762 1215 3828 masculum
1257 3784 1289 3827 e
1324 3762 1489 3844 filiis
1534 3761 1762 3829 Israel.

727 3934 860 3999 Hic
930 3933 1110 3999 loeus
1180 3933 1499 4017 superiori
1571 3941 1669 3999 est
1731 3935 1975 4014 affinis,
2049 3936 2263 4017 priore
2329 3935 2508 4000 enim

555 4019 852 4085 membro
895 4018 1150 4104 puellas
1192 4030 1373 4086 vetat
1428 4020 1737 4105 prostitui
1782 4019 1868 4084 ad
1910 4031 2230 4103 stuprum.
2314 4035 2506 4110 ΠΨἾΡ

554 4107 940 4170 existimant
991 4105 1294 4171 hebraice
1330 4106 1548 4172 vocari
1592 4108 2025 4184 meretricem,
2071 4107 2224 4190 quia
2269 4108 2349 4172 ad
2395 4110 2510 4172 fla-

557 4190 789 4275 gitium
853 4191 1155 4276 exposita
1208 4195 1294 4257 sit
1348 4214 1422 4257 ac
1481 4201 1740 4276 parata:
1802 4212 2170 4273 quanquam
2233 4214 2349 4275 per
2394 4215 2509 4258 an-

561 4279 882 4359 tiphrasin
921 4278 1189 4343 videtur
1224 4278 1437 4342 notari
1473 4277 1754 4361 pollutio
1791 4279 2124 4342 sanctitati
2159 4280 2509 4344 contraria.

552 4361 904 4445 Utcunque
949 4366 1066 4439 sit,
1114 4374 1531 4446 praeceptum
1577 4365 1895 4429 castitatis
1939 4363 2162 4443 datur,
2205 4384 2290 4428 ne
2333 4365 2513 4450 puel-

552 4448 642 4512 lis
701 4448 896 4513 liceat
953 4464 1143 4515 extra
1187 4450 1562 4533 coniugium
1609 4451 1787 4515 viros
1833 4449 2196 4516 admittere.
2286 4450 2367 4515 In
2413 4472 2510 4517 se-

559 4533 777 4601 cundo
813 4535 1105 4599 membro
1142 4536 1460 4601 nonnulla
1495 4548 1595 4601 est
1631 4537 2047 4620 ambiguitas,
2091 4536 2194 4602 Ne
2238 4538 2322 4602 sit
2364 4550 2511 4637 ww?

559 4622 630 4684 in
691 4619 852 4684 filiis
907 4619 1147 4685 Israel:
1207 4627 1355 4703 quia
1417 4622 1562 4688 aliis
1606 4623 1767 4687 locis
1810 4631 2063 4687 certum
2112 4632 2213 4687 est
2256 4645 2373 4705 pro
2421 4643 2512 4688 cl-

561 4706 791 4772 naedis
851 4705 956 4769 vel
1000 4710 1230 4771 scortis
1273 4709 1581 4773 masculis
1626 4711 1862 4791 accipi:
1909 4709 2092 4773 nulla
2137 4723 2355 4773 tamen
2400 4712 2513 4774 ob·

565 4803 699 4857 stat
733 4793 901 4857 ratio
937 4795 1280 4874 quominus
1316 4809 1573 4859 vertere
1609 4794 1819 4873 licoat,
1871 4795 2300 4862 Scortatores.
2361 4795 2514 4876 Quo

564 4901 762 4944 sensu
786 4878 1073 4962 positum
1100 4878 1360 4943 videtur
1404 4880 1527 4946 hoc
1571 4902 1812 4946 nomen
1858 4884 1926 4945 in
1972 4880 2138 4945 libro
2161 4881 2277 4947 Iob
2294 4881 2354 4969 1),
2401 4882 2516 4946 ubi

566 4966 837 5038 dicitur,
899 4964 1310 5047 hypocritam
1372 4968 1760 5031 moriturum
1818 4968 1884 5031 in
1931 4967 2364 5031 adolescentia
2407 4968 2516 5031 vel

565 5052 729 5115 flore
789 5052 1051 5130 aetatis,
1109 5051 1306 5114 vitam
1370 5065 1589 5115 autem
1650 5055 1787 5118 eius
1839 5053 1980 5117 fore
2038 5056 2212 5118 inter
2266 5066 2514 5146 D'Wffp:

738 5255 798 5326 1)
839 5255 1134 5310 Laudatur
1180 5255 1257 5310 ad
1302 5256 1601 5323 marqinem
1652 5254 1780 5325 Cap.
1823 5256 1906 5311 19.
1991 5259 2184 5312 Verum
2233 5259 2384 5314 locus
2431 5275 2522 5312 ea·-

563 5331 678 5379 stat
720 5325 778 5380 C.
812 5324 900 5388 36,
939 5324 1020 5379 14.

1953 415 2449 483 SEPTIMUM·
2488 412 3138 482 PRAEOEP'PUM.

2510 1050 2523 1093 l

4405 411 4507 479 648

2604 584 2776 670 quod
2837 584 3222 650 tantundem
3286 586 3462 651 valet
3522 590 3716 666 atque
3778 583 4081 648 infamem
4142 583 4513 666 probrosam·

2605 694 2730 756 que
2787 671 2928 736 fore
2993 672 3060 735 in
3120 671 3277 736 vita.
3380 670 3731 736 Caeterum
3794 670 3850 735 si
3909 669 3989 733 de
4047 668 4328 733 cinaedis
4379 672 4518 735 acci-

2604 779 2760 858 pere
2802 758 3073 842 placeat,
3122 778 3242 840 per
3291 756 3749 841 synecdochen
3792 756 4142 821 damnatur
4186 756 4388 820 omnis
4417 756 4519 820 im·

2606 856 2879 929 puritas.

3234 1134 3364 1199 EX
3408 1132 3714 1198 LEVIT.
3760 1132 3922 1198 XX.

2782 1308 2882 1373 10.
2960 1306 3078 1371 Vir
3142 1306 3257 1388 qui
3311 1305 3696 1370 adulterium
3751 1304 4126 1369 commiserit
4173 1322 4313 1368 cum
4358 1322 4531 1367 uxore

2609 1393 2893 1471 alterius,
2944 1394 3057 1475 qui
3110 1390 3489 1457 adulterium
3549 1390 3924 1455 commiserit
3973 1409 4115 1453 cum
4166 1409 4358 1453 uxore
4401 1408 4534 1470 pro-

2608 1481 2772 1545 ximi
2815 1480 2943 1556 sui,
2986 1477 3301 1543 moriendo
3341 1477 3682 1542 morientur
3718 1475 3961 1541 adulter
4002 1480 4055 1539 et
4098 1475 4399 1541 adultera.

3217 1786 3351 1852 EX
3395 1784 3669 1851 DEU'P.
3717 1781 3950 1848 XXII.

2784 1960 2886 2025 22.
2930 1958 3005 2024 Si
3038 1960 3184 2041 quis
3218 1957 3631 2040 deprehensus
3666 1956 3867 2038 fuerit
3895 1955 4273 2020 coiissecum
4306 1953 4542 2018 muliere

2609 2048 2940 2130 couiuyata
2998 2045 3243 2125 marito,
3284 2044 3625 2109 morientur
3666 2044 3856 2107 etiam
3899 2041 4076 2106 ambo
4117 2041 4269 2123 ipsi,
4311 2040 4411 2104 vir
4449 2038 4545 2122 qui

2610 2134 2823 2199 coierit
2855 2153 2992 2197 cum
3027 2130 3302 2205 muliere,
3350 2135 3407 2194 et
3437 2129 3668 2194 mulier
3701 2129 3879 2209 ipsa.-
3912 2132 4092 2209 atque
4135 2126 4386 2208 auferes
4423 2145 4543 2189 ma·

2611 2220 2741 2284 lum
2776 2238 2852 2284 ex
2888 2217 3147 2284 Israele.
3215 2216 3316 2281 23.
3362 2215 3568 2297 Quum
3598 2214 3796 2296 suerit
3825 2213 4050 2294 puella
4092 2214 4267 2295 viryo
4308 2211 4546 2292 despon-

2612 2310 2752 2372 sata
2792 2305 2965 2383 vim,
3011 2308 3067 2368 et
3107 2302 3410 2367 invenerit
3452 2321 3588 2365 eam
3633 2298 3870 2381 aliquis
3912 2300 3983 2363 iu
4023 2298 4191 2371 urbe,
4234 2299 4547 2378 coieritque

2613 2412 2751 2458 cum
2824 2411 2931 2456 ea.-
3014 2388 3119 2454 24.
3168 2388 3516 2453 Adducetis
3569 2390 3900 2466 utrumque
3954 2386 4042 2451 ad
4086 2389 4345 2466 portam
4385 2382 4546 2447 urbis

2613 2478 2781 2555 eius,
2828 2482 2883 2541 et
2924 2473 3293 2558 lapidabitis
3335 2492 3439 2539 eos
3480 2470 3815 2552 lapidibus,
3859 2490 3932 2534 ac
3973 2471 4353 2534 morientur.-
4384 2467 4548 2551 puel·

2613 2563 2742 2628 lam
2798 2563 3080 2644 quidem,
3139 2560 3303 2642 quod
3346 2579 3469 2622 nou
3511 2556 3873 2624 clamaverit
3914 2557 3983 2619 in
4019 2555 4197 2621 urbe:
4239 2561 4298 2620 et
4341 2557 4548 2629 virum,

2602 2653 2939 2730 propterea
2973 2646 3142 2729 quod
3174 2646 3413 2729 afflixit
3452 2663 3710 2708 uxorem
3744 2643 4026 2724 proximi
4068 2644 4207 2707 sui.-
4251 2647 4430 2722 atque
4468 2641 4550 2704 ito

2613 2735 2864 2817 auferes
2913 2733 3152 2798 malum
3211 2752 3243 2795 e
3284 2731 3486 2797 medio
3519 2731 3632 2794 tui.
3721 2728 3824 2794 25.
3868 2729 3961 2792 At
3999 2729 4061 2792 si
4101 2728 4171 2792 iu
4214 2748 4370 2811 ayro
4402 2728 4551 2790 inve-

2613 2821 2777 2885 nerit
2815 2821 2918 2884 vir
2966 2818 3248 2899 puellam
3300 2818 3757 2897 desponsatam,
3806 2819 3862 2879 et
3914 2813 4390 2897 apprehenderit
4427 2831 4550 2877 eam

2611 2907 2714 2971 vir
2747 2906 2872 2984 ille,
2908 2910 2966 2970 et
2998 2904 3215 2969 coierit
3250 2923 3387 2968 cum
3431 2923 3506 2967 ea
3546 2903 3846 2965 morietur
3879 2902 3982 2965 vir
4023 2901 4135 2981 qui
4175 2900 4387 2965 coierit
4427 2917 4551 2963 cem

2614 3012 2703 3071 ea,
2747 2991 2940 3057 solus.
3003 2991 3106 3055 26.
3151 2988 3407 3054 Puellae
3447 3008 3587 3053 vero
3628 3007 3751 3051 uon
3786 2987 3985 3069 facies
4025 2986 4401 3068 quidquam.-
4440 3002 4552 3049 non

2614 3083 2703 3144 est
2748 3078 3001 3159 puellae
3034 3082 3354 3159 peccatum
3409 3078 3655 3152 mortis,
3714 3093 3867 3139 nam
3908 3073 4426 3154 quemadmodum
4464 3071 4552 3135 in-

2612 3166 2818 3248 suryit
2852 3165 2997 3246 quis
3038 3164 3111 3227 iu
3144 3163 3511 3244 proximum
3553 3179 3757 3238 suum,
3803 3164 3861 3223 et
3901 3159 4125 3224 occidit
4147 3180 4294 3224 eum
4330 3158 4549 3231 arcuna,

2614 3252 2708 3316 sic
2762 3271 2829 3314 se
2870 3250 3046 3313 habet
3082 3269 3183 3313 res
3239 3250 3381 3312 ista.
3465 3246 3566 3311 27.
3615 3245 3700 3310 In
3746 3264 3897 3329 ayro
3949 3244 4188 3310 invenit
4244 3265 4404 3324 eam,
4443 3244 4553 3309 cla-

2611 3337 2805 3401 mavit
2852 3335 3073 3417 puella
3126 3335 3498 3417 desponsata
3513 3382 3529 3412 ,
3576 3337 3634 3396 et
3672 3350 3847 3396 nemo
3889 3330 4099 3412 adfuit
4141 3331 4251 3413 qui
4295 3331 4552 3396 servaret

2610 3443 2766 3488 eam.

2785 3593 2889 3658 22.
2939 3591 3017 3659 Si
3058 3592 3202 3673 quis
3244 3590 3673 3672 deprehensus,
3765 3589 4113 3673 Appendix
4150 3589 4436 3674 politica,
4478 3610 4551 3654 ex

2612 3700 2744 3764 qua
2801 3687 2984 3762 patet
3042 3685 3449 3760 quantopere
3508 3677 3921 3742 abominetur
3976 3677 4160 3742 Deus
4220 3675 4548 3751 adulteria,

2612 3766 2771 3832 dum
2830 3763 3118 3829 moechis
3175 3763 3515 3847 capitalem
3578 3784 3853 3846 poenam
3902 3763 4165 3846 irrogat.
4257 3764 4350 3827 Et
4393 3770 4552 3826 certe

2612 3872 2812 3936 quum
2853 3869 3111 3915 sacrum
3149 3851 3238 3914 sit
3274 3849 3401 3914 Dei
3434 3846 3664 3913 foedus
3704 3849 4098 3931 coniugium,
4145 3850 4335 3914 nullo
4377 3846 4549 3912 modo

2613 3936 2976 4003 tolerabilis
3011 3947 3113 4000 est
3150 3935 3294 4000 eius
3329 3934 3730 4017 profanatio:
3769 3957 3845 4000 ac
3881 3934 4167 4000 sanctior
4196 3956 4341 4001 esse
4377 3934 4552 3999 debet

2613 4022 2974 4107 coniugalis
3008 4021 3172 4088 fides
3209 4041 3403 4103 quam
3440 4031 3515 4084 ut
3559 4020 4174 4103 impune-violetur:
4219 4030 4290 4086 et
4335 4022 4550 4085 imma-

2614 4111 2718 4175 nis
2777 4119 2877 4174 est
2934 4107 3206 4191 perfidia
3264 4107 3517 4188 eripere
3576 4128 3612 4171 e
3673 4106 3823 4171 sinu
3880 4107 4013 4171 viri
4066 4127 4342 4171 uxorem
4402 4124 4551 4188 quae

2615 4197 2823 4261 instar
2845 4195 3025 4259 vitae
3063 4203 3181 4270 est,
3227 4193 3331 4257 vel
3369 4191 3601 4256 saltem
3651 4213 3803 4276 pars
3836 4193 3978 4257 eius
4014 4191 4304 4258 dimidia.
4372 4188 4553 4258 Unde

2615 4283 2810 4346 etiam
2887 4280 3222 4345 adulteros
3290 4277 3725 4363 ignominiose
3791 4280 4109 4362 propheta
4161 4277 4317 4365 (Ier.
4376 4277 4437 4356 ὃ,
4488 4273 4550 4360 8)

2616 4369 2798 4449 equis
2844 4365 3385 4430 adhinnientibus
3431 4381 3792 4446 comparat:
3834 4368 3988 4447 quia
4016 4364 4124 4430 ubi
4162 4365 4317 4430 talis
4353 4361 4553 4429 exsul-

2618 4461 2713 4516 tat
2767 4453 3055 4529 lascivia‚
3102 4452 3403 4516 homines
3446 4453 3515 4514 in
3563 4450 3812 4516 belluas
3853 4449 4330 4532 quodammodo
4372 4449 4549 4531 dege-

2620 4547 2872 4602 nerant.
2964 4537 3359 4622 Quanquam
3409 4538 3514 4603 hic
3565 4546 3896 4619 spectatur
3939 4537 4068 4601 alia
4112 4538 4307 4600 ratio:
4355 4552 4551 4616 neque

2619 4626 2793 4688 enim
2852 4625 2908 4689 si
2964 4625 3108 4707 quis
3167 4646 3316 4690 cum
3375 4623 3610 4707 pellice
3670 4621 4014 4689 scortando
4058 4644 4334 4687 uxorem
4379 4638 4546 4687 suam

2618 4710 3000 4787 fraudasset,
3039 4710 3281 4776 lethale
3316 4712 3442 4775 fuit
3475 4712 3762 4774 crimen:
3800 4730 4029 4773 verum
4076 4709 4133 4773 si
4178 4709 4324 4791 quis
4368 4709 4547 4771 etiam

2620 4796 2892 4876 caelebs,
2938 4796 3318 4861 moechatus
3364 4808 3536 4859 esset
3580 4815 3725 4858 cum
3774 4795 3990 4858 aliena
4032 4816 4266 4872 uxore,
4310 4796 4455 4876 quia
4491 4800 4550 4854 et

2622 4883 2898 4947 maritus
2935 4883 3123 4966 gravi
3151 4880 3546 4947 contumelia
3571 4882 3869 4957 afficitur,
3915 4893 3982 4946 et
4005 4880 4283 4945 dedecus
4328 4878 4550 4945 transit

2624 4968 2705 5034 ad
2782 4979 3103 5051 posteros,
3207 4979 3275 5031 et
3367 4966 3777 5032 adulterinus
3867 4977 4096 5050 partus
4176 4966 4550 5050 supponitur

2624 5076 2739 5137 pro
2799 5055 3121 5138 legitimo,
3179 5063 3243 5118 et
3310 5053 3702 5117 transfertur
3759 5051 3842 5116 ad
3886 5051 4133 5116 alienos
4174 5051 4547 5124 haereditas,

2621 5139 2909 5223 adeoque
2955 5141 3238 5204 familiae
3286 5159 3521 5204 nomen
3567 5140 3873 5206 furantur
3916 5139 4143 5221 spurii.
4228 5140 4412 5205 Haec
4455 5155 4546 5200 ra-

2624 5230 2715 5291 tio
2773 5237 3004 5309 gentes
3062 5227 3258 5290 etiam
3307 5235 3460 5289 ante
3504 5227 3715 5310 legem
3761 5225 4058 5307 impulit,
4107 5233 4179 5290 ut
4223 5244 4447 5290 severe
4484 5221 4543 5285 in

2624 5311 2953 5376 adulteria
3006 5311 3640 5377 animadverterent:
3701 5313 3890 5378 sicuti
3941 5317 4123 5393 patet
4166 5332 4249 5376 ex
4294 5307 4545 5376 historia

4758 668 4764 805 ⁴

4758 898 4766 1021 1
