4867 6150
472 370 483 379 ’
566 416 691 484 139

560 628 687 674 sua
741 605 1158 673 cunctatione
1215 604 1508 689 ingerat:
1576 623 1770 687 quam
1831 612 1984 669 ante
2037 605 2242 670 solers
2296 603 2514 669 fuerat

563 693 649 760 ad
715 688 1120 758 licitandum.
1234 689 1414 755 Dum
1491 711 1647 775 orgo
1724 690 2114 756 festinanter
2189 689 2514 755 abscindit

562 798 795 846 omnes
837 777 1274 860 exceptiones,
1319 776 1474 844 hinc
1516 798 1588 842 se
1630 775 1851 860 prodit
1894 775 2180 842 hominis
2216 776 2512 854 mutatio,

565 864 721 948 quia
740 862 1028 928 ferreum
1054 875 1278 946 pectus
1299 860 1472 927 idem
1503 862 1683 927 Deus
1706 863 1817 945 qui
1838 873 2037 928 antea
2056 859 2512 940 obduraverat,

565 967 745 1016 nunc
779 949 1117 1033 confregit.
1184 948 1364 1014 Hinc
1398 948 1595 1013 etiam
1632 947 1882 1013 clamor
1900 947 2014 1013 ille
2037 945 2514 1031 desperationis

564 1033 794 1103 index:
832 1033 1082 1100 Omnes
1116 1055 1346 1100 sumus
1379 1033 1656 1100 mortui:
1698 1034 1853 1099 hinc
1888 1033 2166 1100 facilitas
2192 1034 2260 1098 in
2298 1031 2516 1098 danda

568 1123 744 1188 ultro
822 1120 1301 1205 suppellectile,
1384 1130 1459 1184 ut
1534 1119 1760 1204 spoliis
1831 1128 2070 1185 ornent
2134 1138 2295 1203 quos
2361 1128 2513 1184 ante

568 1205 1043 1291 expilaverant.
1113 1206 1341 1289 Neque
1375 1207 1556 1271 enim
1591 1207 1837 1271 frustra
1875 1203 2130 1288 repetit,
2171 1226 2210 1270 a
2245 1204 2511 1270 coelesti

569 1293 885 1360 instinctu
953 1313 1252 1358 manasse
1320 1292 1497 1358 hunc
1562 1292 1883 1357 favorem:
1954 1292 2110 1375 quia
2174 1311 2511 1374 nunquam

568 1386 754 1445 tanta
826 1378 896 1443 in
974 1377 1417 1460 praedonibus
1481 1378 1709 1443 fuisset
1773 1376 2132 1442 liberalitas
2199 1385 2274 1441 ut
2338 1376 2513 1440 ultro

568 1465 934 1549 proferrent
977 1463 1293 1547 quidquid
1352 1472 1495 1528 erat
1551 1462 1728 1528 domi
1782 1464 2172 1545 pretiosum,
2236 1474 2303 1525 et
2358 1461 2512 1527 filiis

566 1550 775 1617 Israel
834 1551 1248 1633 porrigerent
1306 1549 1437 1614 iam
1497 1548 1580 1615 ad
1645 1548 2115 1633 profectionem
2182 1548 2512 1626 accinctis,

567 1658 731 1721 quos
774 1634 1070 1702 sciebant
1111 1636 1192 1701 ob
1236 1642 1333 1699 tot
1379 1634 1652 1700 iniurias
1688 1635 1831 1701 iure
1868 1634 1992 1700 sibi
2028 1655 2171 1700 esse
2214 1634 2509 1699 infestos.

568 1722 662 1791 Ut
706 1731 925 1788 autem
971 1722 1065 1786 ita
1109 1721 1414 1804 propensi
1459 1729 1683 1786 essent
1727 1721 1846 1786 filii
1890 1721 2098 1787 Israel
2146 1719 2228 1786 ad
2274 1741 2512 1803 paren-

570 1810 749 1887 dum,
793 1808 903 1891 qui
948 1809 1130 1891 prius
1176 1806 1279 1872 vel
1325 1806 1513 1883 tardi,
1559 1807 1668 1872 vel
1713 1808 2175 1882 inconstantes,
2225 1806 2328 1870 vel
2375 1825 2511 1870 mo-

566 1895 718 1974 rosi,
746 1893 850 1960 vel
871 1893 1218 1977 praefracti
1242 1893 1525 1969 fuerant,
1563 1893 1834 1977 spiritus
1869 1891 2231 1959 directione
2266 1896 2512 1957 factum

570 1989 707 2059 est,
754 2001 920 2063 quae
964 1987 1298 2045 momento
1342 1979 1540 2044 corda
1583 2001 1807 2045 eorum
1854 1978 2074 2044 flexit:
2139 1988 2212 2043 ιιι
2268 1978 2514 2061 optime

570 2067 762 2133 novit
806 2063 991 2131 Deus
1033 2086 1261 2131 omnes
1305 2074 1670 2149 opportune
1713 2064 1951 2149 agendi
1997 2064 2328 2130 articulos.

740 2151 843 2216 37.
896 2150 1288 2234 Profectique
1340 2155 1509 2217 sunt.
1600 2150 1992 2234 Quanquam
2052 2149 2255 2216 latius
2313 2149 2514 2214 fuisse

569 2237 899 2321 dispersos
940 2237 1247 2302 credibile
1291 2247 1408 2317 est,
1455 2258 1655 2321 quum
1692 2239 1871 2322 regio
1907 2237 2020 2301 illa
2055 2246 2307 2301 tantam
2345 2235 2511 2301 mul·

564 2323 918 2390 titudinem
952 2344 1187 2406 capere
1222 2344 1357 2387 non
1396 2334 1630 2406 posset,
1666 2322 2051 2406 praesertim
2089 2343 2289 2405 quum
2314 2320 2512 2386 simul

566 2409 941 2476 habitarent
990 2409 1328 2494 Aegyptii:
1377 2410 1530 2492 quia
1574 2418 1798 2475 tamen
1835 2417 2170 2491 superstes
2207 2405 2516 2472 manebat

567 2495 1017 2580 promissionis
1055 2495 1388 2574 memoria,
1424 2493 1599 2560 unde
1636 2515 1786 2578 spes
1810 2494 2027 2578 aliqua
2048 2493 2514 2578 redemptionis

568 2603 828 2665 semper
872 2579 1046 2665 apud
1090 2601 1200 2646 eos
1253 2579 1513 2646 residua
1570 2595 1745 2660 erat,
1806 2601 1938 2645 non
1998 2581 2240 2645 mirum
2300 2588 2400 2644 est
2458 2579 2514 2644 si

568 2688 719 2734 cum
764 2687 1005 2752 magno
1049 2666 1463 2733 incommodo
1499 2667 1824 2751 angustiis
1859 2666 2222 2749 constringi
2265 2664 2513 2730 malue-

569 2755 704 2820 rint
727 2774 925 2837 quam
949 2753 1112 2818 alias
1141 2750 1329 2818 sedes
1364 2752 1734 2836 quaerendo
1771 2751 2115 2819 descedere
2151 2773 2193 2818 a
2225 2771 2512 2833 corpore.

569 2840 920 2924 Proprium
1000 2838 1261 2922 quidem
1338 2840 1459 2904 hoc
1535 2839 1736 2905 fuisse
1814 2839 2032 2924 gentis
2112 2836 2510 2903 domicilium

571 2927 767 2992 etiam
814 2946 896 2990 ex
940 2924 1382 3007 superioribus
1429 2932 1627 3009 patet,
1673 2924 1784 2989 ubi
1828 2925 2125 2991 narravit
2163 2924 2383 2989 Moses
2427 2922 2512 2989 ad

570 3012 842 3080 serviles
885 3032 1116 3096 operas
1175 3010 1375 3078 fuisse
1419 3021 1704 3092 coactos,
1775 3019 1847 3077 ut
1904 3019 2322 3077 exstruerent
2377 3009 2513 3074 illic

569 3100 768 3165 urbes
813 3099 1135 3178 munitas,
1202 3119 1368 3181 quae
1429 3098 1675 3164 scilicet
1720 3118 1831 3164 eos
1871 3095 2283 3163 includerent
2327 3096 2511 3179 quasi

568 3186 691 3252 sub
735 3184 1046 3250 custodia.
1136 3183 1218 3248 In
1264 3205 1533 3249 numere
1577 3184 1920 3248 hominum
1966 3205 2156 3268 quem
2194 3196 2511 3263 recenset,

570 3269 950 3337 incredibile
1015 3270 1267 3354 gratiae
1320 3270 1449 3335 Dei
1513 3269 1906 3336 miraculum
1971 3267 2383 3335 commendat
2442 3269 2509 3333 in

572 3354 875 3441 augenda
918 3365 983 3421 et
1028 3354 1448 3439 propaganda
1481 3356 1716 3421 sobole.
1779 3355 1886 3421 Ita
1925 3356 2246 3421 refutatur
2281 3354 2512 3437 impio·

571 3463 723 3507 rum
781 3441 1143 3524 protervia,
1198 3441 1311 3525 qui
1370 3440 1496 3506 sibi
1554 3439 1635 3506 ad
1680 3441 2128 3508 subsannandi
2172 3440 2513 3505 materiam

572 3528 871 3596 sufficere
892 3533 1147 3610 putant,
1171 3547 1303 3592 non
1339 3526 1632 3610 potuisse
1669 3527 2062 3593 naturaliter
2099 3536 2232 3591 tam
2271 3527 2514 3610 exiguo

570 3621 862 3698 tempore
900 3615 1234 3698 ingentem
1281 3614 1592 3695 populum
1640 3634 1978 3698 emergere
2012 3634 2093 3677 ex
2132 3633 2266 3678 una
2302 3610 2512 3679 domo.

568 3699 805 3783 Itaque
838 3698 1051 3782 plenis
1092 3697 1311 3765 buccis
1360 3699 1709 3783 sacrilegos
1758 3722 1910 3765 suos
1962 3699 2132 3764 risus
2178 3707 2511 3765 evomunt.

571 3785 778 3867 Quasi
827 3805 983 3850 vero
1026 3784 1411 3867 simpliciter
1449 3797 1669 3850 narret
1692 3786 1914 3851 Moses
1949 3784 2102 3868 quid
2139 3785 2512 3870 contigerit,

571 3893 647 3938 ac
683 3892 816 3936 non
860 3872 1073 3954 potius
1117 3869 1519 3954 singularem
1546 3870 1673 3936 Dei
1719 3872 2078 3954 potentiam
2126 3869 2400 3936 extollat
2442 3870 2513 3935 in

569 3954 874 4041 augenda
918 3966 1185 4039 repente
1229 3955 1519 4022 ecclesia.
1589 3957 1793 4040 Atqui
1837 3957 2081 4023 scimus
2126 3978 2257 4022 non
2303 3956 2515 4041 magis

571 4041 838 4109 difficile
904 4041 1110 4108 fuisse
1177 4043 1378 4107 totius
1436 4041 1665 4108 mundi
1732 4043 1944 4126 opifici
2004 4043 2073 4107 in
2129 4064 2261 4108 una
2317 4052 2513 4126 gente

569 4127 1064 4212 multiplicanda
1127 4148 1438 4210 superare
1503 4138 1776 4194 naturae
1840 4130 2164 4208 ordinem,
2221 4150 2416 4213 quam
2474 4149 2514 4193 a

570 4214 782 4299 primo
859 4214 1127 4280 exordio
1200 4236 1284 4278 ex
1348 4218 1488 4280 viro
1552 4234 1685 4279 uno
1751 4223 1818 4279 et
1882 4214 2161 4280 muliere
2239 4224 2511 4300 repente

569 4298 922 4384 producere
988 4300 1227 4365 multos
1287 4299 1591 4384 populos:
1673 4299 1909 4366 deinde
1973 4311 2121 4385 post
2187 4301 2507 4366 diluvium

569 4386 759 4451 miris
801 4387 1223 4451 incrementis
1281 4406 1586 4471 reparare
1640 4387 2005 4452 humanum
2048 4408 2273 4472 genus.
2364 4388 2506 4452 Iam

570 4471 733 4538 haec
797 4471 1144 4554 peculiaris
1220 4473 1530 4539 ecclesiae
1595 4472 1880 4539 conditio
1942 4485 2072 4551 est,
2154 4483 2228 4538 ut
2292 4474 2363 4537 in
2430 4494 2509 4539 ea

570 4557 906 4643 gignenda
983 4572 1051 4621 et
1127 4557 1455 4623 servanda
1533 4558 1869 4624 insolitam
1945 4559 2253 4625 virtutem
2323 4557 2508 4626 Deus
2631 4598 2635 4601 <

569 4653 848 4722 exserat,
894 4651 968 4707 ut
1012 4664 1051 4707 a
1093 4644 1426 4709 communi
1467 4644 1809 4710 hominum
1854 4645 2108 4711 ratione
2146 4655 2505 4728 separetur.

570 4729 717 4795 Etsi
781 4729 954 4793 enim
1023 4729 1480 4813 peregrinatur
1533 4731 1601 4795 in
1665 4739 1875 4809 terra,
1929 4732 2228 4798 coelestis
2286 4739 2508 4797 tamen

498 4845 503 4850 ·
615 4813 1047 4880 uodammodo
1091 4814 1231 4879 eius
1283 4824 1516 4880 natura
1572 4828 1699 4896 est,
1756 4827 1829 4882 ut
1885 4817 2124 4884 clarius
2168 4819 2236 4881 in
2280 4838 2358 4881 ea
2403 4838 2505 4882 re·

601 4900 825 4986 ulgeat
879 4921 1040 4984 opus
1087 4901 1231 4965 Dei.
1320 4899 1552 4984 Itaque
1610 4902 1780 4968 nihil
1833 4904 2075 4969 mirum
2135 4903 2193 4969 si
2247 4913 2508 4987 praeter

566 4988 889 5054 usitatum
925 5006 1174 5052 morem
1209 4987 1393 5069 quasi
1429 5009 1511 5053 ex
1549 4987 1755 5053 nihilo
1801 4997 2110 5075 emergat,
2158 4990 2211 5054 si
2257 4997 2509 5055 crescat

567 5072 795 5139 eodem
842 5071 1032 5137 modo
1054 5122 1069 5151 ,
1121 5083 1186 5137 et
1230 5074 1571 5139 continuos
1612 5074 1809 5141 faciat
1850 5095 2255 5161 progressus.
2346 5075 2506 5141 Tale

566 5160 763 5226 etiam
831 5156 1173 5241 exemplar
1225 5159 1415 5223 nobis
1473 5160 1689 5244 pingit
1745 5161 1993 5228 Paulus
2046 5161 2107 5227 4.
2170 5160 2253 5227 ad
2309 5161 2501 5228 Rom.

564 5245 777 5328 capite
835 5245 901 5310 in
947 5242 1257 5309 Abrahae
1315 5264 1612 5329 persona.
1701 5244 1918 5314 Sicuti
1972 5269 2129 5315 vero
2172 5256 2503 5332 stuporem

565 5352 758 5397 suum
812 5331 883 5396 in
939 5330 1211 5397 scelesta
1266 5329 1542 5397 audacia
1595 5332 1881 5415 produnt
1934 5333 2119 5417 impii
2166 5333 2292 5399 Dei
2345 5355 2500 5401 con·

1717 412 2463 483 COMMENTARIUS
2511 411 2609 480 IN
2654 413 2957 481 EXODI
3001 414 3202 481 OAP.
3249 414 3412 481 XII.

4437 415 4549 483 140

2618 611 3007 689 temptores,
3067 604 3183 688 qui
3240 625 3325 668 ex
3383 623 3506 668 suo
3548 624 3747 669 sensu
3792 610 3861 668 et
3916 603 4249 669 communi
4307 602 4547 671 ratione

2618 692 2970 756 aestimant
3016 691 3139 756 hoc
3187 689 3310 755 Dei
3356 709 3551 774 opus:
3606 688 3702 754 ita
3760 710 4027 755 rursum
4072 688 4404 773 ineptiunt
4444 692 4548 774 qui

2616 776 2884 841 student
2947 773 3416 859 philosophicis
3481 773 3845 840 rationibus
3904 775 4135 840 Mosen
4192 774 4546 855 defendere,

2615 862 2802 928 cuius
2866 863 3060 946 longe
3128 863 3463 927 diversum
3531 861 3658 926 fuit
3721 860 4097 939 consilium,
4179 882 4415 946 nempe
4482 873 4550 928 ut

2615 947 2876 1012 doceret
2908 969 3043 1013 non
3080 950 3277 1013 fuisse
3309 948 3773 1031 promissiones
3808 946 4058 1014 irritas:
4106 946 4549 1030 Multiplicabo

2615 1054 2842 1099 semen
2887 1041 3075 1099 tuum
3119 1035 3328 1099 instar
3373 1053 3612 1099 arenae
3659 1033 3862 1098 maris
3898 1044 3965 1098 et
4015 1033 4354 1100 stellarum
4399 1035 4550 1101 coeli

2615 1117 2814 1206 (Gen.
2867 1119 2968 1199 15,
3012 1118 3113 1206 5):
3161 1140 3438 1203 quarum
3484 1119 3758 1185 effectus
3802 1119 4092 1184 humano
4135 1130 4329 1203 captu
4367 1141 4547 1205 supe-

2616 1205 2753 1270 rior
2796 1215 2954 1271 erat.

2788 1291 2891 1358 38.
2938 1290 3149 1374 Atque
3191 1291 3380 1356 etiam
3422 1290 3634 1355 mistio
3668 1289 3883 1356 multa.
3954 1289 4275 1372 Quamvis
4319 1292 4548 1357 multos

2616 1397 2842 1445 servos
2949 1376 3268 1443 ossederit
3333 1374 3700 1456 Abraham,
3769 1378 3880 1441 vix
3948 1389 4166 1440 tamen
4232 1375 4550 1459 probabile

2616 1470 2719 1529 est
2758 1462 2912 1529 Iaco
3001 1464 3199 1528 aliam
3233 1463 3302 1527 in
3337 1462 3508 1527 fame
3542 1461 3784 1526 aluisse
3824 1462 4140 1527 familiam
4177 1483 4374 1545 quam
4412 1484 4551 1546 pro-

2615 1549 2793 1633 prios
2838 1549 3107 1616 liberos:
3155 1548 3391 1632 quibus
3433 1550 3634 1612 etiam
3670 1547 3921 1612 alendis
3956 1548 4073 1615 vix
4107 1548 4411 1613 sufficere
4445 1569 4551 1631 po·

2616 1643 2820 1714 terat,
2887 1656 2973 1700 ne
3040 1655 3265 1701 omnes
3331 1633 3677 1701 conficeret
3743 1634 3978 1699 inedia.
4094 1633 4292 1701 Certe
4357 1655 4551 1717 quum

2617 1721 2837 1787 Moses
2881 1721 2952 1785 in
2988 1719 3361 1805 Aegyptum
3399 1719 3658 1785 venisse
3705 1740 3998 1801 narrans,
4042 1740 4382 1786 servorum
4427 1741 4554 1785 non

2616 1807 2949 1885 meminit,
3006 1807 3327 1873 coniicere
3368 1806 3518 1870 licet
3564 1826 3690 1870 non
3742 1826 4048 1889 magnam
4094 1807 4378 1871 traxisse
4423 1819 4553 1872 tur·

2619 1893 2800 1958 bam:
2846 1894 3001 1976 quia
3047 1894 3394 1958 necessitas
3439 1890 3715 1975 cogebat
3758 1891 3989 1956 saltem
4027 1893 4252 1975 paucis
4295 1902 4554 1958 conten·

2619 1988 2761 2044 tum
2844 2000 3007 2045 esse.
3134 1977 3330 2044 Unde
3395 1977 3740 2062 colligetur
3805 1977 4248 2061 promiscuum
4319 1978 4553 2063 vulgus

2614 2064 2789 2148 quod
2836 2086 2905 2130 se
2947 2064 3268 2131 Israelitis
3312 2063 3634 2140 adiunxit,
3684 2063 3786 2128 vel
3832 2062 4184 2129 oriundum
4232 2065 4437 2130 fuisse
4476 2086 4553 2129 ex

2614 2151 2946 2237 Aegypto,
2975 2151 3080 2216 vel
3104 2150 3262 2217 illuc
3288 2148 3628 2215 habitandi
3653 2170 3847 2216 causa
3868 2150 4190 2234 migrasse
4213 2171 4295 2215 ex
4323 2150 4555 2215 vicinis

2616 2237 3015 2322 regionibus.
3105 2234 3317 2303 Sicuti
3361 2234 3608 2300 fertiles
3671 2246 3887 2301 terrae
3952 2237 4172 2319 copiae
4219 2234 4555 2303 dulcedine

2616 2323 2857 2389 multos
2894 2322 3184 2388 advenas
3220 2320 3302 2388 ad
3338 2342 3409 2387 se
3445 2320 3763 2387 alliciunt.
3832 2321 4017 2386 Idem
4059 2343 4295 2387 nomen
4322 2322 4557 2408 legitur

2617 2409 2676 2474 N
2683 2409 2975 2474 ehemiae
3014 2409 3113 2474 13.
3152 2407 3524 2474 ubidicitur
3546 2416 3960 2491 segregatam
3995 2409 4195 2474 fuisse
4219 2409 4555 2492 profanam

2618 2493 3105 2560 multitudinem
3164 2514 3204 2558 a
3260 2493 3567 2577 genuinis
3627 2493 3979 2573 Israelitis,
4046 2516 4132 2559 ne
4190 2495 4556 2577 promiscue

2619 2579 2900 2646 eundem
2941 2602 3169 2647 omnes
3213 2579 3493 2666 gradum
3549 2579 3669 2645 sibi
3729 2587 4148 2663 arrogarent,
4210 2590 4413 2665 atque
4468 2582 4557 2646 ita

2617 2668 2886 2734 confuso
2931 2665 3185 2735 delectu
3231 2665 3504 2732 ecclesia
3549 2665 3967 2749 pollueretur.
4057 2664 4132 2733 Si
4177 2668 4282 2733 cui
4344 2675 4555 2733 autem

2616 2753 2970 2819 absurdum
3014 2752 3293 2827 videtur,
3342 2753 3651 2836 profanos
3694 2749 3996 2817 homines
4041 2751 4223 2817 nulla
4266 2773 4389 2837 spe
4432 2774 4555 2817 me-

2616 2838 2778 2904 liore
2840 2839 3204 2924 proposita,
3288 2848 3520 2922 sponte
3589 2837 3955 2903 deseruisse
4018 2839 4430 2904 commodam
4494 2846 4556 2904 et

2616 2926 2899 3010 opimam
2959 2924 3462 3002 habitationem,
3528 2931 3606 2989 ut
3663 2924 3820 3007 vagi
3873 2934 3941 2989 et
3995 2924 4293 3007 palantes
4357 2945 4555 2991 novas

2616 3010 2805 3079 sedes
2848 3018 3258 3096 quaererent,
3299 3011 3542 3097 cogitet
3585 3018 3683 3075 tot
3725 3008 4017 3076 cladibus
4053 3018 4212 3076 tunc
4248 3011 4553 3078 afflictam

2615 3098 2818 3165 fuisse
2864 3100 3237 3184 Aegyptum
3289 3111 3360 3163 ut
3403 3120 3522 3162 sua
3579 3095 3990 3162 deformitate
4034 3106 4101 3161 et
4140 3098 4366 3182 inopia
4410 3119 4555 3164 suos

2616 3185 2868 3251 accolas
2912 3185 3098 3249 facile
3143 3184 3405 3269 abigere
3448 3183 3752 3269 potuerit.
3821 3183 4070 3267 Magna
4115 3204 4265 3266 pars
4310 3183 4555 3268 pecoris

2616 3270 2993 3350 interierat,
3037 3271 3263 3356 fruges
3305 3291 3533 3335 omnes
3575 3276 3766 3334 erant
3822 3276 4197 3352 corruptae,
4253 3272 4401 3354 agri
4443 3290 4553 3334 va-

2617 3357 2795 3438 stati,
2839 3369 2905 3422 et
2947 3378 3148 3441 prope
3192 3355 3467 3421 deserti:
3511 3377 3637 3421 non
3684 3356 3924 3421 mirum
3966 3355 4172 3439 igitur
4214 3357 4269 3421 si
4316 3358 4554 3422 multos

2614 3443 2971 3527 inquilinos
2994 3452 3059 3508 et
3082 3443 3334 3525 aliquos
3355 3444 3551 3507 etiam
3590 3463 3674 3506 ex
3708 3439 4039 3527 indigenis
4074 3441 4446 3526 desperatio
4487 3442 4553 3505 in

2611 3530 2838 3614 fugam
2861 3528 3265 3613 compulerit.
3321 3528 3502 3593 Fieri
3524 3529 3720 3593 etiam
3757 3534 3972 3611 potest
4003 3536 4080 3592 ut
4112 3527 4555 3594 inhumaniter

2617 3616 2910 3695 tractati,
2952 3616 3280 3698 patefacta
3322 3613 3405 3680 ad
3449 3614 3817 3679 libertatem
3864 3614 4006 3691 via,
4052 3614 4119 3678 iu
4215 3635 4281 3678 m
4329 3624 4551 3701 tyran-

2616 3699 2791 3768 nidis
2833 3701 3260 3767 excusserint.
3348 3701 3495 3766 Etsi
3531 3711 3748 3765 autem
3787 3700 3969 3765 Deus
4111 3699 4124 3715 ‘
4157 3719 4262 3764 em
4300 3701 4550 3765 exitum

2613 3789 2857 3871 populo
2910 3809 3028 3854 suo
3073 3787 3281 3864 dedit,
3341 3808 3471 3852 non
3520 3795 3738 3851 tamen
3797 3786 3976 3851 exire
4022 3785 4230 3852 voluit
4285 3806 4552 3869 prorsus

2615 3874 2858 3957 absque
2900 3874 3077 3939 omni
3122 3873 3438 3939 molestia.
3509 3872 3739 3956 Neque
3772 3872 3947 3937 enim
3984 3871 4190 3937 saturi
4227 3873 4334 3938 vel
4382 3873 4551 3938 laute

2615 3960 2872 4026 coenati
2917 3959 3276 4039 discedunt,
3322 3958 3436 4025 sed
3482 3967 3808 4041 coguntur
3849 3959 3917 4023 in
3956 3957 4231 4024 sacculis
4266 3959 4550 4024 incoctas

2615 4046 2928 4112 subactae
2966 4046 3214 4111 farinae
3258 4066 3508 4112 massas
3548 4047 3739 4122 ferre,
3788 4054 3862 4109 ut
3905 4065 4141 4129 panem
4186 4045 4548 4110 ustulatum

2615 4131 2720 4198 vel
2774 4132 2898 4198 sub
2956 4132 3186 4215 prunis
3244 4139 3488 4197 tostum
3531 4130 3599 4194 in
3659 4132 3894 4195 itinere
3953 4128 4317 4198 comedant.
4410 4130 4551 4213 Quo

2613 4218 2914 4302 exemplo
2959 4216 3299 4297 docemur,
3347 4217 3657 4283 beneficia
3702 4216 3828 4281 Dei
3872 4215 4258 4299 quibusdam
4306 4219 4551 4284 incom-

2612 4305 2824 4370 modis
2882 4325 3140 4388 semper
3204 4302 3494 4389 aspergi,
3550 4324 3636 4368 ne
3689 4303 3944 4387 piorum
4006 4302 4258 4369 animos
4315 4304 4552 4369 nimiae

2611 4388 2875 4456 delitiae
2919 4400 3360 4476 corrumpant.

2782 4562 2886 4629 40.
2933 4562 3259 4629 Habitatio
3302 4567 3508 4628 autem
3545 4560 3829 4643 filiorum
3862 4559 4089 4638 Israel,
4134 4582 4264 4644 qua
4303 4560 4547 4628 habim·

2607 4655 2828 4714 verunt
2869 4649 2939 4714 in
2981 4650 3287 4733 Aeyypto,
3345 4649 3609 4734 triqinta
3659 4647 3919 4730 fuerunt
3958 4648 4116 4712 anni
4156 4652 4214 4713 et
4253 4647 4550 4730 quadan·-

2603 4737 2776 4819 9enti
2839 4736 3013 4801 anni.
3116 4735 3221 4801 41.
3293 4734 3672 4816 Factumque
3733 4738 3824 4798 est
3887 4754 3928 4798 a
3979 4731 4109 4814 fine
4168 4733 4436 4817 fflyinta
4496 4736 4551 4797 d

2608 4822 3211 4905 quadringentorum
3264 4841 3576 4887 annorum
3591 4872 3606 4898 ,
3672 4819 3822 4901 ipsa
3885 4820 4099 4886 eadem
4152 4819 4257 4885 die
4319 4817 4549 4904 eyn-essi

2607 4913 2755 4972 sunt
2788 4927 2996 4973 omnes
3028 4906 3334 4974 exercitus
3356 4906 3620 4972 Iehovae
3651 4927 3685 4971 e
3716 4909 3890 4971 terra
3911 4904 4200 4991 Aeyypti.
4266 4905 4372 4971 42.
4409 4903 4549 4970 Nox

2607 4992 3008 5060 &amabilis
3041 4992 3089 5077 ¹)
3132 4992 3282 5060 haec
3321 4998 3411 5060 est
3446 4990 3724 5068 Iehovae,
3763 5011 3892 5074 qua
3925 4992 4144 5058 eduxit
4173 5011 4274 5057 eos
4307 5014 4340 5057 e
4380 4996 4545 5056 terra

2608 5079 2912 5163 Aeyypti:
2973 5098 3100 5144 nox
3154 5080 3425 5165 inquam
3482 5077 3630 5143 haec.
3693 5077 4076 5144 observanda
4139 5083 4230 5143 est
4287 5077 4547 5143 Iekovae

2606 5166 2782 5248 apud
2825 5185 3035 5232 omnes
3071 5164 3243 5246 filios
3287 5163 3501 5231 Israel
3531 5184 3651 5245 per
3689 5168 3924 5231 aetates
3964 5184 4139 5229 suaa.

2745 5353 2802 5425 1)
2839 5353 2914 5410 In
2946 5352 3223 5425 maroniae.-
3258 5353 3428 5408 Hebr.
3464 5354 3936 5409 observantiarum
3973 5354 4059 5407 vel
4074 5344 4475 5408 'custodiarum
