4867 6150
369 462 494 530 537

369 658 531 732 erat,
567 652 720 736 quia
761 651 1209 719 immundities
1231 651 1577 738 sacrilegio
1617 659 1760 717 erat
1801 648 2150 732 implicita:
2197 646 2322 713 bac

367 739 624 806 ratione
666 740 958 806 comburi
1001 737 1198 817 iubet,
1243 739 1435 806 sicuti
1490 736 1665 823 quod
1717 737 1897 801 intra
1953 733 2320 819 legitimum

369 832 629 908 tempus
695 836 1154 909 consumptum
1221 847 1355 892 non
1419 824 1653 891 fuerat.
1742 822 1967 887 Poena
2023 819 2322 898 edicitur,

369 919 446 977 ut
531 911 824 994 quisquis
888 910 1269 977 immundus
1331 931 1596 977 carnem
1676 928 1929 975 sacram
2008 904 2321 989 attigerit,

370 995 714 1062 excidatur
771 1019 811 1062 a
863 997 1121 1082 populo.
1226 997 1439 1063 Cuius
1487 994 1795 1062 atrocitas
1853 992 1958 1059 vel
2021 990 2312 1057 immodi-

367 1103 488 1149 cus
542 1085 724 1167 rigor
765 1083 1083 1166 quosdam
1127 1083 1410 1162 induxit,
1470 1090 1548 1148 ut
1596 1079 1892 1148 exscindi
1951 1099 2082 1143 non
2142 1075 2318 1142 aliud

367 1188 513 1236 esse
555 1177 870 1253 putarent
913 1190 1108 1254 quam
1146 1169 1293 1235 eiici
1329 1176 1520 1234 extra
1553 1174 1787 1234 castra.
1833 1163 2040 1248 Atqui
2075 1163 2321 1228 mirum

366 1275 503 1320 non
548 1262 648 1320 est
690 1252 911 1321 Deum
956 1264 1094 1320 tam
1139 1255 1433 1339 graviter
1489 1254 1560 1319 in
1604 1273 1716 1318 eos
1772 1249 2322 1317 animadvertisse

368 1341 485 1425 qui
527 1340 806 1406 scientes
861 1350 932 1406 et
986 1340 1281 1408 volentes
1347 1339 1882 1408 contaminabant
1924 1334 2095 1419 quod
2139 1355 2324 1401 sanc·

367 1434 511 1491 tum
578 1436 747 1492 erat:
815 1447 1031 1511 neque
1074 1427 1246 1492 enim
1294 1427 1350 1492 si
1410 1427 1556 1509 quis
1609 1445 1831 1491 errore
1876 1422 2103 1506 lapsus
2160 1429 2321 1501 erat,

366 1511 494 1577 hac
559 1514 887 1578 sententia
951 1512 1300 1578 damnatus
1363 1513 1487 1577 fuit
1511 1562 1525 1588 ,
1594 1509 1710 1577 sed
1774 1510 1891 1593 qui
1956 1508 2159 1590 impia
2223 1526 2324 1572 sa-

365 1617 626 1749 grgrum
669 1599 1126 1682 profanatione
1167 1607 1468 1682 apertum
1512 1596 1639 1662 Dei
1684 1602 2131 1677 contemptum
2168 1613 2320 1678 pro-

413 1685 433 1748 i
480 1692 640 1749 erat.

540 1769 644 1836 23.
691 1769 1024 1853 Alloquere
1060 1769 1230 1852 filios
1266 1768 1493 1836 Israel.
1541 1766 1873 1850 Quoniam
1911 1767 1979 1831 in
2014 1764 2319 1832 omnibus

367 1857 699 1922 sacrificiis
761 1855 964 1941 adeps
1029 1863 1295 1923 sanctus
1358 1863 1503 1921 erat
1558 1852 1737 1934 Deo,
1802 1862 1872 1919 et
1934 1850 2320 1918 adolebatur

367 1962 569 2026 super
608 1942 816 2007 altare
834 1993 850 2023 ‚
901 1942 1219 2027 populum
1274 1962 1468 2007 suum
1527 1940 1718 2023 adipe
1762 1939 1935 2006 vesci
1980 1938 2164 2004 Deus
2207 1960 2315 2005 ve-

365 2029 515 2107 tuit,
561 2029 759 2094 etiam
803 2028 871 2116 in
915 2028 1075 2095 cibis
1111 2027 1520 2112 vulgaribus,
1565 2034 1639 2092 ut
1665 2024 1841 2091 domi
1916 2045 2130 2108 uoque
2161 2022 2314 2089 reli·

367 2114 623 2200 gionem
669 2113 977 2180 colerent.
1021 2113 1185 2179 Fuit
1226 2114 1402 2179 enim
1449 2111 1622 2178 haud
1662 2110 1860 2177 dubie
1942 2132 2017 2176 oc
2051 2109 2317 2194 pietatis

367 2200 754 2266 exercitium
772 2250 789 2280 ,
849 2207 924 2265 ut
983 2201 1096 2283 qui
1149 2200 1378 2283 procul
1424 2199 1700 2265 aberant
1755 2218 1797 2262 a
1838 2195 2114 2280 templo,
2174 2216 2315 2262 sese

370 2298 588 2352 tamen
631 2287 702 2350 in
749 2286 1127 2370 quotidiano
1166 2287 1347 2352 victu
1391 2284 1870 2352 assuefacerent
1903 2281 1986 2348 ad
2024 2282 2149 2348 Dei
2186 2282 2320 2348 cul-

366 2384 528 2438 tum.
617 2372 757 2438 Nec
813 2393 918 2439 me
973 2372 1135 2438 latet
1191 2373 1426 2455 quibus
1483 2369 1809 2454 allegoriis
1867 2367 2100 2434 ludant
2155 2389 2314 2434 non-

367 2457 533 2523 nulli
587 2457 1007 2542 interpretes,
1074 2457 1189 2525 sed
1249 2459 1320 2522 in
1375 2457 1628 2522 ratione
1695 2455 2016 2521 divinitus
2073 2454 2319 2520 tradita

366 2544 646 2610 libenter
679 2545 1050 2628 acquiesco:
1092 2544 1248 2627 quia
1282 2543 1386 2608 adi
1471 2564 1541 2609 m
1577 2540 1700 2607 sibi
1738 2542 1919 2607 Deus
1956 2539 2316 2620 addixerat,

367 2631 449 2697 ab
509 2629 688 2695 illius
743 2651 858 2697 esu
918 2629 1320 2715 prohibitum
1407 2629 1581 2694 uisse
1622 2627 1959 2712 populum.
2051 2626 2318 2692 Interea

366 2715 623 2801 adipem
669 2716 1030 2792 cadaveris,
1077 2716 1182 2784 vel
1227 2714 1531 2780 animalis
1571 2713 1786 2795 laceri,
1833 2713 1914 2779 ad
1960 2712 2318 2796 quemlibet

364 2823 561 2869 usum
642 2801 1131 2869 accommodare
1207 2800 1318 2866 lex
1396 2799 1726 2885 permittit
1748 2851 1764 2881 ‚
1843 2798 2035 2865 modo
2113 2798 2316 2865 absti-

364 2899 567 2955 neant
622 2889 702 2954 ab
762 2888 953 2972 adipe
1012 2908 1241 2953 eorum
1285 2886 1667 2953 animalium
1712 2907 1879 2969 quae
1924 2886 2050 2952 rite
2094 2884 2318 2951 offerri

448 2980 685 3041 terant.

361 2995 446 3061 Po
536 3060 641 3127 37.
687 3059 863 3127 Haec
903 3063 995 3126 est
1034 3059 1135 3125 lex
1173 3058 1529 3126 holocausti.
1587 3058 1736 3126 Hac
1779 3056 2074 3125 clausula
2107 3055 2314 3143 signi-

362 3150 520 3216 ficat
541 3148 760 3214 Moses
849 3146 1140 3212 rovisum
1185 3146 1386 3212 fuisse
1421 3167 1505 3211 ne
1541 3145 1698 3229 quid
1733 3143 2169 3211 adventitium
2203 3143 2314 3209 ob-

363 3242 623 3318 reperet
669 3254 752 3298 ex
845 3233 1140 3298 ominum
1198 3232 1588 3299 commentis
1646 3229 1730 3296 ad
1774 3230 2071 3297 vitianda
2112 3230 2311 3295 sacri-

361 3322 540 3388 ficia:
602 3341 729 3403 quo
774 3317 880 3383 die
923 3319 1142 3402 inquit
1184 3318 1504 3385 sacrificia
1558 3317 1686 3385 sibi
1741 3317 1966 3383 offerri
2020 3313 2316 3383 instituit

362 3405 549 3474 Deus
588 3406 661 3470 in
706 3414 931 3471 monte
972 3405 1198 3485 Sinai,
1254 3403 1423 3469 nihil
1482 3404 1706 3469 omisit
1762 3403 2113 3470 observatu
2171 3401 2314 3487 dig-

364 3514 556 3570 num,
616 3513 700 3557 ne
756 3489 912 3576 quid
969 3512 1052 3575 ag
1100 3490 1239 3557 redi
1297 3491 1621 3557 auderent
1676 3491 1978 3556 homines
2046 3487 2173 3554 nisi
2231 3509 2314 3553 ex

362 3579 504 3645 eius
544 3578 969 3662 praescripto.
1122 3586 1151 3642 t
1208 3587 1384 3643 certe
1439 3597 1638 3660 quum
1695 3577 1791 3643 ita
1854 3572 2083 3640 sedulo
2138 3594 2315 3640 com-

359 3666 594 3749 plexus
659 3663 863 3730 fuerit
926 3684 1157 3729 omnes
1225 3663 1673 3730 caeremonias
1694 3714 1709 3740 ,
1790 3662 1944 3727 inde
2007 3659 2315 3744 colligere

360 3759 741 3836 promptum
810 3758 910 3816 est
975 3757 1378 3833 quantopere
1438 3748 1753 3834 fugienda
1817 3748 1906 3814 sit
1961 3748 2314 3826 temeritas,

365 3845 433 3901 et
487 3835 841 3920 quidquam
910 3836 1204 3920 fingendi
1269 3833 1561 3902 audacia.
1613 3907 1622 3914 ,
1662 3833 2027 3902 Consilium
2096 3834 2317 3917 itaque

363 3922 574 3988 Mosis
617 3923 760 4003 fuit,
802 3920 926 3988 hac
969 3921 1156 3988 brevi
1201 3922 1643 3988 admonitione
1684 3920 2001 4006 populum
2046 3918 2129 3985 ad
2175 3939 2314 3985 mo-

367 4008 641 4076 destiam
689 4008 958 4088 hortari,
1005 4028 1089 4073 ne
1121 4016 1345 4074 metas'
1371 4029 1411 4073 a
1434 4008 1576 4074 Deo
1620 4011 1862 4093 positas
1899 4006 2313 4072 transsiliret.

1064 4350 1415 4418 NUMER.
1452 4349 1610 4416 XV.

541 4526 597 4590 1.
645 4523 971 4606 Loquutus
1012 4528 1104 4589 est
1133 4527 1337 4590 autem
1366 4522 1599 4589 Iehova
1632 4522 1720 4589 ad
1756 4521 1992 4602 Mosen,
2028 4522 2317 4591 dicendo:

361 4614 424 4679 2.
466 4612 743 4693 Loquere
776 4611 863 4675 ad
891 4609 1062 4691 filios
1083 4608 1308 4685 Israel,
1345 4615 1401 4675 et
1435 4609 1612 4676 dicas
1649 4608 1768 4675 eis:
1818 4608 2021 4690 Quum
2042 4611 2317 4695 inyressi

360 4698 618 4784 fueritis
658 4702 893 4762 terram
935 4693 1389 4763 habitationum
1453 4700 1804 4762 vestrarum
1845 4715 2007 4777 quas
2048 4716 2154 4781 eqo
2196 4698 2313 4763 da·

361 4792 550 4852 turus
610 4803 753 4848 sum
815 4781 1003 4861 vobis,
1116 4780 1176 4846 3.
1244 4781 1336 4847 Ec
1404 4782 1612 4865 facere
1674 4781 1888 4847 voletis
1954 4780 2315 4848 oblationem

362 4871 625 4956 iynitam
668 4867 952 4945 Rhome,
995 4865 1419 4934 holocaustum
1473 4867 1569 4934 vel
1609 4868 2017 4949 sacrificium,
2075 4872 2144 4932 ut
2197 4868 2315 4934 sol-

362 4959 530 5025 vatis
585 4960 794 5022 votum
838 4958 949 5020 aut
1005 4958 1220 5034 sponte
1274 4961 1480 5019 vestra
1496 5003 1512 5031 ,
1571 4958 1682 5019 aut
1736 4954 1804 5018 in
1846 4953 2315 5021 solennitatibus

361 5044 615 5126 vestris,
672 5045 746 5106 ut
794 5039 1054 5122 faciatis
1101 5039 1347 5106 odorem
1403 5041 1631 5123 quietis
1689 5038 1950 5106 Iebovae
2001 5041 2079 5106 de
2128 5040 2315 5106 bobus

362 5134 475 5196 aut
516 5148 596 5195 ex
620 5126 997 5209 pecudibus:
1071 5125 1132 5190 4.
1186 5126 1365 5192 Tunc
1404 5126 1613 5209 offeret
1650 5127 1912 5208 offerens
1949 5125 2314 5192 oblationem

361 5235 548 5282 suam
615 5212 876 5280 Iebovae
927 5231 1051 5296 pro
1103 5211 1323 5277 minlta
1379 5212 1632 5278 similae
1645 5261 1661 5289 ,
1717 5212 2019 5278 decimam
2063 5216 2314 5294 partem

361 5302 619 5367 mistam
660 5318 801 5365 cum
843 5303 1070 5382 quarta
1103 5302 1294 5379 parte
1335 5296 1469 5363 olei.
1580 5296 1639 5364 5.
1685 5292 1776 5364 E
1810 5299 1948 5364 vini
1979 5318 2106 5380 pro
2163 5298 2316 5365 leba-

361 5388 534 5454 mine
588 5389 882 5468 quartam
924 5388 1176 5467 partem
1231 5382 1342 5448 hin
1394 5383 1593 5466 facies
1645 5404 1835 5468 super
1875 5383 2313 5464 holocaustum,

1762 459 2278 530 SECUNDUM
2320 457 2972 527 PRAEOEP'PUM.

4246 466 4375 534 538

2427 651 2540 711 aut
2597 645 2767 713 ultra
2829 647 3209 730 sacrificium
3261 669 3385 731 pro
3448 671 3609 733 aquo
3672 671 3817 718 uno.
3937 653 3996 719 6.
4065 655 4204 720 Aut
4254 677 4381 739 pro

2426 734 2621 798 ariete
2656 733 2857 814 facies
2887 734 3169 800 minham
3208 735 3463 803 similae
3504 738 3671 802 duas
3722 738 3996 804 decimas
4032 743 4379 822 permistae

2424 838 2570 883 cum
2624 819 2741 883 olei
2794 819 2977 884 tertia
3020 825 3206 903 parte
3255 820 3384 886 hin.
3489 822 3546 888 7.
3607 822 3694 888 Et
3745 825 3881 889 vini
3909 845 4039 907 pro
4083 826 4380 896 libamine

2423 906 2675 970 tertiam
2705 909 2957 987 partem
2997 905 3112 971 hin
3153 907 3420 989 offeretis
3460 909 3534 974 in
3572 910 3819 975 odorem
3838 911 4068 993 quietis
4092 911 4375 981 Iehovae.

2426 989 2487 1055 8.
2541 990 2716 1072 Quod
2757 991 2820 1056 si
2855 991 3065 1074 facere
3102 992 3267 1059 voles
3307 995 3632 1060 iuvencum
3673 997 3741 1060 in
3784 995 4221 1077 holocaustum,
4264 1006 4379 1067 aut

2424 1074 2813 1158 sacrificiunt
2844 1077 2934 1142 ad
2971 1078 3333 1145 solvendum
3365 1084 3590 1162 vatnam,
3633 1086 3747 1146 aut
3775 1081 4094 1166 sacrificia
4120 1106 4381 1168 prospe·

2422 1162 2685 1227 ritatem
2738 1160 3033 1229 Ielzovae:
3132 1164 3192 1229 9.
3246 1164 3481 1247 Offeres
3531 1187 3666 1233 una
3716 1187 3858 1234 cum
3911 1170 4164 1236 iuvenco
4214 1173 4381 1239 min-

2424 1246 2607 1347 ham,
2662 1248 2914 1314 similae
2970 1253 3093 1315 tres
3133 1250 3780 1335 decimaspermistae
3821 1274 3964 1321 cum
4012 1256 4132 1322 olei
4181 1258 4371 1323 dimi·

2426 1332 2540 1399 dm
2593 1339 2783 1417 parte
2837 1333 2965 1400 hin.
3059 1334 3159 1401 10.
3217 1333 3307 1402 Ec
3357 1338 3574 1404 vimm
3632 1340 3850 1422 offeres
3895 1361 4019 1423 pro
4081 1341 4379 1410 libamine

2423 1419 2766 1485 dimidiam
2776 1425 3029 1518 partem
3048 1421 3190 1486 hin.-
3224 1422 3589 1491 oblationem
3607 1426 3872 1509 iynitam
3906 1427 4115 1494 odoris
4143 1430 4375 1510 quietis

2427 1503 2709 1571 Iehovae.
2749 1507 2850 1571 11.
2879 1505 2986 1573 Sic
3002 1508 3203 1589 facies
3222 1507 3359 1575 bovi
3378 1516 3490 1575 aut
3509 1511 3697 1576 arieti
3715 1514 3850 1591 uni,
3873 1518 3985 1578 aut
4013 1514 4211 1597 foetui
4243 1520 4372 1581 tam

2424 1590 2733 1657 deovibus
2752 1612 2940 1674 quam
2962 1593 3287 1675 decapris.
3329 1595 3427 1661 12.
3466 1595 3664 1663 quta
3697 1617 4026 1664 numerum
4058 1620 4239 1683 ρωοηι
4268 1602 4377 1683 fa-

2424 1678 2620 1777 cietis,
2648 1677 2923 1778 suspulis
2946 1680 3198 1780 facietis
3229 1682 3411 1747 iuxta
3432 1702 3760 1782 numerum
3781 1683 4052 1750 illorum.
4077 1686 4201 1786 ‚13.
4233 1685 4379 1753 Om-

2422 1782 2706 1915 ms
2722 1765 2918 1915 ms
2935 1768 4379 1949 sffirrtemmesmffls

2408 1955 2807 2034 pereymnus,
2853 1941 2965 2002 aut
3006 1957 3353 2021 quicunque
3392 1945 3483 2006 est
3524 1941 3593 2006 in
3634 1942 3835 2008 medio
3877 1946 4067 2009 vestri
4099 1965 4222 2025 per
4271 1966 4375 2029 qe-

2419 2027 2770 2087 neratwnes
2809 2026 3065 2103 vestras,
3106 2023 3440 2107 feceritque
3472 2025 3835 2093 oblationem
3864 2030 4129 2113 iquitam
4162 2030 4375 2097 odoris

2419 2107 2649 2191 quietis
2684 2106 2967 2206 Ieliovae,
3012 2111 3536 2191 quemadmodum
3553 2113 3800 2195 facietis
3819 2116 3912 2181 sic
3939 2116 4146 2199 faciet.
4185 2116 4285 2183 15.
4318 2116 4375 2184 Ο

2418 2198 2820 2277 conyreqatio,
2862 2198 3163 2261 statutum
3204 2217 3403 2264 unum
3443 2199 3563 2265 erit
3591 2199 3759 2265 vobis
3802 2205 3858 2266 et
3887 2203 4219 2285 peregrino
4260 2203 4375 2285 qwi

2408 2280 2856 2363 pereyrinatur
2910 2282 3084 2363 apud
3138 2302 3281 2348 vos:
3348 2289 3650 2350 statutum
3692 2287 3952 2369 inquam
3996 2292 4372 2371 perpetuum

2407 2387 2529 2449 per
2579 2371 3011 2450 yenerattones
3046 2372 3320 2436 vestras.-
3372 2370 3536 2436 sicut
3592 2390 3700 2437 vos
3754 2372 3846 2437 sie
3894 2379 3950 2438 et
3994 2374 4373 2459 per-eminus

2421 2453 2542 2517 erit
2579 2470 2790 2518 coram
2844 2451 3090 2519 Iehova.
3182 2453 3281 2521 16.
3331 2455 3469 2521 Lex
3510 2477 3640 2522 una
3681 2462 3740 2523 et
3794 2478 4018 2523 norma
4079 2479 4212 2526 una
4253 2461 4373 2527 erit

2419 2538 2593 2604 vobis
2635 2541 2694 2604 et
2724 2540 3063 2623 pereyrino
3108 2541 3220 2623 qui
3251 2543 3697 2627 pereqrinatur
3738 2544 3914 2625 apud
3954 2565 4078 2611 vos.

2596 2710 2653 2776 1.
2702 2709 3137 2794 Loquutusest
3159 2717 3381 2779 autem.
3426 2713 3684 2780 Partim
3719 2714 3947 2780 eadem
3981 2737 4159 2783 nunc
4182 2737 4368 2800 prae-

2420 2804 2611 2881 cepta
2667 2795 2953 2863 breviter
3009 2797 3307 2884 attingit,
3366 2797 3446 2864 de
3502 2800 3740 2883 quibus
3792 2801 4007 2886 magis
4065 2801 4371 2869 distincte

2422 2890 2491 2948 et
2533 2882 2855 2967 copiosius
2897 2882 3208 2949 disseruit
3249 2885 3318 2949 in
3364 2884 3689 2966 Levitico,
3734 2887 3978 2969 partim
4021 2909 4187 2971 quae
4229 2889 4372 2956 obs-

2420 2970 2641 3035 curius
2685 2976 2751 3033 et
2809 2974 3087 3053 sparsim
3143 2969 3402 3036 dixerat
3444 2972 3512 3036 in
3566 2993 3771 3037 unum
3827 2972 4039 3040 locum
4099 2973 4366 3059 colligit.

2419 3054 2650 3139 Neque
2694 3055 2870 3122 enim
2928 3066 3173 3123 certam
3232 3056 3448 3125 adhuc
3512 3058 3806 3142 regulam
3868 3058 4231 3127 tradiderat
4290 3060 4373 3129 de

2419 3142 2899 3209 accessionibus
2943 3142 3174 3208 minha
3215 3144 3341 3209 olei
3386 3153 3453 3209 et
3498 3146 3663 3211 vini:
3723 3143 3839 3210 sed
3889 3166 4058 3229 quae
4101 3147 4184 3213 ad
4229 3168 4368 3214 cer-

2419 3236 2523 3293 tas
2566 3228 2815 3312 species
2859 3230 3502 3310 accommodaverat,
3570 3252 3748 3298 nunc
3791 3232 4189 3315 generaliter
4232 3254 4370 3300 ser-

2419 3314 2565 3381 vari
2608 3314 2819 3380 iubet:
2864 3334 3028 3398 quae
3073 3323 3293 3382 autem
3339 3327 3567 3384 exacte
3602 3325 4016 3398 tractaverat,
4062 3341 4241 3386 nunc
4275 3320 4368 3385 le-

2419 3402 2567 3467 vius
2611 3400 3022 3467 transcurrit.
3122 3401 3355 3486 Neque
3400 3412 3623 3469 tamen
3670 3403 3892 3471 omnia
3937 3407 4367 3489 persequitur,

2417 3487 2530 3553 sed
2576 3493 2833 3552 tantum
2880 3497 3060 3553 vetat
3096 3510 3181 3555 ne
3216 3489 3532 3555 sacrificia
3566 3490 3928 3556 offerantur
3961 3492 4102 3557 sine
4136 3493 4368 3571 farina,

2415 3572 2558 3640 vini
2599 3572 2929 3654 libamine,
2976 3581 3041 3639 et
3081 3573 3241 3640 oleo.
3331 3574 3568 3642 Visum
3614 3575 3771 3641 alibi
3812 3575 3973 3656 fuit,
4028 3577 4246 3643 Deum
4292 3578 4364 3643 in

2416 3658 2755 3726 sacrificiis
2799 3667 2869 3724 et
2909 3658 3344 3727 oblationibus
3362 3711 3378 3741 ,
3434 3681 3562 3745 quo
3621 3662 3842 3745 populi
3887 3661 4157 3728 ruditati
4211 3684 4365 3730 oon·

2416 3745 2681 3825 suleret,
2743 3765 2892 3812 susc
2977 3746 3110 3813 isse
3153 3746 3628 3830 quodammodo
3672 3749 3956 3814 hominis
4000 3769 4364 3834 personam,

2417 3852 2493 3898 ac
2542 3833 2602 3898 si
2657 3831 3071 3898 familianter
3110 3832 3245 3899 illic
3287 3834 3680 3917 epularetur.
3769 3833 3917 3917 Quo
3967 3856 4166 3903 sensu
4211 3836 4366 3903 alibi

2418 3918 2736 3984 sacrificia
2776 3919 2991 3985 cibum
3037 3939 3231 3985 suum
3277 3920 3590 4004 appellat:
3632 3941 3768 3985 non
3813 3920 3985 4004 quod
4030 3924 4206 3988 vitae
4251 3920 4364 3987 ad-

2419 4003 2747 4071 miniculis
2790 4004 3084 4090 indigeat
3134 4006 3248 4090 qui
3291 4026 3331 4072 a
3372 4028 3443 4072 se
3487 4008 3628 4091 ipso
3671 4007 3814 4073 vita
3855 4015 3956 4072 est
3999 4016 4068 4072 et
4109 4008 4224 4091 qui
4267 4008 4366 4074 vi-

2419 4098 2555 4156 tam
2623 4091 2926 4158 omnibus
2969 4092 3275 4174 inspirat,
3344 4092 3460 4159 sed
3516 4094 3673 4177 quia
3726 4093 3860 4159 nisi
3915 4092 3998 4159 ad
4063 4094 4367 4159 homines
4480 4133 4487 4138 -

2419 4176 2801 4258 descendat,
2869 4198 3127 4244 sursum
3175 4179 3471 4245 attollere
3515 4201 3646 4245 non
3691 4186 3904 4264 potest
3947 4199 4175 4246 eorum
4222 4181 4363 4245 ani-

2417 4284 2578 4330 mos.
2626 4263 2975 4330 Caeterum
3020 4264 3172 4348 quia
3216 4285 3299 4330 ex
3335 4265 3542 4330 altera
3584 4275 3770 4348 parte
3812 4264 4174 4349 periculum
4224 4275 4367 4332 erat

2419 4371 2506 4416 ne
2549 4349 2792 4415 multas
2834 4350 3064 4417 inanes
3107 4358 3173 4417 et
3217 4371 3655 4435 supervacuas
3697 4371 3971 4436 pompas
4027 4350 4368 4419 induceret

2416 4436 2697 4520 populus
2761 4434 3336 4522 (quemadmodum
3400 4436 3703 4503 videmus
3764 4437 3832 4503 in
3899 4439 4101 4504 sacris
4157 4438 4368 4522 epulis

2418 4531 2649 4609 gentes
2715 4522 3061 4589 immodice
3125 4532 3192 4588 et
3256 4522 3462 4589 stulte
3527 4523 3725 4589 fuisse
3782 4525 4105 4602 curiosas,
4172 4546 4247 4591 ao
4308 4526 4365 4591 si

2418 4610 2636 4675 Deum
2674 4608 3077 4675 oblectarent
3112 4609 3407 4674 lautitiae
3470 4608 3934 4693 praescribitur
3967 4612 4362 4678 unuscuius·

2418 4717 2545 4779 que
2589 4695 2686 4760 rei
2731 4716 3069 4773 mensura,
3139 4716 3222 4761 ne
3277 4697 3384 4778 qui
3478 4716 3597 4779 pro
3641 4696 3913 4761 arbitrio
3956 4697 4364 4763 comminisci

2417 4781 2725 4847 audeant.
2835 4780 3199 4847 Probabilis
3265 4789 3485 4846 autem
3552 4781 3923 4847 coniectura
3998 4793 4126 4865 est,
4191 4783 4365 4867 quod

2417 4868 2580 4934 satis
2632 4867 2809 4932 clare
2866 4867 3183 4933 traditum
3240 4867 3452 4932 fuerat
3494 4889 3725 4932 rursus
3769 4868 3971 4934 fuisse
4016 4870 4363 4935 memoriae

2417 4953 2827 5020 mandatum.
2914 4951 3050 5019 Sed
3093 4954 3400 5037 quoniam
3445 4974 3524 5019 ea
3567 4953 3733 5019 ratio
3776 4974 3907 5019 non
3951 4956 4361 5038 exprimitur,

2416 5052 2641 5107 tenere
2684 5037 2968 5105 sufficiat
3026 5038 3198 5123 quod
3256 5039 3600 5123 aliquoties
3643 5039 3888 5106 dictum
3931 5039 4085 5105 fuit:
4133 5060 4360 5122 quam-

2416 5126 2523 5192 vis
2568 5146 2672 5190 res
2715 5125 2849 5190 sint
2890 5125 3057 5192 levis
3099 5126 3416 5191 momenti
3474 5127 3954 5202 caeremoniae,
4014 5124 4364 5209 diligenter

2416 5223 2640 5277 tamen
2695 5212 3060 5294 oportuisse
3117 5211 3447 5297 legitimas
3504 5213 3585 5280 ab
3631 5211 4016 5278 adulterinis
4061 5210 4363 5291 discerni,

2418 5306 2490 5365 ut
2544 5296 2808 5365 obviam
2860 5298 3069 5363 iretur
3134 5298 3475 5364 hominum
3541 5298 3882 5377 lasciviae,
3954 5298 4064 5381 qui
4121 5297 4364 5382 alioqui

2417 5384 2816 5450 fermentum
2861 5404 3050 5450 suum
3094 5386 3368 5451 miscere
3424 5406 3557 5450 non
3603 5384 3993 5451 desinerent.
4086 5382 4364 5451 Summa
