4867 6150
354 445 485 511 493

362 633 582 715 offeres
624 633 929 697 decimam
973 634 1221 712 partem
1280 630 1439 710 epha
1491 631 1740 696 similae
1798 636 1856 695 et
1909 632 1979 694 in
2032 629 2314 694 minham

349 718 695 804 permistae
716 717 842 782 oleo
875 721 1140 793 contuso,
1176 732 1316 782 cnm
1352 722 1586 796 quarta
1609 723 1800 797 parte
1833 716 1964 781 hin.
2026 717 2088 783 6.
2127 715 2314 780 Istud

362 810 450 871 est
492 803 915 869 holocaustam
958 803 1099 884 iuqe
1141 803 1306 883 quod
1345 801 1585 883 factum
1628 808 1715 868 est
1759 804 1826 867 in
1868 807 2067 867 monte
2105 802 2313 879 Sinai,

359 891 430 956 in
450 891 697 955 odorem
718 889 967 970 qnietis,
991 887 1360 953 oblationem
1381 888 1648 972 iqnitam
1672 888 1952 954 Iebovae.
2014 888 2072 952 7.
2115 886 2315 951 Porro

363 976 634 1043 libamen
677 977 816 1038 eins
855 978 1148 1056 quartam
1182 978 1433 1057 partem
1477 973 1586 1038 hin
1640 995 1762 1055 per
1803 973 2082 1057 sinyulos
2126 992 2315 1055 aquas

359 1065 431 1127 in
475 1061 836 1126 sanctuario
875 1059 1004 1126 liba
1039 1059 1307 1125 libamen
1343 1059 1563 1124 sechar
1598 1060 1878 1126 Ielzovae.
1949 1060 2008 1125 8.
2055 1060 2316 1141 Aynum

360 1152 568 1213 autem
613 1147 878 1211 alterum
918 1145 1120 1227 facies
1169 1147 1334 1211 inter
1374 1147 1540 1211 duas
1597 1166 1890 1229 vesperas
1903 1196 1919 1224 ,
1976 1146 2316 1211 seeundum

359 1233 721 1301 oblationem
755 1233 1146 1311 matutinam,
1183 1237 1239 1296 et
1270 1233 1610 1297 secundnm
1644 1232 1910 1297 libamen
1947 1233 2086 1298 eius
2115 1230 2316 1312 facies

359 1320 728 1384 oblationem
770 1319 1051 1401 iynitam,
1097 1318 1166 1381 in
1209 1318 1455 1383 odorem
1489 1319 1716 1400 qnietis
1738 1317 2019 1383 Iehovae.
2089 1317 2147 1381 9.
2186 1314 2317 1382 Die

358 1425 507 1471 vero
540 1403 827 1470 sabbathi
858 1404 1058 1484 facies
1091 1405 1251 1469 dnos
1277 1424 1469 1486 aqnos
1503 1405 1830 1469 anniculos
1863 1402 2314 1482 immaculatos,

360 1497 418 1557 et
464 1491 630 1557 duas
686 1490 960 1555 decimas
1016 1488 1160 1571 ephi
1212 1489 1462 1555 similae
1516 1492 1583 1555 in
1641 1489 1924 1554 minham
1971 1490 2316 1569 permistae

357 1577 489 1644 oleo
503 1629 519 1653 ,
564 1582 619 1643 et
661 1575 929 1640 libamen
967 1577 1122 1641 eiu-5.
1216 1575 1314 1640 10.
1364 1577 1550 1642 Istud
1590 1581 1681 1641 est
1720 1575 2137 1641 holocaustum
2179 1574 2320 1638 sab-

359 1663 554 1743 bathi,
597 1664 666 1726 in
703 1660 993 1727 sabbatho
1033 1681 1149 1727 suo
1192 1662 1365 1727 ultra
1406 1661 1826 1727 holocaustum
1868 1662 2013 1744 inye
2054 1662 2125 1726 in
2158 1659 2316 1726 liba-

354 1769 502 1815 men
545 1749 701 1813 eius.
772 1747 873 1812 11.
923 1747 1234 1813 Similiter
1274 1750 1346 1812 in
1389 1748 1701 1831 capitibus
1744 1748 2050 1812 mensium
2092 1751 2316 1812 vestro·

353 1855 505 1901 rum
540 1835 804 1917 offeretis
835 1832 1256 1898 holocaustum
1280 1833 1574 1900 Iebovae:
1614 1835 1906 1900 iuvencos
1944 1833 2114 1913 filios
2147 1832 2317 1897 bovis

354 1922 554 1998 dnos,
601 1925 657 1984 et
699 1921 955 1984 arietem
998 1940 1226 1997 anum,
1271 1940 1464 2003 aqnos
1504 1919 1828 1986 anniculos
1882 1918 2316 1985 immaculatos

352 2013 608 2088 septem.
682 2005 783 2070 12.
830 2004 919 2069 Et
960 2010 1086 2071 tres
1126 2006 1399 2072 decimas
1441 2005 1582 2088 ephi
1624 2006 1875 2072 similae
1918 2007 1987 2070 in
2030 2004 2314 2069 minbam

336 2094 703 2175 permixtae
748 2091 871 2156 oleo
913 2093 986 2155 in
1028 2093 1316 2157 iuvencos
1357 2093 1667 2176 sinendos,
1712 2098 1768 2157 et
1815 2092 1980 2156 duas
2036 2091 2314 2157 decimas

350 2178 503 2261 ephi
551 2178 803 2243 similae
861 2177 929 2241 in
986 2177 1268 2242 minbam
1312 2180 1670 2258 permixtae
1726 2177 1853 2243 oleo
1904 2178 1975 2241 in
2032 2176 2313 2261 sinqulos

351 2265 606 2330 arietes.
700 2263 797 2327 13.
852 2263 942 2327 Et
976 2264 1270 2347 sinyulas
1312 2265 1615 2343 decimas,
1664 2264 2025 2329 oblationem
2065 2261 2315 2328 similae

348 2353 424 2415 in
473 2348 694 2415 minba
728 2350 1081 2429 permixtae
1123 2350 1265 2428 olea,
1310 2352 1381 2415 in
1423 2350 1707 2434 sinqalos
1740 2370 1950 2433 aynos,
1994 2349 2313 2414 holocaus-

348 2442 492 2502 tam
535 2436 744 2502 odoris
786 2436 1043 2516 qnietis,
1111 2436 1334 2501 oblatio
1374 2438 1578 2520 iynita
1625 2435 1900 2501 Iehovae.
1992 2436 2091 2499 14.
2135 2435 2315 2499 Haec

352 2528 571 2588 autem
615 2521 922 2587 libamina
965 2541 1178 2587 eorum
1212 2544 1244 2587 e
1275 2523 1446 2588 vino.-
1488 2522 1828 2587 dimidium
1868 2521 1981 2585 bin
2023 2522 2212 2586 etiam
2241 2520 2313 2584 in

347 2607 649 2691 singulos
689 2608 975 2672 iuvencos
990 2657 1006 2686 ‚
1060 2613 1116 2672 et
1165 2611 1351 2673 tertia
1396 2629 1566 2691 pars
1621 2609 1737 2673 ltin
1786 2610 1857 2672 in
1909 2609 2166 2673 arietem
2181 2658 2195 2685 ,
2255 2611 2314 2670 et

346 2699 594 2776 quarta
639 2713 806 2775 pars
854 2692 968 2757 hin
1019 2694 1090 2757 in
1151 2694 1433 2778 sinyulos
1496 2714 1705 2779 cynos.
1808 2693 1946 2759 Hoc
2000 2699 2089 2758 est
2151 2693 2314 2758 holo-

346 2784 647 2847 cawstnm
709 2779 1105 2862 sinyulorum
1168 2782 1475 2846 mensium
1541 2801 1664 2862 per
1734 2779 2016 2864 sinqnlos
2077 2798 2316 2844 menses

346 2867 539 2932 anni.
632 2864 732 2930 15.
779 2864 869 2929 Et
920 2864 1136 2930 hircus
1189 2887 1529 2949 caprarum
1575 2887 1746 2931 unus
1801 2868 1875 2931 in
1930 2864 2314 2947 sacrificium

333 2973 466 3105 pizo
512 2957 762 3034 peccato
800 2950 907 3031 fiet
949 2950 1241 3032 Iehovae‚
1273 2958 1531 3035 praeter
1571 2952 1996 3019 holocaustam
2037 2952 2182 3037 iuye
2197 3003 2214 3031 ,
2259 2955 2316 3015 et

341 3040 396 3106 l‘
435 3057 631 3104 amen
676 3038 831 3103 eins.
1214 3053 1222 3061 ·
1881 3095 1888 3104 ,

540 3209 599 3275 1.
644 3209 733 3274 Et
771 3210 1063 3292 loquutus
1105 3216 1195 3276 est
1231 3210 1476 3300 Iehova.
1567 3211 1790 3277 Moses
1834 3213 2072 3275 iterum
2117 3210 2318 3275 verba

349 3299 658 3364 facturus
704 3296 783 3363 de
828 3296 1138 3362 continuo
1182 3297 1520 3379 sacrificio,
1564 3299 1899 3381 praefatur
1940 3296 2014 3361 in
2059 3316 2318 3380 genere,

351 3395 432 3449 ut
479 3382 835 3465 diligenter
878 3392 1190 3465 sequatur
1233 3384 1515 3469 populus
1558 3385 1624 3448 in
1689 3383 2125 3449 oblationibus
2180 3382 2318 3447 suis

351 3467 685 3553 quidquid
747 3470 928 3535 Deus
988 3472 1350 3552 praecepit:
1417 3491 1573 3535 nam
1632 3470 1831 3536 verbo
1889 3467 2316 3547 custodiendi,

349 3577 496 3621 non
544 3555 859 3620 sedulitas
904 3553 1114 3636 modo,
1161 3556 1274 3621 sed
1320 3556 1691 3621 obedientia
1733 3563 2018 3621 notatur.
2110 3555 2318 3620 Porro

351 3660 490 3725 qno
540 3642 861 3706 attentius
921 3641 1003 3706 ab
1060 3644 1239 3707 omni
1300 3643 1462 3708 vitio
1522 3643 1648 3709 sibi
1704 3651 2013 3722 caveant,
2079 3661 2318 3725 panem

350 3748 559 3793 suum
607 3740 797 3792 vocat
838 3728 1058 3806 Deus,
1116 3730 1225 3811 qui
1284 3727 1394 3793 vel
1451 3728 1740 3812 quotidie
1798 3729 2024 3811 reponi
2069 3727 2320 3792 solebat

347 3813 425 3879 in
489 3834 756 3892 mensa,
824 3814 930 3877 vel
996 3815 1272 3899 adiungi
1331 3815 1614 3880 victimis
1671 3816 1931 3899 ignitis,
1994 3836 2069 3879 ac
2127 3813 2185 3878 si
2229 3833 2319 3879 ·eo

349 3909 740 3966 vesceretur
782 3920 967 3963 more
1011 3899 1374 3966 hominum.
1463 3902 1590 3967 Est
1671 3901 1888 3966 uidem
1950 3920 2179 3983 aspera
2222 3899 2318 3965 lo·

348 3987 626 4070 quutio:
673 3985 786 4050 sed
831 4007 948 4069 pro
995 3987 1235 4052 veteris
1278 3987 1503 4072 populi
1545 3923 1852 4068 ruditate,
1894 4007 2161 4062 necesse
2195 3985 2321 4051 fuit

347 4081 502 4137 tam
550 4092 764 4137 crasse
808 4071 1021 4154 loqui,
1077 4080 1154 4136 ut
1197 4073 1277 4137 ab
1324 4095 1457 4138 una
1500 4083 1687 4157 parte
1745 4074 2071 4139 discerent
2115 4073 2316 4136 ritum

345 4158 556 4223 illum
574 4156 847 4240 perinde
872 4159 1014 4223 Deo
1037 4168 1378 4241 acceptum
1403 4181 1563 4239 esse,
1601 4168 1677 4224 ut
1699 4159 2000 4224 homines
2038 4157 2320 4223 oblectat

346 4245 578 4311 cibus:
629 4243 863 4308 deinde
908 4254 983 4309 ut
1024 4246 1258 4327 purius
1302 4255 1369 4310 et
1411 4247 1657 4311 castius
1700 4246 1935 4311 offerre
1979 4244 2320 4311 studerent

346 4350 481 4397 sua
528 4330 862 4395 sacrificia.
944 4343 948 4347 ·

541 4416 601 4480 3.
645 4415 838 4481 Dices
882 4421 1214 4498 praeterea
1257 4417 1408 4484 illis.
1497 4417 1768 4501 Repetit
1817 4418 1984 4501 quod
2035 4416 2318 4484 vidimus

347 4504 427 4569 in
467 4502 728 4580 Exod0,
771 4510 846 4567 ut
879 4501 1168 4586 quotidie
1204 4525 1406 4588 agnos
1442 4502 1603 4570 duos
1636 4504 1997 4583 immolent,
2036 4504 2315 4569 alterum

345 4611 582 4665 mane,
631 4588 910 4653 alterum
948 4591 1223 4672 vesperi,
1269 4590 1380 4655 sed
1420 4590 1718 4673 pluribus
1753 4589 1973 4655 verbis
2009 4590 2320 4656 accessio-

347 4697 482 4741 nes
535 4675 845 4756 exprimit
888 4675 1144 4740 similae
1188 4684 1255 4741 et
1300 4676 1467 4742 vini:
1517 4675 1753 4741 deinde
1800 4676 1924 4741 hoc
1965 4697 2178 4759 genus
2220 4698 2321 4741 sa-

345 4760 597 4827 crificii
664 4759 746 4825 ab
812 4762 1201 4844 antiquitate
1265 4762 1707 4842 commendat,
1764 4762 1918 4845 quia
1973 4764 2038 4825 in
2095 4770 2318 4827 monte

350 4847 558 4914 Sinai
626 4847 845 4912 offerri
913 4848 1057 4912 Deo
1123 4850 1441 4931 coeperit,
1511 4859 1578 4914 et
1645 4850 1845 4914 fuerit
1908 4850 1977 4912 in
2049 4848 2316 4912 odorem

345 4932 627 5018 quietis.
691 4932 1019 5009 Libamen
1056 4934 1214 5012 vini,
1260 4937 1447 5000 cuius
1486 4936 1560 4999 fit
1595 4935 1860 5012 mentio,
1901 4935 2098 4998 etiam
2144 4934 2316 5016 apud

344 5020 676 5104 profanas
721 5028 949 5102 gentes
992 5020 1060 5084 in
1107 5041 1230 5085 usu
1292 5022 1446 5086 fuit:
1515 5021 1625 5087 sed
1685 5022 1839 5105 quia
1895 5019 2207 5085 mandato
2253 5032 2319 5084 et

343 5105 799 5190 promissione
842 5105 968 5170 Dei
1015 5106 1303 5186 carebat,
1364 5129 1493 5172 non
1541 5109 1753 5190 potuit
1795 5128 1927 5172 non
1972 5126 2113 5172 esse
2157 5105 2319 5170 insi·

344 5193 616 5276 pidum.
709 5192 798 5254 Et
842 5191 1174 5274 probabile
1238 5203 1339 5258 est
1396 5192 1499 5280 (ut
1557 5193 1715 5259 alibi
1774 5191 2095 5278 vidimus)
2151 5191 2320 5257 ritus

343 5278 614 5344 multos
668 5279 962 5360 gentium
1022 5301 1061 5343 a
1117 5281 1361 5344 sanctis
1420 5279 1717 5363 patribus
1774 5300 1916 5344 esse
1972 5277 2316 5361 profectos,

341 5364 472 5430 sed
525 5364 693 5427 falsa
739 5373 805 5426 ct
847 5365 1030 5429 inani
1073 5365 1470 5430 imitatione:
1530 5387 1686 5431 nam
1745 5387 1948 5450 quum
1993 5365 2316 5429 rationem

1756 440 2268 509 SECUNDUM
2322 438 2969 507 PRAEOEP'PUM.

4237 444 4372 509 494

2418 649 2553 694 non
2602 636 2919 709 tenerent,
2964 627 3280 712 quidquid
3316 631 3597 714 agebant
3631 652 3763 696 non
3800 630 3978 697 aliud
4012 632 4136 697 fuit
4168 654 4368 716 quam

2415 714 2662 780 lusoria
2698 736 2956 799 pompa.
3027 716 3340 781 Diximus
3374 724 3595 782 autem
3633 718 3725 782 ita
3761 717 4128 783 admonitos
4162 719 4366 785 fuisse

2419 800 2748 880 homines,
2810 810 2883 865 ut
2927 803 2996 865 in
3040 801 3417 885 quotidiano
3462 803 3641 869 victu
3684 804 3904 869 Deum
3947 826 4205 889 semper
4248 805 4365 871 ha·

2419 886 2653 952 berent
2694 907 2851 971 prae
2895 887 3128 953 oculis:
3178 895 3373 972 atque
3418 889 3508 953 ita
3552 888 3761 955 modis
3805 890 4109 956 omnibus
4144 912 4364 957 assue-

2419 974 2653 1039 fierent
2697 971 2780 1037 ad
2824 972 3163 1039 colendam
3210 976 3646 1041 sanctitatem.

2591 1058 2651 1123 9.
2707 1058 2838 1124 Die
2893 1080 3036 1125 vero
3095 1058 3408 1126 Sabbatki.
3498 1061 3691 1127 Nunc
3750 1064 4138 1144 exprimitur
4193 1063 4364 1146 quod

2417 1145 2753 1228 superiore
2807 1145 2950 1210 loco
3006 1146 3319 1211 omissum
3375 1147 3625 1225 fuerat,
3688 1147 4004 1213 sabbat-ho
4049 1149 4365 1232 duplicari

2417 1230 2570 1315 iuge
2629 1231 3052 1309 sacrificium,
3121 1245 3185 1296 et
3240 1232 3378 1298 loco
3436 1234 3589 1316 agni
3648 1234 3845 1299 unius
3904 1234 4068 1300 duos
4121 1236 4363 1301 offerri.

2417 1316 2724 1400 Aequum
2764 1317 2942 1382 enim
2984 1316 3129 1397 fuit,
3175 1340 3377 1401 quum
3420 1319 3834 1402 peculiariter
3858 1320 4001 1385 Deo
4045 1323 4366 1404 septimus

2419 1402 2559 1468 dies
2605 1410 2777 1468 esset
2820 1401 3108 1483 dicatus,
3165 1404 3411 1488 insigni
3471 1404 3688 1488 aliqua
3741 1405 4151 1473 discretionis
4211 1417 4366 1473 nota

2419 1488 2736 1571 praeferri
2770 1490 2915 1554 aliis
2952 1490 3196 1555 diebus.
3256 1491 3542 1556 Maiores
3578 1493 3774 1555 etiam
3811 1493 4110 1558 victimas
4142 1494 4365 1558 offerri

2417 1575 2600 1639 iubet
2643 1574 2714 1639 in
2760 1575 3083 1658 capitibus
3129 1577 3490 1656 mensium,
3550 1577 3655 1642 vel
3705 1578 4086 1656 noviluniis,
4133 1600 4369 1664 nempe

2419 1659 2583 1725 duos
2638 1664 2983 1739 iuvencos,
3051 1671 3118 1727 et
3175 1664 3448 1727 arietem
3504 1685 3751 1741 unum,
3811 1673 3877 1729 et
3934 1663 4188 1730 hircum
4250 1686 4369 1748 pro

2417 1755 2702 1829 peccato,
2823 1746 3083 1814 Scimus
3148 1750 3324 1813 enim
3391 1750 3676 1832 primum
3747 1750 4060 1833 cuiusque
4124 1752 4367 1817 mensis

2419 1833 2592 1897 diem
2635 1834 2781 1898 Deo
2824 1834 3027 1899 fuisse
3071 1855 3347 1912 sacrum,
3395 1844 3471 1899 ut
3513 1834 3775 1917 saepius
3819 1836 4058 1918 populo
4103 1857 4373 1903 renova-

2416 1926 2602 1983 retur
2646 1920 2962 1984 memoria
3007 1920 3145 1986 eius
3190 1920 3473 1986 colendi:
3537 1928 3603 1985 et
3664 1921 3886 1987 hircus
3939 1921 4200 1988 additus
4245 1923 4372 1988 fuit

2417 2004 2763 2087 expiandis
2819 2006 3142 2088 peccatis,
3215 2017 3291 2071 ut
3343 2007 3413 2071 in
3480 2006 3773 2091 singulos
3840 2028 4096 2075 menses
4163 2030 4233 2074 se
4285 2009 4366 2074 ad

2416 2091 2902 2173 deprecandum
2949 2113 3167 2157 coram
3214 2093 3356 2158 Deo
3402 2113 3547 2159 reos
3594 2093 3921 2159 sisterent.

2935 2384 3067 2449 EX
3110 2382 3445 2450 EODEM
3490 2384 3845 2450 CAPITE.

2592 2522 2693 2588 16.
2742 2522 2962 2587 Mense
2997 2526 3203 2586 antem
3224 2521 3440 2603 primo
3472 2522 3715 2587 decima
3744 2526 3972 2604 quarta
3993 2522 4095 2587 die
4114 2525 4366 2602 mensis,

2422 2607 2630 2675 Pesah
2672 2614 2763 2673 est
2786 2608 3067 2673 Ieliovae.
3137 2607 3237 2673 17.
3284 2605 3372 2671 Et
3413 2609 3481 2671 in
3524 2609 3759 2673 decimo
3801 2610 4016 2689 quinto
4059 2607 4162 2672 die
4203 2628 4367 2673 men-

2416 2696 2513 2759 sis
2566 2694 2761 2761 hnius
2815 2695 3158 2761 solennitas
3172 2718 3191 2757 :
3241 2699 3470 2775 septem
3524 2694 3740 2759 diebus
3781 2695 3986 2774 panis
4035 2692 4367 2774 infermen-

2418 2785 2688 2847 tatornm
2729 2782 3095 2846 comedetur.
3189 2779 3291 2846 18.
3334 2778 3465 2845 Die
3497 2781 3712 2859 primo
3759 2779 4105 2845 convocatio
4145 2784 4366 2845 sancta

2418 2868 2569 2933 erit.-
2604 2886 2782 2931 omne
2802 2885 2961 2947 opus
2981 2866 3207 2931 servile
3227 2886 3350 2930 non
3367 2865 3634 2946 facietis.
3699 2865 3797 2930 19.
3844 2865 4130 2948 offeretis
4162 2871 4367 2930 autem

2418 2952 2781 3019 oblationem
2836 2952 3120 3035 iynitam,
3180 2955 3237 3016 et
3291 2950 3715 3016 holocaustum
3771 2951 4034 3017 Iehovae
4084 2952 4367 3017 iuvencos

2415 3040 2587 3123 filios
2644 3038 2814 3104 bovis
2869 3037 3046 3117 duee,
3106 3042 3165 3102 et
3206 3037 3461 3102 arietem
3517 3057 3742 3116 unum,
3804 3042 3861 3102 et
3902 3042 4133 3120 septem
4175 3058 4369 3120 aqnos

2419 3125 2775 3192 anniculos:
2845 3124 3233 3190 immaculati
3300 3129 3481 3188 erunt
3546 3123 3733 3189 vobis.
3844 3122 3948 3189 20.
4003 3124 4093 3189 Et
4146 3123 4368 3191 minha

2419 3232 2635 3278 eoram
2677 3212 2797 3276 erit
2832 3209 3051 3275 simila
3081 3210 3406 3291 permixta
3448 3209 3590 3290 oleo,
3632 3214 3760 3276 eres
3801 3210 4077 3276 decimae
4117 3210 4189 3276 in
4233 3212 4366 3276 sin-

2416 3298 2600 3383 ynlos
2651 3298 2964 3375 iuvencos,
3024 3301 3081 3360 et
3130 3296 3295 3361 duas
3337 3295 3614 3360 decimas
3669 3297 3741 3360 in
3792 3297 4077 3381 sinyulos
4142 3297 4369 3361 arietes

2415 3386 2681 3467 facietis.
2772 3382 2875 3448 21.
2936 3382 3236 3466 Sinqulas
3291 3380 3566 3448 decimas
3618 3382 3818 3464 facies
3872 3384 3942 3447 in
3994 3402 4190 3465 aynos
4231 3383 4365 3447 sin·

2415 3471 2598 3556 yulos
2640 3470 2708 3532 in
2751 3473 2978 3551 septem
3021 3467 3221 3552 agni-9.
3313 3467 3417 3532 22.
3464 3466 3553 3533 Et
3594 3467 3836 3533 hircum
3873 3469 3941 3533 in
3984 3468 4369 3548 sacrificium

2406 3577 2534 3639 pro
2546 3560 2793 3637 peceato
2814 3575 3027 3633 unum,
3071 3554 3156 3619 ad
3198 3554 3584 3636 expiandum
3625 3575 3750 3620 vos.
3820 3554 3921 3620 23.
3974 3553 4234 3619 Praeter
4266 3553 4369 3619 ho-

2416 3644 2759 3709 locaustum
2801 3641 3180 3705 matutinam
3193 3691 3208 3721 ,
3265 3640 3429 3720 qnod
3469 3645 3561 3705 est
3601 3639 4021 3706 holocaustum
4062 3641 4222 3723 iu9e‚
4266 3639 4367 3720 fa-

2417 3727 2595 3796 cietis
2629 3729 2770 3792 ista.
2861 3726 2964 3791 24.
3016 3725 3374 3791 Secundum
3426 3724 3573 3791 haec
3622 3726 3871 3808 facietis
3925 3726 4199 3810 sinyulis
4238 3727 4369 3791 die·

2418 3815 2537 3880 bus
2583 3823 2809 3895 septem
2866 3814 3144 3891 dierum,
3188 3832 3428 3893 panem
3485 3811 3816 3878 oblationis
3872 3812 4106 3897 iynitae
4162 3812 4371 3877 odoris

2419 3900 2649 3983 quietis
2696 3899 2996 3964 Iehovae:
3053 3899 3226 3964 ultra
3270 3897 3695 3964 holocaustam
3738 3900 3880 3983 iuqe
3920 3897 4043 3980 fiet,
4105 3903 4159 3963 et
4211 3898 4369 3962 liba-

2419 4007 2567 4051 men.
2616 3986 2768 4050 eius.
2874 3983 2978 4050 25.
3030 3984 3304 4069 Septimo
3363 3990 3566 4049 autem
3622 3986 3724 4050 die
3768 3985 4108 4051 convocatio
4151 3988 4370 4048 sancta

2420 4073 2542 4138 erit
2580 4071 2783 4137 vobis:
2826 4092 3001 4136 omne
3044 4091 3203 4152 opus
3244 4070 3466 4136 servile
3508 4091 3633 4135 non
3670 4070 3939 4152 facietis.
4018 4070 4121 4134 26.
4164 4068 4369 4134 Porro

2419 4160 2525 4224 die
2563 4158 3003 4241 primitiarum
3056 4156 3307 4240 qnando
3365 4157 3632 4237 offeretis
3677 4156 3963 4222 minham
4003 4176 4226 4220 novam
4269 4154 4372 4219 Ie-

2421 4245 2612 4310 hovae
2654 4245 2723 4308 in
2768 4243 3251 4309 hebdomadibus
3300 4242 3525 4306 vestris
3538 4292 3552 4317 ‚
3607 4244 3948 4306 convocatio
3990 4248 4210 4308 sancta
4253 4241 4374 4307 erit

2419 4331 2623 4396 vobis:
2666 4349 2843 4395 omne
2876 4349 3035 4411 opus
3073 4328 3300 4393 servile
3333 4348 3455 4392 non
3493 4328 3758 4410 facietis.
3827 4328 3931 4392 27.
3979 4327 4068 4391 Et
4105 4327 4375 4409 offeretis

2421 4416 2840 4482 holocaustum
2881 4416 2953 4480 in
2995 4416 3241 4479 odorem
3278 4414 3505 4496 quietis
3542 4411 3837 4479 Ielzovae:
3878 4414 4166 4479 iuvencos
4201 4413 4373 4495 filios

2422 4503 2594 4568 bovis
2636 4502 2809 4580 duos,
2856 4502 3111 4566 arietem
3153 4520 3367 4576 unum,
3426 4505 3480 4563 et
3523 4504 3748 4581 septem
3790 4520 3984 4583 aynos
4027 4499 4369 4566 anniculos.

2422 4589 2527 4655 28.
2575 4587 2664 4652 Et
2697 4586 3059 4653 oblationem
3093 4606 3304 4651 eorum
3337 4585 3619 4650 similam
3642 4586 4029 4668 permixtam
4065 4586 4209 4663 oleo,
4246 4591 4373 4650 tres

2419 4676 2692 4741 decimas
2726 4675 2796 4739 in
2831 4673 3111 4758 sinyalos
3144 4673 3452 4750 iuvencos,
3496 4672 3662 4737 duas
3696 4672 3970 4738 decimas
3994 4692 4116 4754 per
4148 4671 4372 4737 arietes

2421 4761 2721 4842 sinyulos.
2819 4759 2923 4825 29.
2985 4758 3288 4841 Sinqulas
3343 4757 3615 4823 decimas
3657 4778 3777 4840 per
3835 4779 4027 4842 aynos
4069 4757 4368 4841 sinyulos,

2417 4853 2648 4928 septem
2706 4848 2906 4931 aynis.
3006 4845 3108 4910 30.
3170 4843 3440 4908 Hircum
3497 4863 3836 4924 caprarum
3890 4850 4087 4908 unam
4143 4843 4228 4908 ad
4264 4861 4371 4907 ex-

2406 4935 2729 5015 piandum
2770 4952 2896 4998 voe.
2984 4932 3088 4997 31.
3139 4927 3403 4994 Praeter
3460 4928 3879 4995 holocaustum
3931 4930 4075 5013 iuye
4116 4934 4174 4993 et
4212 4928 4373 4991 min-

2416 5018 2566 5084 bam
2608 5019 2748 5084 eins
2785 5019 3053 5102 facietis,
3096 5015 3489 5082 immaculati
3529 5021 3712 5082 erant
3743 5017 3933 5097 vobis,
3977 5020 4034 5079 et
4065 5013 4371 5080 libamina

2418 5125 2648 5171 eornm.

2597 5277 2698 5342 16.
2746 5273 2965 5341 Mense
3022 5280 3227 5341 autem
3273 5276 3506 5358 primo.
3596 5274 3897 5338 Pertinet
3941 5269 4203 5354 quidem
4250 5272 4371 5336 ali-

2420 5384 2550 5447 qua
2594 5386 2673 5429 ex
2722 5370 2909 5447 parte
2957 5363 3118 5426 haec
3161 5360 3461 5427 doctrina
3504 5359 3583 5424 ad
3632 5359 3803 5424 diem
3849 5358 4092 5423 festum
4122 5357 4367 5424 Pesah:
