4867 6150
359 459 486 524 417

357 657 657 715 naturas:
723 649 874 731 quia
918 647 1169 714 duabus
1213 648 1358 715 istis
1401 650 1663 715 fulturis
1707 650 2015 717 nituntur
2058 651 2305 718 fideles,

358 734 563 818 Atqui
623 756 755 799 non
815 736 1035 800 minus
1103 734 1524 818 probabiliter
1569 735 1782 802 dicere
1828 735 2079 815 licebit,
2144 740 2308 804 duas

358 820 550 886 bases
608 821 889 903 singulis
947 820 1184 885 tabulis
1252 822 1454 887 fuisse
1521 823 1915 905 suppositas:
1987 824 2090 890 vel
2157 825 2311 907 quia

358 909 569 992 pietas
615 907 1078 988 promissiones
1129 906 1329 972 habet
1391 907 1564 973 vitae
1609 911 1977 991 praesentis
2021 918 2087 976 et
2131 912 2308 976 futu-

362 1013 492 1069 rae,
538 992 646 1056 vel
693 993 845 1076 quia
889 993 1393 1072 tentationibus,
1452 1015 1615 1081 quae
1678 1015 1795 1060 nos
1840 1016 1880 1059 a
1935 995 2186 1062 dextris
2245 1006 2313 1062 et

362 1079 649 1144 sinistris
713 1079 1075 1161 impetunt,
1144 1079 1224 1143 ab
1279 1088 1559 1163 utroque
1615 1080 1816 1145 latere
1870 1081 2309 1147 resistendum

361 1174 492 1230 est:
564 1164 666 1229 vel
730 1167 882 1246 quia
937 1164 1100 1229 fides
1146 1164 1509 1231 claudicare
1569 1187 1698 1230 non
1759 1165 1986 1244 debet,
2035 1189 2154 1234 nec
2200 1167 2308 1233 do-

360 1251 622 1316 flectere
682 1248 762 1313 ad
821 1251 1119 1315 dextram
1184 1260 1250 1315 et
1304 1251 1669 1317 sinistram:
1728 1253 1822 1319 sic
1896 1252 2115 1318 nullus
2184 1253 2311 1318 erit

356 1336 629 1401 ludendi
687 1336 936 1401 modus
1040 1338 1310 1402 Tectum
1357 1336 1756 1402 tabernaculi
1805 1338 2153 1422 allegorice
2196 1361 2307 1403 ex·

360 1434 619 1507 ponunt
664 1420 863 1487 fuisse
908 1434 1284 1488 contextum
1330 1444 1414 1487 ex
1458 1424 1625 1506 pelle
1671 1424 1923 1488 arietis:
1971 1423 2124 1507 quia
2161 1446 2308 1507 pro-

363 1509 609 1591 tegitur
654 1508 926 1574 ecclesia
969 1508 1217 1575 Christi
1264 1509 1604 1592 sanguine,
1653 1509 1762 1593 qui
1808 1519 1906 1574 est
1943 1531 2151 1594 agnus
2185 1511 2310 1575 im·

365 1594 755 1659 maculatus:
805 1594 916 1659 sed
962 1615 1199 1676 quaero
1243 1594 1398 1676 quid
1444 1596 1816 1678 significent
1860 1617 2025 1679 quae
2060 1595 2309 1661 addun-

359 1688 472 1745 tur
517 1690 822 1745 taxorum
870 1680 1090 1763 pelles,
1158 1699 1276 1744 cur
1318 1681 1706 1746 subiiciatur
1752 1683 2099 1748 tectorium
2142 1681 2309 1746 infe-

361 1766 498 1832 rius
542 1787 626 1830 ex
673 1766 821 1849 pilis
866 1788 1229 1849 caprarum.
1291 1764 1512 1847 Quare
1555 1768 1784 1832 utilior
1827 1783 1926 1834 est
1971 1768 2307 1834 sobrietas.

533 1851 636 1917 31.
687 1850 913 1917 Facies
957 1858 1014 1916 et
1050 1852 1271 1918 velum.
1360 1852 1509 1919 Uno
1570 1852 1716 1918 velo
1772 1853 2123 1920 obductum
2186 1855 2311 1919 fuit

362 1937 638 2023 adytum
697 1936 978 2003 interius
1029 1939 1133 2002 vel
1196 1938 1548 2021 penetrale,
1615 1939 1822 2005 altero
1868 1951 2167 2006 sanctum
2228 1940 2309 2005 ab

361 2026 527 2087 atrio
573 2025 701 2088 fuit
745 2023 1054 2089 divisum.
1101 2023 1395 2107 Utroque
1441 2023 1816 2090 admonitus
1854 2024 1977 2091 fuit
2012 2025 2308 2109 populus,

357 2129 554 2192 quam
599 2119 985 2176 reverenter
1028 2109 1440 2193 suspicienda
1486 2122 1652 2176 esset
1689 2112 1817 2176 Dei
1865 2112 2185 2192 maiestas,
2246 2124 2310 2177 et

355 2203 604 2278 quanta
670 2198 871 2261 sacris
937 2194 1305 2260 adhibenda
1372 2206 1539 2262 esset
1601 2196 1859 2281 religio:
1927 2206 2003 2261 ut
2046 2198 2311 2263 nonnisi

357 2302 506 2346 cum
568 2283 798 2345 timore
858 2281 1239 2346 accederent
1284 2280 1364 2347 ad
1412 2282 1537 2348 Dei
1578 2294 2032 2365 conspectum,
2101 2303 2312 2366 neque

360 2366 671 2432 audacter
713 2377 1219 2450 perrumperent
1253 2366 1319 2431 in
1359 2389 1692 2433 sacrorum
1729 2370 2063 2452 mysteria.
2112 2369 2311 2433 Prae-

359 2454 549 2536 cipue
597 2464 817 2518 tamen
856 2454 1000 2518 velo
1038 2452 1382 2536 designata
1418 2454 1545 2518 fuit
1580 2454 1888 2538 legalium
1924 2454 2311 2520 umbrarum

369 2539 764 2616 obscuritas,
847 2548 920 2604 ut
984 2540 1228 2604 scirent
1293 2539 1635 2605 Israelitae
1698 2541 1985 2605 nondum
2057 2541 2314 2606 venisse

366 2625 600 2709 plenae
644 2625 1062 2690 revelationis
1109 2636 1394 2709 tempus,
1456 2627 1566 2691 sed
1627 2627 1877 2691 cultum
1938 2627 2064 2692 Dei
2123 2628 2312 2711 spiri-

365 2712 610 2777 tualem
660 2711 806 2776 velo
847 2711 1060 2776 adhuc
1104 2732 1247 2776 esse
1281 2711 1704 2795 implicitum:
1749 2725 1945 2796 atque
1987 2714 2081 2778 ita
2117 2712 2313 2779 fidem

364 2818 553 2862 suam
591 2797 1023 2863 extenderent
1060 2794 1140 2860 ad
1165 2797 1473 2862 Messiam
1513 2797 1633 2863 sibi
1672 2800 2081 2881 promissum,
2128 2800 2313 2866 cuius

364 2883 653 2948 adventu
733 2881 909 2948 nuda
991 2883 1236 2947 veritas
1314 2884 1669 2967 patefieret.
1793 2884 2025 2967 Itaque
2112 2906 2312 2968 quum

362 2969 672 3034 Christus
710 2989 747 3032 a
786 2977 994 3034 morte
1031 2970 1414 3034 resurrexit:
1462 2968 1679 3034 velum
1716 2971 1944 3052 templi
1980 2991 2019 3035 a
2055 2992 2312 3038 summo

363 3078 572 3139 usque
629 3055 711 3121 ad
769 3056 975 3121 imum
1034 3055 1103 3120 in
1151 3053 1311 3121 duas
1357 3064 1573 3139 partes
1617 3058 1890 3123 scissum
1935 3056 2059 3123 fuit
2117 3054 2307 3144 (Mat.

360 3142 467 3218 27,
505 3140 635 3229 51),
674 3164 748 3208 ac
784 3153 942 3207 ωηο
976 3143 1401 3208 caeremoniis
1446 3142 1763 3226 legalibus
1808 3145 2149 3227 impositus
2186 3145 2312 3209 fuit

358 3229 533 3306 finis,
578 3231 732 3311 quia
775 3238 933 3294 tunc
979 3250 1049 3293 se
1088 3229 1605 3311 repraesentavit
1651 3229 1833 3295 Deus
1879 3231 1948 3294 iu
1995 3230 2149 3296 viva
2192 3251 2312 3295 sua

358 3322 431 3379 et
453 3336 763 3398 expressa
787 3315 1092 3399 imagine,
1131 3325 1196 3379 et
1220 3315 1507 3397 perfecta
1541 3316 1832 3380 omnium
1872 3316 2308 3381 caeremonia-

359 3421 511 3464 rum
559 3401 800 3466 veritas
843 3402 966 3465 fuit
1009 3400 1318 3465 exhibita.
1369 3401 1562 3467 Nunc
1605 3422 1761 3485 ergo
1807 3403 1873 3465 in
1916 3402 2063 3468 luce
2106 3423 2307 3468 evan·

356 3487 512 3570 gelii
558 3489 887 3552 cernimus
931 3486 1096 3553 facie
1140 3486 1220 3551 ad
1266 3487 1496 3552 faciem
1543 3487 1712 3570 quod
1758 3496 1916 3553 ωηο
1961 3487 2082 3553 sub
2126 3489 2311 3554 invo-

355 3572 562 3637 lucris
628 3573 856 3657 procul
922 3582 1256 3638 ostensum
1326 3574 1446 3638 fuit
1511 3574 1723 3638 veteri
1793 3574 2050 3656 populo.
2161 3575 2307 3639 Etsi

356 3670 577 3723 autem
626 3681 800 3724 nunc
848 3658 1068 3723 velum
1115 3680 1246 3724 non
1292 3657 1670 3724 obtenditur
1720 3657 1806 3744 (2.
1856 3659 2006 3726 Oor.
2047 3660 2125 3738 3,
2183 3659 2309 3747 13),

355 3745 708 3827 quominus
753 3743 967 3827 palam
1015 3753 1082 3809 et
1124 3744 1530 3810 familiariter
1576 3744 1883 3811 Christus
1943 3744 2126 3811 nobis
2194 3768 2306 3831 ap-

357 3841 605 3915 pareat,
671 3829 997 3895 discamus
1044 3841 1258 3896 tamen
1321 3852 1402 3895 ex
1467 3833 1680 3913 figura
1741 3832 1856 3897 illa
1900 3830 2307 3897 reconditum

354 3927 424 3982 et
468 3915 1121 3999 incomprehensibile
1165 3917 1554 3998 mysterium
1600 3940 1760 3997 csse,
1807 3916 1978 4001 quod
2017 3916 2202 3984 Deus
2237 3919 2306 3984 in

355 4024 558 4068 carne
617 4002 1073 4068 manifestatus
1139 4003 1262 4066 fuit
1325 4001 1411 4088 (1.
1476 4004 1642 4068 Tim.
1701 4003 1760 4083 3,
1824 4002 1950 4090 16).
2050 4003 2307 4088 Corpus

356 4110 551 4153 suum
621 4110 749 4152 non
816 4088 932 4154 abs
988 4110 1058 4152 re
1102 4087 1408 4154 Christus
1474 4091 1611 4172 ipse
1672 4091 1915 4172 templo
1974 4097 2308 4173 comparat

349 4174 529 4326 gob.
574 4175 633 4250 2,
681 4173 819 4260 19),
879 4176 1033 4257 quia
1089 4175 1159 4238 in
1228 4195 1303 4239 eo
1345 4174 1597 4240 habitat
1640 4175 1979 4259 plenitudo
2023 4175 2303 4244 deitatis.

418 4279 560 4325 erto
603 4262 808 4344 igitur
851 4262 1125 4338 scimus,
1185 4269 1436 4342 patrem
1495 4262 1564 4326 in
1611 4263 1777 4340 filio,
1839 4271 1904 4326 et
1960 4261 2173 4328 filium
2233 4264 2304 4328 in

351 4347 544 4430 patre
588 4367 730 4411 esse
774 4344 942 4432 (Ioh.
992 4347 1104 4424 17,
1150 4345 1236 4434 5).
1347 4345 1601 4412 Verum
1648 4349 1705 4415 si
1751 4348 1831 4413 de
1875 4348 2064 4413 modo
2109 4371 2305 4433 quae·

354 4431 546 4510 ritur,
593 4433 941 4497 ineffabilis
987 4441 1117 4510 est,
1178 4433 1302 4498 nisi
1362 4432 1531 4516 quod
1592 4442 1897 4500 aeternus
1944 4435 2074 4500 Dei
2130 4435 2304 4503 filius

353 4519 469 4602 qui
518 4529 668 4583 ante
715 4517 938 4583 mundi
984 4520 1380 4584 creationem
1426 4518 1654 4585 eadem
1699 4539 1844 4584 cum
1882 4530 2070 4604 patre
2096 4522 2307 4605 gloria

349 4604 661 4687 pollebat,
706 4626 883 4671 nunc
928 4604 1101 4668 idem
1148 4615 1247 4669 est
1291 4606 1486 4670 etiam
1533 4605 1747 4683 home,
1816 4618 1891 4670 ut
1935 4607 2022 4672 sit
2064 4609 2305 4691 primo·

349 4690 620 4775 genitus
664 4690 834 4755 inter
880 4690 1120 4755 multos
1164 4691 1403 4758 fratres
1447 4690 1666 4779 (Rom.
1715 4691 1773 4773 8,
1820 4692 1950 4779 29).

933 5032 1049 5098 EX
1093 5032 1396 5100 EXODI
1440 5033 1738 5101 XXVII.

534 5207 589 5271 1.
639 5204 865 5272 Facies
922 5206 1110 5270 etiam
1166 5206 1363 5272 altare
1418 5227 1449 5272 e
1504 5205 1697 5291 liquis
1730 5208 1959 5273 sittim.-
2025 5207 2298 5290 quinque

341 5291 699 5359 cubitorum
741 5293 857 5357 erit
914 5291 1253 5375 longitudo:
1320 5297 1376 5356 et
1429 5294 1702 5375 quinque
1758 5292 2096 5358 cubitorum
2152 5294 2297 5359 lati-

339 5377 535 5444 tudo:
575 5379 953 5460 quadratum
994 5379 1112 5442 erit
1152 5378 1384 5443 altare.-
1442 5384 1498 5443 et
1535 5380 1732 5444 trium
1772 5378 2112 5446 cubitorum
2154 5380 2298 5447 alti-

551 5477 776 5535 Calvina·
802 5496 993 5550 opera.
1038 5481 1158 5537 Vol.
1194 5481 1427 5537 XXIV.

1757 461 2271 530 SECUNDUM
2317 463 2962 530 PRAEOEP'I'UM.

4235 465 4369 530 418

2409 653 2560 719 tudo
2604 654 2760 720 eius.
2856 654 2915 718 2.
2964 651 3136 718 Huic
3175 650 3375 734 facies
3409 670 3644 716 cornua
3687 651 3758 716 in
3802 655 4068 733 quatuor
4108 652 4368 736 anyulis

2418 740 2586 805 eius:
2630 760 2708 804 ex
2750 740 2888 821 ipso
2930 743 3108 803 erunt
3148 756 3381 802 cornua
3423 738 3563 803 eius
3577 788 3593 817 ,
3652 742 3929 821 teyesque
3984 736 4146 802 illud
4202 757 4362 804 aere.

2415 826 2474 890 3.
2524 825 2750 891 Facies
2792 824 3013 890 deinde
3054 823 3266 888 lebetes
3307 824 3478 888 eius:
3535 824 3621 888 ad
3674 824 4147 906 repurqandum
4199 824 4365 889 cine-

2411 932 2544 977 rem
2587 911 2740 988 eius,
2776 914 2832 976 et
2872 930 3092 992 scopas
3115 908 3161 995 ¹)
3204 909 3359 988 eius,
3413 914 3467 973 et
3506 913 3788 975 crateras
3830 910 3997 986 eius,
4060 912 4116 974 et
4163 908 4360 991 fusci-

2411 996 2601 1063 nutas
2643 997 2798 1075 eim,
2844 1000 2899 1061 et
2933 994 3318 1076 receptacula
3357 996 3527 1059 eius.-
3570 995 3782 1060 omnia
3802 1015 3959 1059 vasa
3996 995 4134 1059 eius
4164 994 4366 1076 facies

2414 1103 2494 1148 ex
2538 1103 2696 1148 aere.
2785 1081 2845 1146 4.
2896 1080 3124 1146 Facies
3165 1082 3351 1146 etiam
3395 1080 3495 1144 illi
3536 1080 3906 1146 craticulam
3949 1101 4128 1162 opere
4170 1081 4362 1147 crati·

2413 1168 2615 1234 culato
2650 1187 2918 1246 aeream,
2962 1171 3018 1232 et
3059 1167 3146 1232 ad
3178 1171 3302 1230 rete
3344 1170 3613 1246 quatuor
3653 1165 3940 1243 annulos,
3986 1168 4057 1229 in
4090 1171 4362 1248 quatuor

2412 1252 2904 1320 extremitatibus
2966 1253 3119 1318 eius,
3219 1252 3280 1316 5.
3346 1251 3671 1332 Pon-esque
3728 1251 3888 1316 illud
3942 1250 4058 1316 sub
4122 1251 4362 1317 ambitu

2415 1340 2644 1406 altaris
2687 1339 2946 1420 inferne,
2991 1343 3049 1402 et
3079 1338 3197 1403 erit
3239 1341 3368 1401 rete
3412 1336 3574 1402 illud
3607 1357 3803 1418 usque
3836 1338 3922 1402 ad
3955 1338 4231 1402 medium
4271 1337 4363 1402 al-

2414 1425 2593 1490 taris.
2663 1425 2723 1490 6.
2765 1423 2992 1490 Facies
3020 1428 3349 1506 praeterea
3382 1428 3575 1487 vectes
3617 1422 3830 1500 altari,
3875 1428 4062 1487 vectes
4097 1443 4128 1487 e
4170 1423 4364 1506 liynis

2412 1512 2629 1587 sittim,
2673 1516 2729 1576 et
2769 1511 3074 1592 cooperies
3117 1530 3219 1575 eos
3268 1528 3426 1573 aere.
3521 1509 3580 1572 7.
3627 1507 3715 1572 Et
3769 1510 4121 1573 inserentur
4171 1513 4363 1574 vectes

2412 1597 2550 1662 eius
2594 1597 2664 1661 in
2708 1596 2853 1661 illos
2895 1594 3193 1661 annulos:
3235 1599 3292 1660 et
3333 1599 3511 1659 eruvzt
3542 1600 3733 1659 vectes
3774 1595 3846 1659 in
3879 1599 4135 1675 atroque
4173 1595 4363 1660 latere

2414 1682 2663 1761 altaris,
2709 1682 2858 1747 dum
2891 1681 3254 1765 portabitur
3287 1680 3466 1745 illud.
3537 1680 3596 1745 8.
3642 1677 3878 1745 Cavum
3913 1679 4149 1745 tabulis
4167 1679 4367 1762 facies

2412 1768 2579 1834 illud
2591 1794 2608 1833 :
2654 1767 3166 1850 quemadmodum
3201 1766 3437 1832 ostendi
3479 1767 3595 1831 tibi
3616 1766 3682 1830 in
3729 1771 3944 1845 monte,
3987 1767 4081 1832 sic
4111 1766 4363 1848 facient.

2589 1941 2645 2004 1.
2696 1938 2922 2003 Facies
2965 1939 3155 2003 etiam
3214 1937 3432 2002 altare.
3521 1937 3652 2003 Hic
3712 1935 4106 2001 describitur
4158 1936 4366 2002 altare

2413 2024 2985 2107 holocaustorum,
3043 2023 3214 2107 quod
3276 2035 3496 2087 tamen
3557 2024 3650 2088 sic
3708 2031 4016 2087 vocatum
4062 2023 4194 2087 fuit
4251 2043 4370 2106 per

2415 2111 2906 2197 synecdochen:
2974 2111 3126 2193 quia
3189 2130 3319 2174 non
3380 2119 3637 2174 tantum
3695 2108 3995 2191 integrae
4062 2108 4372 2175 victimae

2416 2198 2550 2263 illic
2595 2208 2871 2262 exustae
2914 2206 3089 2275 sunt,
3140 2195 3252 2261 sed
3300 2196 3495 2260 etiam
3543 2202 3762 2278 partes
3809 2195 4152 2273 duntaxat,
4199 2196 4373 2260 sicut

2417 2286 2488 2348 in
2512 2283 2804 2349 Levitico
2842 2282 3227 2347 videbimus.
3278 2282 3484 2346 Porro
3507 2279 3845 2346 sacrificiis
3875 2281 4101 2364 ignitis
4127 2301 4370 2345 nomen

2417 2370 2801 2453 impositum
2845 2369 2968 2432 fuit
3013 2367 3095 2432 ab
3153 2387 3443 2433 ascensu.
3535 2366 3685 2447 Quo
3731 2365 4046 2430 admoniti
4102 2367 4372 2431 fuerunt

2418 2455 2781 2533 Israelitae,
2842 2454 3232 2538 purgatione
3277 2474 3439 2535 opus
3481 2472 3626 2518 esse
3674 2461 3747 2516 ut
3792 2452 3873 2517 ad
3936 2452 4152 2516 Deum
4211 2472 4367 2516 con-

2420 2542 2839 2608 scenderent:
2881 2539 3075 2604 simul
3113 2539 3327 2605 edocti
3371 2539 3659 2616 fuerunt,
3706 2535 4017 2621 quidquid
4064 2538 4132 2600 in
4171 2559 4371 2603 carne

2420 2638 2594 2693 esset
2638 2626 3071 2709 corruptionis
3116 2647 3244 2691 non
3290 2626 3553 2691 obstare
3592 2625 3944 2707 quominus
3991 2630 4179 2707 grata
4213 2624 4371 2689 inde

2420 2724 2482 2779 et
2529 2715 2680 2779 boni
2728 2712 2941 2777 odoris
2986 2712 3304 2777 sacrificia
3352 2712 3494 2777 Deo
3540 2719 3776 2775 essent.
3866 2713 3926 2774 A
3982 2709 4195 2791 primo
4253 2731 4369 2794 ge-

2418 2801 2596 2864 neris
2640 2798 2910 2863 humani
2956 2798 3224 2863 exordio
3268 2797 3479 2880 ignita
3524 2797 3726 2860 fuisse
3783 2796 4101 2860 sacrificia
4142 2795 4366 2878 liquet,

2420 2886 2708 2951 dictante
2754 2883 2999 2950 scilicet-
3045 2904 3283 2948 arcano
3327 2882 3599 2965 spiritus
3644 2881 3772 2946 Dei
3817 2881 4153 2958 instinctu,
4215 2902 4368 2963 quo-

2418 2971 2596 3037 niam
2642 2970 2749 3035 lex
2794 2969 2974 3034 nulla
3019 2971 3262 3052 scripta
3309 2976 3466 3033 erat.
3560 2966 3694 3033 Nec
3738 2966 4005 3032 dubium
4065 2977 4164 3032 est
4208 2967 4366 3049 quin

2416 3058 2539 3124 hoc
2582 3056 2875 3143 symbolo
2920 3055 3124 3122 edocti
3171 3054 3449 3132 fuerint,
3509 3061 3585 3118 ut
3628 3076 3696 3118 se
3743 3054 3866 3118 rite
3911 3053 4189 3119 offerant
4246 3051 4369 3118 ho·

2417 3144 2629 3210 mines
2666 3143 2840 3221 De0,
2898 3141 3132 3225 spiritu
3178 3140 3580 3206 exurendam
3626 3161 3768 3205 esse
3812 3158 4110 3205 carnem:
4172 3137 4367 3204 adeo·

2415 3251 2542 3314 que
2587 3230 2707 3296 sub
2754 3239 2910 3313 typo
2955 3228 3362 3312 agnoverint,
3411 3235 3484 3290 ut
3526 3225 3815 3308 perfecta
3851 3225 3931 3290 ad
3972 3226 4188 3290 Deum
4224 3224 4366 3307 pla-

2416 3316 2699 3384 candum
2745 3315 3015 3381 victima
3058 3327 3229 3379 esset
3276 3311 3527 3378 Christi
3586 3331 3772 3390 care,
3831 3311 3895 3375 id
3961 3333 4041 3376 ex
4101 3310 4369 3377 coelesti

2417 3404 2664 3469 virtute
2687 3412 3128 3483 sumpturam:
3154 3399 3348 3465 sicuti
3371 3396 3565 3484 (teste
3592 3397 3883 3481 apostolo
3909 3395 4110 3484 [Heb.
4137 3397 4197 3477 9,
4223 3394 4365 3485 14])

2416 3511 2535 3572 per
2598 3488 2904 3571 spiritum
2964 3508 3033 3551 se
3093 3484 3351 3550 obtulit.
3443 3482 3577 3550 Sed
3635 3484 3832 3549 huius
3886 3484 3980 3548 rei
4040 3483 4191 3548 alibi
4251 3485 4369 3548 flet

2415 3573 2698 3658 amplior
2744 3572 3006 3638 menti0.
3079 3572 3288 3637 Porro
3331 3570 3424 3635 sic
3466 3570 3897 3653 compositum
3946 3579 4089 3634 erat
4134 3568 4364 3646 altare,

2414 3668 2490 3726 ut
2548 3680 2746 3744 super
2803 3667 3048 3724 cratem
3106 3656 3499 3722 intrinsecus
3556 3656 3831 3722 locatam
3887 3655 4370 3720 coniicerentur

2420 3745 2689 3824 hostiae,
2735 3766 2898 3829 quas
2944 3744 3322 3827 superficies
3368 3751 3650 3827 tegeret:
3711 3743 3874 3807 cinis
3942 3751 4162 3805 autem
4209 3761 4366 3805 vase

2414 3834 2849 3917 reciperetur,
2907 3851 2992 3894 ue
3052 3839 3296 3895 temere
3356 3828 3424 3892 in
3494 3841 3736 3893 terram
3784 3826 4045 3891 caderet
4088 3826 4366 3910 pedibus

2413 3917 2794 3984 calcandus:
2868 3924 2942 3981 ut
2998 3917 3067 3979 in
3125 3915 3285 3997 ipsis
3345 3935 3599 3998 quoque
3659 3934 3990 3978 sacrorum
4069 3913 4364 3995 reliquiis

2413 4003 2985 4070 commendaretur
3020 4002 3354 4067 sanctitas.
3451 3999 3554 4065 Ad
3592 4009 3870 4083 quatuor
3907 4019 4151 4062 cornua
4197 4020 4364 4081 quae

2412 4089 2868 4174 prominebant
2943 4109 3025 4152 ex
3087 4095 3362 4170 quatuor
3418 4107 3499 4150 an
3556 4085 3710 4163 ulis,
3791 4084 4089 4168 alligatas
4154 4083 4363 4150 fuisse

2413 4177 2730 4254 victimas,
2778 4197 2859 4240 ex
2906 4173 3170 4240 Psalmo
3210 4171 3382 4259 (118,
3428 4109 3550 4258 225
3586 4178 3790 4255 patet:
3842 4172 4078 4255 Ligate
4115 4192 4362 4253 agnum

2411 4260 2678 4327 funibus
2723 4282 2928 4344 usque
2973 4258 3053 4325 ad
3100 4280 3303 4324 cornu
3349 4259 3595 4323 altaris.
3688 4258 3778 4321 Et
3822 4258 3945 4321 hoc
3990 4277 4245 4339 quoque
4290 4256 4362 4321 in

2412 4348 2862 4433 spiritualibus
2947 4346 3180 4410 hostiis
3258 4346 3472 4410 iustae
3536 4342 3884 4409 oblationis
3950 4343 4363 4426 principium,

2412 4455 2640 4501 omnes
2697 4434 2912 4500 carnis
2955 4432 3258 4498 lascivias
3304 4429 3549 4506 subiici,
3619 4437 3684 4492 et
3729 4428 3909 4510 quasi
3954 4429 4164 4494 teneri
4211 4451 4362 4512 cap-

2412 4521 2600 4598 tivas,
2649 4529 2721 4584 ut
2763 4519 2907 4585 Deo
2954 4529 3245 4603 pareant.
3335 4515 3556 4596 Quare
3601 4526 3667 4578 et
3710 4514 4034 4594 Christus,
4101 4514 4367 4581 tametsi

2411 4606 2580 4670 nihil
2642 4607 2712 4669 in
2773 4606 2915 4689 ipso
2985 4613 3127 4670 erat
3185 4603 3316 4667 nisi
3379 4610 3554 4667 recte
3612 4599 4059 4678 moderatum,
4118 4602 4362 4684 ligatus

2412 4701 2633 4757 tamon
2694 4691 2846 4770 fuit,
2906 4701 2978 4755 ut
3036 4689 3468 4755 obedientiam
3516 4707 3704 4752 suam
3760 4687 4100 4771 probaret,
4166 4687 4361 4752 sicuti

2412 4777 2704 4843 dixerat:
2766 4778 2913 4842 Non
2973 4776 3280 4842 voluntas
3346 4795 3491 4839 mea
3534 4775 3681 4852 flat,
3743 4772 3857 4838 sed
3918 4782 4032 4839 tua
4089 4772 4360 4860 (Matth.

2412 4865 2517 4942 26,
2576 4863 2706 4951 39).
2796 4863 3112 4930 Vectibus
3166 4869 3489 4946 gestatum
3551 4859 3676 4924 fuit
3734 4860 3969 4937 altare,
4032 4882 4115 4925 ne
4171 4860 4362 4941 plura

2410 4952 2661 5016 fierent.
2735 4948 2995 5032 Alioqui
3040 4948 3211 5013 enim
3260 4946 3619 5032 periculum
3668 4956 3826 5024 erat,
3875 4968 3957 5010 ne
4000 4946 4141 5028 ipsa
4187 4944 4358 5010 diffi-

2410 5036 2619 5102 cultas
2668 5034 2942 5100 tollendi
2985 5041 3246 5115 cogeret
3288 5033 3659 5114 rclinquere
3704 5032 3874 5115 quod
3932 5032 4065 5095 iam
4111 5029 4359 5095 factum

2408 5133 2615 5203 esset,
2681 5122 2737 5187 si
2792 5119 3059 5205 longum
3126 5120 3253 5183 iter
3313 5118 3748 5201 susciperent:
3817 5117 3911 5182 ita
3969 5136 4195 5180 semen
4252 5114 4369 5183 vel

2579 5396 2637 5465 1)
2671 5394 2748 5451 In
2784 5397 3058 5465 margine.-
3093 5393 3217 5460 Vel,
3253 5392 3502 5461 forcipes.
3872 5471 3941 5527 2¹¹1
