<?xml version="1.0" encoding="UTF-8"?>
<!DOCTYPE html PUBLIC "-//W3C//DTD XHTML 1.0 Transitional//EN"
    "http://www.w3.org/TR/xhtml1/DTD/xhtml1-transitional.dtd">
<html xmlns="http://www.w3.org/1999/xhtml" xml:lang="en" lang="en">
 <head>
  <title>
</title>
<meta http-equiv="Content-Type" content="text/html;charset=utf-8" />
  <meta name='ocr-system' content='tesseract 3.04.00' />
  <meta name='ocr-capabilities' content='ocr_page ocr_carea ocr_par ocr_line ocrx_word'/>
</head>
<body>
  <div class='ocr_page' id='page_1' title='image "./ioanniscalvinio04unkngoog_0367.png"; bbox 0 0 4867 6150; ppageno 0'>
   <div class='ocr_carea' id='block_1_1' title="bbox 313 448 446 516">
    <p class='ocr_par' dir='ltr' id='par_1_1' title="bbox 313 448 446 516">
     <span class='ocr_line' id='line_1_1' title="bbox 313 448 446 516; baseline 0 -1"><span class='ocrx_word' id='word_1_1' title='bbox 313 448 446 516; x_wconf 81' lang='lat'><strong>689</strong></span> 
     </span>
    </p>
   </div>
   <div class='ocr_carea' id='block_1_2' title="bbox 312 633 2281 5540">
    <p class='ocr_par' dir='ltr' id='par_1_2' title="bbox 312 633 2280 3821">
     <span class='ocr_line' id='line_1_2' title="bbox 313 633 2274 719; baseline -0.002 -17"><span class='ocrx_word' id='word_1_2' title='bbox 313 637 460 702; x_wconf 85' lang='lat' dir='ltr'><strong>Fur</strong></span> <span class='ocrx_word' id='word_1_3' title='bbox 515 646 733 702; x_wconf 87' lang='lat' dir='ltr'><strong>autem</strong></span> <span class='ocrx_word' id='word_1_4' title='bbox 790 634 1030 703; x_wconf 90' lang='lat' dir='ltr'><strong>dicitur</strong></span> <span class='ocrx_word' id='word_1_5' title='bbox 1089 635 1475 702; x_wconf 86' lang='lat' dir='ltr'><strong>manifestus</strong></span> <span class='ocrx_word' id='word_1_6' title='bbox 1520 635 1633 719; x_wconf 92' lang='lat' dir='ltr'><strong>qui</strong></span> <span class='ocrx_word' id='word_1_7' title='bbox 1677 633 2125 718; x_wconf 86' lang='lat' dir='ltr'><strong>deprehensns</strong></span> <span class='ocrx_word' id='word_1_8' title='bbox 2170 640 2274 699; x_wconf 85' lang='lat' dir='ltr'><strong>est</strong></span> 
     </span>
     <span class='ocr_line' id='line_1_3' title="bbox 316 720 2273 806; baseline -0.002 -18"><span class='ocrx_word' id='word_1_9' title='bbox 316 732 673 806; x_wconf 80' lang='lat' dir='ltr'><strong>antequam</strong></span> <span class='ocrx_word' id='word_1_10' title='bbox 728 743 867 787; x_wconf 90' lang='lat' dir='ltr'><strong>rem</strong></span> <span class='ocrx_word' id='word_1_11' title='bbox 920 723 1229 787; x_wconf 76' lang='lat' dir='ltr'><strong>furtivam</strong></span> <span class='ocrx_word' id='word_1_12' title='bbox 1275 723 1596 806; x_wconf 84' lang='lat' dir='ltr'><strong>perferret</strong></span> <span class='ocrx_word' id='word_1_13' title='bbox 1639 742 1765 804; x_wconf 92' lang='lat' dir='ltr'><strong>quo</strong></span> <span class='ocrx_word' id='word_1_14' title='bbox 1810 720 2273 786; x_wconf 90' lang='lat' dir='ltr'><strong>destinaverat.</strong></span> 
     </span>
     <span class='ocr_line' id='line_1_4' title="bbox 315 805 2273 892; baseline -0.003 -17"><span class='ocrx_word' id='word_1_15' title='bbox 315 812 602 875; x_wconf 80' lang='lat' dir='ltr'>Antores</span> <span class='ocrx_word' id='word_1_16' title='bbox 655 829 903 892; x_wconf 89' lang='lat' dir='ltr'><strong>poenae</strong></span> <span class='ocrx_word' id='word_1_17' title='bbox 960 809 1280 874; x_wconf 90' lang='lat' dir='ltr'><strong>rationem</strong></span> <span class='ocrx_word' id='word_1_18' title='bbox 1339 807 1511 873; x_wconf 88' lang='lat' dir='ltr'><strong>hanc</strong></span> <span class='ocrx_word' id='word_1_19' title='bbox 1568 818 1879 890; x_wconf 87' lang='lat' dir='ltr'><strong>sequutos</strong></span> <span class='ocrx_word' id='word_1_20' title='bbox 1935 826 2079 872; x_wconf 87' lang='lat' dir='ltr'><strong>esse</strong></span> <span class='ocrx_word' id='word_1_21' title='bbox 2136 805 2273 870; x_wconf 87' lang='lat' dir='ltr'><strong>exi—</strong></span> 
     </span>
     <span class='ocr_line' id='line_1_5' title="bbox 315 890 2274 979; baseline -0.003 -18"><span class='ocrx_word' id='word_1_22' title='bbox 315 896 534 971; x_wconf 87' lang='lat' dir='ltr'><strong>stimo,</strong></span> <span class='ocrx_word' id='word_1_23' title='bbox 574 893 745 978; x_wconf 90' lang='lat' dir='ltr'><strong>quod</strong></span> <span class='ocrx_word' id='word_1_24' title='bbox 792 894 1115 979; x_wconf 89' lang='lat' dir='ltr'><strong>insignior</strong></span> <span class='ocrx_word' id='word_1_25' title='bbox 1158 905 1330 960; x_wconf 89' lang='lat' dir='ltr'><strong>esset</strong></span> <span class='ocrx_word' id='word_1_26' title='bbox 1373 895 1515 960; x_wconf 91' lang='lat' dir='ltr'><strong>eius</strong></span> <span class='ocrx_word' id='word_1_27' title='bbox 1560 893 1944 976; x_wconf 73' lang='lat' dir='ltr'>improbitas</span> <span class='ocrx_word' id='word_1_28' title='bbox 1987 890 2102 974; x_wconf 91' lang='lat' dir='ltr'><strong>qui</strong></span> <span class='ocrx_word' id='word_1_29' title='bbox 2138 901 2274 957; x_wconf 92' lang='lat' dir='ltr'><strong>tam</strong></span> 
     </span>
     <span class='ocr_line' id='line_1_6' title="bbox 315 978 2273 1063; baseline -0.003 -16"><span class='ocrx_word' id='word_1_30' title='bbox 315 980 509 1047; x_wconf 89' lang='lat' dir='ltr'><strong>avide</strong></span> <span class='ocrx_word' id='word_1_31' title='bbox 574 990 640 1045; x_wconf 90' lang='lat' dir='ltr'><strong>et</strong></span> <span class='ocrx_word' id='word_1_32' title='bbox 701 980 1033 1046; x_wconf 81' lang='lat' dir='ltr'><strong>ferventer</strong></span> <span class='ocrx_word' id='word_1_33' title='bbox 1087 979 1367 1062; x_wconf 81' lang='lat' dir='ltr'><strong>praedae</strong></span> <span class='ocrx_word' id='word_1_34' title='bbox 1425 980 1750 1056; x_wconf 79' lang='lat' dir='ltr'>inhiabat,</span> <span class='ocrx_word' id='word_1_35' title='bbox 1813 990 1890 1043; x_wconf 91' lang='lat' dir='ltr'><strong>nt</strong></span> <span class='ocrx_word' id='word_1_36' title='bbox 1948 978 2273 1063; x_wconf 85' lang='lat' dir='ltr'><strong>flagitium</strong></span> 
     </span>
     <span class='ocr_line' id='line_1_7' title="bbox 316 1063 2274 1149; baseline -0.003 -17"><span class='ocrx_word' id='word_1_37' title='bbox 316 1089 446 1133; x_wconf 92' lang='grc'>1166</span> <span class='ocrx_word' id='word_1_38' title='bbox 491 1066 964 1132; x_wconf 82' lang='lat' dir='ltr'><strong>reformidaret.</strong></span> <span class='ocrx_word' id='word_1_39' title='bbox 1052 1067 1143 1132; x_wconf 82' lang='lat' dir='ltr'><strong>Et</strong></span> <span class='ocrx_word' id='word_1_40' title='bbox 1199 1076 1378 1133; x_wconf 90' lang='lat' dir='ltr'><strong>certe</strong></span> <span class='ocrx_word' id='word_1_41' title='bbox 1436 1067 1548 1149; x_wconf 91' lang='lat' dir='ltr'><strong>qui</strong></span> <span class='ocrx_word' id='word_1_42' title='bbox 1607 1065 1924 1148; x_wconf 88' lang='lat' dir='ltr'><strong>pudorem</strong></span> <span class='ocrx_word' id='word_1_43' title='bbox 1980 1063 2274 1148; x_wconf 84' lang='lat' dir='ltr'><strong>negligit,</strong></span> 
     </span>
     <span class='ocr_line' id='line_1_8' title="bbox 317 1150 2275 1236; baseline -0.002 -17"><span class='ocrx_word' id='word_1_44' title='bbox 317 1151 623 1219; x_wconf 80' lang='lat' dir='ltr'><strong>audacior</strong></span> <span class='ocrx_word' id='word_1_45' title='bbox 666 1164 766 1218; x_wconf 90' lang='lat' dir='ltr'><strong>est</strong></span> <span class='ocrx_word' id='word_1_46' title='bbox 809 1153 890 1218; x_wconf 90' lang='lat' dir='ltr'><strong>ad</strong></span> <span class='ocrx_word' id='word_1_47' title='bbox 935 1150 1355 1236; x_wconf 84' lang='lat' dir='ltr'><strong>peccandum.</strong></span> <span class='ocrx_word' id='word_1_48' title='bbox 1425 1153 1630 1235; x_wconf 85' lang='lat' dir='ltr'><strong>Atqui</strong></span> <span class='ocrx_word' id='word_1_49' title='bbox 1665 1150 1849 1216; x_wconf 85' lang='lat' dir='ltr'><strong>Deus</strong></span> <span class='ocrx_word' id='word_1_50' title='bbox 1894 1160 2123 1215; x_wconf 81' lang='lat' dir='ltr'><strong>contra</strong></span> <span class='ocrx_word' id='word_1_51' title='bbox 2165 1171 2275 1216; x_wconf 90' lang='lat' dir='ltr'><strong>eos</strong></span> 
     </span>
     <span class='ocr_line' id='line_1_9' title="bbox 317 1235 2276 1323; baseline -0.003 -18"><span class='ocrx_word' id='word_1_52' title='bbox 317 1240 387 1305; x_wconf 91' lang='lat' dir='ltr'><strong>in</strong></span> <span class='ocrx_word' id='word_1_53' title='bbox 436 1238 710 1323; x_wconf 91' lang='lat' dir='ltr'><strong>duplum</strong></span> <span class='ocrx_word' id='word_1_54' title='bbox 758 1238 1044 1316; x_wconf 89' lang='lat' dir='ltr'><strong>damnat,</strong></span> <span class='ocrx_word' id='word_1_55' title='bbox 1092 1238 1265 1322; x_wconf 90' lang='lat' dir='ltr'><strong>apud</strong></span> <span class='ocrx_word' id='word_1_56' title='bbox 1311 1260 1474 1321; x_wconf 88' lang='lat' dir='ltr'><strong>quoe</strong></span> <span class='ocrx_word' id='word_1_57' title='bbox 1520 1246 1855 1321; x_wconf 88' lang='lat' dir='ltr'><strong>repertum</strong></span> <span class='ocrx_word' id='word_1_58' title='bbox 1898 1235 2098 1301; x_wconf 88' lang='lat' dir='ltr'><strong>fuerit</strong></span> <span class='ocrx_word' id='word_1_59' title='bbox 2138 1236 2276 1300; x_wconf 87' lang='lat' dir='ltr'><strong>fur-</strong></span> 
     </span>
     <span class='ocr_line' id='line_1_10' title="bbox 317 1322 2275 1408; baseline -0.003 -18"><span class='ocrx_word' id='word_1_60' title='bbox 317 1335 493 1390; x_wconf 91' lang='lat' dir='ltr'><strong>tum:</strong></span> <span class='ocrx_word' id='word_1_61' title='bbox 552 1326 621 1390; x_wconf 91' lang='lat' dir='ltr'><strong>in</strong></span> <span class='ocrx_word' id='word_1_62' title='bbox 667 1324 1105 1408; x_wconf 88' lang='lat' dir='ltr'><strong>quadruplum</strong></span> <span class='ocrx_word' id='word_1_63' title='bbox 1151 1346 1309 1391; x_wconf 89' lang='lat' dir='ltr'><strong>vero</strong></span> <span class='ocrx_word' id='word_1_64' title='bbox 1356 1325 1465 1407; x_wconf 93' lang='lat' dir='ltr'><strong>qui</strong></span> <span class='ocrx_word' id='word_1_65' title='bbox 1510 1322 1894 1390; x_wconf 90' lang='lat' dir='ltr'><strong>occiderunt</strong></span> <span class='ocrx_word' id='word_1_66' title='bbox 1944 1334 2062 1387; x_wconf 86' lang='lat' dir='ltr'><strong>ant</strong></span> <span class='ocrx_word' id='word_1_67' title='bbox 2112 1342 2275 1386; x_wconf 85' lang='lat' dir='ltr'><strong>ven-</strong></span> 
     </span>
     <span class='ocr_line' id='line_1_11' title="bbox 317 1406 2276 1494; baseline -0.004 -17"><span class='ocrx_word' id='word_1_68' title='bbox 317 1412 645 1478; x_wconf 82' lang='lat' dir='ltr'><strong>diderunt.</strong></span> <span class='ocrx_word' id='word_1_69' title='bbox 735 1412 826 1476; x_wconf 87' lang='lat' dir='ltr'><strong>Et</strong></span> <span class='ocrx_word' id='word_1_70' title='bbox 884 1412 1150 1489; x_wconf 85' lang='lat' dir='ltr'><strong>meritc,</strong></span> <span class='ocrx_word' id='word_1_71' title='bbox 1210 1411 1368 1494; x_wconf 91' lang='grc'>(1616</span> <span class='ocrx_word' id='word_1_72' title='bbox 1422 1411 1630 1475; x_wconf 90' lang='grc'>166161</span> <span class='ocrx_word' id='word_1_73' title='bbox 1674 1410 1743 1473; x_wconf 88' lang='grc'><strong>16</strong></span> <span class='ocrx_word' id='word_1_74' title='bbox 1789 1408 2033 1474; x_wconf 89' lang='grc'>6661616</span> <span class='ocrx_word' id='word_1_75' title='bbox 2076 1406 2276 1474; x_wconf 87' lang='lat' dir='ltr'><strong>obsti-</strong></span> 
     </span>
     <span class='ocr_line' id='line_1_12' title="bbox 317 1497 2276 1581; baseline -0.003 -18"><span class='ocrx_word' id='word_1_76' title='bbox 317 1498 502 1563; x_wconf 92' lang='lat' dir='ltr'><strong>natio</strong></span> <span class='ocrx_word' id='word_1_77' title='bbox 547 1519 617 1563; x_wconf 90' lang='lat' dir='ltr'><strong>se</strong></span> <span class='ocrx_word' id='word_1_78' title='bbox 661 1498 908 1581; x_wconf 87' lang='lat' dir='ltr'><strong>prodit,</strong></span> <span class='ocrx_word' id='word_1_79' title='bbox 965 1498 1078 1562; x_wconf 92' lang='lat' dir='ltr'><strong>ubi</strong></span> <span class='ocrx_word' id='word_1_80' title='bbox 1139 1518 1245 1561; x_wconf 89' lang='lat' dir='ltr'><strong>res</strong></span> <span class='ocrx_word' id='word_1_81' title='bbox 1304 1497 1549 1562; x_wconf 88' lang='lat' dir='ltr'><strong>furtiva</strong></span> <span class='ocrx_word' id='word_1_82' title='bbox 1604 1497 1672 1560; x_wconf 91' lang='lat' dir='ltr'><strong>in</strong></span> <span class='ocrx_word' id='word_1_83' title='bbox 1730 1504 2076 1578; x_wconf 88' lang='lat' dir='ltr'><strong>quaestum</strong></span> <span class='ocrx_word' id='word_1_84' title='bbox 2121 1515 2276 1559; x_wconf 89' lang='lat' dir='ltr'><strong>con-</strong></span> 
     </span>
     <span class='ocr_line' id='line_1_13' title="bbox 319 1581 2277 1665; baseline -0.004 -14"><span class='ocrx_word' id='word_1_85' title='bbox 319 1604 510 1651; x_wconf 83' lang='lat' dir='ltr'><strong>versa</strong></span> <span class='ocrx_word' id='word_1_86' title='bbox 553 1594 671 1662; x_wconf 85' lang='lat' dir='ltr'><strong>est,</strong></span> <span class='ocrx_word' id='word_1_87' title='bbox 715 1604 836 1649; x_wconf 93' lang='lat' dir='ltr'><strong>nec</strong></span> <span class='ocrx_word' id='word_1_88' title='bbox 881 1603 1032 1665; x_wconf 88' lang='lat' dir='ltr'><strong>spes</strong></span> <span class='ocrx_word' id='word_1_89' title='bbox 1077 1593 1178 1649; x_wconf 89' lang='lat' dir='ltr'><strong>est</strong></span> <span class='ocrx_word' id='word_1_90' title='bbox 1220 1582 1356 1647; x_wconf 91' lang='lat' dir='ltr'><strong>ulla</strong></span> <span class='ocrx_word' id='word_1_91' title='bbox 1398 1581 1909 1664; x_wconf 73' lang='lat' dir='ltr'><strong>resipiscentiae,</strong></span> <span class='ocrx_word' id='word_1_92' title='bbox 1953 1590 2148 1663; x_wconf 86' lang='lat' dir='ltr'><strong>atque</strong></span> <span class='ocrx_word' id='word_1_93' title='bbox 2183 1581 2277 1644; x_wconf 86' lang='lat' dir='ltr'><strong>ita</strong></span> 
     </span>
     <span class='ocr_line' id='line_1_14' title="bbox 315 1664 2274 1753; baseline -0.003 -18"><span class='ocrx_word' id='word_1_94' title='bbox 315 1670 629 1735; x_wconf 87' lang='lat' dir='ltr'><strong>continuo</strong></span> <span class='ocrx_word' id='word_1_95' title='bbox 688 1690 1042 1753; x_wconf 84' lang='lat' dir='ltr'><strong>progressu</strong></span> <span class='ocrx_word' id='word_1_96' title='bbox 1097 1666 1466 1751; x_wconf 79' lang='lat' dir='ltr'><strong>duplicatur</strong></span> <span class='ocrx_word' id='word_1_97' title='bbox 1523 1667 1732 1732; x_wconf 90' lang='lat' dir='ltr'><strong>malae</strong></span> <span class='ocrx_word' id='word_1_98' title='bbox 1793 1664 1947 1731; x_wconf 89' lang='lat' dir='ltr'><strong>fidei</strong></span> <span class='ocrx_word' id='word_1_99' title='bbox 2006 1666 2274 1731; x_wconf 87' lang='lat' dir='ltr'><strong>crimen.</strong></span> 
     </span>
     <span class='ocr_line' id='line_1_15' title="bbox 316 1752 2277 1838; baseline -0.003 -17"><span class='ocrx_word' id='word_1_100' title='bbox 316 1757 498 1821; x_wconf 85' lang='lat' dir='ltr'><strong>Fieri</strong></span> <span class='ocrx_word' id='word_1_101' title='bbox 542 1764 760 1838; x_wconf 89' lang='lat' dir='ltr'><strong>potest</strong></span> <span class='ocrx_word' id='word_1_102' title='bbox 803 1764 875 1819; x_wconf 92' lang='lat' dir='ltr'><strong>ut</strong></span> <span class='ocrx_word' id='word_1_103' title='bbox 930 1755 1037 1819; x_wconf 88' lang='lat' dir='ltr'><strong>fur</strong></span> <span class='ocrx_word' id='word_1_104' title='bbox 1081 1755 1306 1820; x_wconf 87' lang='lat' dir='ltr'><strong>statim</strong></span> <span class='ocrx_word' id='word_1_105' title='bbox 1352 1762 1500 1837; x_wconf 92' lang='lat' dir='ltr'><strong>post</strong></span> <span class='ocrx_word' id='word_1_106' title='bbox 1544 1752 1853 1818; x_wconf 88' lang='lat' dir='ltr'><strong>delictum</strong></span> <span class='ocrx_word' id='word_1_107' title='bbox 1899 1752 2277 1818; x_wconf 83' lang='lat' dir='ltr'><strong>contremis-</strong></span> 
     </span>
     <span class='ocr_line' id='line_1_16' title="bbox 313 1840 2274 1925; baseline -0.003 -18"><span class='ocrx_word' id='word_1_108' title='bbox 313 1854 451 1908; x_wconf 88' lang='lat' dir='ltr'><strong>cat:</strong></span> <span class='ocrx_word' id='word_1_109' title='bbox 506 1843 616 1925; x_wconf 91' lang='lat' dir='ltr'><strong>qui</strong></span> <span class='ocrx_word' id='word_1_110' title='bbox 660 1862 819 1906; x_wconf 87' lang='lat' dir='ltr'><strong>vero</strong></span> <span class='ocrx_word' id='word_1_111' title='bbox 875 1840 1120 1905; x_wconf 89' lang='lat' dir='ltr'><strong>animal</strong></span> <span class='ocrx_word' id='word_1_112' title='bbox 1176 1841 1495 1906; x_wconf 85' lang='lat' dir='ltr'><strong>furtivum</strong></span> <span class='ocrx_word' id='word_1_113' title='bbox 1553 1840 1852 1905; x_wconf 90' lang='lat' dir='ltr'><strong>occidere</strong></span> <span class='ocrx_word' id='word_1_114' title='bbox 1913 1858 2114 1902; x_wconf 88' lang='lat' dir='ltr'><strong>ausus</strong></span> <span class='ocrx_word' id='word_1_115' title='bbox 2158 1850 2274 1914; x_wconf 90' lang='lat' dir='ltr'><strong>est,</strong></span> 
     </span>
     <span class='ocr_line' id='line_1_17' title="bbox 314 1923 2276 2010; baseline -0.003 -17"><span class='ocrx_word' id='word_1_116' title='bbox 314 1938 428 1993; x_wconf 93' lang='lat' dir='ltr'><strong>aut</strong></span> <span class='ocrx_word' id='word_1_117' title='bbox 464 1926 769 2005; x_wconf 87' lang='lat' dir='ltr'><strong>vendere,</strong></span> <span class='ocrx_word' id='word_1_118' title='bbox 807 1948 1076 2010; x_wconf 90' lang='lat' dir='ltr'><strong>prorsus</strong></span> <span class='ocrx_word' id='word_1_119' title='bbox 1112 1928 1183 1990; x_wconf 91' lang='lat' dir='ltr'><strong>in</strong></span> <span class='ocrx_word' id='word_1_120' title='bbox 1222 1926 1539 1991; x_wconf 88' lang='lat' dir='ltr'><strong>maleficio</strong></span> <span class='ocrx_word' id='word_1_121' title='bbox 1573 1924 1899 1990; x_wconf 86' lang='lat' dir='ltr'><strong>obduruit.</strong></span> <span class='ocrx_word' id='word_1_122' title='bbox 1965 1923 2112 1987; x_wconf 92' lang='lat' dir='ltr'><strong>Iam</strong></span> <span class='ocrx_word' id='word_1_123' title='bbox 2147 1943 2276 2006; x_wconf 90' lang='lat' dir='ltr'><strong>quo</strong></span> 
     </span>
     <span class='ocr_line' id='line_1_18' title="bbox 313 2011 2274 2096; baseline -0.003 -17"><span class='ocrx_word' id='word_1_124' title='bbox 313 2013 644 2079; x_wconf 85' lang='lat' dir='ltr'><strong>difficilior</strong></span> <span class='ocrx_word' id='word_1_125' title='bbox 687 2024 787 2078; x_wconf 89' lang='lat' dir='ltr'><strong>est</strong></span> <span class='ocrx_word' id='word_1_126' title='bbox 829 2012 1273 2096; x_wconf 87' lang='lat' dir='ltr'><strong>investigandi</strong></span> <span class='ocrx_word' id='word_1_127' title='bbox 1318 2013 1518 2092; x_wconf 85' lang='lat' dir='ltr'><strong>ratic,</strong></span> <span class='ocrx_word' id='word_1_128' title='bbox 1576 2011 1947 2094; x_wconf 88' lang='lat' dir='ltr'><strong>graviorem</strong></span> <span class='ocrx_word' id='word_1_129' title='bbox 1993 2029 2274 2091; x_wconf 87' lang='lat' dir='ltr'><strong>poenam</strong></span> 
     </span>
     <span class='ocr_line' id='line_1_19' title="bbox 313 2095 2277 2173; baseline -0.004 -7"><span class='ocrx_word' id='word_1_130' title='bbox 313 2111 605 2166; x_wconf 88' lang='lat' dir='ltr'><strong>meretur</strong></span> <span class='ocrx_word' id='word_1_131' title='bbox 632 2098 822 2164; x_wconf 86' lang='lat' dir='ltr'><strong>dolus</strong></span> <span class='ocrx_word' id='word_1_132' title='bbox 856 2098 1087 2163; x_wconf 89' lang='lat' dir='ltr'><strong>malus.</strong></span> <span class='ocrx_word' id='word_1_133' title='bbox 1154 2098 1421 2163; x_wconf 91' lang='lat' dir='ltr'><strong>Interea</strong></span> <span class='ocrx_word' id='word_1_134' title='bbox 1443 2096 1798 2163; x_wconf 87' lang='lat' dir='ltr'><strong>tenendum</strong></span> <span class='ocrx_word' id='word_1_135' title='bbox 1822 2106 1939 2173; x_wconf 92' lang='lat' dir='ltr'><strong>est,</strong></span> <span class='ocrx_word' id='word_1_136' title='bbox 1965 2095 2277 2159; x_wconf 85' lang='lat' dir='ltr'><strong>mulctam</strong></span> 
     </span>
     <span class='ocr_line' id='line_1_20' title="bbox 312 2181 2277 2270; baseline -0.004 -19"><span class='ocrx_word' id='word_1_137' title='bbox 312 2186 633 2270; x_wconf 90' lang='lat' dir='ltr'><strong>pecuniae</strong></span> <span class='ocrx_word' id='word_1_138' title='bbox 678 2206 845 2266; x_wconf 91' lang='lat' dir='ltr'><strong>quae</strong></span> <span class='ocrx_word' id='word_1_139' title='bbox 889 2185 1142 2249; x_wconf 88' lang='lat' dir='ltr'><strong>furibus</strong></span> <span class='ocrx_word' id='word_1_140' title='bbox 1196 2184 1501 2266; x_wconf 85' lang='lat' dir='ltr'><strong>imposita</strong></span> <span class='ocrx_word' id='word_1_141' title='bbox 1555 2184 1716 2261; x_wconf 89' lang='lat' dir='ltr'><strong>fuit,</strong></span> <span class='ocrx_word' id='word_1_142' title='bbox 1773 2203 1904 2246; x_wconf 91' lang='lat' dir='ltr'><strong>non</strong></span> <span class='ocrx_word' id='word_1_143' title='bbox 1967 2181 2277 2247; x_wconf 75' lang='lat' dir='ltr'><strong>liberasse</strong></span> 
     </span>
     <span class='ocr_line' id='line_1_21' title="bbox 314 2267 2272 2354; baseline -0.004 -16"><span class='ocrx_word' id='word_1_144' title='bbox 314 2294 426 2338; x_wconf 90' lang='lat' dir='ltr'><strong>eos</strong></span> <span class='ocrx_word' id='word_1_145' title='bbox 451 2293 491 2337; x_wconf 93' lang='lat' dir='ltr'><strong>a</strong></span> <span class='ocrx_word' id='word_1_146' title='bbox 524 2272 734 2354; x_wconf 88' lang='lat' dir='ltr'><strong>culpa.</strong></span> <span class='ocrx_word' id='word_1_147' title='bbox 803 2271 992 2349; x_wconf 88' lang='lat' dir='ltr'><strong>Nam,</strong></span> <span class='ocrx_word' id='word_1_148' title='bbox 1038 2280 1114 2335; x_wconf 90' lang='lat' dir='ltr'><strong>ut</strong></span> <span class='ocrx_word' id='word_1_149' title='bbox 1157 2270 1250 2334; x_wconf 89' lang='lat' dir='ltr'><strong>ait</strong></span> <span class='ocrx_word' id='word_1_150' title='bbox 1278 2269 1656 2335; x_wconf 82' lang='lat' dir='ltr'><strong>Marcellus:</strong></span> <span class='ocrx_word' id='word_1_151' title='bbox 1702 2268 1803 2333; x_wconf 89' lang='lat' dir='ltr'><strong>Ne</strong></span> <span class='ocrx_word' id='word_1_152' title='bbox 1848 2288 2110 2350; x_wconf 82' lang='lat' dir='ltr'><strong>praeses</strong></span> <span class='ocrx_word' id='word_1_153' title='bbox 2134 2267 2272 2349; x_wconf 89' lang='lat' dir='ltr'><strong>qui·</strong></span> 
     </span>
     <span class='ocr_line' id='line_1_22' title="bbox 315 2353 2273 2441; baseline -0.003 -19"><span class='ocrx_word' id='word_1_154' title='bbox 315 2357 462 2424; x_wconf 91' lang='lat' dir='ltr'><strong>dem</strong></span> <span class='ocrx_word' id='word_1_155' title='bbox 509 2358 894 2441; x_wconf 87' lang='lat' dir='ltr'><strong>provinciae</strong></span> <span class='ocrx_word' id='word_1_156' title='bbox 930 2357 1187 2421; x_wconf 86' lang='lat' dir='ltr'><strong>efficere</strong></span> <span class='ocrx_word' id='word_1_157' title='bbox 1223 2356 1463 2438; x_wconf 90' lang='lat' dir='ltr'><strong>poterit</strong></span> <span class='ocrx_word' id='word_1_158' title='bbox 1499 2356 1656 2438; x_wconf 91' lang='lat' dir='ltr'><strong>quin</strong></span> <span class='ocrx_word' id='word_1_159' title='bbox 1690 2354 1851 2418; x_wconf 88' lang='lat' dir='ltr'><strong>furti</strong></span> <span class='ocrx_word' id='word_1_160' title='bbox 1888 2353 2273 2417; x_wconf 88' lang='lat' dir='ltr'><strong>damnatum</strong></span> 
     </span>
     <span class='ocr_line' id='line_1_23' title="bbox 313 2440 2275 2527; baseline -0.004 -16"><span class='ocrx_word' id='word_1_161' title='bbox 313 2457 626 2527; x_wconf 86' lang='lat' dir='ltr'><strong>sequatur</strong></span> <span class='ocrx_word' id='word_1_162' title='bbox 669 2443 965 2507; x_wconf 86' lang='lat' dir='ltr'><strong>infamia:</strong></span> <span class='ocrx_word' id='word_1_163' title='bbox 1013 2441 1126 2507; x_wconf 91' lang='lat' dir='ltr'><strong>sed</strong></span> <span class='ocrx_word' id='word_1_164' title='bbox 1172 2462 1250 2509; x_wconf 88' lang='lat' dir='ltr'><strong>ea</strong></span> <span class='ocrx_word' id='word_1_165' title='bbox 1294 2442 1374 2506; x_wconf 91' lang='lat' dir='ltr'><strong>de</strong></span> <span class='ocrx_word' id='word_1_166' title='bbox 1417 2462 1491 2506; x_wconf 90' lang='lat' dir='ltr'><strong>re</strong></span> <span class='ocrx_word' id='word_1_167' title='bbox 1526 2443 1595 2505; x_wconf 93' lang='lat' dir='ltr'><strong>in</strong></span> <span class='ocrx_word' id='word_1_168' title='bbox 1641 2460 1836 2524; x_wconf 90' lang='lat' dir='ltr'><strong>quam</strong></span> <span class='ocrx_word' id='word_1_169' title='bbox 1883 2440 2275 2504; x_wconf 85' lang='lat' dir='ltr'><strong>naturaliter</strong></span> 
     </span>
     <span class='ocr_line' id='line_1_24' title="bbox 313 2526 2272 2611; baseline -0.002 -16"><span class='ocrx_word' id='word_1_170' title='bbox 313 2552 542 2596; x_wconf 89' lang='lat' dir='ltr'><strong>omnes</strong></span> <span class='ocrx_word' id='word_1_171' title='bbox 607 2530 1059 2608; x_wconf 87' lang='lat' dir='ltr'><strong>consentiunt,</strong></span> <span class='ocrx_word' id='word_1_172' title='bbox 1126 2527 1339 2611; x_wconf 87' lang='lat' dir='ltr'><strong>legem</strong></span> <span class='ocrx_word' id='word_1_173' title='bbox 1405 2527 1561 2592; x_wconf 90' lang='lat' dir='ltr'><strong>ferri</strong></span> <span class='ocrx_word' id='word_1_174' title='bbox 1615 2546 1881 2590; x_wconf 88' lang='lat' dir='ltr'><strong>necesse</strong></span> <span class='ocrx_word' id='word_1_175' title='bbox 1939 2547 2069 2590; x_wconf 94' lang='lat' dir='ltr'><strong>non</strong></span> <span class='ocrx_word' id='word_1_176' title='bbox 2126 2526 2272 2592; x_wconf 85' lang='lat' dir='ltr'><strong>fuit.</strong></span> 
     </span>
     <span class='ocr_line' id='line_1_25' title="bbox 314 2610 2275 2700; baseline -0.003 -19"><span class='ocrx_word' id='word_1_177' title='bbox 314 2617 548 2700; x_wconf 86' lang='lat' dir='ltr'><strong>Itaque</strong></span> <span class='ocrx_word' id='word_1_178' title='bbox 612 2616 798 2680; x_wconf 89' lang='lat' dir='ltr'><strong>Deus</strong></span> <span class='ocrx_word' id='word_1_179' title='bbox 862 2615 1040 2679; x_wconf 90' lang='lat' dir='ltr'><strong>fures</strong></span> <span class='ocrx_word' id='word_1_180' title='bbox 1106 2613 1519 2691; x_wconf 89' lang='lat' dir='ltr'><strong>mulctando,</strong></span> <span class='ocrx_word' id='word_1_181' title='bbox 1598 2610 1956 2695; x_wconf 82' lang='lat' dir='ltr'><strong>ignominia</strong></span> <span class='ocrx_word' id='word_1_182' title='bbox 2019 2623 2275 2676; x_wconf 81' lang='lat' dir='ltr'><strong>notatos</strong></span> 
     </span>
     <span class='ocr_line' id='line_1_26' title="bbox 313 2698 2274 2786; baseline -0.004 -19"><span class='ocrx_word' id='word_1_183' title='bbox 313 2703 596 2786; x_wconf 90' lang='lat' dir='ltr'><strong>reliquit.</strong></span> <span class='ocrx_word' id='word_1_184' title='bbox 710 2700 904 2781; x_wconf 78' lang='lat' dir='ltr'><strong>Quod</strong></span> <span class='ocrx_word' id='word_1_185' title='bbox 986 2710 1203 2765; x_wconf 90' lang='lat' dir='ltr'><strong>autem</strong></span> <span class='ocrx_word' id='word_1_186' title='bbox 1285 2701 1531 2764; x_wconf 90' lang='lat' dir='ltr'><strong>maiore</strong></span> <span class='ocrx_word' id='word_1_187' title='bbox 1596 2718 1854 2763; x_wconf 88' lang='lat' dir='ltr'><strong>summa</strong></span> <span class='ocrx_word' id='word_1_188' title='bbox 1918 2698 2274 2763; x_wconf 89' lang='lat' dir='ltr'><strong>mulctatur</strong></span> 
     </span>
     <span class='ocr_line' id='line_1_27' title="bbox 314 2783 2273 2873; baseline -0.003 -20"><span class='ocrx_word' id='word_1_189' title='bbox 314 2790 424 2873; x_wconf 91' lang='lat' dir='ltr'><strong>qui</strong></span> <span class='ocrx_word' id='word_1_190' title='bbox 476 2788 706 2852; x_wconf 88' lang='lat' dir='ltr'><strong>bovem</strong></span> <span class='ocrx_word' id='word_1_191' title='bbox 754 2788 1012 2852; x_wconf 89' lang='lat' dir='ltr'><strong>furatus</strong></span> <span class='ocrx_word' id='word_1_192' title='bbox 1055 2796 1156 2851; x_wconf 90' lang='lat' dir='ltr'><strong>est</strong></span> <span class='ocrx_word' id='word_1_193' title='bbox 1200 2807 1396 2869; x_wconf 91' lang='lat' dir='ltr'><strong>quam</strong></span> <span class='ocrx_word' id='word_1_194' title='bbox 1443 2784 1553 2868; x_wconf 92' lang='lat' dir='ltr'><strong>qui</strong></span> <span class='ocrx_word' id='word_1_195' title='bbox 1600 2804 1791 2849; x_wconf 92' lang='lat' dir='ltr'><strong>ovem</strong></span> <span class='ocrx_word' id='word_1_196' title='bbox 1836 2783 1945 2849; x_wconf 83' lang='lat' dir='ltr'><strong>vel</strong></span> <span class='ocrx_word' id='word_1_197' title='bbox 1987 2805 2273 2867; x_wconf 89' lang='lat' dir='ltr'><strong>capram,</strong></span> 
     </span>
     <span class='ocr_line' id='line_1_28' title="bbox 315 2870 2276 2955; baseline -0.005 -14"><span class='ocrx_word' id='word_1_198' title='bbox 315 2875 425 2941; x_wconf 86' lang='lat' dir='ltr'><strong>vel</strong></span> <span class='ocrx_word' id='word_1_199' title='bbox 470 2875 634 2939; x_wconf 90' lang='lat' dir='ltr'><strong>alias</strong></span> <span class='ocrx_word' id='word_1_200' title='bbox 677 2873 978 2955; x_wconf 89' lang='lat' dir='ltr'><strong>pecudes,</strong></span> <span class='ocrx_word' id='word_1_201' title='bbox 1030 2873 1248 2937; x_wconf 88' lang='lat' dir='ltr'><strong>nescio</strong></span> <span class='ocrx_word' id='word_1_202' title='bbox 1295 2892 1381 2935; x_wconf 91' lang='lat' dir='ltr'><strong>an</strong></span> <span class='ocrx_word' id='word_1_203' title='bbox 1425 2892 1687 2938; x_wconf 90' lang='grc'>6666616</span> <span class='ocrx_word' id='word_1_204' title='bbox 1733 2890 1887 2935; x_wconf 90' lang='lat' dir='ltr'><strong>vere</strong></span> <span class='ocrx_word' id='word_1_205' title='bbox 1932 2870 2276 2954; x_wconf 80' lang='lat' dir='ltr'><strong>assignent</strong></span> 
     </span>
     <span class='ocr_line' id='line_1_29' title="bbox 318 2955 2276 3045; baseline -0.003 -20"><span class='ocrx_word' id='word_1_206' title='bbox 318 2960 427 3045; x_wconf 91' lang='lat' dir='ltr'><strong>qui</strong></span> <span class='ocrx_word' id='word_1_207' title='bbox 475 2960 705 3026; x_wconf 88' lang='lat' dir='ltr'><strong>dicunt</strong></span> <span class='ocrx_word' id='word_1_208' title='bbox 748 2959 1080 3024; x_wconf 84' lang='lat' dir='ltr'><strong>aestimari</strong></span> <span class='ocrx_word' id='word_1_209' title='bbox 1122 2957 1366 3022; x_wconf 93' lang='lat' dir='ltr'><strong>domini</strong></span> <span class='ocrx_word' id='word_1_210' title='bbox 1413 2957 1764 3035; x_wconf 87' lang='lat' dir='ltr'><strong>iacturam,</strong></span> <span class='ocrx_word' id='word_1_211' title='bbox 1823 2955 1929 3021; x_wconf 92' lang='lat' dir='ltr'><strong>cui</strong></span> <span class='ocrx_word' id='word_1_212' title='bbox 1974 2955 2055 3020; x_wconf 87' lang='lat' dir='ltr'><strong>ad</strong></span> <span class='ocrx_word' id='word_1_213' title='bbox 2102 2955 2276 3040; x_wconf 89' lang='lat' dir='ltr'><strong>agri·</strong></span> 
     </span>
     <span class='ocr_line' id='line_1_30' title="bbox 314 3041 2273 3123; baseline -0.004 -10"><span class='ocrx_word' id='word_1_214' title='bbox 314 3046 638 3115; x_wconf 87' lang='lat' dir='ltr'><strong>culturam</strong></span> <span class='ocrx_word' id='word_1_215' title='bbox 684 3045 972 3110; x_wconf 84' lang='lat' dir='ltr'><strong>maxime</strong></span> <span class='ocrx_word' id='word_1_216' title='bbox 1017 3043 1196 3110; x_wconf 89' lang='lat' dir='ltr'><strong>utilis</strong></span> <span class='ocrx_word' id='word_1_217' title='bbox 1239 3052 1341 3109; x_wconf 89' lang='lat' dir='ltr'><strong>est</strong></span> <span class='ocrx_word' id='word_1_218' title='bbox 1383 3043 1568 3109; x_wconf 84' lang='lat' dir='ltr'><strong>bovis</strong></span> <span class='ocrx_word' id='word_1_219' title='bbox 1602 3041 1805 3109; x_wconf 90' lang='lat' dir='ltr'><strong>labor.</strong></span> <span class='ocrx_word' id='word_1_220' title='bbox 1870 3041 2060 3123; x_wconf 80' lang='lat' dir='ltr'><strong>Quod</strong></span> <span class='ocrx_word' id='word_1_221' title='bbox 2098 3042 2273 3108; x_wconf 90' lang='lat' dir='ltr'><strong>enim</strong></span> 
     </span>
     <span class='ocr_line' id='line_1_31' title="bbox 319 3127 2273 3216; baseline -0.004 -18"><span class='ocrx_word' id='word_1_222' title='bbox 319 3133 400 3199; x_wconf 90' lang='lat' dir='ltr'><strong>de</strong></span> <span class='ocrx_word' id='word_1_223' title='bbox 446 3133 609 3199; x_wconf 89' lang='lat' dir='ltr'><strong>bove</strong></span> <span class='ocrx_word' id='word_1_224' title='bbox 652 3132 970 3209; x_wconf 88' lang='lat' dir='ltr'><strong>traditur,</strong></span> <span class='ocrx_word' id='word_1_225' title='bbox 1030 3130 1110 3194; x_wconf 90' lang='lat' dir='ltr'><strong>ad</strong></span> <span class='ocrx_word' id='word_1_226' title='bbox 1161 3129 1424 3216; x_wconf 88' lang='lat' dir='ltr'><strong>[vaccas</strong></span> <span class='ocrx_word' id='word_1_227' title='bbox 1466 3151 1721 3213; x_wconf 92' lang='lat' dir='ltr'><strong>quoque</strong></span> <span class='ocrx_word' id='word_1_228' title='bbox 1765 3127 1858 3216; x_wconf 90' lang='lat' dir='ltr'><strong>et]</strong></span> <span class='ocrx_word' id='word_1_229' title='bbox 1915 3140 2121 3193; x_wconf 88' lang='lat' dir='ltr'><strong>totum</strong></span> <span class='ocrx_word' id='word_1_230' title='bbox 2170 3149 2273 3193; x_wconf 90' lang='lat' dir='ltr'><strong>ar-</strong></span> 
     </span>
     <span class='ocr_line' id='line_1_32' title="bbox 317 3215 2274 3300; baseline -0.003 -16"><span class='ocrx_word' id='word_1_231' title='bbox 317 3230 613 3285; x_wconf 91' lang='lat' dir='ltr'><strong>mentum</strong></span> <span class='ocrx_word' id='word_1_232' title='bbox 660 3217 962 3283; x_wconf 90' lang='lat' dir='ltr'><strong>extend0.</strong></span> <span class='ocrx_word' id='word_1_233' title='bbox 1054 3216 1337 3300; x_wconf 90' lang='lat' dir='ltr'><strong>Propius</strong></span> <span class='ocrx_word' id='word_1_234' title='bbox 1395 3216 1476 3280; x_wconf 88' lang='lat' dir='ltr'><strong>ad</strong></span> <span class='ocrx_word' id='word_1_235' title='bbox 1537 3237 1768 3280; x_wconf 87' lang='lat' dir='ltr'><strong>verum</strong></span> <span class='ocrx_word' id='word_1_236' title='bbox 1828 3215 2134 3281; x_wconf 88' lang='lat' dir='ltr'><strong>accedere</strong></span> <span class='ocrx_word' id='word_1_237' title='bbox 2182 3217 2274 3280; x_wconf 88' lang='lat' dir='ltr'><strong>vi-</strong></span> 
     </span>
     <span class='ocr_line' id='line_1_33' title="bbox 318 3301 2275 3388; baseline -0.003 -19"><span class='ocrx_word' id='word_1_238' title='bbox 318 3305 560 3371; x_wconf 88' lang='lat' dir='ltr'><strong>dentur</strong></span> <span class='ocrx_word' id='word_1_239' title='bbox 602 3305 715 3388; x_wconf 90' lang='lat' dir='ltr'><strong>qui</strong></span> <span class='ocrx_word' id='word_1_240' title='bbox 750 3304 912 3369; x_wconf 89' lang='lat' dir='ltr'><strong>furis</strong></span> <span class='ocrx_word' id='word_1_241' title='bbox 948 3302 1285 3367; x_wconf 88' lang='lat' dir='ltr'><strong>audaciam</strong></span> <span class='ocrx_word' id='word_1_242' title='bbox 1324 3301 1547 3385; x_wconf 89' lang='lat' dir='ltr'><strong>puniri</strong></span> <span class='ocrx_word' id='word_1_243' title='bbox 1585 3301 1833 3379; x_wconf 92' lang='lat' dir='ltr'><strong>dicunt,</strong></span> <span class='ocrx_word' id='word_1_244' title='bbox 1880 3303 1994 3382; x_wconf 91' lang='lat' dir='ltr'><strong>qui</strong></span> <span class='ocrx_word' id='word_1_245' title='bbox 2031 3301 2275 3366; x_wconf 90' lang='lat' dir='ltr'><strong>animal</strong></span> 
     </span>
     <span class='ocr_line' id='line_1_34' title="bbox 317 3386 2274 3475; baseline -0.003 -18"><span class='ocrx_word' id='word_1_246' title='bbox 317 3393 531 3475; x_wconf 87' lang='lat' dir='ltr'><strong>magis</strong></span> <span class='ocrx_word' id='word_1_247' title='bbox 576 3411 916 3474; x_wconf 91' lang='lat' dir='ltr'><strong>procerum</strong></span> <span class='ocrx_word' id='word_1_248' title='bbox 961 3386 1332 3468; x_wconf 86' lang='lat' dir='ltr'><strong>auferendo,</strong></span> <span class='ocrx_word' id='word_1_249' title='bbox 1383 3389 1652 3452; x_wconf 88' lang='lat' dir='ltr'><strong>testium</strong></span> <span class='ocrx_word' id='word_1_250' title='bbox 1699 3397 2120 3470; x_wconf 84' lang='lat' dir='ltr'><strong>conspectum</strong></span> <span class='ocrx_word' id='word_1_251' title='bbox 2165 3408 2274 3452; x_wconf 90' lang='lat' dir='ltr'><strong>ve-</strong></span> 
     </span>
     <span class='ocr_line' id='line_1_35' title="bbox 317 3472 2278 3557; baseline -0.003 -15"><span class='ocrx_word' id='word_1_252' title='bbox 317 3478 486 3544; x_wconf 87' lang='lat' dir='ltr'><strong>ritus</strong></span> <span class='ocrx_word' id='word_1_253' title='bbox 542 3499 671 3542; x_wconf 92' lang='lat' dir='ltr'><strong>non</strong></span> <span class='ocrx_word' id='word_1_254' title='bbox 728 3484 849 3542; x_wconf 89' lang='lat' dir='ltr'><strong>est.</strong></span> <span class='ocrx_word' id='word_1_255' title='bbox 938 3473 1339 3557; x_wconf 79' lang='lat' dir='ltr'><strong>Quanquam</strong></span> <span class='ocrx_word' id='word_1_256' title='bbox 1396 3474 1561 3538; x_wconf 90' lang='lat' dir='ltr'><strong>mibi</strong></span> <span class='ocrx_word' id='word_1_257' title='bbox 1619 3473 1833 3557; x_wconf 91' lang='lat' dir='ltr'><strong>magis</strong></span> <span class='ocrx_word' id='word_1_258' title='bbox 1891 3472 2133 3555; x_wconf 89' lang='lat' dir='ltr'><strong>placet,</strong></span> <span class='ocrx_word' id='word_1_259' title='bbox 2194 3494 2278 3538; x_wconf 90' lang='lat' dir='ltr'><strong>ex</strong></span> 
     </span>
     <span class='ocr_line' id='line_1_36' title="bbox 316 3558 2280 3645; baseline -0.002 -18"><span class='ocrx_word' id='word_1_260' title='bbox 316 3584 539 3628; x_wconf 91' lang='lat' dir='ltr'><strong>rerum</strong></span> <span class='ocrx_word' id='word_1_261' title='bbox 607 3562 819 3645; x_wconf 89' lang='lat' dir='ltr'><strong>pretio</strong></span> <span class='ocrx_word' id='word_1_262' title='bbox 886 3560 1219 3625; x_wconf 88' lang='lat' dir='ltr'><strong>diversum</strong></span> <span class='ocrx_word' id='word_1_263' title='bbox 1283 3560 1602 3627; x_wconf 91' lang='lat' dir='ltr'><strong>iudicium</strong></span> <span class='ocrx_word' id='word_1_264' title='bbox 1669 3558 1832 3624; x_wconf 89' lang='lat' dir='ltr'><strong>fieri.</strong></span> <span class='ocrx_word' id='word_1_265' title='bbox 1945 3560 2038 3624; x_wconf 88' lang='lat' dir='ltr'><strong>Et</strong></span> <span class='ocrx_word' id='word_1_266' title='bbox 2101 3571 2280 3625; x_wconf 85' lang='lat' dir='ltr'><strong>certe</strong></span> 
     </span>
     <span class='ocr_line' id='line_1_37' title="bbox 316 3644 2280 3732; baseline -0.003 -18"><span class='ocrx_word' id='word_1_267' title='bbox 316 3651 533 3732; x_wconf 89' lang='lat' dir='ltr'><strong>magis</strong></span> <span class='ocrx_word' id='word_1_268' title='bbox 575 3656 1090 3713; x_wconf 89' lang='lat' dir='ltr'><strong>consentaneum</strong></span> <span class='ocrx_word' id='word_1_269' title='bbox 1136 3656 1271 3724; x_wconf 89' lang='lat' dir='ltr'><strong>est,</strong></span> <span class='ocrx_word' id='word_1_270' title='bbox 1316 3656 1391 3711; x_wconf 92' lang='lat' dir='ltr'><strong>ut</strong></span> <span class='ocrx_word' id='word_1_271' title='bbox 1435 3645 1712 3729; x_wconf 90' lang='lat' dir='ltr'><strong>quisque</strong></span> <span class='ocrx_word' id='word_1_272' title='bbox 1765 3645 1978 3729; x_wconf 88' lang='lat' dir='ltr'><strong>magis</strong></span> <span class='ocrx_word' id='word_1_273' title='bbox 2037 3644 2280 3722; x_wconf 86' lang='lat' dir='ltr'><strong>nocuit,</strong></span> 
     </span>
     <span class='ocr_line' id='line_1_38' title="bbox 316 3731 1509 3821; baseline -0.002 -22"><span class='ocrx_word' id='word_1_274' title='bbox 316 3736 610 3821; x_wconf 86' lang='lat' dir='ltr'><strong>graviori</strong></span> <span class='ocrx_word' id='word_1_275' title='bbox 656 3754 903 3818; x_wconf 90' lang='lat' dir='ltr'><strong>poenae</strong></span> <span class='ocrx_word' id='word_1_276' title='bbox 949 3754 1092 3798; x_wconf 89' lang='grc'>6666</span> <span class='ocrx_word' id='word_1_277' title='bbox 1133 3731 1509 3798; x_wconf 83' lang='lat' dir='ltr'><strong>obnoxium.</strong></span> 
     </span>
    </p>

    <p class='ocr_par' dir='ltr' id='par_1_3' title="bbox 313 3815 2281 5436">
     <span class='ocr_line' id='line_1_39' title="bbox 492 3815 2279 3901; baseline -0.002 -16"><span class='ocrx_word' id='word_1_278' title='bbox 492 3821 550 3885; x_wconf 84' lang='lat'><strong>2.</strong></span> <span class='ocrx_word' id='word_1_279' title='bbox 602 3818 680 3885; x_wconf 72' lang='lat' dir='ltr'><strong>Si</strong></span> <span class='ocrx_word' id='word_1_280' title='bbox 721 3820 795 3885; x_wconf 78' lang='lat' dir='ltr'><strong>in</strong></span> <span class='ocrx_word' id='word_1_281' title='bbox 835 3819 1175 3901; x_wconf 78' lang='lat' dir='ltr'><strong>effossione.</strong></span> <span class='ocrx_word' id='word_1_282' title='bbox 1270 3819 1644 3884; x_wconf 88' lang='lat' dir='ltr'><strong>Membrum</strong></span> <span class='ocrx_word' id='word_1_283' title='bbox 1692 3818 1816 3884; x_wconf 90' lang='grc'>1166</span> <span class='ocrx_word' id='word_1_284' title='bbox 1861 3837 2157 3882; x_wconf 87' lang='grc'>66616661</span> <span class='ocrx_word' id='word_1_285' title='bbox 2192 3815 2279 3881; x_wconf 90' lang='lat' dir='ltr'><strong>le-</strong></span> 
     </span>
     <span class='ocr_line' id='line_1_40' title="bbox 319 3904 2279 3992; baseline -0.004 -20"><span class='ocrx_word' id='word_1_286' title='bbox 319 3907 608 3992; x_wconf 88' lang='lat' dir='ltr'><strong>gendum</strong></span> <span class='ocrx_word' id='word_1_287' title='bbox 647 3913 764 3985; x_wconf 90' lang='lat' dir='ltr'><strong>est,</strong></span> <span class='ocrx_word' id='word_1_288' title='bbox 801 3915 868 3970; x_wconf 91' lang='lat' dir='ltr'><strong>et</strong></span> <span class='ocrx_word' id='word_1_289' title='bbox 904 3926 1017 3988; x_wconf 92' lang='lat' dir='ltr'><strong>per</strong></span> <span class='ocrx_word' id='word_1_290' title='bbox 1054 3906 1478 3987; x_wconf 86' lang='lat' dir='ltr'><strong>parenthesin</strong></span> <span class='ocrx_word' id='word_1_291' title='bbox 1514 3905 1848 3970; x_wconf 89' lang='lat' dir='ltr'><strong>inseritur.</strong></span> <span class='ocrx_word' id='word_1_292' title='bbox 1919 3904 2279 3986; x_wconf 89' lang='lat' dir='ltr'><strong>Postquam</strong></span> 
     </span>
     <span class='ocr_line' id='line_1_41' title="bbox 320 3987 2277 4075; baseline -0.003 -18"><span class='ocrx_word' id='word_1_293' title='bbox 320 3994 497 4057; x_wconf 91' lang='lat' dir='ltr'><strong>enim</strong></span> <span class='ocrx_word' id='word_1_294' title='bbox 544 4013 822 4075; x_wconf 90' lang='lat' dir='ltr'><strong>poenam</strong></span> <span class='ocrx_word' id='word_1_295' title='bbox 880 3991 1203 4070; x_wconf 90' lang='lat' dir='ltr'><strong>iniunxit,</strong></span> <span class='ocrx_word' id='word_1_296' title='bbox 1264 4012 1395 4056; x_wconf 93' lang='lat' dir='ltr'><strong>uno</strong></span> <span class='ocrx_word' id='word_1_297' title='bbox 1451 4000 1766 4057; x_wconf 85' lang='lat' dir='ltr'><strong>contextu</strong></span> <span class='ocrx_word' id='word_1_298' title='bbox 1825 3988 2038 4053; x_wconf 88' lang='lat' dir='ltr'><strong>addit:</strong></span> <span class='ocrx_word' id='word_1_299' title='bbox 2100 3987 2277 4053; x_wconf 87' lang='lat' dir='ltr'><strong>Red-</strong></span> 
     </span>
     <span class='ocr_line' id='line_1_42' title="bbox 320 4073 2280 4160; baseline -0.003 -17"><span class='ocrx_word' id='word_1_300' title='bbox 320 4078 533 4143; x_wconf 90' lang='lat' dir='ltr'><strong>dendo</strong></span> <span class='ocrx_word' id='word_1_301' title='bbox 579 4077 836 4143; x_wconf 88' lang='lat' dir='ltr'><strong>reddet:</strong></span> <span class='ocrx_word' id='word_1_302' title='bbox 899 4076 1073 4160; x_wconf 91' lang='lat' dir='ltr'><strong>quod</strong></span> <span class='ocrx_word' id='word_1_303' title='bbox 1120 4076 1176 4142; x_wconf 91' lang='grc'><strong>61</strong></span> <span class='ocrx_word' id='word_1_304' title='bbox 1221 4098 1351 4141; x_wconf 91' lang='lat' dir='ltr'><strong>non</strong></span> <span class='ocrx_word' id='word_1_305' title='bbox 1397 4077 1596 4141; x_wconf 85' lang='lat' dir='ltr'><strong>fuerit</strong></span> <span class='ocrx_word' id='word_1_306' title='bbox 1638 4074 1984 4152; x_wconf 84' lang='lat' dir='ltr'><strong>solvende,</strong></span> <span class='ocrx_word' id='word_1_307' title='bbox 2030 4073 2280 4139; x_wconf 86' lang='lat' dir='ltr'><strong>vende·</strong></span> 
     </span>
     <span class='ocr_line' id='line_1_43' title="bbox 320 4159 2279 4246; baseline -0.002 -18"><span class='ocrx_word' id='word_1_308' title='bbox 320 4182 452 4230; x_wconf 87' lang='lat' dir='ltr'><strong>tur.</strong></span> <span class='ocrx_word' id='word_1_309' title='bbox 571 4164 895 4246; x_wconf 84' lang='lat' dir='ltr'><strong>Exceptio</strong></span> <span class='ocrx_word' id='word_1_310' title='bbox 960 4173 1181 4227; x_wconf 90' lang='lat' dir='ltr'><strong>autem</strong></span> <span class='ocrx_word' id='word_1_311' title='bbox 1249 4163 1409 4228; x_wconf 90' lang='lat' dir='ltr'><strong>baec</strong></span> <span class='ocrx_word' id='word_1_312' title='bbox 1474 4163 1923 4244; x_wconf 87' lang='lat' dir='ltr'><strong>interponitur</strong></span> <span class='ocrx_word' id='word_1_313' title='bbox 1988 4159 2069 4225; x_wconf 93' lang='lat' dir='ltr'><strong>de</strong></span> <span class='ocrx_word' id='word_1_314' title='bbox 2136 4159 2279 4225; x_wconf 84' lang='lat' dir='ltr'><strong>fure</strong></span> 
     </span>
     <span class='ocr_line' id='line_1_44' title="bbox 320 4248 2281 4330; baseline -0.003 -16"><span class='ocrx_word' id='word_1_315' title='bbox 320 4266 659 4316; x_wconf 89' lang='lat' dir='ltr'><strong>nocturno.</strong></span> <span class='ocrx_word' id='word_1_316' title='bbox 727 4250 877 4316; x_wconf 87' lang='lat' dir='ltr'><strong>Etsi</strong></span> <span class='ocrx_word' id='word_1_317' title='bbox 912 4260 1133 4314; x_wconf 87' lang='lat' dir='ltr'><strong>autem</strong></span> <span class='ocrx_word' id='word_1_318' title='bbox 1171 4269 1300 4312; x_wconf 92' lang='grc'><strong>666</strong></span> <span class='ocrx_word' id='word_1_319' title='bbox 1337 4249 1497 4313; x_wconf 87' lang='grc'>66116</span> <span class='ocrx_word' id='word_1_320' title='bbox 1542 4248 1786 4313; x_wconf 91' lang='lat' dir='ltr'><strong>diserte</strong></span> <span class='ocrx_word' id='word_1_321' title='bbox 1831 4248 2090 4330; x_wconf 90' lang='lat' dir='ltr'><strong>singula</strong></span> <span class='ocrx_word' id='word_1_322' title='bbox 2126 4254 2281 4311; x_wconf 90' lang='lat' dir='ltr'><strong>sunt</strong></span> 
     </span>
     <span class='ocr_line' id='line_1_45' title="bbox 321 4330 2278 4420; baseline -0.003 -19"><span class='ocrx_word' id='word_1_323' title='bbox 321 4356 664 4420; x_wconf 90' lang='lat' dir='ltr'><strong>expressa,</strong></span> <span class='ocrx_word' id='word_1_324' title='bbox 720 4336 1062 4402; x_wconf 87' lang='lat' dir='ltr'><strong>consilium</strong></span> <span class='ocrx_word' id='word_1_325' title='bbox 1119 4345 1335 4400; x_wconf 88' lang='lat' dir='ltr'><strong>tamen</strong></span> <span class='ocrx_word' id='word_1_326' title='bbox 1384 4335 1511 4399; x_wconf 90' lang='lat' dir='ltr'><strong>Dei</strong></span> <span class='ocrx_word' id='word_1_327' title='bbox 1569 4333 1841 4397; x_wconf 89' lang='lat' dir='ltr'><strong>minime</strong></span> <span class='ocrx_word' id='word_1_328' title='bbox 1899 4330 2278 4416; x_wconf 86' lang='lat' dir='ltr'><strong>ambiguum</strong></span> 
     </span>
     <span class='ocr_line' id='line_1_46' title="bbox 321 4417 2278 4501; baseline -0.003 -14"><span class='ocrx_word' id='word_1_329' title='bbox 321 4434 453 4500; x_wconf 91' lang='lat' dir='ltr'><strong>est,</strong></span> <span class='ocrx_word' id='word_1_330' title='bbox 516 4424 572 4487; x_wconf 91' lang='grc'><strong>61</strong></span> <span class='ocrx_word' id='word_1_331' title='bbox 617 4424 683 4487; x_wconf 90' lang='grc'><strong>16</strong></span> <span class='ocrx_word' id='word_1_332' title='bbox 746 4422 1030 4487; x_wconf 88' lang='lat' dir='ltr'><strong>tenebris</strong></span> <span class='ocrx_word' id='word_1_333' title='bbox 1077 4421 1326 4487; x_wconf 89' lang='lat' dir='ltr'><strong>occisus</strong></span> <span class='ocrx_word' id='word_1_334' title='bbox 1369 4420 1574 4486; x_wconf 86' lang='lat' dir='ltr'><strong>fuerit</strong></span> <span class='ocrx_word' id='word_1_335' title='bbox 1616 4418 1752 4500; x_wconf 86' lang='lat' dir='ltr'><strong>fur,</strong></span> <span class='ocrx_word' id='word_1_336' title='bbox 1805 4419 2171 4501; x_wconf 88' lang='lat' dir='ltr'><strong>percussori</strong></span> <span class='ocrx_word' id='word_1_337' title='bbox 2209 4417 2278 4482; x_wconf 93' lang='lat' dir='ltr'><strong>id</strong></span> 
     </span>
     <span class='ocr_line' id='line_1_47' title="bbox 321 4504 2281 4593; baseline -0.003 -20"><span class='ocrx_word' id='word_1_338' title='bbox 321 4510 595 4593; x_wconf 92' lang='lat' dir='ltr'><strong>impune</strong></span> <span class='ocrx_word' id='word_1_339' title='bbox 640 4509 796 4588; x_wconf 88' lang='lat' dir='ltr'><strong>fore,</strong></span> <span class='ocrx_word' id='word_1_340' title='bbox 842 4510 993 4590; x_wconf 89' lang='lat' dir='ltr'><strong>quia</strong></span> <span class='ocrx_word' id='word_1_341' title='bbox 1032 4519 1189 4572; x_wconf 91' lang='lat' dir='ltr'><strong>tunc</strong></span> <span class='ocrx_word' id='word_1_342' title='bbox 1225 4528 1264 4571; x_wconf 93' lang='lat' dir='ltr'><strong>a</strong></span> <span class='ocrx_word' id='word_1_343' title='bbox 1298 4507 1551 4572; x_wconf 92' lang='lat' dir='ltr'><strong>latrone</strong></span> <span class='ocrx_word' id='word_1_344' title='bbox 1588 4505 1702 4570; x_wconf 89' lang='lat' dir='ltr'><strong>vix</strong></span> <span class='ocrx_word' id='word_1_345' title='bbox 1740 4504 2019 4569; x_wconf 89' lang='lat' dir='ltr'><strong>discerni</strong></span> <span class='ocrx_word' id='word_1_346' title='bbox 2066 4514 2281 4587; x_wconf 87' lang='lat' dir='ltr'><strong>potest</strong></span> 
     </span>
     <span class='ocr_line' id='line_1_48' title="bbox 315 4589 2277 4681; baseline -0.002 -21"><span class='ocrx_word' id='word_1_347' title='bbox 315 4592 739 4681; x_wconf 88' lang='lat' dir='ltr'><strong>(praesertim</strong></span> <span class='ocrx_word' id='word_1_348' title='bbox 785 4614 990 4675; x_wconf 89' lang='lat' dir='ltr'><strong>quum</strong></span> <span class='ocrx_word' id='word_1_349' title='bbox 1048 4595 1114 4659; x_wconf 85' lang='lat' dir='ltr'><strong>vi</strong></span> <span class='ocrx_word' id='word_1_350' title='bbox 1176 4603 1244 4659; x_wconf 89' lang='lat' dir='ltr'><strong>et</strong></span> <span class='ocrx_word' id='word_1_351' title='bbox 1301 4612 1504 4657; x_wconf 90' lang='lat' dir='ltr'><strong>manu</strong></span> <span class='ocrx_word' id='word_1_352' title='bbox 1562 4589 1959 4677; x_wconf 86' lang='lat' dir='ltr'><strong>grassatur):</strong></span> <span class='ocrx_word' id='word_1_353' title='bbox 2017 4590 2277 4673; x_wconf 89' lang='lat' dir='ltr'><strong>quando</strong></span> 
     </span>
     <span class='ocr_line' id='line_1_49' title="bbox 317 4676 2275 4764; baseline -0.003 -19"><span class='ocrx_word' id='word_1_354' title='bbox 317 4691 518 4747; x_wconf 88' lang='lat' dir='ltr'><strong>noctu</strong></span> <span class='ocrx_word' id='word_1_355' title='bbox 564 4681 847 4745; x_wconf 90' lang='lat' dir='ltr'><strong>alienam</strong></span> <span class='ocrx_word' id='word_1_356' title='bbox 893 4679 1158 4744; x_wconf 90' lang='lat' dir='ltr'><strong>domum</strong></span> <span class='ocrx_word' id='word_1_357' title='bbox 1201 4678 1457 4764; x_wconf 85' lang='lat' dir='ltr'><strong>ingredi</strong></span> <span class='ocrx_word' id='word_1_358' title='bbox 1503 4697 1632 4742; x_wconf 91' lang='lat' dir='ltr'><strong>non</strong></span> <span class='ocrx_word' id='word_1_359' title='bbox 1678 4685 1923 4759; x_wconf 88' lang='lat' dir='ltr'><strong>potest,</strong></span> <span class='ocrx_word' id='word_1_360' title='bbox 1966 4676 2124 4760; x_wconf 90' lang='lat' dir='ltr'><strong>quin</strong></span> <span class='ocrx_word' id='word_1_361' title='bbox 2172 4676 2275 4741; x_wconf 87' lang='lat' dir='ltr'><strong>vel</strong></span> 
     </span>
     <span class='ocr_line' id='line_1_50' title="bbox 317 4761 2274 4850; baseline -0.002 -19"><span class='ocrx_word' id='word_1_362' title='bbox 317 4767 637 4850; x_wconf 89' lang='lat' dir='ltr'><strong>parietem</strong></span> <span class='ocrx_word' id='word_1_363' title='bbox 684 4764 1103 4844; x_wconf 84' lang='lat' dir='ltr'><strong>transfodiat,</strong></span> <span class='ocrx_word' id='word_1_364' title='bbox 1156 4766 1260 4830; x_wconf 87' lang='lat' dir='ltr'><strong>vel</strong></span> <span class='ocrx_word' id='word_1_365' title='bbox 1307 4764 1670 4847; x_wconf 87' lang='lat' dir='ltr'><strong>perfringat</strong></span> <span class='ocrx_word' id='word_1_366' title='bbox 1712 4764 1995 4827; x_wconf 91' lang='lat' dir='ltr'><strong>ianuam.</strong></span> <span class='ocrx_word' id='word_1_367' title='bbox 2090 4761 2274 4827; x_wconf 92' lang='lat' dir='ltr'><strong>Duo-</strong></span> 
     </span>
     <span class='ocr_line' id='line_1_51' title="bbox 318 4849 2272 4935; baseline -0.002 -18"><span class='ocrx_word' id='word_1_368' title='bbox 318 4851 530 4919; x_wconf 91' lang='lat' dir='ltr'><strong>decim</strong></span> <span class='ocrx_word' id='word_1_369' title='bbox 577 4850 833 4917; x_wconf 89' lang='lat' dir='ltr'><strong>tabulae</strong></span> <span class='ocrx_word' id='word_1_370' title='bbox 876 4851 1069 4935; x_wconf 89' lang='lat' dir='ltr'><strong>paulo</strong></span> <span class='ocrx_word' id='word_1_371' title='bbox 1113 4852 1335 4916; x_wconf 90' lang='lat' dir='ltr'><strong>aliter:</strong></span> <span class='ocrx_word' id='word_1_372' title='bbox 1401 4850 1612 4915; x_wconf 91' lang='lat' dir='ltr'><strong>furem</strong></span> <span class='ocrx_word' id='word_1_373' title='bbox 1657 4849 1832 4913; x_wconf 91' lang='lat' dir='ltr'><strong>enim</strong></span> <span class='ocrx_word' id='word_1_374' title='bbox 1879 4858 2272 4915; x_wconf 88' lang='lat' dir='ltr'><strong>nocturnum</strong></span> 
     </span>
     <span class='ocr_line' id='line_1_52' title="bbox 318 4934 2273 5021; baseline -0.003 -16"><span class='ocrx_word' id='word_1_375' title='bbox 318 4937 614 5005; x_wconf 90' lang='lat' dir='ltr'><strong>occidere</strong></span> <span class='ocrx_word' id='word_1_376' title='bbox 660 4937 1086 5021; x_wconf 88' lang='lat' dir='ltr'><strong>permittunt,</strong></span> <span class='ocrx_word' id='word_1_377' title='bbox 1143 4937 1453 5002; x_wconf 89' lang='lat' dir='ltr'><strong>diurnum</strong></span> <span class='ocrx_word' id='word_1_378' title='bbox 1499 4955 1685 5012; x_wconf 86' lang='lat' dir='ltr'><strong>vero,</strong></span> <span class='ocrx_word' id='word_1_379' title='bbox 1731 4934 1786 4999; x_wconf 94' lang='lat' dir='ltr'><strong>si</strong></span> <span class='ocrx_word' id='word_1_380' title='bbox 1831 4954 1903 4999; x_wconf 89' lang='lat' dir='ltr'><strong>se</strong></span> <span class='ocrx_word' id='word_1_381' title='bbox 1945 4955 2094 5000; x_wconf 90' lang='lat' dir='ltr'><strong>cum</strong></span> <span class='ocrx_word' id='word_1_382' title='bbox 2141 4935 2273 4999; x_wconf 90' lang='lat' dir='ltr'><strong>telo</strong></span> 
     </span>
     <span class='ocr_line' id='line_1_53' title="bbox 317 5019 2273 5104; baseline -0.003 -15"><span class='ocrx_word' id='word_1_383' title='bbox 317 5022 702 5089; x_wconf 89' lang='lat' dir='ltr'><strong>defenderit.</strong></span> <span class='ocrx_word' id='word_1_384' title='bbox 791 5021 1042 5087; x_wconf 90' lang='lat' dir='ltr'><strong>Verum</strong></span> <span class='ocrx_word' id='word_1_385' title='bbox 1089 5024 1393 5104; x_wconf 91' lang='lat' dir='ltr'><strong>quoniam</strong></span> <span class='ocrx_word' id='word_1_386' title='bbox 1440 5021 1585 5086; x_wconf 87' lang='lat' dir='ltr'><strong>aliis</strong></span> <span class='ocrx_word' id='word_1_387' title='bbox 1628 5020 1886 5104; x_wconf 90' lang='lat' dir='ltr'><strong>legibus</strong></span> <span class='ocrx_word' id='word_1_388' title='bbox 1928 5019 2161 5086; x_wconf 89' lang='lat' dir='ltr'><strong>caedes</strong></span> <span class='ocrx_word' id='word_1_389' title='bbox 2205 5029 2273 5086; x_wconf 89' lang='lat' dir='ltr'><strong>et</strong></span> 
     </span>
     <span class='ocr_line' id='line_1_54' title="bbox 317 5107 2269 5192; baseline -0.003 -15"><span class='ocrx_word' id='word_1_390' title='bbox 317 5110 641 5177; x_wconf 81' lang='lat' dir='ltr'><strong>violentos</strong></span> <span class='ocrx_word' id='word_1_391' title='bbox 682 5111 965 5192; x_wconf 87' lang='lat' dir='ltr'><strong>impetus</strong></span> <span class='ocrx_word' id='word_1_392' title='bbox 1008 5108 1168 5174; x_wconf 90' lang='lat' dir='ltr'><strong>satis</strong></span> <span class='ocrx_word' id='word_1_393' title='bbox 1193 5108 1375 5174; x_wconf 91' lang='lat' dir='ltr'><strong>Deus</strong></span> <span class='ocrx_word' id='word_1_394' title='bbox 1418 5115 1921 5189; x_wconf 89' lang='lat' dir='ltr'><strong>compescuerat,</strong></span> <span class='ocrx_word' id='word_1_395' title='bbox 1967 5108 2089 5172; x_wconf 87' lang='lat' dir='ltr'><strong>hoo</strong></span> <span class='ocrx_word' id='word_1_396' title='bbox 2132 5107 2269 5171; x_wconf 91' lang='lat' dir='ltr'><strong>loco</strong></span> 
     </span>
     <span class='ocr_line' id='line_1_55' title="bbox 318 5191 2268 5280; baseline -0.002 -18"><span class='ocrx_word' id='word_1_397' title='bbox 318 5196 401 5263; x_wconf 88' lang='lat' dir='ltr'><strong>de</strong></span> <span class='ocrx_word' id='word_1_398' title='bbox 443 5194 878 5280; x_wconf 85' lang='lat' dir='ltr'><strong>praedonibus</strong></span> <span class='ocrx_word' id='word_1_399' title='bbox 920 5194 1146 5272; x_wconf 89' lang='lat' dir='ltr'><strong>tacuit,</strong></span> <span class='ocrx_word' id='word_1_400' title='bbox 1192 5195 1304 5277; x_wconf 91' lang='lat' dir='ltr'><strong>qui</strong></span> <span class='ocrx_word' id='word_1_401' title='bbox 1346 5194 1564 5277; x_wconf 88' lang='lat' dir='ltr'><strong>gladio</strong></span> <span class='ocrx_word' id='word_1_402' title='bbox 1609 5194 1846 5258; x_wconf 87' lang='lat' dir='ltr'><strong>armati</strong></span> <span class='ocrx_word' id='word_1_403' title='bbox 1882 5191 1964 5257; x_wconf 89' lang='lat' dir='ltr'><strong>ad</strong></span> <span class='ocrx_word' id='word_1_404' title='bbox 2001 5192 2268 5277; x_wconf 89' lang='lat' dir='ltr'><strong>rapinas</strong></span> 
     </span>
     <span class='ocr_line' id='line_1_56' title="bbox 315 5277 2266 5366; baseline -0.004 -16"><span class='ocrx_word' id='word_1_405' title='bbox 315 5282 687 5366; x_wconf 85' lang='lat' dir='ltr'><strong>prosiliunt.</strong></span> <span class='ocrx_word' id='word_1_406' title='bbox 755 5281 964 5346; x_wconf 84' lang='lat' dir='ltr'><strong>Recte</strong></span> <span class='ocrx_word' id='word_1_407' title='bbox 1005 5279 1210 5363; x_wconf 87' lang='lat' dir='ltr'><strong>igitur</strong></span> <span class='ocrx_word' id='word_1_408' title='bbox 1251 5282 1447 5344; x_wconf 87' lang='lat' dir='ltr'><strong>morti</strong></span> <span class='ocrx_word' id='word_1_409' title='bbox 1492 5300 1605 5346; x_wconf 90' lang='lat' dir='ltr'><strong>eos</strong></span> <span class='ocrx_word' id='word_1_410' title='bbox 1649 5278 1892 5345; x_wconf 88' lang='lat' dir='ltr'><strong>addicit</strong></span> <span class='ocrx_word' id='word_1_411' title='bbox 1924 5277 2113 5344; x_wconf 90' lang='lat' dir='ltr'><strong>Deus</strong></span> <span class='ocrx_word' id='word_1_412' title='bbox 2156 5280 2266 5362; x_wconf 92' lang='lat' dir='ltr'><strong>qui</strong></span> 
     </span>
     <span class='ocr_line' id='line_1_57' title="bbox 313 5365 1840 5436; baseline -0.001 -3"><span class='ocrx_word' id='word_1_413' title='bbox 313 5369 572 5436; x_wconf 83' lang='lat' dir='ltr'><strong>furtum</strong></span> <span class='ocrx_word' id='word_1_414' title='bbox 616 5365 962 5434; x_wconf 89' lang='lat' dir='ltr'><strong>homicidio</strong></span> <span class='ocrx_word' id='word_1_415' title='bbox 1006 5365 1131 5430; x_wconf 90' lang='lat' dir='ltr'><strong>ulti</strong></span> <span class='ocrx_word' id='word_1_416' title='bbox 1173 5366 1416 5430; x_wconf 88' lang='lat' dir='ltr'><strong>fuerint</strong></span> <span class='ocrx_word' id='word_1_417' title='bbox 1457 5366 1635 5432; x_wconf 89' lang='lat' dir='ltr'><strong>clara</strong></span> <span class='ocrx_word' id='word_1_418' title='bbox 1680 5366 1840 5431; x_wconf 89' lang='lat' dir='ltr'><strong>luce.</strong></span> 
     </span>
    </p>

    <p class='ocr_par' dir='ltr' id='par_1_4' title="bbox 489 5466 1379 5540">
     <span class='ocr_line' id='line_1_58' title="bbox 489 5466 1379 5540; baseline -0.004 -13"><span class='ocrx_word' id='word_1_419' title='bbox 489 5470 711 5527; x_wconf 70' lang='grc' dir='ltr'>06161·κί</span> <span class='ocrx_word' id='word_1_420' title='bbox 736 5485 925 5540; x_wconf 77' lang='lat' dir='ltr'><strong>opera.</strong></span> <span class='ocrx_word' id='word_1_421' title='bbox 999 5469 1112 5527; x_wconf 82' lang='lat' dir='ltr'><strong>Vol.</strong></span> <span class='ocrx_word' id='word_1_422' title='bbox 1151 5466 1379 5523; x_wconf 81' lang='lat' dir='ltr'><strong>XXIV.</strong></span> 
     </span>
    </p>
   </div>
   <div class='ocr_carea' id='block_1_3' title="bbox 1743 445 2893 514">
    <p class='ocr_par' dir='ltr' id='par_1_5' title="bbox 1743 445 2893 514">
     <span class='ocr_line' id='line_1_59' title="bbox 1743 445 2893 514; baseline -0.001 -1"><span class='ocrx_word' id='word_1_423' title='bbox 1743 445 2199 514; x_wconf 77' lang='lat' dir='ltr'><strong>OCTAVUM</strong></span> <span class='ocrx_word' id='word_1_424' title='bbox 2245 445 2893 513; x_wconf 72' lang='lat' dir='ltr'><strong>PRAEOEPTUM.</strong></span> 
     </span>
    </p>
   </div>
   <div class='ocr_carea' id='block_1_4' title="bbox 2326 638 2337 5423">
    <p class='ocr_par' dir='ltr' id='par_1_6' title="bbox 2326 638 2337 5423">
     <span class='ocr_line' id='line_1_60' title="bbox 2326 638 2337 5423; baseline 0 0"><span class='ocrx_word' id='word_1_425' title='bbox 2326 638 2337 5423; x_wconf 95' lang='lat' dir='ltr'><strong> </strong></span> 
     </span>
    </p>
   </div>
   <div class='ocr_carea' id='block_1_5' title="bbox 4203 447 4338 515">
    <p class='ocr_par' dir='ltr' id='par_1_7' title="bbox 4203 447 4338 515">
     <span class='ocr_line' id='line_1_61' title="bbox 4203 447 4338 515; baseline 0.015 -2"><span class='ocrx_word' id='word_1_426' title='bbox 4203 447 4338 515; x_wconf 88' lang='lat'><strong>690</strong></span> 
     </span>
    </p>
   </div>
   <div class='ocr_carea' id='block_1_6' title="bbox 2374 633 4338 2098">
    <p class='ocr_par' dir='ltr' id='par_1_8' title="bbox 2374 633 4338 2098">
     <span class='ocr_line' id='line_1_62' title="bbox 2546 633 4334 723; baseline 0.003 -25"><span class='ocrx_word' id='word_1_427' title='bbox 2546 633 2606 698; x_wconf 83' lang='lat'><strong>3.</strong></span> <span class='ocrx_word' id='word_1_428' title='bbox 2656 633 2992 702; x_wconf 68' lang='lat' dir='ltr'><strong>Reddenda</strong></span> <span class='ocrx_word' id='word_1_429' title='bbox 3048 635 3276 701; x_wconf 67' lang='lat' dir='ltr'><strong>reddet.</strong></span> <span class='ocrx_word' id='word_1_430' title='bbox 3364 635 3741 702; x_wconf 85' lang='lat' dir='ltr'><strong>Oobaerent</strong></span> <span class='ocrx_word' id='word_1_431' title='bbox 3790 634 3894 723; x_wconf 90' lang='lat' dir='ltr'><strong>(ut</strong></span> <span class='ocrx_word' id='word_1_432' title='bbox 3950 635 4117 723; x_wconf 89' lang='lat' dir='ltr'><strong>dixi)</strong></span> <span class='ocrx_word' id='word_1_433' title='bbox 4170 635 4334 704; x_wconf 89' lang='grc'>11666</span> 
     </span>
     <span class='ocr_line' id='line_1_63' title="bbox 2376 718 4335 808; baseline 0.002 -24"><span class='ocrx_word' id='word_1_434' title='bbox 2376 718 2577 785; x_wconf 87' lang='lat' dir='ltr'><strong>verba</strong></span> <span class='ocrx_word' id='word_1_435' title='bbox 2620 741 2770 786; x_wconf 88' lang='lat' dir='ltr'><strong>cum</strong></span> <span class='ocrx_word' id='word_1_436' title='bbox 2807 721 3018 805; x_wconf 91' lang='lat' dir='ltr'><strong>primo</strong></span> <span class='ocrx_word' id='word_1_437' title='bbox 3052 742 3281 787; x_wconf 90' lang='lat' dir='ltr'><strong>versu:</strong></span> <span class='ocrx_word' id='word_1_438' title='bbox 3328 723 3482 805; x_wconf 90' lang='lat' dir='ltr'><strong>quia</strong></span> <span class='ocrx_word' id='word_1_439' title='bbox 3514 721 3624 789; x_wconf 90' lang='grc'>1116</span> <span class='ocrx_word' id='word_1_440' title='bbox 3658 730 3922 788; x_wconf 91' lang='lat' dir='ltr'><strong>tantum</strong></span> <span class='ocrx_word' id='word_1_441' title='bbox 3956 723 4335 808; x_wconf 90' lang='lat' dir='ltr'><strong>iniungitur</strong></span> 
     </span>
     <span class='ocr_line' id='line_1_64' title="bbox 2374 808 4333 893; baseline 0.002 -23"><span class='ocrx_word' id='word_1_442' title='bbox 2374 826 2621 888; x_wconf 91' lang='lat' dir='ltr'><strong>poenae</strong></span> <span class='ocrx_word' id='word_1_443' title='bbox 2644 808 3065 890; x_wconf 86' lang='lat' dir='ltr'><strong>exsequutio:</strong></span> <span class='ocrx_word' id='word_1_444' title='bbox 3104 829 3181 873; x_wconf 89' lang='lat' dir='ltr'><strong>ac</strong></span> <span class='ocrx_word' id='word_1_445' title='bbox 3208 809 3263 873; x_wconf 91' lang='lat' dir='ltr'><strong>si</strong></span> <span class='ocrx_word' id='word_1_446' title='bbox 3289 809 3470 875; x_wconf 88' lang='lat' dir='ltr'><strong>Deus</strong></span> <span class='ocrx_word' id='word_1_447' title='bbox 3495 818 3748 874; x_wconf 89' lang='lat' dir='ltr'><strong>vetaret</strong></span> <span class='ocrx_word' id='word_1_448' title='bbox 3768 810 4021 875; x_wconf 85' lang='lat' dir='ltr'><strong>furibus</strong></span> <span class='ocrx_word' id='word_1_449' title='bbox 4046 830 4333 893; x_wconf 89' lang='lat' dir='ltr'><strong>parcere,</strong></span> 
     </span>
     <span class='ocr_line' id='line_1_65' title="bbox 2376 892 4335 979; baseline 0.003 -24"><span class='ocrx_word' id='word_1_450' title='bbox 2376 893 2536 975; x_wconf 88' lang='lat' dir='ltr'><strong>quin</strong></span> <span class='ocrx_word' id='word_1_451' title='bbox 2581 904 2904 975; x_wconf 87' lang='lat' dir='ltr'><strong>cogantur</strong></span> <span class='ocrx_word' id='word_1_452' title='bbox 2948 893 3030 959; x_wconf 91' lang='lat' dir='ltr'><strong>ad</strong></span> <span class='ocrx_word' id='word_1_453' title='bbox 3075 893 3463 959; x_wconf 83' lang='lat' dir='ltr'><strong>solvendum</strong></span> <span class='ocrx_word' id='word_1_454' title='bbox 3524 892 3833 979; x_wconf 92' lang='lat' dir='ltr'><strong>duplum,</strong></span> <span class='ocrx_word' id='word_1_455' title='bbox 3895 896 4001 961; x_wconf 89' lang='lat' dir='ltr'><strong>vel</strong></span> <span class='ocrx_word' id='word_1_456' title='bbox 4043 895 4335 979; x_wconf 89' lang='lat' dir='ltr'><strong>quadru-</strong></span> 
     </span>
     <span class='ocr_line' id='line_1_66' title="bbox 2376 978 4334 1065; baseline 0.003 -24"><span class='ocrx_word' id='word_1_457' title='bbox 2376 978 2579 1062; x_wconf 92' lang='lat' dir='ltr'><strong>plum,</strong></span> <span class='ocrx_word' id='word_1_458' title='bbox 2604 979 2707 1043; x_wconf 90' lang='lat' dir='ltr'><strong>vel</strong></span> <span class='ocrx_word' id='word_1_459' title='bbox 2755 980 2954 1045; x_wconf 89' lang='lat' dir='ltr'><strong>etiam</strong></span> <span class='ocrx_word' id='word_1_460' title='bbox 2993 981 3432 1063; x_wconf 87' lang='lat' dir='ltr'><strong>quintuplum,</strong></span> <span class='ocrx_word' id='word_1_461' title='bbox 3457 1001 3574 1065; x_wconf 89' lang='lat' dir='ltr'><strong>pro</strong></span> <span class='ocrx_word' id='word_1_462' title='bbox 3610 981 3801 1047; x_wconf 91' lang='lat' dir='ltr'><strong>modo</strong></span> <span class='ocrx_word' id='word_1_463' title='bbox 3838 981 4078 1048; x_wconf 91' lang='lat' dir='ltr'><strong>delicti.</strong></span> <span class='ocrx_word' id='word_1_464' title='bbox 4138 980 4334 1063; x_wconf 79' lang='lat' dir='ltr'><strong>Quod</strong></span> 
     </span>
     <span class='ocr_line' id='line_1_67' title="bbox 2376 1064 4331 1149; baseline 0.002 -19"><span class='ocrx_word' id='word_1_465' title='bbox 2376 1065 2434 1130; x_wconf 89' lang='lat' dir='ltr'><strong>si</strong></span> <span class='ocrx_word' id='word_1_466' title='bbox 2479 1064 2791 1130; x_wconf 88' lang='lat' dir='ltr'><strong>solvendo</strong></span> <span class='ocrx_word' id='word_1_467' title='bbox 2835 1086 3026 1149; x_wconf 88' lang='lat' dir='ltr'><strong>pares</strong></span> <span class='ocrx_word' id='word_1_468' title='bbox 3071 1088 3201 1133; x_wconf 91' lang='grc'><strong>666</strong></span> <span class='ocrx_word' id='word_1_469' title='bbox 3249 1080 3472 1145; x_wconf 85' lang='grc'>616111,</span> <span class='ocrx_word' id='word_1_470' title='bbox 3536 1066 3750 1135; x_wconf 90' lang='lat' dir='ltr'><strong>addici</strong></span> <span class='ocrx_word' id='word_1_471' title='bbox 3809 1070 3878 1132; x_wconf 90' lang='grc'><strong>16</strong></span> <span class='ocrx_word' id='word_1_472' title='bbox 3938 1069 4331 1134; x_wconf 87' lang='lat' dir='ltr'><strong>servitutem</strong></span> 
     </span>
     <span class='ocr_line' id='line_1_68' title="bbox 2377 1149 4334 1234; baseline 0.004 -21"><span class='ocrx_word' id='word_1_473' title='bbox 2377 1151 2586 1216; x_wconf 88' lang='lat' dir='ltr'><strong>iubet:</strong></span> <span class='ocrx_word' id='word_1_474' title='bbox 2652 1149 2824 1234; x_wconf 90' lang='lat' dir='ltr'><strong>quod</strong></span> <span class='ocrx_word' id='word_1_475' title='bbox 2881 1154 3079 1217; x_wconf 90' lang='lat' dir='ltr'><strong>etiam</strong></span> <span class='ocrx_word' id='word_1_476' title='bbox 3124 1153 3375 1218; x_wconf 86' lang='lat' dir='ltr'><strong>Romae</strong></span> <span class='ocrx_word' id='word_1_477' title='bbox 3426 1153 3846 1220; x_wconf 88' lang='lat' dir='ltr'><strong>observatum</strong></span> <span class='ocrx_word' id='word_1_478' title='bbox 3906 1155 4051 1220; x_wconf 88' lang='lat' dir='ltr'><strong>fuit.</strong></span> <span class='ocrx_word' id='word_1_479' title='bbox 4139 1153 4334 1220; x_wconf 90' lang='lat' dir='ltr'><strong>Unde</strong></span> 
     </span>
     <span class='ocr_line' id='line_1_69' title="bbox 2375 1235 4334 1323; baseline 0.003 -24"><span class='ocrx_word' id='word_1_480' title='bbox 2375 1235 2543 1301; x_wconf 91' lang='lat' dir='ltr'><strong>illud</strong></span> <span class='ocrx_word' id='word_1_481' title='bbox 2587 1235 2884 1303; x_wconf 86' lang='lat' dir='ltr'><strong>Catonis:</strong></span> <span class='ocrx_word' id='word_1_482' title='bbox 2928 1238 3143 1303; x_wconf 80' lang='lat' dir='ltr'><strong>Fures</strong></span> <span class='ocrx_word' id='word_1_483' title='bbox 3201 1240 3492 1321; x_wconf 87' lang='lat' dir='ltr'><strong>privatos</strong></span> <span class='ocrx_word' id='word_1_484' title='bbox 3546 1241 3614 1306; x_wconf 89' lang='grc'><strong>16</strong></span> <span class='ocrx_word' id='word_1_485' title='bbox 3673 1262 3845 1306; x_wconf 92' lang='lat' dir='ltr'><strong>nexu</strong></span> <span class='ocrx_word' id='word_1_486' title='bbox 3894 1251 3963 1304; x_wconf 90' lang='lat' dir='ltr'><strong>et</strong></span> <span class='ocrx_word' id='word_1_487' title='bbox 4005 1240 4334 1323; x_wconf 88' lang='lat' dir='ltr'><strong>compedi-</strong></span> 
     </span>
     <span class='ocr_line' id='line_1_70' title="bbox 2375 1323 4338 1409; baseline 0.001 -20"><span class='ocrx_word' id='word_1_488' title='bbox 2375 1323 2504 1389; x_wconf 89' lang='lat' dir='ltr'><strong>bus</strong></span> <span class='ocrx_word' id='word_1_489' title='bbox 2549 1323 2811 1401; x_wconf 84' lang='lat' dir='ltr'><strong>vivere,</strong></span> <span class='ocrx_word' id='word_1_490' title='bbox 2873 1323 3167 1408; x_wconf 88' lang='lat' dir='ltr'><strong>publicos</strong></span> <span class='ocrx_word' id='word_1_491' title='bbox 3216 1346 3368 1389; x_wconf 91' lang='lat' dir='ltr'><strong>vero</strong></span> <span class='ocrx_word' id='word_1_492' title='bbox 3413 1326 3480 1389; x_wconf 92' lang='lat' dir='ltr'><strong>in</strong></span> <span class='ocrx_word' id='word_1_493' title='bbox 3528 1346 3688 1391; x_wconf 91' lang='lat' dir='ltr'><strong>auro</strong></span> <span class='ocrx_word' id='word_1_494' title='bbox 3731 1336 3799 1390; x_wconf 91' lang='lat' dir='ltr'><strong>et</strong></span> <span class='ocrx_word' id='word_1_495' title='bbox 3844 1345 4156 1409; x_wconf 87' lang='lat' dir='ltr'><strong>purpura.</strong></span> <span class='ocrx_word' id='word_1_496' title='bbox 4246 1326 4338 1392; x_wconf 85' lang='lat' dir='ltr'><strong>Et</strong></span> 
     </span>
     <span class='ocr_line' id='line_1_71' title="bbox 2377 1408 4335 1491; baseline 0.003 -19"><span class='ocrx_word' id='word_1_497' title='bbox 2377 1411 2686 1491; x_wconf 90' lang='lat' dir='ltr'><strong>quoniam</strong></span> <span class='ocrx_word' id='word_1_498' title='bbox 2754 1408 2920 1475; x_wconf 91' lang='lat' dir='ltr'><strong>dura</strong></span> <span class='ocrx_word' id='word_1_499' title='bbox 2978 1418 3121 1475; x_wconf 91' lang='lat' dir='ltr'><strong>erat</strong></span> <span class='ocrx_word' id='word_1_500' title='bbox 3178 1411 3341 1477; x_wconf 90' lang='lat' dir='ltr'><strong>haec</strong></span> <span class='ocrx_word' id='word_1_501' title='bbox 3397 1411 3712 1490; x_wconf 90' lang='lat' dir='ltr'><strong>conditio,</strong></span> <span class='ocrx_word' id='word_1_502' title='bbox 3784 1413 4172 1478; x_wconf 87' lang='lat' dir='ltr'><strong>nominatim</strong></span> <span class='ocrx_word' id='word_1_503' title='bbox 4227 1432 4335 1477; x_wconf 87' lang='lat' dir='ltr'><strong>ca·</strong></span> 
     </span>
     <span class='ocr_line' id='line_1_72' title="bbox 2379 1496 4336 1581; baseline 0.004 -23"><span class='ocrx_word' id='word_1_504' title='bbox 2379 1496 2668 1560; x_wconf 88' lang='lat' dir='ltr'><strong>vendum</strong></span> <span class='ocrx_word' id='word_1_505' title='bbox 2733 1496 2859 1561; x_wconf 89' lang='lat' dir='ltr'><strong>fuit</strong></span> <span class='ocrx_word' id='word_1_506' title='bbox 2923 1518 3007 1562; x_wconf 91' lang='lat' dir='ltr'><strong>ne</strong></span> <span class='ocrx_word' id='word_1_507' title='bbox 3072 1498 3154 1562; x_wconf 93' lang='lat' dir='ltr'><strong>ob</strong></span> <span class='ocrx_word' id='word_1_508' title='bbox 3220 1498 3566 1581; x_wconf 90' lang='lat' dir='ltr'><strong>penuriam</strong></span> <span class='ocrx_word' id='word_1_509' title='bbox 3633 1498 4146 1565; x_wconf 87' lang='lat' dir='ltr'><strong>absolverentur.</strong></span> <span class='ocrx_word' id='word_1_510' title='bbox 4260 1498 4336 1566; x_wconf 81' lang='lat' dir='ltr'><strong>Si</strong></span> 
     </span>
     <span class='ocr_line' id='line_1_73' title="bbox 2380 1581 4333 1668; baseline 0.003 -23"><span class='ocrx_word' id='word_1_511' title='bbox 2380 1582 2528 1664; x_wconf 89' lang='lat' dir='ltr'><strong>quis</strong></span> <span class='ocrx_word' id='word_1_512' title='bbox 2575 1589 2763 1665; x_wconf 87' lang='lat' dir='ltr'><strong>roget</strong></span> <span class='ocrx_word' id='word_1_513' title='bbox 2805 1601 2888 1647; x_wconf 89' lang='lat' dir='ltr'><strong>an</strong></span> <span class='ocrx_word' id='word_1_514' title='bbox 2934 1581 3200 1648; x_wconf 91' lang='lat' dir='ltr'><strong>domino</strong></span> <span class='ocrx_word' id='word_1_515' title='bbox 3244 1584 3341 1649; x_wconf 93' lang='lat' dir='ltr'><strong>rei</strong></span> <span class='ocrx_word' id='word_1_516' title='bbox 3385 1582 3642 1649; x_wconf 87' lang='lat' dir='ltr'><strong>ablatae</strong></span> <span class='ocrx_word' id='word_1_517' title='bbox 3687 1584 3944 1651; x_wconf 88' lang='lat' dir='ltr'><strong>licuerit</strong></span> <span class='ocrx_word' id='word_1_518' title='bbox 3993 1606 4333 1668; x_wconf 82' lang='lat' dir='ltr'><strong>reposcere</strong></span> 
     </span>
     <span class='ocr_line' id='line_1_74' title="bbox 2380 1666 4336 1755; baseline 0.004 -25"><span class='ocrx_word' id='word_1_519' title='bbox 2380 1666 2653 1749; x_wconf 88' lang='lat' dir='ltr'><strong>duplum</strong></span> <span class='ocrx_word' id='word_1_520' title='bbox 2739 1667 2845 1732; x_wconf 90' lang='lat' dir='ltr'><strong>vel</strong></span> <span class='ocrx_word' id='word_1_521' title='bbox 2920 1668 3389 1752; x_wconf 88' lang='lat' dir='ltr'><strong>quadruplum:</strong></span> <span class='ocrx_word' id='word_1_522' title='bbox 3455 1670 3846 1752; x_wconf 89' lang='lat' dir='ltr'><strong>responde0,</strong></span> <span class='ocrx_word' id='word_1_523' title='bbox 3915 1672 4083 1755; x_wconf 90' lang='lat' dir='ltr'><strong>quod</strong></span> <span class='ocrx_word' id='word_1_524' title='bbox 4153 1672 4336 1737; x_wconf 88' lang='lat' dir='ltr'><strong>Deus</strong></span> 
     </span>
     <span class='ocr_line' id='line_1_75' title="bbox 2380 1752 4335 1841; baseline 0.003 -24"><span class='ocrx_word' id='word_1_525' title='bbox 2380 1752 2729 1832; x_wconf 88' lang='lat' dir='ltr'><strong>adiudicat,</strong></span> <span class='ocrx_word' id='word_1_526' title='bbox 2774 1753 2842 1818; x_wconf 90' lang='lat' dir='ltr'><strong>id</strong></span> <span class='ocrx_word' id='word_1_527' title='bbox 2886 1755 3137 1838; x_wconf 90' lang='lat' dir='ltr'><strong>optimo</strong></span> <span class='ocrx_word' id='word_1_528' title='bbox 3182 1756 3324 1820; x_wconf 89' lang='lat' dir='ltr'><strong>iure</strong></span> <span class='ocrx_word' id='word_1_529' title='bbox 3370 1756 3621 1821; x_wconf 89' lang='lat' dir='ltr'><strong>deberi:</strong></span> <span class='ocrx_word' id='word_1_530' title='bbox 3668 1758 3925 1822; x_wconf 84' lang='lat' dir='ltr'><strong>interea</strong></span> <span class='ocrx_word' id='word_1_531' title='bbox 3963 1778 4079 1841; x_wconf 90' lang='lat' dir='ltr'><strong>pro</strong></span> <span class='ocrx_word' id='word_1_532' title='bbox 4115 1759 4335 1841; x_wconf 90' lang='lat' dir='ltr'><strong>aequi·</strong></span> 
     </span>
     <span class='ocr_line' id='line_1_76' title="bbox 2379 1838 4331 1927; baseline 0.003 -24"><span class='ocrx_word' id='word_1_533' title='bbox 2379 1847 2517 1904; x_wconf 87' lang='lat' dir='ltr'><strong>tate</strong></span> <span class='ocrx_word' id='word_1_534' title='bbox 2583 1838 2943 1905; x_wconf 87' lang='lat' dir='ltr'><strong>videndum</strong></span> <span class='ocrx_word' id='word_1_535' title='bbox 3009 1842 3288 1927; x_wconf 88' lang='lat' dir='ltr'><strong>singulis</strong></span> <span class='ocrx_word' id='word_1_536' title='bbox 3358 1843 3558 1908; x_wconf 88' lang='lat' dir='ltr'><strong>fuisse</strong></span> <span class='ocrx_word' id='word_1_537' title='bbox 3623 1864 3707 1909; x_wconf 92' lang='lat' dir='ltr'><strong>ne</strong></span> <span class='ocrx_word' id='word_1_538' title='bbox 3787 1842 4184 1910; x_wconf 89' lang='lat' dir='ltr'><strong>ditescerent</strong></span> <span class='ocrx_word' id='word_1_539' title='bbox 4248 1866 4331 1909; x_wconf 91' lang='lat' dir='ltr'><strong>ex</strong></span> 
     </span>
     <span class='ocr_line' id='line_1_77' title="bbox 2379 1924 4332 2012; baseline 0.002 -22"><span class='ocrx_word' id='word_1_540' title='bbox 2379 1925 2594 1990; x_wconf 91' lang='lat' dir='ltr'><strong>alieno</strong></span> <span class='ocrx_word' id='word_1_541' title='bbox 2630 1924 3003 2009; x_wconf 89' lang='lat' dir='ltr'><strong>dispendio:</strong></span> <span class='ocrx_word' id='word_1_542' title='bbox 3041 1930 3200 2011; x_wconf 90' lang='lat' dir='ltr'><strong>quin</strong></span> <span class='ocrx_word' id='word_1_543' title='bbox 3235 1928 3454 2010; x_wconf 86' lang='lat' dir='ltr'><strong>potins</strong></span> <span class='ocrx_word' id='word_1_544' title='bbox 3491 1928 3801 2012; x_wconf 89' lang='lat' dir='ltr'><strong>quidquid</strong></span> <span class='ocrx_word' id='word_1_545' title='bbox 3833 1930 3996 1995; x_wconf 89' lang='lat' dir='ltr'><strong>lucri</strong></span> <span class='ocrx_word' id='word_1_546' title='bbox 4018 1930 4332 2009; x_wconf 89' lang='lat' dir='ltr'><strong>fecerant,</strong></span> 
     </span>
     <span class='ocr_line' id='line_1_78' title="bbox 2378 2012 3679 2098; baseline 0.003 -22"><span class='ocrx_word' id='word_1_547' title='bbox 2378 2012 2759 2079; x_wconf 88' lang='lat' dir='ltr'><strong>conferrent</strong></span> <span class='ocrx_word' id='word_1_548' title='bbox 2799 2013 2869 2077; x_wconf 92' lang='lat' dir='ltr'><strong>in</strong></span> <span class='ocrx_word' id='word_1_549' title='bbox 2913 2035 3070 2079; x_wconf 90' lang='lat' dir='ltr'><strong>usus</strong></span> <span class='ocrx_word' id='word_1_550' title='bbox 3114 2015 3257 2098; x_wconf 90' lang='lat' dir='ltr'><strong>pios</strong></span> <span class='ocrx_word' id='word_1_551' title='bbox 3303 2022 3368 2078; x_wconf 90' lang='lat' dir='ltr'><strong>et</strong></span> <span class='ocrx_word' id='word_1_552' title='bbox 3401 2026 3679 2081; x_wconf 86' lang='lat' dir='ltr'><strong>sanctos.</strong></span> 
     </span>
    </p>
   </div>
   <div class='ocr_carea' id='block_1_7' title="bbox 2983 2441 3738 2509">
    <p class='ocr_par' dir='ltr' id='par_1_9' title="bbox 2983 2441 3738 2509">
     <span class='ocr_line' id='line_1_79' title="bbox 2983 2441 3738 2509; baseline 0 -1"><span class='ocrx_word' id='word_1_553' title='bbox 2983 2442 3114 2508; x_wconf 81' lang='lat' dir='ltr'><strong>Ex</strong></span> <span class='ocrx_word' id='word_1_554' title='bbox 3160 2441 3461 2509; x_wconf 86' lang='lat' dir='ltr'>EXODI</span> <span class='ocrx_word' id='word_1_555' title='bbox 3503 2442 3738 2508; x_wconf 88' lang='lat' dir='ltr'><strong>XXII.</strong></span> 
     </span>
    </p>
   </div>
   <div class='ocr_carea' id='block_1_8' title="bbox 2380 2680 4340 3109">
    <p class='ocr_par' dir='ltr' id='par_1_10' title="bbox 2380 2680 4340 3109">
     <span class='ocr_line' id='line_1_80' title="bbox 2555 2680 4340 2770; baseline 0.002 -23"><span class='ocrx_word' id='word_1_556' title='bbox 2555 2682 2596 2747; x_wconf 87' lang='lat'>9</span> <span class='ocrx_word' id='word_1_557' title='bbox 2623 2680 2671 2770; x_wconf 94' lang='lat'><strong>¹)</strong></span> <span class='ocrx_word' id='word_1_558' title='bbox 2731 2680 2935 2764; x_wconf 77' lang='lat' dir='ltr'><strong>Super</strong></span> <span class='ocrx_word' id='word_1_559' title='bbox 3000 2684 3174 2748; x_wconf 81' lang='lat' dir='ltr'><strong>omni</strong></span> <span class='ocrx_word' id='word_1_560' title='bbox 3235 2702 3431 2748; x_wconf 77' lang='lat' dir='ltr'><strong>causa</strong></span> <span class='ocrx_word' id='word_1_561' title='bbox 3487 2684 4084 2764; x_wconf 74' lang='lat' dir='ltr'><strong>praevaricationis,</strong></span> <span class='ocrx_word' id='word_1_562' title='bbox 4144 2703 4340 2766; x_wconf 78' lang='lat' dir='ltr'><strong>super</strong></span> 
     </span>
     <span class='ocr_line' id='line_1_81' title="bbox 2380 2768 4337 2850; baseline 0.001 -16"><span class='ocrx_word' id='word_1_563' title='bbox 2380 2768 2550 2843; x_wconf 83' lang='lat' dir='ltr'><strong>bove.</strong></span> <span class='ocrx_word' id='word_1_564' title='bbox 2613 2789 2809 2850; x_wconf 77' lang='lat' dir='ltr'><strong>super</strong></span> <span class='ocrx_word' id='word_1_565' title='bbox 2863 2769 3071 2846; x_wconf 72' lang='lat' dir='ltr'><strong>aeine,</strong></span> <span class='ocrx_word' id='word_1_566' title='bbox 3126 2788 3317 2849; x_wconf 77' lang='lat' dir='ltr'><strong>super</strong></span> <span class='ocrx_word' id='word_1_567' title='bbox 3368 2770 3642 2849; x_wconf 76' lang='lat' dir='ltr'><strong>pecude,</strong></span> <span class='ocrx_word' id='word_1_568' title='bbox 3707 2789 3899 2850; x_wconf 77' lang='lat' dir='ltr'><strong>super</strong></span> <span class='ocrx_word' id='word_1_569' title='bbox 3962 2771 4337 2850; x_wconf 62' lang='grc' dir='ltr'>1166ίὺ66616,</span> 
     </span>
     <span class='ocr_line' id='line_1_82' title="bbox 2381 2854 4339 2938; baseline 0.001 -18"><span class='ocrx_word' id='word_1_570' title='bbox 2381 2876 2576 2936; x_wconf 75' lang='lat' dir='ltr'><strong>super</strong></span> <span class='ocrx_word' id='word_1_571' title='bbox 2631 2854 2803 2919; x_wconf 80' lang='lat' dir='ltr'><strong>omni</strong></span> <span class='ocrx_word' id='word_1_572' title='bbox 2865 2875 2935 2919; x_wconf 86' lang='lat' dir='ltr'><strong>re</strong></span> <span class='ocrx_word' id='word_1_573' title='bbox 2992 2855 3266 2920; x_wconf 79' lang='lat' dir='ltr'><strong>amissa.-</strong></span> <span class='ocrx_word' id='word_1_574' title='bbox 3316 2876 3511 2936; x_wconf 77' lang='lat' dir='ltr'><strong>quum</strong></span> <span class='ocrx_word' id='word_1_575' title='bbox 3567 2855 3801 2919; x_wconf 75' lang='lat' dir='ltr'><strong>dixerit</strong></span> <span class='ocrx_word' id='word_1_576' title='bbox 3852 2856 4172 2938; x_wconf 74' lang='lat' dir='ltr'><strong>quispiam</strong></span> <span class='ocrx_word' id='word_1_577' title='bbox 4227 2855 4339 2922; x_wconf 78' lang='lat' dir='ltr'><strong>hoc</strong></span> 
     </span>
     <span class='ocr_line' id='line_1_83' title="bbox 2382 2940 4340 3023; baseline 0 -16"><span class='ocrx_word' id='word_1_578' title='bbox 2382 2962 2532 3019; x_wconf 76' lang='lat' dir='ltr'><strong>esse,</strong></span> <span class='ocrx_word' id='word_1_579' title='bbox 2570 2961 2766 3022; x_wconf 77' lang='lat' dir='ltr'><strong>usque</strong></span> <span class='ocrx_word' id='word_1_580' title='bbox 2798 2940 2885 3004; x_wconf 78' lang='lat' dir='ltr'><strong>ad</strong></span> <span class='ocrx_word' id='word_1_581' title='bbox 2918 2940 3158 3006; x_wconf 78' lang='lat' dir='ltr'><strong>iudices</strong></span> <span class='ocrx_word' id='word_1_582' title='bbox 3192 2942 3389 3005; x_wconf 75' lang='lat' dir='ltr'><strong>veniet</strong></span> <span class='ocrx_word' id='word_1_583' title='bbox 3423 2960 3621 3006; x_wconf 80' lang='lat' dir='ltr'><strong>causa</strong></span> <span class='ocrx_word' id='word_1_584' title='bbox 3653 2941 4027 3022; x_wconf 75' lang='lat' dir='ltr'><strong>utriusque.-</strong></span> <span class='ocrx_word' id='word_1_585' title='bbox 4069 2947 4125 3007; x_wconf 75' lang='lat' dir='ltr'><strong>et</strong></span> <span class='ocrx_word' id='word_1_586' title='bbox 4158 2961 4340 3023; x_wconf 74' lang='lat' dir='ltr'><strong>quem</strong></span> 
     </span>
     <span class='ocr_line' id='line_1_84' title="bbox 2380 3026 4335 3109; baseline 0.001 -16"><span class='ocrx_word' id='word_1_587' title='bbox 2380 3027 2815 3093; x_wconf 77' lang='lat' dir='ltr'><strong>damnaverint</strong></span> <span class='ocrx_word' id='word_1_588' title='bbox 2859 3026 3127 3108; x_wconf 67' lang='grc'>16111666,</span> <span class='ocrx_word' id='word_1_589' title='bbox 3194 3026 3254 3094; x_wconf 78' lang='lat' dir='ltr'><strong>is</strong></span> <span class='ocrx_word' id='word_1_590' title='bbox 3294 3027 3517 3094; x_wconf 80' lang='lat' dir='ltr'><strong>reddat</strong></span> <span class='ocrx_word' id='word_1_591' title='bbox 3559 3026 3821 3109; x_wconf 78' lang='lat' dir='ltr'><strong>duplum</strong></span> <span class='ocrx_word' id='word_1_592' title='bbox 3855 3029 4154 3108; x_wconf 76' lang='lat' dir='ltr'><strong>proximo</strong></span> <span class='ocrx_word' id='word_1_593' title='bbox 4198 3048 4335 3095; x_wconf 78' lang='lat' dir='ltr'><strong>sue.</strong></span> 
     </span>
    </p>
   </div>
   <div class='ocr_carea' id='block_1_9' title="bbox 2372 3247 4340 5137">
    <p class='ocr_par' dir='ltr' id='par_1_11' title="bbox 2372 3247 4340 5137">
     <span class='ocr_line' id='line_1_85' title="bbox 2555 3247 4338 3331; baseline 0 -17"><span class='ocrx_word' id='word_1_594' title='bbox 2555 3249 2615 3316; x_wconf 86' lang='lat'><strong>9.</strong></span> <span class='ocrx_word' id='word_1_595' title='bbox 2678 3249 2884 3331; x_wconf 80' lang='lat' dir='ltr'><strong>Super</strong></span> <span class='ocrx_word' id='word_1_596' title='bbox 2941 3250 3113 3314; x_wconf 79' lang='lat' dir='ltr'><strong>omni</strong></span> <span class='ocrx_word' id='word_1_597' title='bbox 3167 3268 3382 3314; x_wconf 80' lang='lat' dir='ltr'><strong>eausa.</strong></span> <span class='ocrx_word' id='word_1_598' title='bbox 3484 3248 3618 3312; x_wconf 89' lang='lat' dir='ltr'><strong>Hic</strong></span> <span class='ocrx_word' id='word_1_599' title='bbox 3677 3248 3838 3313; x_wconf 90' lang='lat' dir='ltr'><strong>furti</strong></span> <span class='ocrx_word' id='word_1_600' title='bbox 3899 3249 4067 3314; x_wconf 91' lang='lat' dir='ltr'><strong>actio</strong></span> <span class='ocrx_word' id='word_1_601' title='bbox 4125 3247 4338 3329; x_wconf 91' lang='lat' dir='ltr'><strong>datur,</strong></span> 
     </span>
     <span class='ocr_line' id='line_1_86' title="bbox 2382 3334 4340 3418; baseline -0.001 -16"><span class='ocrx_word' id='word_1_602' title='bbox 2382 3334 2497 3402; x_wconf 86' lang='lat' dir='ltr'><strong>sed</strong></span> <span class='ocrx_word' id='word_1_603' title='bbox 2542 3355 2692 3401; x_wconf 89' lang='lat' dir='ltr'><strong>cum</strong></span> <span class='ocrx_word' id='word_1_604' title='bbox 2737 3335 3015 3414; x_wconf 90' lang='lat' dir='ltr'><strong>mulcta,</strong></span> <span class='ocrx_word' id='word_1_605' title='bbox 3073 3335 3129 3401; x_wconf 88' lang='grc'><strong>61</strong></span> <span class='ocrx_word' id='word_1_606' title='bbox 3186 3334 3331 3418; x_wconf 91' lang='lat' dir='ltr'><strong>quis</strong></span> <span class='ocrx_word' id='word_1_607' title='bbox 3387 3342 3635 3399; x_wconf 90' lang='lat' dir='ltr'><strong>temere</strong></span> <span class='ocrx_word' id='word_1_608' title='bbox 3710 3335 4085 3416; x_wconf 86' lang='lat' dir='ltr'><strong>proximum</strong></span> <span class='ocrx_word' id='word_1_609' title='bbox 4143 3355 4340 3400; x_wconf 87' lang='lat' dir='ltr'><strong>suum</strong></span> 
     </span>
     <span class='ocr_line' id='line_1_87' title="bbox 2382 3419 4339 3503; baseline -0.001 -16"><span class='ocrx_word' id='word_1_610' title='bbox 2382 3432 2654 3488; x_wconf 88' lang='lat' dir='ltr'><strong>accuset.</strong></span> <span class='ocrx_word' id='word_1_611' title='bbox 2743 3421 3049 3487; x_wconf 89' lang='lat' dir='ltr'><strong>Dubitari</strong></span> <span class='ocrx_word' id='word_1_612' title='bbox 3093 3422 3269 3486; x_wconf 91' lang='lat' dir='ltr'><strong>enim</strong></span> <span class='ocrx_word' id='word_1_613' title='bbox 3316 3421 3555 3502; x_wconf 87' lang='lat' dir='ltr'><strong>alioqui</strong></span> <span class='ocrx_word' id='word_1_614' title='bbox 3601 3431 3858 3503; x_wconf 87' lang='lat' dir='ltr'><strong>poterat</strong></span> <span class='ocrx_word' id='word_1_615' title='bbox 3898 3441 4028 3502; x_wconf 89' lang='lat' dir='ltr'><strong>qna</strong></span> <span class='ocrx_word' id='word_1_616' title='bbox 4071 3419 4339 3485; x_wconf 90' lang='lat' dir='ltr'><strong>tandem</strong></span> 
     </span>
     <span class='ocr_line' id='line_1_88' title="bbox 2383 3505 4339 3591; baseline -0.001 -19"><span class='ocrx_word' id='word_1_617' title='bbox 2383 3508 2670 3586; x_wconf 88' lang='lat' dir='ltr'><strong>ratione,</strong></span> <span class='ocrx_word' id='word_1_618' title='bbox 2738 3508 2842 3574; x_wconf 91' lang='lat' dir='ltr'><strong>vel</strong></span> <span class='ocrx_word' id='word_1_619' title='bbox 2911 3506 3173 3591; x_wconf 90' lang='lat' dir='ltr'><strong>quando</strong></span> <span class='ocrx_word' id='word_1_620' title='bbox 3240 3505 3564 3590; x_wconf 88' lang='lat' dir='ltr'><strong>exigenda</strong></span> <span class='ocrx_word' id='word_1_621' title='bbox 3631 3515 3807 3571; x_wconf 83' lang='lat' dir='ltr'><strong>esset</strong></span> <span class='ocrx_word' id='word_1_622' title='bbox 3872 3506 4200 3571; x_wconf 88' lang='lat' dir='ltr'><strong>restitutio</strong></span> <span class='ocrx_word' id='word_1_623' title='bbox 4266 3507 4339 3572; x_wconf 91' lang='grc'><strong>16</strong></span> 
     </span>
     <span class='ocr_line' id='line_1_89' title="bbox 2385 3592 4339 3677; baseline 0 -19"><span class='ocrx_word' id='word_1_624' title='bbox 2385 3592 2655 3677; x_wconf 91' lang='lat' dir='ltr'><strong>duplum</strong></span> <span class='ocrx_word' id='word_1_625' title='bbox 2703 3594 2810 3658; x_wconf 87' lang='lat' dir='ltr'><strong>vel</strong></span> <span class='ocrx_word' id='word_1_626' title='bbox 2856 3594 3315 3677; x_wconf 90' lang='lat' dir='ltr'><strong>quadruplum.</strong></span> <span class='ocrx_word' id='word_1_627' title='bbox 3405 3592 3743 3657; x_wconf 88' lang='lat' dir='ltr'><strong>Permittit</strong></span> <span class='ocrx_word' id='word_1_628' title='bbox 3786 3613 3978 3675; x_wconf 90' lang='lat' dir='ltr'><strong>ergo,</strong></span> <span class='ocrx_word' id='word_1_629' title='bbox 4038 3605 4112 3656; x_wconf 91' lang='lat' dir='ltr'><strong>ut</strong></span> <span class='ocrx_word' id='word_1_630' title='bbox 4157 3592 4339 3676; x_wconf 87' lang='grc'>111116-</span> 
     </span>
     <span class='ocr_line' id='line_1_90' title="bbox 2383 3678 4337 3763; baseline -0.001 -18"><span class='ocrx_word' id='word_1_631' title='bbox 2383 3682 2528 3763; x_wconf 88' lang='lat' dir='ltr'><strong>quis</strong></span> <span class='ocrx_word' id='word_1_632' title='bbox 2573 3691 2948 3763; x_wconf 89' lang='lat' dir='ltr'><strong>suspectum</strong></span> <span class='ocrx_word' id='word_1_633' title='bbox 2996 3679 3193 3744; x_wconf 87' lang='lat' dir='ltr'><strong>habet</strong></span> <span class='ocrx_word' id='word_1_634' title='bbox 3249 3679 3533 3761; x_wconf 89' lang='lat' dir='ltr'><strong>aliquem</strong></span> <span class='ocrx_word' id='word_1_635' title='bbox 3590 3678 3783 3756; x_wconf 88' lang='lat' dir='ltr'><strong>furti,</strong></span> <span class='ocrx_word' id='word_1_636' title='bbox 3841 3699 3994 3743; x_wconf 92' lang='lat' dir='ltr'><strong>eum</strong></span> <span class='ocrx_word' id='word_1_637' title='bbox 4050 3679 4207 3744; x_wconf 88' lang='lat' dir='ltr'><strong>citet</strong></span> <span class='ocrx_word' id='word_1_638' title='bbox 4252 3679 4337 3744; x_wconf 90' lang='lat' dir='ltr'><strong>ad</strong></span> 
     </span>
     <span class='ocr_line' id='line_1_91' title="bbox 2382 3762 4338 3848; baseline -0.001 -17"><span class='ocrx_word' id='word_1_639' title='bbox 2382 3787 2643 3831; x_wconf 90' lang='lat' dir='ltr'><strong>causam</strong></span> <span class='ocrx_word' id='word_1_640' title='bbox 2692 3764 3067 3832; x_wconf 89' lang='lat' dir='ltr'><strong>dicendam:</strong></span> <span class='ocrx_word' id='word_1_641' title='bbox 3121 3766 3177 3829; x_wconf 90' lang='lat' dir='ltr'><strong>si</strong></span> <span class='ocrx_word' id='word_1_642' title='bbox 3228 3784 3414 3828; x_wconf 92' lang='lat' dir='ltr'><strong>reum</strong></span> <span class='ocrx_word' id='word_1_643' title='bbox 3458 3775 3746 3848; x_wconf 87' lang='lat' dir='ltr'><strong>peragat,</strong></span> <span class='ocrx_word' id='word_1_644' title='bbox 3797 3775 3871 3828; x_wconf 92' lang='lat' dir='ltr'><strong>ut</strong></span> <span class='ocrx_word' id='word_1_645' title='bbox 3914 3762 4187 3847; x_wconf 91' lang='lat' dir='ltr'><strong>duplum</strong></span> <span class='ocrx_word' id='word_1_646' title='bbox 4234 3785 4338 3829; x_wconf 91' lang='lat' dir='ltr'><strong>re-</strong></span> 
     </span>
     <span class='ocr_line' id='line_1_92' title="bbox 2381 3849 4338 3935; baseline -0.001 -18"><span class='ocrx_word' id='word_1_647' title='bbox 2381 3864 2650 3935; x_wconf 90' lang='lat' dir='ltr'><strong>cuperet</strong></span> <span class='ocrx_word' id='word_1_648' title='bbox 2716 3853 2808 3917; x_wconf 85' lang='grc'><strong>161</strong></span> <span class='ocrx_word' id='word_1_649' title='bbox 2877 3852 3186 3916; x_wconf 86' lang='lat' dir='ltr'><strong>amissae:</strong></span> <span class='ocrx_word' id='word_1_650' title='bbox 3256 3850 3313 3915; x_wconf 93' lang='grc'><strong>61</strong></span> <span class='ocrx_word' id='word_1_651' title='bbox 3371 3871 3525 3914; x_wconf 84' lang='lat' dir='ltr'><strong>vero</strong></span> <span class='ocrx_word' id='word_1_652' title='bbox 3585 3852 4023 3935; x_wconf 87' lang='lat' dir='ltr'><strong>pronuncient</strong></span> <span class='ocrx_word' id='word_1_653' title='bbox 4087 3849 4338 3916; x_wconf 87' lang='lat' dir='ltr'><strong>iudices</strong></span> 
     </span>
     <span class='ocr_line' id='line_1_93' title="bbox 2382 3936 4332 4021; baseline -0.001 -18"><span class='ocrx_word' id='word_1_654' title='bbox 2382 3959 2534 4003; x_wconf 90' lang='lat' dir='ltr'><strong>eum</strong></span> <span class='ocrx_word' id='word_1_655' title='bbox 2573 3950 2818 4003; x_wconf 85' lang='lat' dir='ltr'><strong>temere</strong></span> <span class='ocrx_word' id='word_1_656' title='bbox 2854 3937 3165 4021; x_wconf 85' lang='lat' dir='ltr'><strong>litigasse,</strong></span> <span class='ocrx_word' id='word_1_657' title='bbox 3212 3946 3288 4000; x_wconf 92' lang='lat' dir='ltr'><strong>ut</strong></span> <span class='ocrx_word' id='word_1_658' title='bbox 3331 3936 3617 4001; x_wconf 88' lang='lat' dir='ltr'><strong>vicissim</strong></span> <span class='ocrx_word' id='word_1_659' title='bbox 3654 3956 3932 4020; x_wconf 87' lang='lat' dir='ltr'><strong>poenam</strong></span> <span class='ocrx_word' id='word_1_660' title='bbox 3968 3937 4332 4001; x_wconf 90' lang='lat' dir='ltr'><strong>calumniae</strong></span> 
     </span>
     <span class='ocr_line' id='line_1_94' title="bbox 2383 4020 4329 4105; baseline -0.002 -17"><span class='ocrx_word' id='word_1_661' title='bbox 2383 4024 2542 4089; x_wconf 89' lang='lat' dir='ltr'><strong>luat.</strong></span> <span class='ocrx_word' id='word_1_662' title='bbox 2633 4024 2803 4089; x_wconf 90' lang='lat' dir='ltr'><strong>Nam</strong></span> <span class='ocrx_word' id='word_1_663' title='bbox 2851 4023 3004 4105; x_wconf 91' lang='lat' dir='ltr'><strong>quia</strong></span> <span class='ocrx_word' id='word_1_664' title='bbox 3047 4022 3208 4088; x_wconf 90' lang='grc'>11666</span> <span class='ocrx_word' id='word_1_665' title='bbox 3255 4023 3423 4087; x_wconf 85' lang='grc'>66116</span> <span class='ocrx_word' id='word_1_666' title='bbox 3468 4043 3596 4086; x_wconf 92' lang='grc'><strong>666</strong></span> <span class='ocrx_word' id='word_1_667' title='bbox 3646 4043 3911 4105; x_wconf 82' lang='lat' dir='ltr'><strong>prorsus</strong></span> <span class='ocrx_word' id='word_1_668' title='bbox 3956 4031 4057 4087; x_wconf 91' lang='lat' dir='ltr'><strong>est</strong></span> <span class='ocrx_word' id='word_1_669' title='bbox 4099 4020 4329 4099; x_wconf 91' lang='lat' dir='ltr'><strong>civilis,</strong></span> 
     </span>
     <span class='ocr_line' id='line_1_95' title="bbox 2382 4107 4338 4190; baseline -0.002 -14"><span class='ocrx_word' id='word_1_670' title='bbox 2382 4109 2496 4176; x_wconf 90' lang='lat' dir='ltr'><strong>sed</strong></span> <span class='ocrx_word' id='word_1_671' title='bbox 2556 4118 2777 4175; x_wconf 89' lang='lat' dir='ltr'><strong>notam</strong></span> <span class='ocrx_word' id='word_1_672' title='bbox 2838 4109 3147 4174; x_wconf 88' lang='lat' dir='ltr'><strong>infamiae</strong></span> <span class='ocrx_word' id='word_1_673' title='bbox 3206 4129 3425 4173; x_wconf 91' lang='lat' dir='ltr'><strong>secum</strong></span> <span class='ocrx_word' id='word_1_674' title='bbox 3489 4107 3725 4187; x_wconf 90' lang='lat' dir='ltr'><strong>trahit,</strong></span> <span class='ocrx_word' id='word_1_675' title='bbox 3788 4108 4093 4190; x_wconf 86' lang='lat' dir='ltr'><strong>iniquum</strong></span> <span class='ocrx_word' id='word_1_676' title='bbox 4160 4117 4338 4172; x_wconf 89' lang='lat' dir='ltr'><strong>esset</strong></span> 
     </span>
     <span class='ocr_line' id='line_1_96' title="bbox 2382 4193 4338 4279; baseline -0.002 -18"><span class='ocrx_word' id='word_1_677' title='bbox 2382 4197 2654 4261; x_wconf 87' lang='lat' dir='ltr'><strong>sinistra</strong></span> <span class='ocrx_word' id='word_1_678' title='bbox 2697 4195 3066 4279; x_wconf 89' lang='lat' dir='ltr'><strong>suspicione</strong></span> <span class='ocrx_word' id='word_1_679' title='bbox 3111 4195 3372 4279; x_wconf 87' lang='lat' dir='ltr'><strong>gravari</strong></span> <span class='ocrx_word' id='word_1_680' title='bbox 3417 4214 3610 4276; x_wconf 90' lang='lat' dir='ltr'><strong>quem</strong></span> <span class='ocrx_word' id='word_1_681' title='bbox 3647 4193 3894 4258; x_wconf 89' lang='lat' dir='ltr'><strong>iudices</strong></span> <span class='ocrx_word' id='word_1_682' title='bbox 3931 4202 4338 4278; x_wconf 86' lang='lat' dir='ltr'><strong>cognoscunt</strong></span> 
     </span>
     <span class='ocr_line' id='line_1_97' title="bbox 2382 4279 4337 4366; baseline -0.001 -20"><span class='ocrx_word' id='word_1_683' title='bbox 2382 4301 2526 4348; x_wconf 88' lang='lat' dir='ltr'><strong>esse</strong></span> <span class='ocrx_word' id='word_1_684' title='bbox 2570 4303 2809 4366; x_wconf 90' lang='lat' dir='ltr'><strong>purum</strong></span> <span class='ocrx_word' id='word_1_685' title='bbox 2855 4304 2894 4346; x_wconf 91' lang='lat' dir='ltr'><strong>a</strong></span> <span class='ocrx_word' id='word_1_686' title='bbox 2937 4281 3229 4345; x_wconf 78' lang='lat' dir='ltr'><strong>erimine.</strong></span> <span class='ocrx_word' id='word_1_687' title='bbox 3318 4280 3451 4344; x_wconf 91' lang='lat' dir='ltr'><strong>Hic</strong></span> <span class='ocrx_word' id='word_1_688' title='bbox 3509 4301 3627 4362; x_wconf 92' lang='lat' dir='ltr'><strong>pro</strong></span> <span class='ocrx_word' id='word_1_689' title='bbox 3684 4279 4007 4345; x_wconf 88' lang='lat' dir='ltr'><strong>iudicibus</strong></span> <span class='ocrx_word' id='word_1_690' title='bbox 4064 4280 4337 4363; x_wconf 84' lang='lat' dir='ltr'><strong>ponitur</strong></span> 
     </span>
     <span class='ocr_line' id='line_1_98' title="bbox 2382 4357 4335 4450; baseline -0.003 -14"><span class='ocrx_word' id='word_1_691' title='bbox 2382 4357 2606 4448; x_wconf 55' lang='lat' dir='ltr'><strong>timbre,</strong></span> <span class='ocrx_word' id='word_1_692' title='bbox 2652 4367 2823 4450; x_wconf 87' lang='grc'>(111611</span> <span class='ocrx_word' id='word_1_693' title='bbox 2867 4369 3125 4450; x_wconf 84' lang='lat' dir='ltr'><strong>proprie</strong></span> <span class='ocrx_word' id='word_1_694' title='bbox 3170 4366 3323 4431; x_wconf 90' lang='lat' dir='ltr'><strong>deos</strong></span> <span class='ocrx_word' id='word_1_695' title='bbox 3380 4366 3725 4449; x_wconf 88' lang='lat' dir='ltr'><strong>significat,</strong></span> <span class='ocrx_word' id='word_1_696' title='bbox 3771 4365 3925 4448; x_wconf 90' lang='lat' dir='ltr'><strong>quia</strong></span> <span class='ocrx_word' id='word_1_697' title='bbox 3968 4376 4070 4430; x_wconf 92' lang='lat' dir='ltr'><strong>est</strong></span> <span class='ocrx_word' id='word_1_698' title='bbox 4112 4365 4335 4448; x_wconf 90' lang='lat' dir='ltr'><strong>plura·</strong></span> 
     </span>
     <span class='ocr_line' id='line_1_99' title="bbox 2381 4452 4334 4535; baseline -0.001 -17"><span class='ocrx_word' id='word_1_699' title='bbox 2381 4454 2462 4519; x_wconf 85' lang='lat' dir='ltr'><strong>lis</strong></span> <span class='ocrx_word' id='word_1_700' title='bbox 2509 4454 2798 4519; x_wconf 90' lang='lat' dir='ltr'><strong>numeri:</strong></span> <span class='ocrx_word' id='word_1_701' title='bbox 2856 4475 3049 4535; x_wconf 92' lang='lat' dir='ltr'><strong>saepe</strong></span> <span class='ocrx_word' id='word_1_702' title='bbox 3108 4463 3329 4517; x_wconf 90' lang='lat' dir='ltr'><strong>tamen</strong></span> <span class='ocrx_word' id='word_1_703' title='bbox 3374 4472 3494 4534; x_wconf 95' lang='lat' dir='ltr'><strong>pro</strong></span> <span class='ocrx_word' id='word_1_704' title='bbox 3540 4452 3681 4516; x_wconf 91' lang='lat' dir='ltr'><strong>Deo</strong></span> <span class='ocrx_word' id='word_1_705' title='bbox 3725 4453 3997 4534; x_wconf 90' lang='lat' dir='ltr'><strong>capitur.</strong></span> <span class='ocrx_word' id='word_1_706' title='bbox 4089 4452 4334 4517; x_wconf 74' lang='lat' dir='ltr'><strong>Trans-</strong></span> 
     </span>
     <span class='ocr_line' id='line_1_100' title="bbox 2378 4536 4330 4605; baseline -0.001 -1"><span class='ocrx_word' id='word_1_707' title='bbox 2378 4540 2589 4605; x_wconf 87' lang='lat' dir='ltr'><strong>fertur</strong></span> <span class='ocrx_word' id='word_1_708' title='bbox 2634 4551 2852 4604; x_wconf 88' lang='lat' dir='ltr'><strong>antem</strong></span> <span class='ocrx_word' id='word_1_709' title='bbox 2900 4539 2982 4603; x_wconf 92' lang='lat' dir='ltr'><strong>ad</strong></span> <span class='ocrx_word' id='word_1_710' title='bbox 3026 4538 3275 4603; x_wconf 88' lang='grc'>16111666</span> <span class='ocrx_word' id='word_1_711' title='bbox 3320 4537 3655 4602; x_wconf 90' lang='lat' dir='ltr'><strong>ornandae</strong></span> <span class='ocrx_word' id='word_1_712' title='bbox 3701 4536 4060 4603; x_wconf 90' lang='lat' dir='ltr'><strong>vocationis</strong></span> <span class='ocrx_word' id='word_1_713' title='bbox 4103 4558 4330 4603; x_wconf 90' lang='lat' dir='ltr'><strong>causa:</strong></span> 
     </span>
     <span class='ocr_line' id='line_1_101' title="bbox 2379 4624 4330 4709; baseline -0.003 -18"><span class='ocrx_word' id='word_1_714' title='bbox 2379 4629 2685 4709; x_wconf 87' lang='lat' dir='ltr'><strong>qnoniam</strong></span> <span class='ocrx_word' id='word_1_715' title='bbox 2732 4628 2804 4689; x_wconf 92' lang='lat' dir='ltr'><strong>in</strong></span> <span class='ocrx_word' id='word_1_716' title='bbox 2850 4646 2971 4690; x_wconf 88' lang='grc'><strong>666</strong></span> <span class='ocrx_word' id='word_1_717' title='bbox 3012 4626 3348 4690; x_wconf 87' lang='lat' dir='ltr'><strong>functione</strong></span> <span class='ocrx_word' id='word_1_718' title='bbox 3394 4624 3520 4688; x_wconf 91' lang='lat' dir='ltr'><strong>Dei</strong></span> <span class='ocrx_word' id='word_1_719' title='bbox 3578 4643 3921 4705; x_wconf 88' lang='lat' dir='ltr'><strong>personam</strong></span> <span class='ocrx_word' id='word_1_720' title='bbox 3983 4625 4330 4702; x_wconf 89' lang='lat' dir='ltr'><strong>sustinent,</strong></span> 
     </span>
     <span class='ocr_line' id='line_1_102' title="bbox 2376 4710 4330 4792; baseline -0.001 -16"><span class='ocrx_word' id='word_1_721' title='bbox 2376 4713 2451 4776; x_wconf 92' lang='lat' dir='ltr'><strong>in</strong></span> <span class='ocrx_word' id='word_1_722' title='bbox 2496 4714 2681 4778; x_wconf 90' lang='lat' dir='ltr'><strong>cuius</strong></span> <span class='ocrx_word' id='word_1_723' title='bbox 2726 4711 2923 4775; x_wconf 89' lang='lat' dir='ltr'><strong>nnius</strong></span> <span class='ocrx_word' id='word_1_724' title='bbox 2968 4732 3171 4776; x_wconf 89' lang='lat' dir='ltr'><strong>manu</strong></span> <span class='ocrx_word' id='word_1_725' title='bbox 3217 4720 3320 4775; x_wconf 89' lang='lat' dir='ltr'><strong>est</strong></span> <span class='ocrx_word' id='word_1_726' title='bbox 3359 4730 3555 4775; x_wconf 92' lang='lat' dir='ltr'><strong>omne</strong></span> <span class='ocrx_word' id='word_1_727' title='bbox 3611 4710 3960 4792; x_wconf 89' lang='lat' dir='ltr'><strong>imperinm</strong></span> <span class='ocrx_word' id='word_1_728' title='bbox 4005 4717 4073 4774; x_wconf 91' lang='lat' dir='ltr'><strong>et</strong></span> <span class='ocrx_word' id='word_1_729' title='bbox 4114 4718 4330 4791; x_wconf 88' lang='lat' dir='ltr'><strong>potes-</strong></span> 
     </span>
     <span class='ocr_line' id='line_1_103' title="bbox 2377 4791 4330 4882; baseline -0.003 -20"><span class='ocrx_word' id='word_1_730' title='bbox 2377 4807 2500 4864; x_wconf 81' lang='lat' dir='ltr'><strong>tas,</strong></span> <span class='ocrx_word' id='word_1_731' title='bbox 2568 4796 2727 4863; x_wconf 91' lang='lat' dir='ltr'><strong>Ideo</strong></span> <span class='ocrx_word' id='word_1_732' title='bbox 2749 4796 3054 4863; x_wconf 85' lang='lat' dir='ltr'><strong>Christus</strong></span> <span class='ocrx_word' id='word_1_733' title='bbox 3090 4795 3347 4882; x_wconf 90' lang='lat' dir='ltr'><strong>(Ioban.</strong></span> <span class='ocrx_word' id='word_1_734' title='bbox 3400 4796 3499 4871; x_wconf 87' lang='lat'><strong>10,</strong></span> <span class='ocrx_word' id='word_1_735' title='bbox 3543 4794 3654 4880; x_wconf 89' lang='lat'><strong>34)</strong></span> <span class='ocrx_word' id='word_1_736' title='bbox 3701 4795 3856 4860; x_wconf 90' lang='lat' dir='ltr'><strong>dicit</strong></span> <span class='ocrx_word' id='word_1_737' title='bbox 3891 4795 4112 4860; x_wconf 85' lang='lat' dir='ltr'><strong>vocari</strong></span> <span class='ocrx_word' id='word_1_738' title='bbox 4158 4791 4330 4872; x_wconf 87' lang='grc'>11666,</span> 
     </span>
     <span class='ocr_line' id='line_1_104' title="bbox 2375 4881 4329 4967; baseline -0.004 -18"><span class='ocrx_word' id='word_1_739' title='bbox 2375 4885 2531 4967; x_wconf 90' lang='lat' dir='ltr'><strong>quia</strong></span> <span class='ocrx_word' id='word_1_740' title='bbox 2574 4884 2656 4948; x_wconf 89' lang='lat' dir='ltr'><strong>ad</strong></span> <span class='ocrx_word' id='word_1_741' title='bbox 2698 4903 2808 4949; x_wconf 88' lang='grc'><strong>666</strong></span> <span class='ocrx_word' id='word_1_742' title='bbox 2852 4903 3067 4948; x_wconf 90' lang='lat' dir='ltr'><strong>sermo</strong></span> <span class='ocrx_word' id='word_1_743' title='bbox 3111 4881 3240 4946; x_wconf 92' lang='lat' dir='ltr'><strong>Dei</strong></span> <span class='ocrx_word' id='word_1_744' title='bbox 3283 4883 3495 4946; x_wconf 86' lang='lat' dir='ltr'><strong>factus</strong></span> <span class='ocrx_word' id='word_1_745' title='bbox 3540 4893 3673 4946; x_wconf 90' lang='lat' dir='ltr'><strong>est:</strong></span> <span class='ocrx_word' id='word_1_746' title='bbox 3721 4902 3976 4963; x_wconf 91' lang='lat' dir='ltr'><strong>nempe,</strong></span> <span class='ocrx_word' id='word_1_747' title='bbox 4021 4889 4097 4944; x_wconf 92' lang='lat' dir='ltr'><strong>ut</strong></span> <span class='ocrx_word' id='word_1_748' title='bbox 4139 4899 4329 4961; x_wconf 88' lang='lat' dir='ltr'><strong>prae·</strong></span> 
     </span>
     <span class='ocr_line' id='line_1_105' title="bbox 2374 4962 4328 5050; baseline -0.003 -15"><span class='ocrx_word' id='word_1_749' title='bbox 2374 4971 2512 5035; x_wconf 89' lang='lat' dir='ltr'><strong>sint</strong></span> <span class='ocrx_word' id='word_1_750' title='bbox 2556 4969 2698 5035; x_wconf 90' lang='lat' dir='ltr'><strong>eius</strong></span> <span class='ocrx_word' id='word_1_751' title='bbox 2744 4969 3027 5047; x_wconf 89' lang='lat' dir='ltr'><strong>nomine,</strong></span> <span class='ocrx_word' id='word_1_752' title='bbox 3075 4978 3143 5033; x_wconf 88' lang='lat' dir='ltr'><strong>et</strong></span> <span class='ocrx_word' id='word_1_753' title='bbox 3185 4987 3382 5050; x_wconf 90' lang='lat' dir='ltr'><strong>super</strong></span> <span class='ocrx_word' id='word_1_754' title='bbox 3426 4967 3588 5032; x_wconf 89' lang='lat' dir='ltr'><strong>alios</strong></span> <span class='ocrx_word' id='word_1_755' title='bbox 3634 4967 3985 5032; x_wconf 90' lang='lat' dir='ltr'><strong>emineant.</strong></span> <span class='ocrx_word' id='word_1_756' title='bbox 4060 4962 4211 5046; x_wconf 77' lang='lat' dir='ltr'><strong>Qua</strong></span> <span class='ocrx_word' id='word_1_757' title='bbox 4247 4963 4328 5030; x_wconf 91' lang='lat' dir='ltr'><strong>de</strong></span> 
     </span>
     <span class='ocr_line' id='line_1_106' title="bbox 2372 5054 3699 5137; baseline -0.003 -16"><span class='ocrx_word' id='word_1_758' title='bbox 2372 5079 2446 5121; x_wconf 91' lang='lat' dir='ltr'><strong>re</strong></span> <span class='ocrx_word' id='word_1_759' title='bbox 2489 5057 2735 5121; x_wconf 90' lang='lat' dir='ltr'><strong>dictum</strong></span> <span class='ocrx_word' id='word_1_760' title='bbox 2782 5055 2908 5119; x_wconf 83' lang='lat' dir='ltr'><strong>fuit</strong></span> <span class='ocrx_word' id='word_1_761' title='bbox 2947 5056 3017 5119; x_wconf 89' lang='lat' dir='ltr'><strong>in</strong></span> <span class='ocrx_word' id='word_1_762' title='bbox 3062 5054 3290 5137; x_wconf 87' lang='lat' dir='ltr'><strong>quinto</strong></span> <span class='ocrx_word' id='word_1_763' title='bbox 3335 5062 3699 5137; x_wconf 87' lang='lat' dir='ltr'><strong>praecepto.</strong></span> 
     </span>
    </p>
   </div>
   <div class='ocr_carea' id='block_1_10' title="bbox 2368 5246 2783 5259">
    <p class='ocr_par' dir='ltr' id='par_1_12' title="bbox 2368 5246 2783 5259">
     <span class='ocr_line' id='line_1_107' title="bbox 2368 5246 2783 5259; baseline 0 891"><span class='ocrx_word' id='word_1_764' title='bbox 2368 5246 2783 5259; x_wconf 95' lang='lat' dir='ltr'><strong> </strong></span> 
     </span>
    </p>
   </div>
   <div class='ocr_carea' id='block_1_11' title="bbox 2548 5378 3014 5450">
    <p class='ocr_par' dir='ltr' id='par_1_13' title="bbox 2548 5378 3014 5450">
     <span class='ocr_line' id='line_1_108' title="bbox 2548 5378 3014 5450; baseline -0.004 -15"><span class='ocrx_word' id='word_1_765' title='bbox 2548 5381 2606 5450; x_wconf 95' lang='lat'><strong>1)</strong></span> <span class='ocrx_word' id='word_1_766' title='bbox 2639 5380 2807 5435; x_wconf 76' lang='lat' dir='ltr'><strong>Hebr.</strong></span> <span class='ocrx_word' id='word_1_767' title='bbox 2844 5378 2930 5447; x_wconf 77' lang='lat'><strong>22,</strong></span> <span class='ocrx_word' id='word_1_768' title='bbox 2965 5378 3014 5433; x_wconf 88' lang='lat'><strong>8.</strong></span> 
     </span>
    </p>
   </div>
  </div>
 </body>
</html>
