4867 6150
333 451 456 517 173

329 638 515 719 licet,
574 647 651 704 ut
709 647 931 705 tamen
990 661 1148 706 vere
1192 660 1421 706 omnes
1466 661 1699 725 panem
1747 641 2194 724 quotidianum
2240 660 2280 704 a

329 726 480 794 Deo
523 727 875 809 postulent.
966 726 1045 791 Id
1097 735 1315 792 autem
1375 728 1490 793 fiet
1531 728 1589 792 si
1633 749 1761 793 non
1821 726 2011 791 avide
2053 728 2279 809 ingur-

332 812 547 896 gitent
592 811 832 877 divites
879 812 1192 896 quidquid
1235 813 1624 879 contrahere
1659 812 1743 877 ad
1778 834 1850 878 se
1893 824 2186 895 possunt,
2223 811 2280 876 si

330 918 461 962 non
502 917 698 965 avare
733 896 889 964 hine
923 898 1078 964 inde
1114 898 1483 978 corradant,
1530 901 1585 965 si
1623 920 1755 964 non
1793 920 1875 964 ex
1917 918 2280 982 pauperum

332 983 548 1049 esurie
591 985 802 1049 saturi
846 985 1011 1061 sint,
1070 987 1124 1048 si
1185 1007 1317 1050 non
1372 986 1792 1069 supprimant
1844 996 2162 1067 quantum
2209 983 2277 1048 in

332 1091 403 1136 se
447 1077 550 1134 est
593 1070 720 1135 Dei
765 1069 1314 1152 benedictionem,
1359 1071 1414 1136 si
1460 1069 1739 1153 denique
1783 1091 1911 1135 non
1958 1071 2280 1152 intempe-

330 1165 557 1221 ranter
579 1155 997 1221 accumulent
1032 1177 1307 1240 magnos
1350 1178 1637 1237 acervos,
1673 1157 1788 1222 sed
1825 1176 1907 1220 ex
1949 1156 2278 1239 praesenti

332 1242 520 1324 copia
584 1241 721 1306 sint
785 1240 1118 1318 liberales,
1187 1264 1314 1308 non
1385 1245 1519 1308 sint
1583 1244 1655 1306 in
1722 1244 2013 1308 futurum
2084 1241 2280 1306 nimis

331 1328 540 1404 anxii,
584 1347 658 1392 ac
704 1348 776 1392 se
819 1327 1119 1392 imminui
1164 1326 1247 1414 (si
1284 1349 1449 1412 epus
1485 1327 1598 1416 sit)
1634 1351 1767 1394 non
1804 1349 1997 1412 aegre
2032 1328 2275 1393 ferant:

329 1413 463 1479 imo
510 1411 749 1478 animis
794 1415 1008 1496 parati
1043 1416 1178 1479 sint
1214 1413 1295 1479 ad
1332 1414 1668 1480 ferendam
1705 1414 2112 1500 pauperiem:
2161 1435 2279 1479 nec

330 1499 698 1582 glorientur
739 1498 810 1563 in
856 1520 973 1564 sua
1017 1498 1422 1566 abundantia
1478 1501 1592 1566 sed
1636 1502 1705 1565 in
1765 1513 2105 1584 paternam
2153 1498 2279 1564 Dei

327 1584 693 1650 bonitatem
739 1584 1141 1651 recumbant.
1230 1587 1324 1650 Et
1365 1595 1542 1652 certe
1597 1590 1816 1653 avaris
1859 1606 2051 1669 saepe
2100 1583 2278 1649 vide—

329 1691 484 1736 mus
529 1668 702 1754 qued
749 1671 960 1749 furtis,
1007 1673 1272 1756 rapinis,
1319 1671 1679 1750 fraudibus,
1725 1671 2001 1749 insidiis,
2046 1669 2280 1737 crude-

329 1757 522 1822 litate
567 1756 673 1821 vel
716 1756 1018 1822 sordibus
1062 1758 1436 1837 cumulant,
1482 1758 1743 1823 tandem
1789 1758 1919 1823 illis
1962 1757 2033 1821 in
2077 1758 2279 1821 foeto-

329 1862 475 1910 rem
500 1844 689 1908 verti.
735 1841 864 1908 Ubi
888 1842 1101 1908 addit:
1139 1844 1501 1928 Postquam
1531 1843 1835 1909 viderunt
1856 1842 2280 1908 immodicum

332 1926 635 1995 ardorem
716 1948 939 1995 carere
1016 1931 1339 2011 profectu,
1420 1930 1822 2013 acquievisse
1900 1938 2279 2012 praecepto:

331 2014 691 2099 significat,
758 2035 886 2079 nen
957 2015 1433 2095 voluntarium,
1499 2015 1611 2080 sed
1679 2025 2014 2081 extortum
2080 2017 2281 2079 fuisse

333 2101 738 2183 obsequium,
760 2100 950 2165 sicuti
975 2101 1161 2166 stulti
1201 2101 1466 2166 nonnisi
1505 2102 1678 2166 malo
1709 2111 1972 2185 accepto
1995 2101 2278 2184 sapiunt.

333 2185 532 2268 Quod
576 2198 798 2250 autem
846 2206 999 2251 man
1045 2188 1261 2253 calore
1305 2188 1461 2253 solis
1506 2188 1910 2270 liquefiebat,
1971 2185 2282 2252 stimulus

329 2272 468 2338 illis
511 2272 636 2336 fuit
679 2272 761 2338 ad
806 2272 1258 2356 corrigendam
1319 2275 1650 2358 ignaviam
1673 2325 1688 2349 ‚
1749 2273 1856 2338 vel
1915 2273 2281 2357 pigritiem:

333 2360 489 2443 quia
531 2359 585 2423 si
648 2366 781 2422 toto
841 2357 945 2423 die
1004 2380 1161 2425 man
1218 2361 1547 2443 integrum
1611 2359 1941 2436 durasset,
1999 2381 2130 2423 non
2190 2360 2282 2422 ita

329 2445 614 2511 fuissent
668 2443 748 2507 ad
818 2444 1100 2510 officium
1147 2449 1397 2510 attenti.
1487 2446 1668 2529 Ergo
1726 2444 1911 2509 Deus
1969 2446 2280 2527 exiguum

331 2541 595 2616 tempus
639 2528 1029 2609 concedens,
1075 2529 1156 2596 ad
1202 2532 1613 2597 sedulitatem
1661 2553 1769 2596 eos
1814 2531 2116 2596 hortatus
2161 2538 2280 2594 est.

506 2616 610 2681 22.
679 2615 838 2681 Fuit
899 2622 1106 2682 autem
1171 2618 1274 2683 dic
1334 2622 1518 2684 sca-tc.
1620 2615 1929 2682 Nondum
1995 2616 2279 2681 refertur

328 2701 599 2768 violatio
644 2701 973 2780 sabbathi,
1031 2702 1144 2769 sed
1189 2713 1446 2769 tantum
1489 2701 1856 2769 ostenditur
1899 2712 2130 2786 stupor
2173 2702 2278 2768 vel

328 2790 536 2855 nimis
579 2808 799 2853 crassa
842 2789 1106 2854 inscitia
1150 2789 1312 2873 ipsis
1354 2788 1647 2855 ducibus.
1736 2789 2059 2870 Quamvis
2103 2789 2278 2853 enim

327 2873 671 2940 audissent
733 2896 816 2939 ex
868 2895 983 2939 ore
1040 2875 1279 2955 Mosis‚
1338 2876 1554 2941 Deum
1620 2875 1733 2939 illo
1798 2874 1902 2939 die
1969 2874 2276 2940 daturum

326 2960 507 3045 quod
554 2959 734 3024 bidui
780 2959 1113 3026 alimentis
1156 2961 1319 3027 satis
1376 2970 1583 3040 esset,
1638 2961 1965 3025 mirantur
2030 2970 2274 3039 tamen,

328 3061 398 3116 et
444 3066 587 3112 rem
629 3047 813 3129 quasi
858 3066 1094 3113 nevam
1143 3058 1338 3130 atque
1380 3045 1830 3112 incredibilem
1876 3047 2049 3113 Mosi
2103 3067 2276 3112 nun·

326 3136 531 3203 ciant.
618 3132 844 3199 Facile
889 3142 1163 3218 apparet
1206 3134 1501 3216 paruisse
1545 3133 1805 3218 quidem
1852 3134 2146 3216 imperio,
2194 3156 2278 3198 ne

323 3221 542 3287 labori
585 3230 929 3303 parcerent
971 3221 1040 3284 in
1084 3219 1453 3304 colligenda
1503 3220 1798 3303 portione
1842 3218 2116 3303 duplici:
2163 3218 2278 3283 sed

323 3304 759 3375 incredulitas
803 3314 871 3371 et
912 3305 1211 3376 socordia
1251 3308 1318 3370 in
1366 3328 1441 3372 eo
1486 3326 1557 3371 se
1590 3303 1805 3388 prodit
1842 3304 2013 3388 quod
2054 3305 2276 3370 obstu-

323 3401 643 3480 pescunt,
701 3391 815 3457 ubi
870 3413 942 3456 re
1000 3392 1144 3475 ipsa
1199 3393 1518 3474 praestari
1577 3391 1806 3457 vident
1860 3391 2035 3473 quod
2093 3388 2279 3456 Deus

321 3478 740 3566 promiserat.
808 3476 1159 3543 Caeterum
1198 3478 1718 3556 coniicere-licet,
1764 3481 2014 3543 curiose
2058 3475 2276 3542 obser-

323 3586 524 3636 vasse
567 3562 739 3648 qued
783 3584 892 3628 ees
939 3563 1010 3628 in
1069 3562 1568 3629 admirationem
1626 3564 1851 3628 traxit.
1940 3562 2134 3629 Unde
2178 3585 2277 3628 se-

326 3652 592 3736 quitur,
648 3648 847 3714 fidem
906 3650 1256 3734 abrogasse
1301 3648 1424 3715 Dei
1485 3648 1716 3727 verbo,
1776 3648 1980 3715 donec
2042 3649 2277 3715 effectu

319 3736 605 3824 probata
648 3735 773 3801 fuit
817 3735 958 3801 eius
1002 3738 1267 3802 veritas.
1359 3735 1493 3802 Sed
1538 3735 1906 3802 admirabili
1951 3736 2077 3801 Dei
2122 3755 2278 3801 con·

323 3823 481 3890 silio
521 3823 763 3888 factum
800 3833 900 3888 est
932 3829 1010 3886 ut
1046 3822 1338 3906 maligna
1359 3842 1583 3887 eorum
1609 3842 1937 3904 pravaque
1960 3821 2280 3888 dubitatio

321 3919 468 3975 tam
514 3908 595 3972 ad
641 3906 941 3974 miraculi
986 3909 1568 3985 confirmationem,
1615 3928 1814 3991 quam
1859 3906 1940 3972 ad
1978 3908 2278 3974 sabbathi

320 3994 854 4063 observationem
892 3993 1246 4077 prodoeset.
1294 3994 1472 4059 Hine
1493 3993 1647 4058 data
1668 3993 1791 4058 fuit
1809 3993 1982 4058 Mesi
2008 3995 2278 4075 occasio,

319 4093 405 4149 nt
450 4080 735 4147 seeundo
777 4080 907 4145 illis
954 4079 1358 4163 praediceret
1401 4080 1575 4164 quod
1621 4079 1860 4162 alioqui
1903 4079 2074 4145 forte
2109 4090 2281 4146 esset

320 4167 737 4252 neglectum:
786 4187 1018 4249 nempe
1062 4179 1137 4231 ut
1181 4176 1476 4232 sanctam
1521 4168 1804 4248 quietem
1851 4165 1958 4231 die
2001 4167 2279 4249 septime

319 4254 635 4322 colerent.

505 4339 609 4404 27.
646 4338 897 4404 Accidit
926 4343 1129 4403 autem
1161 4337 1263 4403 dic
1296 4339 1574 4420 septimo.
1632 4338 1821 4404 Haec
1855 4347 1957 4403 est
1990 4336 2280 4403 secunda

319 4427 804 4510 transgressiO,
876 4423 1044 4507 quod
1116 4424 1220 4489 die
1286 4425 1565 4507 septimo
1632 4424 1876 4509 egressi
1943 4423 2279 4489 violarunt

317 4511 633 4580 sabbathi
669 4510 939 4576 cultum.
1006 4510 1184 4575 Hinc
1218 4518 1436 4575 autem
1477 4519 1895 4594 praepostera
1936 4508 2053 4574 illa
2094 4510 2274 4593 cupi·

320 4598 501 4664 ditas
545 4604 701 4662 nata
743 4604 860 4676 est,
908 4596 1079 4680 quod
1124 4616 1253 4661 non
1299 4606 1618 4680 putarunt
1660 4618 1815 4663 vere
1859 4617 1898 4662 a
1921 4595 2107 4662 Mose
2150 4597 2276 4663 dici

319 4682 507 4769 quod
549 4702 761 4766 nuper
804 4682 1196 4748 audivimus.
1267 4680 1462 4747 Clare
1506 4683 1685 4748 enim
1729 4683 2276 4764 pronunciaverat

315 4790 489 4840 man
525 4789 658 4833 non
692 4778 1086 4852 reperturos.
1147 4766 1473 4834 Mendacii
1510 4790 1582 4834 er
1703 4788 1851 4834 eum
1872 4768 2275 4848 insimulant,

319 4856 490 4922 dum
534 4856 740 4921 oculis
781 4856 921 4920 suis
966 4856 1196 4921 volunt
1238 4853 1520 4921 eredere.
1630 4862 1859 4920 nterea
1901 4874 2022 4938 pro
2065 4854 2274 4920 nihilo

317 4943 414 5010 ab
457 4941 615 5024 ipsis
659 4940 854 5006 ducta
885 4940 1015 5006 fuit
1049 4939 1349 5007 sabbathi
1393 4940 1655 5025 religio:
1699 4942 1834 5005 imo
1868 4941 2082 5008 conati
2119 4950 2278 5006 sunt

319 5027 504 5094 diem
550 5048 739 5110 quem
787 5026 1310 5094 sanctificaverat
1352 5028 1536 5093 Deus
1581 5027 1944 5110 profanare,
1989 5036 2063 5091 ut
2107 5026 2275 5092 nihil

321 5112 419 5180 ab
461 5113 604 5179 aliis
648 5111 959 5178 differret.
1039 5113 1284 5179 Merito
1327 5112 1552 5197 itaque
1594 5123 1731 5178 tam
1777 5113 2006 5178 acerbe
2048 5112 2120 5176 in
2164 5134 2275 5178 eos

319 5198 666 5267 invehitur
722 5198 923 5265 Deus.
1024 5198 1195 5265 Nam
1247 5199 1480 5265 Mosen
1546 5198 1946 5282 compellans
2002 5199 2073 5263 in
2134 5199 2275 5265 eius

322 5306 613 5371 persona
654 5285 1085 5369 praefractam
1129 5285 1330 5351 tetius
1370 5284 1592 5369 populi
1629 5285 1945 5351 malitiam
1990 5294 2272 5352 accusat.

320 5372 485 5443 ‘Non
524 5385 671 5438 erat
711 5381 888 5439 certe
930 5372 1152 5438 Moses
1208 5393 1386 5437 unus
1442 5392 1525 5437 ex
1573 5392 1801 5438 eorum
1848 5390 2119 5438 numero
2162 5372 2273 5456 qui

1474 450 2218 520 COMMENTARIUS
2263 450 2364 517 IN
2408 451 2712 519 BXODI
2754 451 2956 520 OAP.
3000 452 3194 519 XVI.
3284 438 3289 443 ’

4204 454 4329 518 174

2383 642 2704 707 abnueret
2726 663 2990 708 servare
3014 644 3138 709 Dei
3164 642 3372 726 leges:
3400 643 3515 708 sed
3537 643 3659 709 hac
3730 642 3974 708 enerali
3997 644 4321 708 sententia

2382 726 2836 793 vehementius
2881 731 3198 812 pungitur
3240 729 3435 795 turba
3477 750 3644 811 quae
3682 664 3976 812 {eliquia
4021 737 4088 793 et
4121 729 4329 794 maior

2381 814 2753 897 iniungitur
2797 814 2967 879 Mesi
3020 815 3373 880 necessitas
3432 814 3798 900 castigandi
3856 814 4110 899 pepuli,
4169 812 4326 879 dum

2383 920 2538 982 pars
2604 899 2836 983 culpae
2901 901 2970 964 in
3038 901 3254 983 ipsum
3338 900 3751 966 transfertur.
3858 901 3941 965 In
4009 901 4330 984 particula

2383 983 2757 1068 Quousque,
2804 984 3173 1052 subindicat
3196 986 3376 1069 Deus
3420 986 3690 1051 minime
3736 985 4139 1051 tolerabilem
4187 1006 4328 1051 esse

2381 1090 2604 1136 eorum
2660 1071 3126 1156 pervicaciam,
3184 1071 3356 1154 quod
3415 1072 3670 1137 nullum
3726 1073 3968 1138 faciant
4019 1070 4331 1156 peccandi

2380 1157 2615 1234 finem,
2695 1156 2810 1223 sed
2889 1158 3080 1224 novis
3145 1156 3502 1224 sceleribus
3569 1159 3880 1223 maiorem
3971 1157 4328 1224 vindictam

2381 1241 2658 1307 subinde
2717 1241 3167 1325 provocando,
3236 1242 3683 1310 intractabiles
3735 1265 3805 1309 se
3864 1263 4007 1309 esse
4061 1244 4328 1309 demen-

2379 1336 2609 1393 strent.

2554 1499 2655 1564 31.
2703 1499 3072 1583 Appellavit
3114 1506 3322 1566 autem
3364 1500 3586 1567 domus
3629 1499 3839 1566 Israel
3880 1520 4097 1566 nomen
4148 1499 4329 1566 illius

2379 1606 2561 1652 man.-
2601 1591 2658 1651 ct
2698 1589 2833 1651 crat
2877 1588 3067 1668 quasi
3109 1607 3312 1653 semen
3355 1586 3679 1652 coriandri
3721 1586 3962 1663 album,
4016 1590 4070 1652 ct
4106 1590 4330 1670 qustus

2380 1674 2522 1738 eius
2562 1673 2754 1754 quasi
2783 1673 3078 1754 placenta
3120 1672 3374 1739 mellita.
3441 1672 3545 1737 32.
3594 1670 3683 1738 Et
3723 1672 3888 1736 dixit
3909 1670 4150 1738 Moses.-
4194 1671 4330 1737 Hoc

2381 1764 2472 1824 est
2523 1757 2778 1823 verbum
2829 1759 2990 1839 qaod
3044 1759 3369 1825 mandavit
3428 1759 3691 1824 Ichova:
3749 1756 3953 1840 Imple
4007 1757 4216 1823 homer
4251 1777 4330 1822 cx

2380 1864 2448 1910 eo
2489 1845 2652 1924 quod
2691 1849 2967 1910 servetur
3008 1846 3079 1909 in
3123 1849 3351 1911 aetates
3390 1850 3651 1923 vesu-ae,
3703 1848 3772 1907 ut
3812 1844 4065 1909 videant
4090 1863 4329 1925 panem

2381 1950 2502 2012 qao
2545 1930 2750 1996 cibavi
2790 1951 2900 1995 vos
2941 1931 3006 1995 in
3052 1931 3315 2006 deserte,
3379 1931 3628 2012 quando
3691 1930 3882 1995 eduxi
3937 1950 4046 1996 vos
4089 1950 4121 1995 c
4161 1933 4330 1993 terra

2381 2015 2668 2099 Aeyypti.
2757 2015 2860 2080 33.
2907 2015 2994 2080 Et
3031 2018 3126 2082 ait
3162 2016 3374 2082 Moses
3415 2017 3500 2081 ad
3535 2015 3836 2080 Aharon.-
3889 2015 4059 2080 Tolle
4099 2034 4331 2079 urnam

2381 2122 2608 2182 anam,
2651 2107 2709 2167 et
2737 2121 2904 2183 pone
2945 2104 3017 2166 in
3058 2124 3132 2168 ea
3174 2102 3383 2169 homer
3422 2103 3732 2184 integrum
3773 2122 3952 2181 man,
4012 2105 4068 2167 et
4106 2120 4330 2183 repone

2382 2188 2545 2253 illud
2599 2207 2807 2253 coram
2854 2186 3081 2253 Ichova
3137 2188 3207 2252 in
3260 2188 3606 2253 custodiam
3661 2188 3733 2252 in
3789 2191 4017 2253 aetates
4067 2192 4326 2252 vestras,

2383 2274 2486 2338 34.
2560 2272 2739 2338 Sicut
2789 2281 3200 2357 praeceperat
3265 2273 3497 2340 Ielzova
3564 2273 3763 2350 Moci,
3828 2273 4108 2353 reposuit
4168 2271 4332 2338 illud

2382 2360 2653 2425 Aharon
2694 2379 2901 2425 coram
2944 2361 3289 2425 testimonio
3332 2362 3402 2426 in
3443 2360 3806 2426 custodiam.
3874 2358 3976 2423 35.
4025 2358 4114 2424 Et
4145 2378 4332 2424 comc-

2380 2447 2608 2511 derunt
2654 2445 2782 2526 filii
2840 2446 3052 2511 Israel
3116 2466 3267 2510 man
3336 2445 3766 2529 quadrayinta
3833 2446 4026 2510 annis
4055 2494 4073 2524 ,
4139 2444 4338 2508 donec

2380 2533 2691 2598 venissent
2734 2533 2803 2596 in
2846 2536 3082 2597 terram
3125 2531 3565 2597 habitandam:
3616 2550 3764 2596 man
3807 2531 4021 2612 ipsam
4065 2530 4331 2595 comede-

2381 2622 2533 2682 runt
2548 2667 2563 2697 ‚
2608 2619 2794 2683 donec
2846 2618 3157 2683 venissent
3212 2618 3299 2683 ad
3355 2618 3693 2683 terminum
3749 2622 3952 2683 terrae
4007 2614 4329 2682 Chanaan.

2380 2703 2485 2769 36.
2537 2702 2738 2769 Porro
2781 2701 2990 2769 homer
3033 2709 3124 2769 est
3163 2705 3406 2769 decima
3440 2724 3605 2788 pars
3643 2702 3818 2786 epha.

2556 2875 2658 2940 31.
2705 2874 3075 2957 Appellavit
3132 2880 3355 2940 autem.
3445 2875 3509 2939 N
3511 2896 3596 2939 en
3641 2875 3755 2940 abs
3814 2895 3887 2938 re
3944 2875 4185 2939 iterum
4226 2896 4328 2940 re·

2383 2963 2550 3044 petit
2595 2962 2815 3027 Moses
2860 2960 3032 3044 quod
3086 2969 3243 3025 ante
3302 2960 3591 3042 dixerat,
3646 2980 3886 3025 nomen
3931 2980 4087 3024 man
4130 2960 4330 3026 fuisse

2382 3047 2760 3132 impositum
2821 3066 2990 3113 nove
3044 3044 3184 3114 cibo
3243 3068 3437 3131 quem
3494 3047 3677 3112 Deus
3743 3054 4189 3130 suggesserat,
4256 3053 4333 3112 ut

2381 3133 2716 3217 improbae
2772 3133 3172 3217 pervicaciae
3230 3132 3626 3198 damnentur
3682 3133 4059 3216 quicunque
4119 3131 4198 3196 de
4257 3155 4330 3199 re

2380 3219 2542 3285 adeo
2586 3229 2826 3286 testata
2869 3220 3318 3302 quaestionem
3355 3239 3618 3284 movere
3656 3218 4020 3284 audebunt:
4069 3217 4327 3300 quando

2381 3306 2692 3391 malignis
2737 3307 2974 3388 alioqui
3020 3314 3086 3369 et
3127 3306 3403 3389 ingratis
3450 3324 3673 3371 vocem
3711 3304 3882 3371 hane
3916 3304 4197 3370 extorsit
4230 3305 4325 3370 rei

2380 3392 2830 3476 perspicuitas.
2921 3390 3166 3457 Forma
3208 3390 3291 3456 ad
3335 3390 3737 3474 probandam
3782 3391 4079 3457 miraculi
4133 3391 4325 3457 certi-

2382 3478 2677 3544 tudinem
2742 3477 3165 3560 exprimitur,
3222 3499 3457 3560 nempe
3516 3476 3689 3561 quod
3744 3476 4026 3542 rotunda
4082 3476 4327 3542 fuerint

2380 3586 2589 3648 grana
2631 3575 2699 3630 et
2741 3564 2982 3630 similia
3025 3562 3405 3630 coriandro:
3472 3564 3627 3646 quia
3685 3562 3852 3627 nihil
3910 3561 4127 3628 simile
4172 3571 4324 3628 ante

2379 3652 2594 3717 visum
2632 3650 2861 3716 fuerat.
2922 3648 3139 3732 Sapor
3174 3648 3712 3734 ingratitudinem
3749 3648 3975 3732 populi
4010 3649 4323 3733 coarguit,

2380 3737 2492 3821 qui
2553 3737 2774 3803 cibum
2830 3757 2960 3801 non
3018 3734 3210 3800 modo
3273 3735 3582 3801 idoneum
3649 3745 3716 3799 et
3780 3735 4144 3813 salubrem,
4209 3735 4324 3800 sed

2379 3833 2582 3907 gustu
2627 3823 2766 3906 ipso
2809 3821 3271 3887 suavissimum
3316 3821 3659 3905 respuerit.

2552 3908 2655 3974 32.
2703 3906 2792 3973 Et
2830 3908 2993 3973 dixit
3030 3906 3253 3973 Moses.
3331 3907 3481 3973 Non
3525 3906 3819 3973 contexit
3852 3906 4075 3973 Moses
4118 3906 4325 3972 histo-

2379 3996 2548 4060 riam
2591 4015 2709 4060 suo
2748 3992 2993 4073 ordine,
3029 3993 3142 4059 sed
3190 3993 3562 4059 narratione
3595 3991 3743 4055 κατὰ
3774 3989 4076 4078 πρόληψιν
4117 3992 4184 4056 in
4194 4000 4325 4057 ter-

2380 4083 2626 4166 posita,
2706 4080 2942 4146 melius
3020 4079 3368 4146 confirmat
3432 4077 3752 4162 singulari
3816 4077 3944 4143 Dei
4011 4077 4325 4143 beneficio

2381 4177 2670 4233 creatum
2718 4176 2875 4233 tunc
2918 4165 3123 4231 fuisse
3176 4164 3414 4249 populo
3470 4165 3888 4230 alimentum:
3946 4164 4098 4247 quia
4142 4165 4327 4231 Deus

2380 4254 2451 4319 in
2496 4265 2996 4318 monumentum
3041 4251 3291 4317 servari
3343 4251 3547 4318 voluit
3590 4249 3820 4314 hemer
3864 4272 4103 4329 unum,
4156 4250 4328 4334 qued

2382 4339 2565 4404 nullo
2630 4338 2876 4404 foetore
2942 4346 3317 4421 corruptum
3334 4388 3351 4416 ,
3425 4337 3507 4401 ad
3574 4343 3867 4419 posteros
3932 4337 4327 4421 propagavit

2380 4426 2679 4491 miraculi
2739 4423 3034 4509 gloriam.
3138 4427 3237 4491 Ae
3294 4423 3505 4507 primo
3563 4420 3958 4507 generaliter
4016 4424 4323 4506 proponit

2379 4511 2510 4577 Dei
2557 4509 2974 4587 mandatum,
3030 4509 3263 4574 deinde
3310 4509 3608 4592 proximo
3654 4528 3851 4574 versu
3895 4507 4164 4574 modum
4208 4509 4319 4574 de·

2377 4597 2624 4683 signat:
2684 4617 2918 4678 nempe
2963 4605 3038 4659 ut
3082 4595 3352 4660 Aharon
3399 4593 3707 4660 recondat
3759 4594 3833 4659 in
3941 4594 4147 4674 hiala,
4215 4595 4322 4661 vel

2375 4705 2588 4760 urceo,
2635 4691 2703 4748 et
2743 4681 3017 4749 collocet
3048 4681 3238 4745 iuxta
3273 4700 3491 4745 arcam
3527 4679 3826 4746 foederis.
3957 4678 4085 4746 nde
4121 4682 4318 4748 etiam

2375 4777 2649 4855 apparet
2688 4770 2916 4852 quanti
2962 4766 3238 4833 veluerit
3278 4767 3424 4831 fieri
3460 4767 3642 4832 Deus
3684 4788 3873 4832 suum
3918 4765 4082 4832 illud
4125 4769 4322 4835 bene·

2375 4857 2616 4934 ficium,
2660 4856 2845 4922 cuius
2881 4855 3265 4919 memoriam
3298 4853 3511 4918 voluit
3544 4860 3805 4918 exstare
3838 4853 3912 4918 in
3946 4854 4320 4919 sanctuario

2375 4964 2511 5007 una
2567 4962 2717 5008 cum
2772 4939 3014 5006 tabulis
3071 4938 3352 5005 foederis
3401 4939 3523 5005 sui.
3614 4937 3806 5020 Quod
3866 4947 4085 5004 autem
4153 4940 4319 5004 duae

2374 5028 2786 5113 loquutiones
2829 5024 3056 5091 eodem
3101 5046 3300 5091 sensu
3356 5034 3721 5109 ponuntur:
3769 5025 4008 5091 Coram
4054 5025 4319 5105 Iehova,

2375 5124 2444 5180 et
2501 5114 2743 5180 Coram
2797 5112 3198 5192 testimonio,
3262 5109 3346 5176 ad
3407 5109 4031 5178 commendationem
4090 5109 4318 5195 legalis

2375 5201 2593 5267 cultus
2636 5197 2842 5266 valet:
2891 5207 2969 5264 ut
3011 5197 3209 5264 sciret
3252 5196 3531 5283 populus
3577 5197 3893 5264 virtutem
3916 5197 4045 5262 Dei
4088 5196 4214 5261 sibi
4248 5197 4316 5261 in

2374 5285 2754 5354 sanctuario
2816 5284 3251 5370 propinquam
3313 5303 3474 5350 esse.
3575 5282 3726 5348 Non
3785 5281 3959 5366 quod
4016 5282 4157 5349 loeo
4214 5282 4317 5346 in-

2374 5372 2597 5440 clusus
2640 5378 2826 5451 esset,
2873 5380 2986 5437 aut
3026 5370 3268 5438 visibili
3313 5368 3613 5454 symbolo
3656 5369 3891 5435 affixas
3934 5388 4076 5433 csse
4121 5367 4319 5435 vellet
