4867 6150
573 435 708 502 287

579 633 648 691 et
685 623 907 691 Deum
950 631 1212 707 praeter
1255 643 1360 686 me
1404 642 1533 687 non
1579 639 1918 703 agnosces:
1966 620 2119 703 quia
2153 630 2312 686 tunc
2356 617 2532 686 scili-

579 720 684 779 cet
726 710 1011 775 maxime
1054 709 1202 775 illos
1246 708 1369 774 sibi
1415 706 1804 790 acquisierat
1860 706 1931 770 10
1975 706 2290 789 populum
2337 725 2531 788 pecu·

577 797 830 863 liarem.
890 794 1155 862 Clarius
1189 793 1389 858 etiam
1425 793 1617 876 paulo
1654 800 1808 857 ante
1847 791 1949 871 11,
1987 791 2057 856 1:
2108 790 2330 873 Quum
2366 811 2533 875 puer

579 890 755 949 esset
812 879 1039 958 Israel,
1095 879 1295 945 dilexi
1353 899 1522 957 eum,
1580 887 1778 961 atque
1822 900 1903 943 ex
1955 878 2255 962 Aegypto
2303 876 2532 944 vocavi

579 969 788 1036 filium
846 987 1086 1032 meum.
1184 965 1331 1030 Hoc
1384 964 1506 1030 etsi
1561 964 1786 1049 generi
1832 963 2139 1029 Abrahae
2182 984 2531 1029 commune

577 1055 705 1121 fuit
766 1075 917 1120 cum
984 1051 1130 1117 aliis
1193 1049 1535 1135 gentibue,
1611 1070 1860 1115 annum
1927 1048 2237 1115 inchoare
2304 1070 2531 1115 mense

582 1139 858 1206 Martio:
903 1148 1123 1203 tamen
1170 1137 1295 1202 hac
1336 1138 1409 1201 in
1445 1145 1629 1219 parte
1666 1134 1926 1201 diversa
1959 1136 2128 1200 ratio
2163 1135 2316 1201 fuit:
2357 1135 2529 1219 quod

579 1226 703 1293 soli
757 1225 959 1289 electo
1026 1223 1266 1307 populo
1330 1243 1451 1288 000
1517 1222 1906 1288 resurrectio
1966 1223 2316 1305 quotannis
2375 1233 2529 1286 ante

575 1311 800 1379 oculos
843 1309 1056 1392 posita
1097 1308 1248 1375 fuit.
1347 1308 1518 1374 Nam
1564 1306 1854 1373 Hebraei
1910 1307 2037 1392 ipsi
2090 1308 2171 1373 ad
2217 1306 2381 1372 illud
2428 1329 2532 1373 us·

578 1418 705 1481 000
754 1406 1014 1479 tempus
1060 1416 1305 1461 annum
1356 1394 1826 1459 inchoaverant
1878 1412 1918 1457 a
1964 1415 2187 1459 mense
2223 1392 2528 1477 Septem-

576 1484 713 1561 bri,
778 1483 892 1566 qui
956 1491 1235 1548 vocatur
1300 1480 1633 1546 chaldaice
1687 1479 1890 1559 Tisri,
1957 1502 2087 1563 000
2144 1481 2531 1544 existimant

577 1569 768 1635 multi
814 1575 1106 1635 creatum
1154 1567 1356 1632 fuisse
1398 1566 1751 1632 muudum:
1799 1566 1953 1649 quia
1996 1565 2220 1632 statim
2268 1565 2530 1648 abipsa

576 1654 912 1723 creatione
975 1663 1155 1717 terra
1217 1663 1511 1717 maturas
1578 1652 1802 1736 fruges
1866 1650 2196 1735 produxit,
2254 1660 2328 1716 ut
2382 1661 2529 1716 tan-

578 1762 778 1827 quam
833 1741 905 1804 in
963 1738 1248 1821 perfecto
1298 1751 1476 1804 statu
1521 1748 1695 1802 esset
1737 1737 1879 1802 eius
1922 1735 2349 1804 foecunditas.
2439 1737 2530 1802 Et

574 1826 772 1892 hodie
816 1825 1058 1909 duplex
1103 1835 1325 1889 manet
1364 1822 1538 1908 apud
1574 1822 1914 1888 Hebraeos
1957 1826 2279 1888 annorum
2323 1823 2529 1890 series

577 1922 647 1979 et
687 1911 1076 1978 observatio.
1150 1910 1320 1975 Nam
1361 1911 1432 1975 10
1471 1908 1752 1993 negotiis
1788 1909 2096 1975 omnibus
2138 1930 2305 1993 quae
2348 1929 2531 1992 spec·

578 2006 726 2064 tant
768 1998 850 2062 ad
897 2017 1312 2062 communem
1356 1996 1530 2059 vitae
1575 2016 1790 2074 usum,
1851 2006 2138 2061 veterem
2183 2003 2252 2060 et
2292 1996 2527 2079 genui-

577 2105 733 2150 nam
778 2081 1310 2168 supputationem
1369 2082 1679 2161 retinent,
1735 2091 1808 2145 ut
1852 2083 2109 2166 primus
2152 2083 2395 2147 mensis
2441 2082 2531 2148 sit

576 2171 840 2235 initium
886 2169 1220 2233 autumni:
1287 2167 1357 2232 in
1401 2166 1584 2234 cultu
1630 2177 1848 2232 autem
1889 2168 2015 2232 Dei
2057 2178 2123 2232 et
2165 2168 2348 2233 festis
2394 2168 2529 2233 die-

577 2256 701 2323 bus
765 2265 1129 2339 sequuntur
1200 2250 1374 2337 quod
1431 2254 1763 2336 praecepit
1819 2253 2072 2319 Moses:
2137 2260 2205 2318 00
2262 2253 2372 2320 1110
2429 2262 2531 2319 000

577 2362 787 2408 00000
832 2340 1078 2425 legalis,
1125 2340 1236 2422 qui
1272 2340 1408 2404 fere
1445 2339 1689 2404 Martio
1725 2349 1947 2405 nostro
1984 2337 2351 2423 respondet,
2399 2360 2529 2405 non

577 2435 803 2493 tamen
882 2447 955 2491 er
988 2426 1238 2491 omnia:
1287 2425 1439 2508 quia
1474 2424 1663 2490 nobis
1708 2425 1774 2489 in
1820 2446 1945 2489 000
1989 2446 2120 2490 000
2156 2435 2312 2491 0000
2349 2435 2530 2492 vete-

577 2535 686 2579 res
744 2533 848 2577 em
894 2511 1127 2577 olismi.
1227 2509 1400 2575 Nam
1456 2532 1658 2593 quum
1710 2509 2054 2577 duodecim
2098 2510 2364 2577 lunares
2408 2512 2531 2576 cir·

579 2599 797 2666 cuitus
854 2618 988 2662 non
1048 2607 1408 2680 aequarent
1463 2595 1620 2662 solis
1677 2615 1971 2676 cursum,
2031 2597 2527 2674 intercalabant,

577 2706 662 2750 ne
719 2683 1020 2763 absurda,
1080 2703 1404 2748 annorum
1447 2702 1817 2766 progressu,
1872 2692 1939 2746 et
1982 2683 2269 2748 enormis
2314 2684 2529 2748 diver-

578 2771 739 2837 sitas
782 2771 1085 2835 oriretur.
1173 2767 1282 2832 Ita
1324 2769 1400 2833 fit
1442 2775 1520 2834 ut
1555 2767 1801 2834 mensis
1844 2768 2070 2846 Nisan,
2113 2789 2241 2851 quo
2283 2769 2533 2853 pascha

575 2853 1013 2932 celebrabant,
1069 2853 1400 2919 interdum
1456 2853 1632 2938 apud
1677 2853 1959 2921 Iudaeos
2008 2863 2123 2919 aut
2164 2856 2375 2921 serius
2414 2864 2528 2921 aut

577 2943 770 3009 citius
815 2942 1102 3025 incipiat,
1148 2949 1340 3023 prout
1385 2960 1635 3005 moram
1681 2940 1892 3005 adfert
1935 2940 2363 3007 intercalatio.

750 3028 811 3095 3.
874 3026 1245 3110 Loquimim'
1303 3026 1389 3092 ad
1443 3030 1653 3092 totum.
1758 3025 2115 3108 Quaeritur
2180 3026 2305 3094 hoc
2370 3027 2529 3105 loco,

577 3137 780 3201 quum
828 3135 1000 3179 0000
1044 3123 1300 3178 tantum
1433 3134 1557 3179 nus
1600 3113 1668 3177 in
1716 3113 2103 3181 sacrificium
2150 3114 2409 3180 oblatus
2443 3115 2531 3180 sit

576 3223 696 3286 pro
730 3198 1255 3267 reconciliatione
1292 3220 1402 3265 ecc
1429 3200 1620 3278 esiae,
1657 3207 1725 3264 et
1759 3200 1960 3266 unius
1988 3209 2246 3266 tantum
2275 3200 2532 3267 Christi

578 3289 901 3372 sanguine
946 3286 1245 3368 placatus
1288 3285 1483 3350 fuerit
1525 3284 1729 3362 Deus,
1788 3306 1909 3352 cur
1965 3286 2035 3352 in
2080 3287 2375 3370 singulas
2420 3286 2530 3352 do-

577 3394 721 3438 mos
779 3392 1022 3453 agnum
1079 3371 1346 3437 iusserit
1392 3372 1686 3447 mactari,
1732 3392 1807 3437 ac
1852 3372 1910 3437 01
1954 3372 2308 3456 peculiaria
2350 3392 2530 3439 0000-

578 3480 730 3526 sum
774 3458 1135 3542 quibusque
1179 3466 1398 3522 essent
1441 3458 1775 3523 sacriflcia.
1861 3456 1994 3525 Sed
2031 3459 2239 3524 facilis
2281 3468 2386 3526 est
2425 3480 2530 3525 so-

576 3544 771 3610 lutio:
832 3544 986 3627 0010
1043 3543 1306 3608 tametsi
1348 3541 1576 3608 eodem
1619 3563 1846 3610 omnes
1894 3545 2216 3628 sanguine
2260 3566 2301 3610 a
2346 3544 2533 3610 clade

578 3630 862 3716 protecti
904 3636 1143 3708 essent,
1199 3638 1266 3693 et
1319 3628 1648 3713 generalis
1688 3627 1805 3695 ille
1848 3631 2015 3697 ritus
2060 3650 2287 3697 omnes
2329 3630 2530 3697 simul

571 3716 1008 3800 coniungeret
1062 3717 1134 3780 in
1177 3714 1551 3781 societatem
1602 3716 1894 3781 eiusdem
1939 3716 2350 3799 expiationis,
2393 3739 2528 3782 non

579 3811 802 3867 tamen
847 3801 962 3866 abs
1006 3821 1079 3865 re
1122 3798 1305 3865 Deus
1351 3800 1617 3884 speciali
1669 3802 1784 3867 illa
1826 3800 1927 3889 (ut
1971 3804 2066 3868 ita
2110 3801 2369 3890 loquar)
2413 3823 2528 3887 ap-

578 3886 929 3971 plicatione
985 3886 1296 3969 privatim
1351 3887 1563 3952 voluit
1618 3888 1916 3973 singulas
1973 3887 2197 3955 domos
2249 3909 2530 3955 commo-

580 3973 828 4049 nefieri,
886 3982 963 4037 ut
1020 3972 1287 4055 propius
1345 3972 1668 4038 sentirent
1709 3974 2013 4040 collatam
2057 3976 2182 4040 sibi
2224 3976 2526 4060 gratiam.

578 4060 797 4126 Sicuti
863 4057 1056 4123 hodie
1121 4056 1294 4122 idem
1362 4058 1547 4123 nobis
1611 4059 1913 4126 omnibus
1981 4070 2081 4125 est
2144 4060 2527 4143 baptismus,

578 4168 706 4230 quo
764 4144 1201 4211 communiter
1257 4145 1614 4209 inserimur
1668 4145 1740 4211 in
1784 4165 2017 4228 corpus
2063 4146 2348 4224 Christi,
2394 4148 2527 4214 sin-

579 4233 754 4316 gulis
810 4243 1031 4295 tamen
1083 4252 1246 4296 suus
1291 4229 1654 4312 baptismus
1695 4231 2068 4313 confertur,
2113 4254 2242 4317 quo
2284 4234 2526 4299 certius

579 4329 940 4402 agnoscant
1003 4338 1073 4382 se
1138 4317 1505 4401 adoptionis
1572 4336 1714 4382 0000
1793 4319 2173 4402 participes,
2253 4318 2527 4402 ideoque

580 4403 889 4469 ecclesiae
932 4403 1245 4469 membra.
1334 4401 1561 4467 Noluit
1603 4423 1760 4487 ergo
1806 4405 2004 4481 Deus,
2052 4425 2256 4488 quum
2301 4406 2528 4489 singu-

580 4491 661 4554 lis
721 4489 1014 4553 domibus
1071 4490 1474 4572 praeciperet
1527 4507 1773 4571 agnum
1834 4502 2150 4569 mactare,
2210 4491 2528 4574 populum

580 4596 774 4642 suum
820 4572 1185 4640 distrahere
1231 4576 1298 4640 in
1344 4595 1493 4657 spes
1529 4573 1844 4656 diversas,
1890 4577 2003 4642 sed
2040 4583 2300 4641 tantum
2337 4577 2527 4641 fami-

578 4662 830 4726 liariter
887 4660 1231 4725 ostendere
1287 4661 1581 4745 singulas
1629 4659 1854 4728 domos
1899 4662 2023 4728 sibi
2069 4683 2209 4727 esse
2252 4663 2525 4729 obstric-

580 4757 715 4828 tas,
774 4768 895 4812 000
960 4746 1244 4812 00100010
1311 4746 1501 4811 modo
1563 4748 1763 4813 totius
1831 4749 2050 4831 populi
2110 4747 2344 4813 debere
2403 4749 2528 4814 sibi

579 4835 735 4899 ferri
797 4844 1162 4915 acceptam,
1223 4832 1337 4898 sed
1399 4834 1465 4896 in
1518 4834 1787 4900 familiis
1842 4834 2146 4900 omnibus
2190 4834 2529 4918 singulare

579 4941 770 4986 suum
823 4918 1206 4985 beneficium
1269 4918 1503 4984 lucere.
1606 4918 1798 5001 Quod
1854 4933 2071 4986 autem
2118 4920 2368 4987 vicinos
2413 4921 2529 4984 ad-

579 5006 764 5089 iungi
824 5004 1051 5081 voluit,
1112 5006 1165 5069 si
1225 5026 1541 5070 numerus
1584 5007 1870 5087 capitum
1915 5007 1983 5071 in
2033 5027 2165 5073 una
2209 5007 2399 5072 domo
2445 5007 2527 5071 ad

581 5090 797 5157 Pesah
848 5089 1316 5156 comedendum
1385 5113 1517 5156 000
1583 5093 1933 5169 sufficeret,
1989 5111 2185 5159 causa
2242 5092 2386 5171 fuit,
2445 5113 2529 5158 ne

578 5178 734 5261 quid
781 5176 1114 5242 residuum
1154 5187 1466 5241 maneret.
1537 5177 1678 5242 Iam
1715 5200 1834 5243 cur
1867 5188 2079 5245 totum
2124 5199 2367 5264 agnum
2413 5179 2527 5245 ab·

580 5263 752 5329 sumi
810 5263 1191 5345 oportuerit,
1246 5263 1408 5328 haec
1452 5265 1625 5328 inter
1668 5264 1832 5329 alias
1870 5262 2135 5331 videtur
2177 5266 2531 5350 praecipua

579 5371 728 5415 esse
771 5350 967 5430 ratio,
1006 5360 1080 5414 ut
1117 5371 1198 5415 ne
1233 5371 1492 5416 sacrum
1532 5349 1655 5416 1100
1682 5349 1950 5434 epulum
1987 5352 2341 5419 miscerent
2374 5373 2526 5419 cum

2047 431 2428 499 PRIMUM
2470 430 3118 501 PRAEOEPTUM.

4441 428 4550 497 288

2636 623 2818 689 victu
2863 620 3259 707 quotidiano,
3312 617 3552 686 deinde
3595 639 3680 685 00
3723 618 3864 685 0100
3904 617 4193 703 dignitas
4237 618 4552 687 vilesceret

2636 717 2903 792 aspectu
2945 705 3245 774 rancidae
3290 705 3525 773 carnis.
3615 704 3816 770 Forte
3859 705 3986 772 hoc
4028 725 4283 789 000000
4322 714 4554 788 specta-

2636 796 2735 860 vit
2781 793 2999 873 Deus,
3060 814 3147 860 00
3191 814 3322 876 000
3364 792 3432 857 10
3493 787 3834 856 servandis
3892 790 4191 875 reliquiis
4234 790 4553 874 obreperet

2631 881 3044 965 superstitio:
3090 900 3294 965 quare
3339 887 3406 944 et
3448 898 3597 944 0000
3639 877 3935 944 0001110οἰ
3977 878 4187 943 100010.

2802 965 2863 1033 5.
2910 967 3139 1051 Aynus
3180 964 3303 1030 erit
3339 963 3514 1031 vobis
3553 964 3802 1048 integer.
3876 962 4264 1029 Videbimus
4293 962 4455 1040 alibi,
4490 963 4556 1030 10

2632 1052 2940 1119 omnibus
2975 1051 3312 1118 sacrificiis
3347 1050 3471 1116 1100
3505 1049 3854 1134 diligenter
3883 1048 4159 1134 exlegis
4183 1049 4557 1132 praescripto

2631 1139 2833 1205 fuisse
2876 1137 3261 1216 cavendum,
3307 1157 3392 1202 ne
3434 1135 3594 1219 quid
3638 1134 3931 1200 maculae
3972 1145 4089 1201 aut
4125 1134 4270 1200 vitii
4303 1134 4554 1200 inesset:

2630 1246 2760 1310 quo
2825 1224 3199 1290 admonitus
3263 1221 3397 1288 fuit
3461 1221 3759 1306 populus,
3827 1242 3961 1286 non
4020 1241 4163 1287 0000
4217 1220 4558 1304 legitimam

2631 1312 3073 1395 expiationem
3118 1308 3243 1375 nisi
3289 1308 3401 1375 ubi
3446 1307 3705 1374 adesset
3747 1327 4004 1373 summa
4049 1306 4375 1388 perfectio,
4416 1327 4557 1389 qua·

2629 1397 2713 1464 lie
2757 1417 3092 1481 nunquam
3136 1395 3206 1460 in
3252 1393 3627 1460 hominibus
3668 1402 3932 1478 reperta
3974 1401 4092 1459 est.
4182 1392 4334 1458 Non
4378 1391 4562 1476 igitur

2630 1484 2874 1549 mirum
2933 1481 2990 1549 01
3043 1502 3220 1547 0000
3276 1478 3465 1546 Deus
3525 1479 3742 1544 Pesah
3801 1479 4014 1565 exigit
4071 1478 4269 1544 00100
4312 1479 4464 1544 0001
4503 1486 4560 1545 et

2629 1570 2996 1653 integrum:
3044 1579 3116 1633 ut
3159 1566 3403 1633 scirent
3444 1563 3787 1631 Israelitae
3831 1563 3914 1630 ad
3958 1565 4176 1631 Deum
4222 1564 4561 1648 propitian-

2631 1655 2789 1721 dum
2849 1653 3094 1738 requiri
3147 1653 3429 1737 pretium
3485 1650 3913 1718 excellentius
3968 1671 4162 1736 quam
4216 1659 4438 1735 posset
4477 1651 4562 1715 in·

2630 1742 2844 1809 veniri
2879 1740 2949 1805 in
2985 1750 3121 1805 toto
3155 1759 3389 1821 genere
3426 1738 3737 1803 humano.
3784 1736 3930 1802 Iam
3963 1757 4168 1821 quum
4205 1736 4358 1801 talis
4391 1756 4564 1820 prae·

2631 1828 2875 1893 stantia
2909 1824 3118 1892 multo
3155 1826 3374 1890 minus
3416 1824 3490 1889 in
3535 1823 3784 1907 pecude
3824 1831 4133 1900 exstaret,
4178 1822 4298 1888 illa
4343 1821 4564 1888 visibili

2631 1914 2786 1997 agni
2852 1913 2960 1978 vel
3018 1911 3206 1978 hoedi
3263 1911 3646 1996 integritate
3707 1919 4071 1974 monstrata
4115 1908 4240 1974 fuit
4282 1908 4567 1975 coelestis

2630 1999 2940 2085 perfectio
3005 1997 3261 2065 Christi
3325 2017 3401 2063 00
3463 1995 3736 2079 puritas.
3824 1995 3977 2062 Huc
4035 1995 4236 2061 etiam
4300 1994 4568 2079 pertinet

2630 2083 2806 2169 quod
2848 2085 3011 2152 iussi
3055 2091 3212 2150 sunt
3244 2104 3284 2148 a
3321 2081 3570 2149 decimo
3612 2081 3861 2147 mensis
3898 2101 4101 2163 usque
4138 2079 4219 2145 ad
4256 2078 4570 2148 decimum

2630 2181 2937 2255 quartum
2982 2169 3154 2236 diem
3198 2168 3440 2235 11011000
3482 2168 3554 2233 10
3599 2165 3896 2234 0000οᾶἰο
3929 2177 4308 2250 separatum
4353 2186 4393 2231 a
4433 2166 4569 2233 reli-

2631 2279 2758 2342 quo
2802 2278 3020 2343 grege.
3089 2254 3286 2337 Quod
3323 2274 3479 2320 vero
3514 2253 3834 2337 sanguine
3869 2253 4127 2338 aspergi
4162 2253 4380 2319 voluit
4404 2252 4570 2319 Deus

2631 2353 2846 2428 postes
2881 2356 2950 2408 et
2982 2341 3507 2426 superliminare,
3553 2339 3676 2406 hoc
3719 2340 3910 2423 signo
3944 2338 4120 2405 clare
4163 2338 4408 2417 docuit,
4445 2337 4571 2404 nul-

2630 2430 2713 2496 lis
2753 2429 3063 2513 prodesse
3106 2428 3498 2494 sacrificium
3544 2425 3674 2492 nisi
3712 2426 3826 2510 qui
3860 2425 4002 2491 0100
4036 2424 4363 2511 sanguine
4400 2423 4573 2490 tincti

2632 2526 2788 2582 sunt
2841 2536 2915 2581 ac
2972 2514 3291 2599 insigniti.
3394 2510 3810 2578 Tantundem
3870 2512 4050 2576 enim
4101 2511 4318 2577 valuit
4369 2530 4572 2594 asper·

2633 2602 2729 2668 sio
2763 2601 2929 2669 haec
2964 2620 3041 2666 ac
3076 2601 3131 2667 01
3166 2608 3387 2665 000010
3426 2597 3771 2680 sanguinis
3804 2596 4049 2681 singuli
4080 2599 4152 2662 in
4186 2596 4404 2663 fronte
4438 2617 4571 2680 ges·

2633 2696 2871 2754 tarent.
2974 2687 3065 2752 Et
3121 2694 3297 2753 certe
3354 2684 3664 2752 Christus
3719 2683 4110 2767 sanguinem
4172 2704 4369 2749 suum
4433 2683 4571 2748 fun·

2633 2772 2846 2840 dendo
2901 2792 3033 2839 000
3091 2792 3319 2837 001000
3374 2769 3698 2848 liberavit,
3740 2768 3856 2836 sed
3901 2768 4127 2836 fideles
4167 2778 4426 2835 tantum
4470 2767 4571 2852 001

2632 2881 2703 2926 00
2761 2858 2873 2925 1110
2928 2857 3359 2925 sanctificant.
3461 2857 3561 2922 Ac
3619 2855 4003 2939 praecipuas
4056 2854 4322 2939 quidem
4367 2867 4572 2940 partes

2634 2945 2886 3013 obtinet
2940 2945 3215 3010 interior
3267 2943 3588 3028 aspersio,
3642 2962 3840 3024 quam
3900 2942 4144 3009 Petrus
4196 2942 4347 3007 fieri
4396 2942 4571 3008 docet

2634 3031 2909 3118 spiritus
2955 3032 3201 3098 virtute
3243 3028 3307 3118 (1
3358 3030 3497 3096 Pet.
3545 3029 3605 3108 1,
3649 3026 3749 3116 2):
3803 3026 3920 3095 sed
3963 3036 4240 3095 externo
4287 3026 4571 3115 symbolo

2633 3119 2842 3186 edocti
2889 3118 3160 3184 fuerunt
3199 3116 3542 3183 Israelitae
3585 3136 3657 3182 se
3698 3135 3832 3181 non
3885 3113 4079 3181 aliter
4120 3135 4316 3198 posse
4362 3114 4443 3180 ab
4484 3114 4573 3179 ira

2633 3203 2763 3271 Dei
2806 3204 3060 3289 protegi
3103 3224 3301 3287 quam
3345 3202 3644 3287 opposito
3684 3200 4030 3286 sanguinis
4072 3201 4329 3286 clypeo.
4377 3199 4573 3284 quue

2632 3289 2986 3375 respondet
3029 3289 3355 3373 superiori
3398 3286 3753 3364 doctrinae,
3797 3307 4008 3353 unum
4052 3295 4119 3353 et
4161 3287 4345 3353 idem
4388 3286 4573 3353 sacri·

2633 3378 2857 3443 ficium
2893 3374 3285 3460 particulare
3319 3374 3524 3441 fuisse
3555 3371 3839 3458 singulis
3873 3371 4164 3451 aedibus,
4209 3381 4291 3439 ut
4325 3374 4574 3458 privata

2632 3462 2915 3548 cognitio
2971 3483 3083 3529 000
3139 3461 3311 3528 00010
3365 3458 3660 3527 afficeret
3699 3458 3936 3543 quibus
3979 3457 4313 3544 generalis
4357 3459 4573 3526 fuisset

2632 3548 2870 3634 frigida
2910 3548 3021 3614 vel
3066 3547 3287 3614 minus
3331 3547 3586 3612 efficax.
3631 3544 3772 3612 Cur
3806 3553 4092 3611 assatam
4126 3545 4356 3630 potius
4389 3563 4572 3630 quam

2630 3635 2870 3701 elixam
2922 3655 3188 3701 carnem
3243 3631 3551 3718 postulet,
3597 3632 3850 3698 nescire
3891 3631 4085 3711 malo,
4186 3652 4342 3697 uam
4389 3650 4572 3715 argn-

2630 3722 2757 3789 tias
2821 3718 3229 3787 comminisci
3296 3739 3431 3784 non
3494 3717 3657 3783 satis
3724 3718 3966 3798 firmas,
4030 3738 4116 3802 qu
4188 3718 4201 3731 ‘
4309 3717 4428 3783 illa
4481 3721 4572 3782 000

2630 3806 2972 3874 Christum
3010 3806 3080 3871 in
3118 3824 3312 3872 cruce
3344 3804 3550 3870 fuisse
3584 3802 4059 3886 quodammodo
4094 3812 4366 3870 tostum.
4414 3801 4573 3869 Mihi

2629 3892 2711 3958 ad
2756 3913 2990 3960 verum
3034 3893 3252 3977 potius
3295 3889 3604 3957 accedere
3648 3888 3912 3955 videtur
3954 3889 4129 3972 quod
4176 3889 4367 3956 Deus
4407 3886 4572 3956 festi-

2629 3980 2964 4045 nationem
3009 3987 3238 4043 notare
3287 3976 3601 4042 voluerit:
3655 3977 3810 4059 quia
3858 3974 4146 4042 collectis
4190 3977 4371 4042 vasis
4414 3973 4573 4041 cele·

2629 4066 2769 4130 rius
2818 4066 2890 4129 in
2949 4085 3111 4130 veru
3167 4073 3459 4129 torretur
3512 4083 3662 4130 caro
3705 4082 3905 4144 quam
3949 4062 4018 4126 in
4065 4061 4200 4127 olla
4238 4070 4570 4146 coquatur.

2629 4150 2779 4232 Quo
2823 4150 3111 4234 pertinet
3150 4148 3320 4234 quod
3364 4168 3519 4213 mox
3562 4148 3862 4231 sequitur
3901 4155 4324 4231 praeceptum
4361 4147 4443 4214 de
4474 4166 4572 4212 ra-

2629 4238 2806 4301 tione
2850 4234 3117 4302 edendi:
3178 4234 3289 4301 ubi
3346 4235 3475 4300 tria
3519 4232 3809 4300 notanda
3851 4242 4027 4311 sunt,
4078 4254 4299 4317 panes
4343 4231 4569 4318 azymi,

2628 4322 3117 4390 condimentum
3162 4342 3246 4386 ex
3290 4321 3512 4388 herbis
3554 4319 3816 4403 amaris,
3860 4317 4065 4384 lumbi
4106 4319 4386 4387 accincti
4428 4337 4569 4387 cum

2627 4408 2880 4492 reliquo
2968 4429 3078 4473 ere
3164 4407 3482 4473 ‘nantium
3530 4406 3777 4472 11011100.
3880 4406 4097 4471 Ρο000
4147 4405 4570 4472 infermenta-

2628 4505 2729 4562 tos
2774 4494 2906 4560 hau
2996 4492 3085 4559 du
3131 4496 3192 4560 ie
3234 4493 3465 4560 confici
3504 4492 3699 4559 iussit
3742 4491 3927 4557 Deus
3968 4499 4242 4577 propter
4287 4490 4571 4558 subitum

2631 4581 3020 4647 discessum:
3080 4580 3234 4663 quia
3293 4577 3551 4644 volebat
3615 4577 3800 4662 00001
3868 4587 4201 4644 momento
4266 4577 4573 4662 populum

2629 4687 2822 4731 suum
2880 4686 2965 4731 ex
3027 4667 3330 4751 Aegypto
3384 4684 3634 4748 rapere.
3724 4663 3905 4748 Ergo
3950 4685 4031 4729 ex
4076 4664 4293 4730 farina
4339 4659 4574 4730 tumul-

2629 4753 2842 4818 tuarie
2900 4750 3171 4817 subacta
3225 4772 3428 4835 panes
3482 4771 3748 4836 azymos
3789 4758 4133 4815 coxerunt.
4224 4750 4446 4815 Huius
4484 4745 4573 4811 rei

2632 4839 3012 4905 memoriam
3071 4837 3424 4921 quotannis
3481 4836 3779 4902 renovari
3834 4836 4142 4920 oportuit,
4204 4844 4281 4902 ut
4337 4835 4574 4901 scirent

2629 4926 2868 5006 posteri
2929 4924 3378 4990 liberationem
3434 4922 3749 4988 divinitus
3807 4922 4006 4988 fuisse
4062 4922 4370 4996 oblatam,
4423 4939 4570 5004 quo·

2630 5012 2805 5076 niam
2866 5010 3045 5076 nullo
3105 5010 3347 5075 viatico
3404 5008 3716 5075 instructi
3772 5008 4307 5092 patres.trepide
4359 5008 4569 5091 fugam

2628 5097 3060 5179 arripuerant.
3172 5095 3345 5161 Nam
3409 5094 3619 5160 maior
3684 5103 4035 5178 apparatus
4100 5093 4409 5159 nonnihil
4471 5089 4571 5156 ob-

2627 5191 2955 5249 scurasset
2987 5182 3332 5248 coelestem
3368 5181 3668 5264 gratiam,
3708 5201 3877 5264 0000
3911 5181 3987 5245 in
4019 5199 4323 5246 annonae
4360 5177 4570 5261 inopia

2628 5268 2865 5334 melius
2908 5267 3181 5333 refulsit.
3253 5265 3498 5332 Herbis
3533 5267 3774 5332 amaris
3807 5274 4153 5333 contentos
4187 5287 4333 5333 csse
4375 5261 4572 5331 voluit

2627 5354 2846 5420 Deus:
2907 5354 3061 5439 quia
3103 5353 3485 5433 viatoribus,
3547 5352 3703 5418 dum
3747 5361 4121 5436 properant,
4179 5361 4248 5418 et
4291 5350 4571 5416 maxime
