4867 6150
334 444 459 514 585

335 637 472 704 eius
636 634 650 648 “
687 653 770 699 es.
859 634 921 700 4.
985 632 1260 717 Septimo
1310 638 1517 701 autem
1573 634 1837 702 cessatio
1890 635 2123 717 quietis
2174 633 2296 701 erit

333 729 571 800 terrae,
685 719 1015 786 obbatbum
1059 718 1361 787 Iebovae:
1699 725 1879 787 tuum
1933 740 2060 786 non
2109 720 2296 787 semi-

334 807 549 888 nabis,
616 825 727 872 nee
788 807 1039 872 vineam
1092 807 1367 892 putabis.
1502 856 1517 871 .
1584 806 1759 888 Quae
1815 811 2029 888 sponte
2084 806 2297 890 yiynet

333 898 504 959 terra
537 894 609 958 in
642 912 839 958 messe
870 896 980 958 tua
1017 911 1148 957 non
1179 896 1384 971 metes,
1421 896 1478 957 et
1508 912 1671 958 uvas
1693 892 2119 974 possessionis
2150 897 2297 958 tuae

331 1000 455 1044 non
474 977 915 1044 vindemiabis:
948 998 1158 1043 annus
1190 977 1358 1043 enim
1393 978 1626 1061 quietis
1654 982 1859 1045 terrae
1891 983 2000 1044 est.
2068 979 2127 1043 6.
2170 977 2296 1044 Sed

332 1069 511 1130 erunt
565 1063 738 1130 vobis
779 1066 850 1128 in
892 1064 1125 1142 eibm,
1180 1064 1294 1130 tibi
1348 1069 1405 1130 et
1458 1083 1633 1128 servo
1688 1068 1825 1141 tuo,
1885 1063 2192 1143 ancillae,
2236 1069 2296 1130 et

329 1152 733 1228 mercenario,
778 1154 836 1215 et
877 1149 1195 1232 inquilino
1235 1154 1341 1215 tuo
1383 1150 1495 1232 qui
1525 1150 1976 1234 pereminetm·
2009 1150 2185 1232 apud
2216 1154 2293 1215 te.

332 1236 393 1302 7.
440 1235 751 1301 lumentis
790 1255 1030 1317 quoque
1075 1237 1206 1301 tuis
1258 1241 1314 1302 et
1357 1236 1691 1317 pecoribus
1742 1240 1948 1302 terrae
1988 1241 2133 1303 tuae
2174 1236 2295 1301 erit

327 1327 585 1388 candus
626 1322 766 1387 eius
794 1325 1136 1403 proventus
1176 1321 1248 1386 in
1287 1320 1509 1387 cibam.

848 1662 979 1729 EX
1023 1660 1358 1728 EODEM
1403 1661 1763 1728 CAPI'PE.

501 1835 604 1901 20.
650 1834 826 1917 Quod
858 1835 924 1899 si
955 1833 1285 1900 dixer-dis.-
1324 1833 1492 1915 Quid
1528 1833 1785 1899 edemus
1814 1852 1981 1900 anno
2003 1834 2284 1916 septimo,

319 1923 382 1987 si
419 1941 623 2005 neque
663 1918 1131 1997 seminabimus,
1175 1939 1285 1985 nec
1327 1920 1683 2003 colliyemus
1720 1919 1944 2004 fruyes
1981 1920 2284 1987 nostras?

314 2008 422 2074 21.
479 2007 619 2092 Eoo
659 2006 969 2073 mandabo
1011 2003 1485 2071 benedictionem
1524 2024 1731 2071 meam
1771 2026 1939 2072 anno
1982 2010 2182 2083 sexto,
2227 2012 2287 2072 et

313 2095 449 2162 edet
498 2096 875 2175 proventum
930 2090 1135 2157 tribus
1190 2094 1397 2157 annis.
1486 2091 1589 2156 22.
1655 2090 2066 2158 Sminabitis
2117 2110 2287 2158 anno

312 2185 535 2247 octavo
552 2206 571 2244 .-
628 2177 949 2245 comedetis
1004 2181 1210 2243 tamen
1267 2197 1301 2242 e
1337 2182 1644 2259 proventu
1696 2178 1889 2244 veteri
1944 2197 2143 2260 usque
2199 2177 2287 2244 ad

311 2286 566 2333 annum
605 2284 869 2333 nonum.-
910 2263 1097 2330 donee
1136 2284 1298 2330 nova
1331 2268 1675 2359 nascantm·
1706 2264 2028 2332 comedetis
2058 2268 2283 2331 vetera.

500 2436 716 2502 Exodi
781 2436 885 2515 23,
948 2436 1049 2502 10.
1122 2434 1249 2501 Sex
1314 2435 1504 2501 annis
1565 2454 1736 2502 seres
1795 2439 2033 2501 terram
2088 2440 2283 2503 mam.

308 2523 646 2608 Sequitur
689 2522 857 2589 alter
900 2521 1420 2602 sabbathismus,
1487 2541 1727 2605 nempe
1790 2542 2144 2602 annorum,
2211 2522 2283 2587 in

310 2620 542 2677 terrae
608 2610 888 2676 cultura.
997 2606 1191 2676 Sicut
1255 2608 1432 2672 enim
1510 2609 1790 2691 septimo
1854 2627 2111 2692 080088
2177 2607 2285 2674 die

313 2696 751 2782 quiescebant
806 2695 1111 2761 homines
1155 2702 1221 2760 et
1279 2692 1605 2773 iumenta,
1660 2694 1753 2760 sic
1796 2695 1982 2760 Dens
2027 2714 2281 2759 annum

311 2782 679 2868 septimum
725 2780 934 2864 quieti
968 2788 1184 2847 terrae
1219 2779 1544 2862 praefixit.
1611 2780 1822 2846 Prout
1854 2801 2281 2864 unaquaeque

310 2870 503 2954 regio
549 2866 658 2934 vel
704 2867 980 2934 feracior
1024 2875 1127 2934 est
1158 2865 1268 2932 vel
1305 2866 1517 2950 magis
1551 2867 1754 2945 arida,
1799 2867 1896 2932 ita
1929 2867 2126 2932 tertio
2162 2876 2283 2933 aut

312 2962 562 3041 quarto
603 2975 859 3038 080088
902 2973 1075 3019 anno
1109 2963 1369 3021 cessant
1403 2952 1566 3037 agri,
1611 2972 1694 3018 ne
1728 2952 2049 3019 exhausto
2085 2972 2280 3019 succo

359 3061 596 3109 rorsus
639 3040 1070 3107 sterilescunt.
1162 3038 1363 3106 Certe
1407 3039 1522 3105 vix
1564 3039 1894 3124 reperitur
1936 3059 2016 3106 ea
2063 3046 2279 3106 terrae

341 3125 735 3195 oecunditas
755 3148 924 3212 quae
948 3127 1252 3194 assiduae
1273 3123 1682 3209 productioni
1706 3126 2012 3192 sufficiat.
2059 3125 2282 3192 Datur

309 3214 531 3300 igitur
573 3212 793 3297 aliqua
832 3213 1149 3280 relaxatio
1194 3212 1398 3278 donec
1440 3219 1620 3277 terra
1663 3212 1958 3297 vigorem
2016 3232 2283 3297 recupe-

311 3310 457 3366 ret:
530 3298 648 3365 sed
694 3298 819 3365 hoc
862 3299 1125 3365 nonnisi
1184 3297 1265 3364 ad
1325 3298 1652 3378 triticum,
1707 3296 2058 3376 hordeum,
2119 3299 2281 3382 pisa,

310 3385 534 3466 fabas,
572 3393 642 3450 81
674 3384 1030 3471 legumina,
1066 3395 1132 3450 et
1159 3405 1585 3468 quaecunque
1607 3393 1938 3464 seruntur,
1974 3389 2279 3467 pertinet.

309 3471 401 3539 In
436 3471 656 3555 pratis
693 3479 761 3537 et
798 3472 1041 3537 vitibus
1077 3471 1341 3537 diversa
1374 3478 1476 3535 est
1508 3471 1707 3537 ratio:
1756 3472 1910 3554 0818
1945 3471 2059 3536 8111
2093 3478 2285 3555 prata

310 3557 681 3643 quotannis
723 3567 1033 3626 secantur
1049 3608 1066 3640 ,
1124 3579 1256 3623 non
1311 3565 1680 3623 maceratur
1721 3566 1940 3623 terrae
1983 3557 2281 3624 ubertas:

310 3645 496 3713 11188
567 3651 785 3710 autem
851 3645 979 3711 nisi
1058 3642 1473 3722 excolantur,
1555 3642 1976 3727 degenerant.
2087 3643 2284 3725 Quod

309 3738 510 3798 terra
533 3728 860 3797 Ohanaan
904 3751 1021 3797 sex
1066 3749 1391 3796 annorum
1435 3728 1760 3795 sationem
1803 3729 2049 3813 absque
2090 3730 2282 3797 lassi-

310 3816 564 3883 tudine
619 3815 792 3883 ferre
849 3816 1095 3901 potuit,
1153 3816 1419 3900 signum
1476 3815 1602 3881 fuit
1657 3833 1848 3881 rarae
1891 3828 1958 3882 et
1999 3816 2284 3882 eximiae

307 3900 814 3971 foecunditatis.
915 3902 1063 3969 Hac
1129 3901 1281 3968 dote
1332 3921 1478 3968 eam
1534 3901 1912 3969 nobilitavit
1967 3900 2153 3969 Deus
2209 3902 2283 3968 in

307 3988 631 4057 favorem
688 3988 911 4073 populi
969 3988 1095 4055 sui.
1182 3987 1324 4055 Nec
1366 4007 1529 4054 1810
1571 3988 1998 4055 8888811088111
2041 3986 2285 4055 indixit

306 4074 750 4142 necessitatis
813 4095 1009 4142 causa
1023 4124 1041 4154 ,
1105 4073 1367 4158 08811110
1431 4094 1607 4140 anno
1669 4083 1857 4140 sexto
1922 4074 2058 4141 vim
2127 4095 2284 4142 suae

305 4160 807 4229 benedictionis
886 4160 1284 4244 duplicavit:
1367 4158 1484 4226 sed
1550 4169 1627 4225 ut
1693 4159 1977 4245 fulgeret
2044 4160 2285 4245 ubique

304 4246 638 4316 sabbathi
680 4246 1028 4328 sanctitas,
1081 4255 1284 4331 atque
1323 4245 1424 4312 ita
1464 4244 1547 4311 ad
1590 4246 1733 4312 eius
1776 4248 2284 4330 observantiam,

303 4343 546 4401 terrae
623 4342 976 4417 conspectu
1052 4333 1268 4418 magis
1346 4331 1805 4399 animarentur
1867 4333 1991 4399 filii
2051 4332 2283 4400 Israel.

301 4421 540 4488 Porro
585 4419 825 4504 quietis
867 4418 1039 4486 ratio
1083 4419 1237 4486 talis
1276 4419 1425 4499 fuit,
1466 4439 1553 4484 ne
1589 4418 1747 4502 quid
1780 4429 2078 4485 sererent
2107 4440 2284 4488 811110

301 4527 534 4587 88810,
581 4512 649 4570 81
690 4527 779 4572 118
821 4505 1051 4572 1111888
1084 4512 1411 4589 putarent.
1481 4502 1558 4572 Si
1595 4504 1755 4588 08111
1790 4514 2013 4572 autem
2056 4527 2283 4575 nasce-

300 4603 512 4659 retur
558 4612 644 4658 ex
687 4591 980 4659 deciduis
1012 4591 1243 4675 granis
1277 4590 1513 4657 messis
1547 4592 1903 4674 proximae,
1937 4612 2286 4659 commune

301 4690 462 4745 erat
535 4687 671 4742 tam
749 4677 1079 4762 indigenis
1155 4697 1353 4761 quam
1432 4676 1829 4761 hospitibus:
1907 4697 2285 4761 quanquam

297 4763 728 4850 pauperibus
783 4772 922 4829 tam
975 4764 1199 4849 fruges
1256 4783 1453 4847 quam
1509 4782 1803 4829 racemos
1855 4773 2089 4848 sponte
2133 4786 2284 4831 nas-

299 4861 554 4918 centes
606 4848 1026 4933 peculiariter
1081 4850 1439 4930 concessit,
1495 4860 1574 4916 ut
1615 4849 1908 4933 gratuita
1964 4849 2284 4932 quaedam

297 4946 497 5004 esset
545 4934 807 5020 largitio
851 4935 936 5000 ad
969 4935 1319 5002 levandam
1356 4956 1581 5002 eorum
1618 4945 1995 5020 egestatem.
2062 4938 2284 5021 Atque

295 5021 485 5089 haec
570 5020 949 5088 humanitas
1014 5028 1082 5087 et
1146 5022 1576 5098 beneficentia
1638 5030 1785 5088 erat
1847 5022 2135 5088 accessio
2200 5023 2285 5091 ad

291 5106 599 5195 pietatis
656 5107 1067 5174 exercitium.
1155 5107 1305 5174 Non
1364 5107 1493 5175 fuit
1534 5106 1799 5192 quidem
1842 5109 2131 5178 maxime
2175 5110 2283 5177 181

294 5193 680 5280 praecipue
743 5191 891 5259 Deo
1014 5194 1375 5276 repositum
1456 5194 1703 5278 aliquid
1765 5194 2003 5260 afferre
2068 5196 2284 5262 solatii

293 5278 758 5367 pauperibus:
814 5278 929 5346 sed
967 5214 1557 5366 {quemadmodum
1601 5291 1757 5347 ante
1809 5279 2128 5368 diximus)
2170 5280 2283 5346 ab·

291 5367 608 5435 surdum
644 5385 781 5431 non
838 5364 967 5433 fuit
1023 5366 1238 5432 officia
1293 5366 1589 5433 caritatis
1626 5366 1938 5453 subsequi
1972 5367 2102 5434 Dei
2143 5366 2281 5434 cul·

1767 443 2230 528 QUARTUM
2272 441 2924 511 PRAEOEPTUM.

4217 449 4348 517 586

2396 637 2559 695 tum.
2661 627 2741 697 Si
2796 630 3182 715 obstrepant
3245 631 3505 716 profani
3570 633 3905 714 homines,
3970 634 4140 702 1111111
4202 659 4346 706 8888

2396 714 2631 782 brutae
2674 715 2900 782 telluri
2942 735 3096 783 88111
3139 719 3467 800 spirituali
3508 722 3855 805 mysterio:
3900 722 4029 787 iam
4076 745 4347 808 respon-

2398 800 2646 882 dimus,
2707 804 3011 886 quamvis
3055 804 3447 870 sabbathum
3492 805 3668 889 apud
3712 806 3884 872 solos
3926 807 4155 875 fideles
4199 819 4347 877 tan·-

2397 907 2596 971 quam
2639 887 2886 973 pignus
2943 889 3442 956 inaestimabilis
3493 890 3647 957 boni
3700 892 4069 976 depositum
4127 895 4347 977 fuerit,

2396 972 2538 1038 eius
2581 981 2808 1039 tamen
2850 984 3042 1040 notas
3076 975 3224 1042 ideo
3258 986 3394 1042 tam
3429 977 3501 1042 in
3540 978 3897 1061 pecudibus
3933 989 4000 1045 et
4032 982 4349 1049 iumentis

2395 1078 2594 1142 quam
2616 1059 2691 1125 in
2712 1062 2989 1126 mortuis
3008 1064 3328 1129 creaturis
3361 1064 3744 1148 apparuisse
3779 1064 3861 1130 ad
3899 1068 4349 1134 renovandam

2396 1143 2541 1212 eius
2579 1146 2984 1228 memoriam,
3029 1169 3113 1213 ne
3155 1148 3455 1234 frigidior
3497 1157 3671 1216 esset
3710 1151 4007 1235 populus,
4053 1155 4160 1219 vel
4203 1154 4347 1221 lan·

2393 1239 2735 1314 gnosceret
2787 1233 2930 1299 eius
2978 1233 3290 1301 studium.
3370 1234 3567 1317 Quod
3625 1236 3683 1300 si
3725 1235 3936 1303 facete
3982 1239 4346 1324 exagitent,

2393 1316 2730 1399 praeclare
2788 1318 2992 1384 fuisse
3049 1330 3272 1387 8818111
3329 1341 3482 1387 cum
3525 1321 3819 1401 Iudaeis,
3874 1324 3987 1406 qui
4043 1325 4113 1390 in
4159 1348 4348 1409 prae-

2393 1401 2588 1485 cipua
2644 1403 2860 1488 gratia
2911 1405 3123 1471 socios
3179 1404 3533 1473 habuerint
3590 1409 3805 1475 asinos
3856 1419 3925 1474 et
3967 1410 4165 1477 boves
4209 1432 4348 1478 una

2391 1509 2542 1555 cum
2588 1490 2799 1574 agris:
2844 1492 3206 1575 respondeo
3240 1513 3360 1560 cur
3393 1513 3525 1558 non
3561 1493 3837 1560 eandem
3874 1497 4343 1564 scurrilitatem

2391 1586 2701 1641 exserant
2743 1575 2815 1641 in
2859 1597 2932 1642 re
2976 1577 3254 1662 vulgari.
3324 1578 3607 1660 Quando
3652 1582 3828 1645 enim
3872 1592 4026 1648 ante
4070 1583 4346 1649 manda·

2390 1667 2504 1725 tur
2547 1660 2779 1729 salutis
2837 1661 3132 1729 doctrina
3187 1663 3456 1731 chartae
3513 1666 3619 1732 vel
3671 1667 4093 1734 membranae
4145 1690 4345 1753 quam

2390 1745 2613 1827 nobis,
2672 1769 2791 1813 cur
2848 1748 3002 1815 fidei
3060 1757 3328 1817 nostrae
3382 1750 3819 1819 obedientiam
3864 1754 4079 1838 plenis
4123 1753 4345 1823 buccis

2388 1853 2523 1897 non
2568 1832 2914 1899 derident?
2981 1834 3153 1918 quod
3197 1836 3398 1902 stulta
3439 1837 3827 1909 credulitate
3886 1841 4345 1925 amplectimur

2387 1918 2856 2002 promissiones
2891 1941 2931 1986 a
2964 1920 3206 1987 foetida
3241 1922 3411 2006 pelle
3446 1924 3551 1989 vel
3585 1925 3847 1991 sordida
3889 1926 4019 1991 alia
4063 1929 4341 1995 materia

2389 2003 2475 2070 ad
2519 2026 2639 2070 nos
2685 2007 3121 2074 transmissas.
3202 2007 3523 2075 Sabbathi
3546 2010 4088 2078 observationem
4131 2015 4342 2080 voluit

2387 2088 2574 2157 Deus
2616 2091 3018 2176 insculptam
3077 2114 3224 2159 esse
3278 2094 3584 2162 omnibus
3641 2098 3994 2175 creaturis,
4065 2108 4138 2165 ut
4177 2120 4337 2184 quo-

2387 2196 2642 2259 cunqne
2685 2180 3025 2244 verterent
3064 2180 3285 2246 088108
3327 2180 3590 2262 Iudaei,
3635 2184 3705 2248 in
3751 2204 3828 2249 ea
3866 2184 4336 2252 retinerentur.

2387 2264 2527 2329 Our
2571 2285 2703 2329 non
2747 2265 2956 2349 igitur
2999 2273 3178 2331 terra
3222 2266 3527 2334 notabilis
3569 2289 3713 2335 esse
3748 2270 3965 2352 potuit
3997 2270 4354 2339 character.

2387 2348 2472 2414 ad
2516 2369 2802 2416 crassam
2859 2349 3061 2417 118188
3120 2352 3452 2420 doctrinae
3504 2354 4055 2438 explicationem?
4138 2356 4336 2439 Quod

2388 2433 2656 2502 dicitur:
2721 2434 3089 2503 Residuum
3134 2439 3478 2505 comedent
3520 2440 3766 2506 bestiae
3822 2444 3996 2526 agri,
4043 2464 4174 2509 non
4219 2465 4336 2509 ex-

2387 2522 2684 2588 tenditur
2727 2522 2810 2587 ad
2853 2523 3027 2589 feras
3069 2526 3323 2603 noxias,
3368 2547 3533 2609 0888
3576 2527 3764 2593 118811
3806 2528 4068 2613 abigere
4103 2550 4144 2595 a
4184 2551 4336 2615 pos·

2385 2606 2817 2674 sessionibus:
2877 2608 2993 2675 sed
3039 2618 3296 2676 tantum
3338 2611 3524 2678 iubet
3564 2613 3752 2680 Deus
3806 2615 4178 2698 promiscue
4221 2637 4335 2681 ex-

2384 2694 2541 2777 poni
2562 2695 2634 2759 in
2657 2696 2905 2760 victum
2943 2702 3076 2761 tam
3115 2696 3492 2765 hominibus
3529 2720 3726 2782 088111
3762 2698 3988 2767 11881118
4023 2700 4337 2786 0811108111

2383 2789 2564 2846 18118
2605 2781 2972 2864 protulerit.
3061 2782 3155 2848 Et
3195 2783 3456 2867 obliqua
3496 2792 3600 2851 est
3640 2787 4037 2869 quaestionis
4079 2788 4335 2866 solutio,

2383 2867 2538 2950 quia
2616 2867 2800 2933 Deus
2877 2866 3201 2943 ostendit.
3242 2868 3480 2935 herbas
3558 2891 3694 2937 non
3770 2892 3912 2938 esse
3986 2874 4335 2956 perituras,

2385 2952 2690 3035 quamvis
2734 2952 2993 3019 nullum
3037 2953 3126 3020 sit
3167 2953 3612 3024 foenisccium.
3681 2957 3927 3025 Bestiis
3969 2958 4146 3024 enim
4183 2959 4337 3026 her·

2384 3039 2503 3106 bas
2543 3038 2687 3106 fore
2729 3040 2871 3106 loco
2927 3039 3137 3121 foeni,
3197 3050 3273 3107 ut
3316 3043 3387 3109 in
3431 3043 3609 3128 agris
3651 3054 3718 3109 81
3759 3045 3969 3128 pratis
4012 3044 4097 3111 ad
4138 3046 4337 3113 satie-

2383 3133 2588 3191 tatem
2628 3134 2997 3210 pascantur.
3086 3127 3409 3195 Exoritur
3452 3137 3671 3196 tamen
3715 3132 3846 3196 alia
3904 3133 4200 3215 quaestio
4252 3154 4337 3198 ex

2384 3211 2527 3278 loco
2562 3212 2879 3279 Levitici:
2947 3213 3061 3280 ubi
3126 3216 3310 3281 Deus
3368 3236 3679 3300 agrorum
3734 3219 4212 3300 possessoribus
4271 3230 4338 3284 et

2385 3319 2614 3372 eorum
2657 3297 2926 3366 familiis
2968 3300 3275 3385 colligere
3316 3302 3389 3366 in
3433 3302 3747 3368 alimenta
3799 3303 4126 3387 permittit
4166 3303 4338 3388 quod

2385 3395 2544 3451 tunc
2587 3396 2822 3469 sponte
2863 3396 3095 3453 natum
3135 3387 3351 3453 fuerit.
3440 3387 3579 3455 Sed
3622 3387 3792 3454 nihil
3833 3388 4051 3455 obstat
4088 3391 4340 3473 quomi-

2385 3491 2515 3537 nus
2556 3471 2684 3554 ipsi
2740 3490 2998 3556 quoque
3051 3479 3366 3557 tanquam
3417 3475 3749 3555 extranei,
3810 3482 3878 3541 et
3933 3495 4016 3540 ex
4061 3475 4337 3542 aliorum

2384 3577 2661 3623 numero
2676 3607 2696 3637 ,
2774 3558 2956 3625 18881
3017 3560 3356 3642 potuerint
3419 3559 3719 3646 frugibus
3795 3581 3964 3644 01188
4040 3561 4335 3627 0111111818

2382 3663 2764 3709 8081818888
2806 3652 3015 3723 erant,
3057 3644 3250 3711 modo
3284 3666 3369 3710 nc
3404 3667 3524 3712 sua
3557 3647 3909 3713 tenacitate
3949 3646 4338 3713 fraudarent

2383 3750 2729 3815 pauperes.
2813 3728 3005 3796 Idem
3068 3730 3264 3815 paulo
3321 3740 3476 3816 post
3523 3730 3870 3800 subiicitur
3925 3732 3994 3798 in
4046 3732 4336 3819 descrip-

2385 3817 2565 3881 tione
2607 3813 2922 3881 Iubilaei:
2980 3838 3137 3882 nam
3196 3817 3323 3883 etsi
3382 3838 3599 3886 annus
3653 3818 3769 3884 ille
3809 3819 3922 3903 qui
3968 3820 4339 3905 complebat

2383 3910 2640 3986 septem
2682 3903 3106 3985 septenarios,
3150 3903 3421 3989 18110818
3453 3914 3596 3970 8181
3637 3904 3968 3985 celebrior,
4012 3907 4338 3990 permittit

2385 3998 2612 4054 tamen
2674 3989 2858 4055 Deus
2936 4008 3167 4056 omncs
3237 3989 3539 4075 frugibus
3604 4001 3837 4076 sponte
3900 3992 4075 4059 natis
4138 3993 4334 4059 18881.

2385 4073 2790 4141 Β88111811118
2840 4074 3131 4158 loquitur
3184 4076 3257 4141 in
3311 4076 3573 4158 Exodo,
3632 4097 3759 4161 quo
3817 4078 4028 4161 magis
4085 4098 4195 4144 808
4251 4079 4335 4144 811

2384 4160 2850 4227 liberalitatem
2915 4160 3236 4229 hortetur.
3346 4161 3430 4228 In
3496 4162 3798 4231 Levitico
3864 4172 4083 4229 autem
4148 4162 4338 4231 docet

2386 4267 2523 4313 non
2581 4268 2724 4313 esse
2756 4245 3147 4332 periculum
3204 4269 3291 4314 ne
3342 4247 3502 4332 quid
3557 4248 3906 4316 intercidat
3968 4269 4053 4315 ex
4118 4257 4337 4317 terrae

2385 4341 2753 4418 proventu:
2808 4332 2963 4416 quia
3019 4339 3286 4416 praeter
3326 4335 3766 4401 mercenarios
3824 4341 3890 4400 et
3933 4336 4337 4485 peregrinos,

2385 4420 2547 4504 ipsis
2603 4439 2857 4503 quoque
2914 4427 2985 4484 81
3037 4420 3247 4487 881118
3304 4440 3532 4487 8018111
3549 4472 3567 4501 ,
3624 4431 3692 4486 et
3744 4420 4057 4486 iumentis
4139 4422 4339 4488 icebit

2385 4505 2603 4573 cibum
2640 4524 2891 4590 capere.
2960 4502 3185 4593 [Quod
3211 4506 3387 4587 dicit,
3423 4514 3656 4590 sponte
3690 4506 3986 4592 genitum
4023 4507 4095 4572 in
4122 4529 4338 4575 messe

2384 4601 2520 4670 tua,
2544 4594 2626 4657 de
2647 4611 2808 4676 agro
2829 4612 3025 4676 quem
3047 4601 3292 4659 metere
3326 4592 3642 4673 solebant,
3677 4594 4105 4677 interpretor:
4142 4594 4339 4661 sicuti

2386 4678 2587 4763 paulo
2631 4684 2797 4760 post,
2842 4678 3324 4761 separationem
3369 4699 3598 4745 eorum
3645 4686 3836 4746 vocat
3868 4679 4198 4763 peculiare
4231 4681 4339 4747 ius

2387 4764 2659 4832 dominii
2717 4764 2790 4828 in
2854 4761 3126 4831 vitibus.
3229 4763 3550 4845 Quamvis
3621 4785 3781 4850 ergo
3844 4764 4128 4831 fundum
4193 4787 4338 4831 esse

2386 4872 2582 4917 suum
2639 4869 2975 4933 possessor
3028 4849 3336 4917 iactaret:
3407 4871 3483 4916 ac
3537 4851 3814 4935 proinde
3871 4872 4151 4917 messem
4210 4851 4337 4918 sibi

2386 4936 2625 5003 debere
2701 4934 2956 5002 salvam
3032 4935 3346 5020 relinqui:
3423 4935 3612 5003 Deus
3673 4937 3983 5004 admonet
4044 4938 4336 5004 fructum

2387 5021 2820 5089 nihilominus
2907 5042 3050 5088 esse
3136 5041 3553 5090 communem
3640 5043 3815 5090 anno
3901 5021 4335 5091 sabbathario.

2384 5110 2626 5176 Moesis
2666 5109 2889 5191 itaque
2934 5128 3054 5191 pro
3096 5129 3255 5194 agro
3297 5110 3506 5176 sativo
3543 5110 3874 5193 accipitur,
3918 5110 4110 5175 sicuti
4152 5129 4340 5193 sepa-

2383 5196 2554 5261 ratio
2596 5215 2718 5279 pro
2754 5194 2891 5261 vite
2932 5194 3211 5277 privata,
3257 5196 3364 5265 vel
3399 5197 3540 5261 8188
3571 5192 3846 5282 fructu}
3891 5193 4109 5260 Aliter
4144 5205 4337 5263 vetus

2383 5281 2710 5366 interpres
2752 5279 2867 5365 qui
2925 5281 3259 5348 transtulit
3317 5302 3479 5350 8188
3532 5282 3992 5367 primitiarum.
4094 5278 4173 5346 Si
4230 5284 4337 5347 cui

2385 5366 2646 5451 placeat
2682 5366 2861 5435 hunc
2906 5387 3175 5436 sensum
3220 5367 3549 5454 amplecti,
3595 5366 3894 5437 consulto
3938 5366 4338 5450 exprimeret
