4867 6150
327 430 457 497 49⁷

328 620 525 689 decim
579 619 1023 686 immaculatos.
1126 618 1228 686 27.
1277 618 1364 685 Et
1421 618 1703 686 minbam
1757 640 1986 700 eorum,
2030 625 2085 685 et
2124 619 2278 686 liba-

328 707 505 774 mina
545 723 775 787 eorum,
818 705 892 771 in
945 706 1248 787 iuvencos,
1303 707 1374 772 in
1426 707 1670 786 arietes,
1727 711 1786 771 et
1823 706 1892 771 in
1935 725 2148 791 cynos,
2190 726 2280 772 se-

327 792 606 859 cundnm
645 811 972 856 numerum
1014 811 1241 873 eorum,
1300 792 1482 858 iuxta
1522 812 1774 860 morem.
1863 791 1964 859 28.
2013 791 2103 857 Et
2148 791 2278 856 hir-

330 897 473 946 cum
525 877 596 941 in
647 876 1035 958 sacrificinm
1070 898 1198 960 pro
1242 882 1495 961 peccato
1539 898 1755 959 unum,
1807 882 2061 959 praeter
2114 876 2280 943 holo-

328 967 617 1032 caustum
691 963 861 1047 ime,
934 968 994 1028 et
1072 963 1353 1030 minbam
1428 965 1595 1045 eius,
1671 969 1730 1030 et
1792 962 2059 1030 libamen
2123 966 2276 1030 eius.

331 1050 437 1117 29.
485 1047 613 1115 Die
656 1054 990 1130 praeterea
1050 1054 1221 1117 sexto
1276 1050 1560 1116 incensos
1612 1055 1736 1116 octo
1751 1101 1768 1129 ,
1832 1051 2062 1116 arietes
2104 1049 2278 1129 duos,

331 1155 529 1221 aqnos
584 1135 915 1201 anniculos
968 1135 1431 1218 quatuordecim
1494 1136 1941 1202 inmaculatos.
2029 1135 2132 1201 30.
2191 1134 2281 1201 Et

331 1220 618 1288 minham
670 1239 886 1286 eorum
902 1272 916 1301 ‚
975 1226 1034 1287 et
1074 1220 1382 1288 libamina
1430 1241 1643 1288 eorum
1699 1222 1770 1287 in
1826 1222 2114 1289 iuvencos
2129 1273 2144 1300 ,
2210 1221 2282 1287 in

330 1308 576 1389 arietes,
619 1312 675 1372 et
717 1307 788 1371 in

329 1414 581 1460 morem
682 1392 786 1458 31.

1025 1358 1041 1386 ,
1084 1307 1424 1374 secundnm
1463 1327 1793 1373 numerum
1840 1327 2056 1373 eorum
2096 1309 2281 1373 iuxta

984 1393 1226 1460 hircum
1287 1395 1360 1458 in
1421 1394 1800 1476 sacrificimn
1851 1414 1979 1477 pro
2030 1399 2283 1476 peccato

329 1499 561 1546 unum:
607 1483 864 1562 praeter
906 1478 1325 1545 holocaustum
1365 1479 1510 1565 iuye
1524 1530 1539 1557 ,
1585 1479 1867 1545 minbam
1908 1480 2064 1561 eius,
2108 1485 2167 1546 et
2208 1479 2282 1545 bt

328 1566 590 1632 bamina
611 1566 765 1630 eius.
832 1563 933 1631 32.
981 1563 1074 1629 Et
1111 1561 1213 1630 die
1244 1565 1502 1648 septimo
1534 1567 1822 1632 iuvencos
1862 1570 2107 1649 septen,
2152 1566 2284 1630 ari-

329 1658 460 1719 etes
498 1651 676 1735 duos,
844 1671 914 1717 os
956 1651 1283 1718 anniculos
1325 1651 1790 1734 quawordecim
1832 1650 2280 1718 immaculatos.

330 1739 442 1806 33.
489 1737 581 1804 Et
619 1737 712 1803 mi
836 1757 902 1801 m
943 1756 1186 1818 εοηιοκ,
1243 1742 1302 1802 et
1338 1738 1641 1805 libamina
1683 1756 1912 1818 eorum,
1955 1739 2026 1803 in
2069 1739 2283 1803 iuven-

331 1846 458 1904 cos,
499 1824 569 1890 in
612 1824 855 1903 arietes,
898 1826 955 1888 et
993 1823 1065 1887 in
1098 1841 1308 1907 aynos,
1348 1823 1687 1890 secundum
1718 1843 2049 1889 numerum
2077 1843 2289 1889 eorum

328 1913 519 1977 ium
583 1929 830 1977 morem.
952 1908 1057 1974 34.
1113 1906 1204 1974 Et
1266 1908 1509 1975 hircum
1587 1910 1657 1975 in
1718 1908 2106 1992 sacrificium
2158 1929 2287 1992 pro

318 2001 577 2083 peccato
631 2015 863 2075 unum,
910 1999 1173 2077 praeter
1221 1994 1636 2062 holocaustum
1691 1996 1852 2080 iuye,
1907 2000 1963 2062 et
2001 1994 2288 2061 niinbam

330 2083 497 2162 eius,
543 2086 599 2148 et
637 2081 906 2148 libamen
949 2081 1106 2147 eins.
1191 2079 1296 2147 35.
1342 2080 1473 2148 Die
1513 2086 1719 2148 octavo
1776 2081 2115 2148 solennitas
2170 2081 2290 2147 erit

328 2168 541 2237 vobis.-
595 2168 844 2234 nullum
884 2186 1045 2248 opus
1089 2167 1314 2233 servile
1364 2166 1631 2249 facietis.
1722 2166 1825 2233 36.
1871 2166 1962 2232 Et
2017 2167 2287 2250 offeretis

329 2254 779 2335 holocaustum
842 2257 901 2319 et
943 2253 1308 2320 oblationem
1349 2253 1617 2337 ionitam
1658 2253 1870 2320 odoris
1910 2253 2139 2336 quietis
2182 2253 2285 2318 Ie-

328 2341 530 2407 hovae-
569 2342 891 2406 iuvencum
923 2359 1138 2421 unum,
1183 2340 1441 2405 arietem
1473 2359 1688 2416 namn,
1733 2359 1928 2423 aynos
1960 2339 2288 2405 anniculos

327 2432 564 2510 septem
618 2424 1075 2492 immaculatos:
1142 2424 1244 2490 37.
1290 2423 1380 2490 Et
1429 2424 1712 2491 minbam
1753 2445 1980 2506 eornm,
2036 2430 2092 2492 et
2131 2424 2287 2490 liba-

327 2514 518 2578 mina
573 2531 811 2589 comni,
871 2511 945 2576 in
1001 2511 1361 2590 iuvencum,
1416 2512 1490 2576 in
1531 2511 1803 2586 arietem,
1861 2512 2030 2577 etin
2072 2531 2286 2595 aynos,

325 2598 673 2666 secundum
712 2616 1046 2663 numerum
1087 2617 1300 2663 eorum
1332 2597 1519 2662 iuxta
1550 2617 1798 2664 morem.
1886 2596 1989 2663 38.
2032 2596 2123 2662 Et
2154 2596 2287 2662 hir-

324 2701 479 2754 cum
534 2683 605 2749 in
657 2681 1041 2764 sacrificium
1085 2703 1212 2766 pro
1240 2686 1487 2766 peccato
1542 2703 1769 2748 unum:
1812 2687 2068 2765 praeter
2121 2682 2283 2748 bolo·

323 2774 623 2839 caustum
651 2770 814 2854 iuye,
850 2768 1207 2834 etminbam
1239 2769 1396 2849 eius,
1440 2771 1496 2834 et
1515 2767 1783 2835 libamen
1801 2770 1955 2834 eius.
2001 2768 2104 2834 39.
2145 2767 2287 2835 Ista

321 2857 585 2941 facietis
620 2854 887 2922 Iehovae
930 2855 1001 2919 in
1045 2853 1521 2921 solennitatibus
1551 2855 1813 2921 vestiis.-
1840 2860 2104 2936 praeter
2142 2860 2287 2921 vota

324 2947 572 3024 vestra,
632 2946 688 3008 et
728 2944 1071 3027 spontanea
1123 2945 1332 3008 vestra
1386 2941 1460 3006 in
1501 2939 1877 3007 holocaustis
1928 2941 2179 3021 vestris,
2231 2946 2288 3007 et

324 3028 575 3096 minbis
608 3028 851 3130 ‚vestris
865 3080 882 3108 ,
940 3030 997 3093 et
1045 3025 1456 3096 libaminibus
1510 3027 1739 3094 vestris
1755 3075 1772 3107 ,
1831 3030 1888 3093 et
1948 3026 2288 3110 sacrificiis

513 3288 570 3352 1.
620 3285 836 3352 Mense
901 3289 1110 3351 autem
1172 3285 1454 3368 septimo.
1565 3284 1709 3352 Iam
1773 3283 2085 3352 admonui
2152 3306 2286 3352 non

325 3372 607 3439 tractari
654 3372 734 3438 de
796 3371 982 3438 festis
1028 3369 1273 3449 diebus,
1333 3370 1448 3437 sed
1492 3377 1754 3436 tantum
1801 3371 2041 3454 quibus
2083 3372 2284 3438 sacri-

324 3459 505 3527 ficiis
558 3458 855 3525 ornanda
910 3465 1084 3523 esset
1138 3476 1364 3522 eorum
1421 3455 1801 3523 solennitas,
1891 3456 2089 3522 Initio
2138 3478 2284 3542 sep-

325 3546 482 3611 timi
541 3544 788 3611 mensis
845 3551 989 3609 erat
1045 3541 1453 3609 memoriale:
1515 3541 1690 3627 quod
1739 3542 2063 3609 vocabant
2106 3544 2285 3609 clan-

328 3632 515 3718 goris
550 3631 883 3696 tubarum.
953 3628 1130 3711 Quia
1161 3629 1385 3695 minus
1429 3627 1702 3695 celebris
1738 3636 1881 3694 erat
1918 3628 2074 3712 dies,
2120 3649 2286 3694 non-

324 3718 468 3785 nisi
521 3718 875 3784 iuvencum
933 3735 1142 3781 unum
1199 3715 1424 3780 offerri
1488 3715 1674 3782 iubet
1735 3715 1979 3781 Moses:
2050 3735 2284 3781 verum

325 3803 463 3870 alio
520 3809 822 3886 respectu
876 3801 1208 3868 crescebat
1262 3820 1609 3867 numerus:
1676 3810 1832 3867 ante
1888 3801 2067 3867 enim
2110 3800 2282 3866 vidi·

325 3910 483 3955 mus
541 3888 824 3974 singulis
877 3887 1200 3953 mensium
1256 3884 1546 3953 calendis
1589 3907 1813 3953 caesos
1855 3887 2058 3953 fuisse
2117 3886 2280 3954 duos

325 3975 661 4042 iuvencos.
723 3975 906 4058 Ergo
930 3971 1068 4039 dies
1090 3972 1202 4037 ille
1238 3970 1470 4037 habuit
1505 3973 1920 4040 tresmaiores
1958 3974 2279 4053 victimas,

327 4062 612 4127 aliarum
658 4080 815 4126 vero
856 4079 1172 4125 numerus
1217 4056 1703 4143 duplicabatur,
1767 4068 1843 4124 nt
1887 4070 2109 4126 essent
2151 4058 2280 4124 duo

327 4147 592 4226 arietes,
607 4146 761 4230 agni
784 4144 1277 4229 quatuordecim
1303 4152 1371 4210 et
1388 4144 1554 4211 hirci
1570 4145 1718 4211 duo.
1746 4143 1861 4212 Sic
1882 4145 2087 4230 igitur
2109 4145 2282 4211 diem

325 4234 523 4299 illum
568 4232 668 4298 bis
704 4231 828 4297 sibi
866 4231 1276 4298 consecravit
1297 4231 1500 4312 Deus,
1542 4239 1620 4297 ut
1661 4231 1893 4316 religio
1937 4254 2068 4297 una
2113 4231 2281 4297 nihil

327 4319 527 4386 alteri
584 4317 985 4384 detraheret:
1043 4316 1288 4400 alioqui
1344 4316 1533 4384 visus
1591 4327 1793 4397 esset,
1854 4317 2025 4402 quod
2080 4317 2282 4384 semel

325 4412 677 4484 statuerat,
737 4412 1051 4471 evertere.
1140 4404 1322 4487 Ergo
1376 4404 1752 4470 memoriale
1809 4404 2121 4470 tubarum
2166 4423 2282 4469 no-

325 4490 573 4557 vilunii
617 4491 953 4576 abrogatio
971 4511 1108 4556 non
1142 4489 1291 4573 fuit,
1337 4487 1450 4555 sed
1476 4497 1824 4574 utrumque
1859 4498 2279 4574 praeceptum

324 4577 528 4644 simul
574 4584 946 4643 servarunt.

510 4663 568 4729 7.
621 4664 878 4730 Decimo
940 4663 1061 4728 die.
1180 4661 1345 4727 Dies
1424 4662 1531 4729 hic
1608 4662 1734 4727 fuit
1810 4660 2281 4745 expiationum.

325 4749 486 4816 Etsi
541 4750 719 4815 enim
777 4769 1114 4831 nunquam
1168 4747 1297 4813 nisi
1355 4769 1503 4816 cum
1556 4748 1788 4814 veniae
1832 4746 2285 4832 deprecatione

326 4834 684 4920 prodibant
737 4835 804 4899 in
861 4844 1285 4918 conspectum
1345 4832 1510 4915 Dei,
1566 4843 1725 4899 tunc
1783 4833 2050 4916 speciali
2094 4832 2285 4899 modo

328 4942 457 4987 sua
513 4929 782 5005 peccata
837 4919 1113 4987 confessi
1172 4928 1360 4999 sunt,
1418 4920 1573 5005 quia
1629 4921 1697 4985 in
1756 4921 2016 5004 signum
2063 4927 2285 4985 reatus

327 5006 662 5074 indictum
720 5007 844 5072 fuit
885 5006 1228 5073 ieiunium.
1318 5005 1434 5073 Sic
1479 5007 1654 5072 enim
1708 5007 2017 5072 scribitur
2058 5004 2282 5072 Levit.

326 5093 441 5161 23.
529 5092 769 5160 Omnis
813 5093 1036 5159 anima
1075 5113 1242 5177 quae
1287 5113 1419 5158 non
1461 5093 1659 5159 fuerit
1712 5089 1957 5157 afflicta
1998 5092 2113 5156 illo
2159 5091 2281 5172 die,

329 5180 675 5246 excidetur
719 5201 756 5244 e
795 5178 1054 5265 populis
1097 5178 1252 5245 suis.
1344 5178 1697 5245 Caeterum
1747 5177 1919 5263 quod
1963 5177 2047 5243 ad
2090 5178 2284 5245 sacri-

327 5266 489 5332 ficia
530 5273 800 5351 spectat,
860 5273 1119 5332 tantum
1177 5266 1493 5331 iuvencus
1548 5287 1722 5331 uuus
1758 5264 2072 5349 exigitur:
2135 5263 2284 5328 reli-

329 5371 466 5436 qua
524 5352 956 5433 conveniunt,
1023 5351 1149 5416 nisi
1214 5350 1388 5436 quod
1444 5352 1513 5416 in
1580 5351 1963 5435 exceptione
2017 5348 2280 5416 additur

543 5453 768 5513 calvini
792 5471 981 5526 opera.
1054 5455 1175 5515 Vol.
1203 5452 1436 5510 XXIV.

1746 433 2258 504 SECUNDUM
2300 432 2955 502 PRAEGEPTUM.

4197 429 4331 498 498

2381 619 2553 704 quod
2608 620 2682 686 in
2736 620 3182 705 superioribus
3231 620 3546 686 omissum
3604 627 3761 686 erat.
3849 619 4024 686 Nam
4067 627 4335 704 praeter

2380 706 2638 771 hircum
2728 705 2858 772 alia
2936 706 3373 774 reconciliatio
3462 707 3758 789 ponitur:
3847 726 4086 789 nempe
4164 726 4341 789 quae

2381 792 2721 860 afflictioni
2775 792 3189 877 respondeat.
3279 791 3528 876 Culpae
3572 791 3750 857 enim
3793 792 4061 877 agnitio,
4108 791 4341 858 dirum

2381 886 2786 944 tormentum
2842 879 3264 947 conscientiis
3332 878 3559 944 fuisset
3616 876 3859 962 absque
3932 899 4047 961 spe
4113 877 4339 963 placa·

2381 963 2601 1031 tionis.
2691 966 2911 1049 Atque
2965 966 3161 1032 huius
3218 964 3517 1032 sacrificii
3573 964 3741 1029 ratio
3786 963 3979 1048 paulo
4022 973 4173 1048 post
4214 986 4339 1030 ex-

2431 1060 2687 1116 onetur.

2382 1071 2425 1134 p
2559 1136 2659 1202 12.
2713 1134 2913 1202 Porro
2953 1137 3196 1204 decima
3236 1136 3458 1220 quinta
3499 1135 3617 1202 die.
3706 1133 3895 1200 Inter
3945 1135 4084 1202 dies
4127 1136 4345 1203 festos»

2382 1222 2825 1306 principatum
2867 1223 3081 1289 tenuit
3125 1222 3233 1288 hic
3276 1222 3571 1306 ultimus,
3616 1241 3742 1303 quo
3787 1221 4174 1287 habitabant
4218 1242 4343 1304 per

2383 1318 2636 1391 septem
2697 1308 2835 1375 dies
2891 1309 3012 1374 sub
3060 1308 3522 1375 tabernaculis.
3609 1307 3780 1374 Nam
3824 1328 4024 1390 quum
4070 1308 4140 1372 in
4186 1326 4345 1391 pas-

2383 1394 2577 1459 chate
2613 1405 2871 1460 noctem
2907 1415 3039 1479 qua
3073 1415 3114 1461 a
3145 1395 3356 1479 plagis
3391 1392 3680 1479 Aegypti
3716 1393 4044 1459 immunes
4086 1392 4336 1478 egressi

2383 1481 2645 1545 fueraut
2687 1481 3006 1546 memoria
3026 1472 3421 1565 repeterent,
3455 1481 3579 1547 sub
3603 1478 4037 1544 tabernaculis
4061 1478 4332 1564 agend0,

2386 1566 2987 1651 complectebantur
3051 1575 3223 1634 totos
3299 1565 3737 1652 quadraginta
3800 1586 4025 1645 annos,
4102 1564 4338 1650 quibus

2386 1660 2606 1736 patres
2663 1672 2887 1718 eorum
2944 1653 3018 1718 iu
3077 1653 3331 1720 deserto
3397 1653 3707 1719 continua
3768 1660 3835 1717 et
3891 1671 4150 1717 summa
4208 1648 4340 1717 Dei

2387 1738 2706 1805 beneficia
2765 1739 3021 1822 experti
3097 1747 3307 1806 erant.
3416 1738 3697 1805 Valebat
3773 1738 3970 1802 etiam
4047 1735 4339 1804 solennis

2386 1823 2501 1889 ille
2557 1834 2922 1891 conventus
2978 1823 3062 1890 ad
3106 1825 3305 1891 alium
3351 1832 3764 1909 praesentem
3811 1845 4021 1902 usum,
4081 1830 4156 1888 ut
4198 1822 4330 1888 col-

2386 1910 2560 1977 lecta
2603 1931 2813 1977 messe
2869 1912 3118 1995 gratias
3162 1912 3305 1977 Deo
3343 1920 3629 1996 agerent.
3721 1908 3902 1975 Hinc
3950 1910 4027 1974 fit
4081 1917 4157 1974 ut
4200 1909 4335 1974 sin-

2387 1996 2562 2081 gulis
2603 1995 2831 2063 diebus
2877 1996 3181 2064 victimas
3225 1997 3604 2073 obtulerint,
3659 2005 3727 2061 et
3770 1994 3996 2079 plures
4040 2014 4334 2073 numero,

2388 2102 2464 2149 ac
2516 2083 2727 2167 primo
2802 2081 2905 2148 die
2960 2083 3258 2167 quidem,
3324 2102 3562 2166 nempe
3626 2080 3939 2149 tredecim
4005 2082 4334 2161 iuvencos,

2387 2168 2626 2234 arietes
2670 2167 2848 2247 duos,
2893 2177 2960 2235 et
2995 2189 3201 2255 agnos
3237 2166 3747 2254 quatuordecim,
3785 2165 4072 2234 secundo
4110 2176 4334 2232 autem

2389 2252 2728 2322 duodecim
2784 2256 3117 2335 iuvencos,
3178 2255 3372 2323 tertio
3428 2253 3754 2334 undecim,
3812 2264 4043 2337 quarto
4088 2252 4331 2333 decem,

2387 2341 2619 2424 quinto
2678 2361 2951 2426 novem,
3008 2350 3194 2408 sexto
3256 2361 3409 2408 vero
3475 2349 3652 2420 octo,
3725 2339 4001 2422 septimo
4068 2338 4333 2404 demum

2389 2434 2661 2510 septem,
2706 2435 2937 2494 octavo
2987 2449 3214 2494 unum.
3304 2427 3368 2492 Ν
3370 2449 3443 2495 ec
3497 2426 3743 2492 frustra
3787 2426 4008 2491 Moses
4050 2424 4124 2489 in
4168 2424 4334 2491 reci·

2388 2512 2637 2579 tatione
2702 2511 2862 2578 adeo
2930 2521 3031 2579 est
3096 2514 3444 2580 verbosus:
3509 2513 3798 2598 primum
3857 2532 3940 2576 ne
4006 2510 4163 2595 quid
4216 2511 4337 2577 fiat

2388 2598 2520 2664 nisi
2587 2621 2669 2665 ex
2739 2596 2868 2664 Dei
2926 2608 3307 2684 praecepto:
3383 2599 3619 2665 deinde
3684 2618 3770 2664 ne
3835 2596 4183 2662 molestum
4248 2596 4336 2662 sit

2390 2684 2500 2749 vel
2533 2705 2740 2770 grave
2774 2692 2997 2753 tantos
3031 2698 3332 2769 sumptus
3366 2686 3600 2763 facere,
3643 2704 3805 2767 quos
3838 2683 4120 2749 libenter
4161 2683 4336 2748 refu·

2389 2770 2662 2922 gissent.
2765 2771 2945 2857 Ergo
3000 2781 3076 2838 ut
3140 2771 3444 2838 alacriter
3507 2777 3780 2855 pareant
3846 2770 3973 2835 Dei
4037 2769 4335 2853 imperio,

2434 2856 2741 2941 iligenter
2795 2857 3080 2924 inculcat
3132 2857 3366 2940 quibus
3408 2858 3478 2922 in
3523 2855 3817 2940 singulos
3864 2855 4005 2919 dies
4047 2854 4337 2920 victimis

2392 2940 2579 3009 Deus
2640 2942 2761 3009 sibi
2821 2942 2998 3008 litari
3052 2942 3234 3009 velit.
3331 2942 3540 3009 Porro
3597 2962 3715 3009 cur
3772 2949 3908 3006 tam
3971 2939 4336 3023 inaequalis

2390 3028 2594 3095 fuerit
2652 3027 3022 3096 distributio
3078 3029 3246 3095 mihi
3288 3049 3422 3095 non
3465 3028 3717 3113 liquere
3760 3027 3984 3106 fateor,
4041 3036 4108 3093 et
4148 3026 4336 3112 igno·

2391 3116 2677 3180 rantiam
2720 3116 2911 3181 fateri
2952 3125 3246 3200 praestat
3287 3135 3482 3200 quam
3527 3114 3725 3180 nimis
3767 3112 4096 3179 subtiliter
4139 3133 4336 3197 argu·

2392 3199 2621 3281 tando,
2681 3201 2755 3265 in
2809 3221 3023 3268 meros
3074 3201 3289 3267 fumos
3343 3220 3753 3268 evanescere.
3811 3198 4025 3264 ·Haec
4072 3198 4336 3282 quidem

2390 3307 2514 3352 nec
2557 3286 2818 3353 curiosa
2872 3297 2973 3354 est
3021 3309 3142 3355 nec
3195 3286 3551 3353 reiicienda
3606 3284 3931 3371 cogitatio,
3983 3305 4338 3350 numerum

2390 3373 2679 3457 quotidie
2743 3372 3134 3453 minuendo,
3202 3373 3468 3439 tandem
3530 3393 3639 3438 eos
3705 3372 3985 3456 septimo
4052 3370 4187 3450 die,
4253 3370 4335 3435 ad

2389 3460 2837 3542 septenarium
2896 3480 3247 3526 numerum
3311 3459 3717 3543 pervenisse,
3785 3457 3899 3542 qui
3963 3455 4339 3541 symbolum

2388 3556 2493 3610 est
2570 3545 3015 3629 perfectionis:
3095 3567 3251 3612 nam
3330 3554 3598 3611 octavus
3682 3543 4142 3627 superadditus
4217 3542 4340 3607 fuit

2384 3638 2697 3715 tanquam
2742 3631 3058 3699 clausula.
3148 3630 3444 3697 Tandem
3493 3630 3755 3697 subiicit
3798 3630 4036 3707 Moses,
4083 3630 4154 3693 in
4197 3628 4338 3713 iugi

2384 3717 2705 3783 sacrificio
2780 3726 2849 3783 et
2924 3716 3071 3784 aliis
3132 3718 3667 3784 extraordinariis
3687 3767 3703 3796 ,
3773 3714 4134 3781 tenendum
4195 3735 4338 3781 esse

2383 3801 2556 3886 quod
2610 3801 2797 3869 Deus
2855 3804 3269 3887 praescribit:
3327 3825 3411 3869 ne
3470 3802 3625 3886 quid
3676 3802 4018 3869 hominum
4064 3800 4337 3866 arbitrio

2383 3897 2694 3956 mutetur.
2812 3887 3150 3956 Sacrificio
3214 3911 3380 3975 quae
3444 3911 3529 3956 ex
3586 3889 3950 3973 praeceptis
4012 3885 4336 3953 secundae

2384 3974 2644 4125 tabulae
2703 3975 3024 4059 pendent,
3080 3975 3380 4043 consulto
3433 3977 3503 4042 in
3561 3995 3756 4042 suum
3811 3974 4029 4041 locum
4073 3971 4336 4038 differre

2383 4081 2426 4146 p
2455 4062 2649 4128 acuit.

3081 4403 3387 4471 LEVIT.
3432 4402 3629 4470 XVI.

2562 4576 2619 4642 1.
2688 4575 3012 4658 Loquutus
3064 4580 3153 4642 est
3204 4579 3412 4644 autem
3470 4574 3702 4641 Iehova
3757 4574 3843 4640 ad
3898 4571 4119 4639 Mosen
4163 4580 4339 4656 post-

2629 4663 2864 4728 mortui
2918 4666 3063 4728 sunt
3117 4662 3241 4728 duo
3299 4681 3378 4727 ex
3433 4661 3595 4744 filiis
3649 4659 3947 4726 Aharon:
4008 4659 4119 4741 qni
4183 4660 4338 4726 dum

2384 4749 2735 4815 accederent
2785 4769 2993 4815 coram
3057 4746 3291 4814 Iebova
3355 4747 3588 4814 mortui
3643 4751 3806 4813 sunt.
3909 4745 3969 4811 2.
4026 4743 4338 4827 Dixitque

2386 4833 2617 4902 Isbova
2662 4834 2748 4900 ad
2792 4834 3045 4901 Mosen.-
3088 4833 3370 4917 Loquere
3412 4833 3498 4899 ad
3523 4832 3791 4898 Ahar-on
3829 4831 4099 4915 fratrem
4140 4834 4345 4913 taum,

2382 4926 2456 4986 at
2517 4940 2594 4985 ne
2649 4921 3039 5005 inyrediatur
3104 4921 3275 4986 omni
3340 4925 3607 5001 tempore
3667 4918 4104 4984 sanctuarium
4164 4917 4343 4984 intra

2381 5007 2588 5073 velum
2628 5026 2843 5072 coram
2870 5006 3318 5089 propitiatorio
3360 5006 3528 5089 quod
3568 5009 3660 5071 est
3713 5024 3914 5087 supra
3972 5021 4208 5081 arcam,
4258 5024 4340 5070 nc

2381 5093 2728 5158 moriatur:
2781 5093 2855 5159 in
2903 5092 3060 5158 nube
3111 5092 3278 5158 enim
3342 5090 3656 5174 apparebo
3706 5109 3909 5172 snpra
3954 5087 4339 5170 propitiato·

2381 5180 2571 5244 rium.
2663 5177 2721 5242 3.
2774 5176 2933 5246 Oum
2988 5177 3096 5244 hoc
3142 5179 3528 5262 inyredietur
3572 5175 3837 5247 Aharon
3878 5173 4337 5257 sanctuarinm,
4455 5200 4461 5206 ·

2381 5277 2522 5331 cum
2586 5265 2839 5331 iuvenco
2898 5262 3037 5346 filio
3091 5264 3263 5330 bovis
3313 5264 3385 5330 in
3442 5263 3712 5329 hostiam
3765 5281 3888 5343 pro
3939 5263 4220 5342 peccato,
4280 5267 4342 5328 et

2381 5353 2574 5417 ariete
2615 5351 2688 5416 in
2728 5350 3167 5418 holocaustum.
3255 5351 3317 5418 4.
3369 5350 3614 5417 Tunica
3655 5348 3822 5413 linea
3860 5349 4080 5501 {gnata
4122 5346 4348 5415 induet
