4867 6150
494 1731 958 1807 'abeoeta

583 418 714 486 679
1693 472 1712 495 .
2037 415 2496 491 OO'I'AVUM
2538 414 3186 485 PRAEOEPTUM.
4443 414 4549 482 680

1187 605 1321 674 EX
1364 605 1667 676 EXODI
1708 607 1944 673 XXII.

761 780 866 848 25.
884 779 929 868 ¹)
996 778 1072 846 Si
1123 780 1464 863 pecuniam
1526 784 1808 845 mutuam
1849 779 2100 846 dederis
2137 777 2371 862 populo
2410 798 2547 846 meo

587 868 871 952 pauperi
923 868 1036 950 qui
1092 870 1182 932 est
1233 872 1448 941 tecnon,
1507 886 1632 931 non
1682 866 1812 932 eris
1868 866 1928 932 ei
1969 866 2131 932 sicut
2169 866 2548 932 usurarius:

593 974 724 1020 non
758 953 1088 1036 imponetis
1128 952 1189 1017 ei
1227 972 1514 1017 usuram

1177 1310 1313 1376 Ex
1357 1310 1664 1379 LEVI'I'.
1707 1310 1939 1378 XXV.

761 1482 865 1549 35.
908 1481 987 1548 Si
1012 1486 1371 1549 attenuatas
1399 1481 1596 1565 fucrit
1634 1483 1835 1566 frater
1866 1487 2035 1562 taus,
2071 1488 2128 1549 et
2157 1483 2547 1551 vacillaverit

589 1588 820 1635 manus
874 1569 1014 1634 eius
1066 1568 1241 1650 apud
1296 1573 1383 1653 te,
1440 1567 1663 1651 fideies
1680 1567 1734 1655 ⁴²)
1795 1568 2007 1634 illum:
2037 1570 2446 1654 pereyrinum
2488 1575 2546 1635 et

593 1655 935 1721 advenam:
991 1660 1047 1720 et
1101 1655 1261 1719 vivet
1321 1659 1533 1720 tecum
1621 1654 1727 1720 36.
1776 1655 1925 1720 Non
1966 1657 2235 1739 accipies
2278 1676 2544 1722 usuram

959 1746 1312 1825 meritum
1353 1740 1462 1805 sed
1503 1740 1746 1807 timebis
1765 1740 1980 1808 Deum
2019 1747 2228 1808 tuum.-
2267 1743 2545 1825 vivetque

578 1826 788 1909 frater
827 1827 1002 1907 apud
1032 1831 1105 1891 te.
1194 1825 1300 1891 37.
1350 1825 1692 1892 Pecuniam
1749 1832 1924 1892 taam
1965 1848 2086 1893 non
2129 1827 2313 1894 dabis
2354 1829 2415 1894 ei
2457 1829 2545 1894 ad

587 1913 2000 2097 mmmm'3⁸:2²”2a‘2mff³⁵:2⁰⁰ss
2032 1918 2226 2066 {35:2²
2251 1911 2542 2084 iffffla‘}

580 2089 653 2147 ut
704 2084 924 2151 darem
979 2082 1151 2150 vobis
1206 2088 1438 2150 terram
1497 2082 1803 2151 Chanaan
1819 2136 1833 2163 ‚
1889 2105 1963 2150 ac
2018 2106 2212 2152 essem
2253 2085 2427 2153 vobis
2470 2085 2540 2150 in

1183 2510 1317 2577 EX
1362 2511 1631 2579 DEU'r.
1677 2511 1949 2579 XXIII.

763 2680 862 2747 19.
885 2679 940 2768 ⁸)
997 2682 1140 2748 Non
1188 2682 1536 2764 foenerabis
1575 2683 1775 2765 fratri
1815 2689 1921 2750 tuo
1958 2684 2179 2767 foenus
2209 2687 2538 2768 pecuniae,

584 2766 807 2849 foenus
865 2767 989 2834 cibi
1002 2820 1018 2846 ,
1081 2768 1302 2851 foenus
1360 2771 1784 2852 cuiuscunque
1850 2771 1944 2836 rei
2007 2771 2078 2836 in
2130 2792 2259 2854 qua
2311 2772 2537 2855 foenus

588 2859 922 2919 exercetur.
1032 2854 1137 2920 20.
1206 2852 1531 2921 Extraneo
1599 2855 1979 2941 foenerabis,
2047 2878 2123 2924 ac
2180 2859 2379 2938 fratri
2432 2863 2537 2923 tuo

587 2960 711 3006 non
764 2939 1143 3020 foenerabis:
1198 2945 1269 3006 αἱ
1321 2941 1637 3008 benedicat
1688 2941 1802 3007 bibi
1858 2941 2089 3008 Iehova
2145 2942 2328 3009 Deus
2386 2949 2536 3010 tuus

583 3026 658 3091 in
715 3027 886 3092 omni
940 3026 1357 3111 applicatione
1410 3047 1639 3094 manus
1691 3033 1836 3095 tuae
1898 3050 2091 3113 super
2146 3035 2382 3097 terram
2446 3031 2534 3099 ad

579 3132 773 3194 quam
815 3114 1184 3197 inmederis,
1225 3118 1299 3178 ut
1325 3115 1667 3196 possideas
1708 3136 1866 3181 eam.

754 3283 885 3349 His
906 3284 1064 3350 locis
1088 3282 1397 3350 docemur
1420 3306 1555 3351 non
1591 3287 1892 3353 sufficere
1927 3287 1984 3354 si
2019 3289 2166 3372 quis
2200 3288 2285 3353 ab
2318 3288 2534 3355 alieno

583 3367 705 3436 sibi
751 3381 1103 3454 temperet,
1150 3371 1276 3435 nisi
1320 3370 1543 3457 vigeat
1584 3373 1993 3454 humanitas,
2052 3386 2121 3440 et
2164 3376 2529 3446 misericor-

583 3455 693 3520 dia
750 3454 834 3521 ad
878 3476 1198 3539 pauperes
1242 3454 1700 3525 sublevandos.
1791 3459 2121 3527 Viderunt
2162 3461 2230 3525 id
2273 3482 2531 3546 quoque

582 3542 841 3625 profani
895 3543 1278 3625 scriptores,
1338 3542 1493 3610 licet
1550 3566 1685 3610 non
1742 3546 1904 3613 satis
1962 3545 2268 3613 dilucide:
2327 3569 2528 3631 quum

584 3649 814 3694 omnes
871 3628 1212 3698 hominum
1271 3650 1470 3696 causa
1525 3631 1732 3714 geniti
1776 3632 1943 3711 sint,
2002 3654 2136 3699 non
2181 3643 2359 3701 recte
2401 3634 2528 3701 coli

581 3714 758 3780 vitae
800 3716 1359 3794 communitatem,
1405 3717 1534 3782 nisi
1577 3719 1750 3782 inter
1793 3739 1864 3784 se
1906 3718 2123 3786 officia
2164 3720 2526 3785 conferant.

582 3799 786 3884 Ergo.
833 3821 917 3864 ne
961 3799 1293 3882 proximos
1336 3802 1729 3881 fraudemus,
1773 3815 1970 3887 atque
2011 3807 2106 3870 ita
2147 3818 2531 3890 reputemur

585 3905 809 3951 coram
862 3884 1004 3951 Deo
1060 3887 1272 3964 fures,
1328 3887 1658 3954 discamus
1715 3889 1931 3973 quoad
1988 3891 2156 3957 feret
2214 3893 2533 3976 cuiusque

585 3971 881 4047 facultas,
929 3970 998 4036 in
1044 3993 1155 4037 eos
1200 3972 1308 4055 qui
1355 3996 1476 4056 ope
1521 3986 1748 4042 nostra
1788 3976 2108 4060 indigent,
2152 3999 2294 4044 esse
2338 3976 2532 4044 bene-

581 4058 708 4124 fici.
799 4056 968 4124 Pars
1020 4058 1195 4122 enim
1241 4058 1528 4124 iustitiae
1572 4075 1672 4126 est
1715 4059 2094 4142 liberalitas,
2139 4062 2253 4128 ubi
2296 4064 2533 4130 merito

579 4145 865 4210 iniustus
922 4145 1172 4209 censeri
1230 4143 1459 4209 debeat
1501 4148 1612 4228 qui
1655 4148 1932 4213 fratrum
1979 4150 2354 4215 necessitati
2396 4172 2532 4215 non

582 4231 908 4295 succurrit
964 4229 1076 4295 ubi
1133 4241 1366 4313 potest.
1456 4232 1609 4297 Huc
1664 4235 1948 4314 pertinet
1992 4233 2362 4302 Solomonis
2416 4259 2531 4301 ex-

582 4314 867 4380 hortatio
910 4313 1134 4402 (Prov.
1181 4315 1242 4395 5,
1290 4314 1431 4403 15),
1493 4329 1566 4382 ut
1620 4316 1918 4384 bibamus
1975 4342 2211 4404 aquam
2254 4343 2292 4388 e
2337 4322 2534 4388 fonti-

586 4399 711 4466 bus
754 4403 1015 4481 nostris,
1061 4412 1129 4468 et
1172 4403 1555 4468 deriventur
1597 4403 1728 4469 rivi
1772 4403 1855 4470 ad
1898 4408 2251 4489 proximos.
2341 4408 2532 4475 Post-

589 4507 786 4569 quam
841 4489 1017 4552 enim
1061 4488 1254 4554 iussit
1297 4489 1595 4574 singulos
1639 4511 1758 4556 suo
1803 4504 2141 4559 contentos
2185 4516 2356 4573 esse,
2415 4516 2535 4562 nec

586 4572 838 4654 copiam
875 4584 1232 4656 appetere·
1262 4596 1345 4640 ex
1403 4575 1679 4642 aliorum
1739 4576 2113 4661 dispendi0,
2172 4583 2372 4647 simul
2418 4582 2535 4646 ad·

583 4659 833 4743 iungit,
894 4680 1023 4723 non
1083 4671 1257 4725 recte
1301 4662 1438 4726 suis
1481 4661 1787 4746 operibus
1836 4664 1965 4730 frui
2011 4666 2123 4749 qui
2179 4668 2535 4746 abundant,

591 4745 715 4810 nisi
785 4763 936 4810 cum
1001 4745 1401 4828 pauperibus
1464 4751 1949 4816 communicent
2029 4752 2112 4816 ad
2186 4753 2533 4820 levandam

588 4852 817 4896 eorum
896 4830 1206 4912 inopiam.
1320 4831 1474 4899 Ideo
1542 4836 1713 4900 enim
1807 4837 2075 4902 obviant
2147 4839 2272 4904 sibi
2352 4840 2538 4907 dives

584 4929 655 4981 et
750 4937 1033 4999 pauper,
1137 4919 1682 4999 quemadmodum
1769 4922 1925 4989 alibi
2027 4924 2182 4990 dicit
2270 4924 2537 4992 Solomo

755 5192 818 5400 ἐξ
852 5191 1236 5330 ῗῗξῑαὲῥξηει
1271 5264 1374 5331 vel,
1413 5263 1809 5334 Apprehendes
1843 5273 1905 5322 ut
1938 5269 2224 5325 sustineas.

756 5330 793 5384 3
852 5330 1021 5387 Hebr.
1057 5331 1142 5387 20.
1180 5331 1264 5386 21.

2649 602 2872 756 (DProv.
2919 603 3024 683 22,
3089 602 3191 691 2),
3259 611 3328 670 et
3392 604 3686 687 utrisque
3751 601 4116 670 communis
4180 611 4279 668 est
4336 610 4551 670 creator

2716 712 2852 757 eus.

2822 775 3039 842 Exodi
3084 776 3188 853 22,
3234 774 3339 841 25.
3406 773 3482 841 Si
3517 774 3873 856 pecaniam.
3943 772 4024 838 In
4070 775 4317 840 ratione
4368 782 4553 841 mutu-

2649 861 2803 927 andi
2864 864 3152 927 maxime
3206 863 3433 946 vigere
3491 859 3682 926 debet
3744 860 4155 936 humanitas,
4213 861 4554 943 praesertim

2649 948 2759 1013 ubi
2800 949 2948 1032 quis
2982 946 3064 1012 ad
3108 958 3407 1013 extrema
3446 945 3772 1025 redactus,
3818 946 4044 1011 divitis
4089 945 4554 1012 misericordiam

2647 1034 2974 1116 implorat.
3078 1034 3265 1099 Haec
3336 1032 3514 1099 enim
3595 1053 3752 1097 vera
3813 1032 4077 1097 demum
4135 1043 4237 1097 cst
4307 1032 4560 1099 caritatis

2645 1121 2961 1202 probati0,
2999 1121 3111 1186 ubi
3148 1117 3506 1185 secundum
3543 1117 3796 1184 Christi
3836 1129 4256 1202 praeceptum
4296 1115 4469 1204 (Luc.
4509 1117 4560 1198 6,

2645 1203 2758 1292 34)
2781 1207 2860 1271 ab
2942 1228 3021 1271 ue
3050 1226 3163 1289 spe
3186 1213 3487 1270 mutuum
3512 1201 3762 1270 damus.
3830 1203 3979 1269 Non
4001 1204 4140 1288 agit
4173 1203 4309 1271 illic
4331 1203 4406 1269 de
4428 1224 4558 1269 usu-

2646 1293 2756 1369 ris,
2796 1227 3072 1357 ut-OEialso
3106 1302 3446 1375 putarunt,
3491 1309 3568 1355 ac
3602 1291 3656 1354 si
3689 1290 3896 1375 gratis
3921 1299 3987 1354 et
4031 1291 4172 1355 sine
4214 1311 4330 1373 spe
4362 1308 4560 1372 quaes-

2646 1388 2753 1443 tus
2811 1390 3108 1443 mutuum
3155 1377 3311 1443 dare
3367 1376 3640 1442 iuberet.
3729 1373 3863 1443 Sed
3920 1376 4077 1459 quia
4118 1385 4194 1441 ut
4236 1376 4560 1459 plurimum

2646 1463 3011 1529 mutuando
3055 1473 3356 1547 captatur
3389 1462 3652 1545 privata
3686 1460 3953 1538 utilitas,
3992 1459 4262 1545 ideoque
4282 1460 4560 1545 neglectis

2646 1548 3039 1633 pauperibus
3074 1549 3461 1615 beneficium
3507 1567 3642 1612 non
3687 1549 3975 1614 locamus
4032 1547 4163 1613 nisi
4208 1547 4378 1631 apud
4420 1545 4558 1611 divi·

2648 1646 2778 1713 tes,
2846 1634 3023 1701 unde
3087 1643 3390 1718 speratur
3456 1634 3677 1716 aliqua
3740 1634 4215 1718 compensatio:
4287 1632 4562 1698 admonet

2647 1720 2993 1802 Christus,
3038 1721 3095 1787 si
3140 1720 3418 1786 divitum
3465 1720 3746 1804 gratiam
3784 1739 4120 1799 venamur,
4167 1719 4417 1784 nullum
4457 1717 4564 1783 hoc

2644 1807 2838 1873 modo
2879 1829 3001 1875 nos
3050 1807 3383 1890 specimen
3432 1807 3725 1872 caritatis
3760 1814 3827 1869 et
3862 1804 4343 1870 misericordiae
4377 1802 4560 1870 edere.

2644 1893 2934 1977 Ideoque
2970 1893 3165 1959 aliam
3201 1892 3571 1975 largitionis
3607 1891 3949 1956 materiam
3986 1893 4294 1975 proponit
4324 1891 4390 1956 in
4423 1909 4562 1973 pau·

2643 1979 2914 2062 peribus
2957 1977 3291 2055 iuvandis,
3349 1998 3517 2060 quae
3559 1977 3754 2062 plane
3797 1978 4086 2061 gratuita
4129 1984 4265 2043 est:
4312 1997 4437 2042 non
4475 1995 4562 2041 εο-

2644 2065 2780 2131 lum
2841 2067 2993 2148 quia
3057 2085 3198 2129 sors
3263 2062 3701 2148 periclitatur,
3761 2060 3876 2127 sed
3930 2063 4085 2146 quia
4141 2064 4327 2146 paria
4378 2061 4563 2126 facere

2645 2161 2994 2235 nequeunt.
3087 2152 3461 2232 Antequam
3518 2158 3737 2214 tamen
3784 2147 3867 2213 ad
3923 2169 4158 2213 usuras
4220 2145 4561 2224 descendat,

2644 2248 3003 2322 egestatem
3055 2258 3139 2302 ‘ac
3199 2236 3533 2301 miseriam
3594 2235 3846 2317 profert
3866 2285 3881 2312 ,
3939 2254 4067 2317 qua
4111 2235 4458 2300 flectantur
4496 2232 4562 2296 ad

2641 2321 3157 2390 misericordiam
3222 2320 3444 2386 animi.
3535 2319 3610 2387 si
3655 2321 3967 2404 pauperie
4025 2320 4172 2402 quis
4232 2329 4561 2405 prematur,

2642 2409 2829 2475 iubet
2885 2409 3029 2475 eius
3089 2407 3461 2474 necessitati
3503 2406 3816 2474 succurri.
3905 2404 4137 2472 Utitur
4191 2415 4410 2472 tamen
4448 2424 4561 2469 me-

2644 2494 2938 2580 taphora,
2977 2502 3050 2558 ut
3070 2495 3184 2576 qui
3217 2492 3522 2576 trepidat,
3561 2493 3921 2571 roboretur,
3959 2490 4146 2575 quasi
4183 2490 4565 2576 apprehensa

2639 2602 2862 2647 manu.
2933 2578 3125 2662 Quod
3163 2580 3462 2663 sequitur
3497 2579 3578 2644 de
3622 2579 3974 2662 peregrino
4020 2587 4086 2641 et
4128 2579 4402 2657 advena,
4442 2596 4563 2641 meo

2639 2666 2879 2733 iudicio
2937 2665 3293 2749 amplificat
3352 2663 3461 2731 vel
3506 2664 3804 2729 extendit
3859 2665 4265 2745 superiorem
4334 2674 4565 2730 senten-

2639 2753 2833 2818 tiam:
2892 2772 2969 2818 ac
3011 2753 3067 2817 si
3112 2751 3374 2827 diceret,
3418 2749 3677 2833 quando
3722 2770 3806 2814 ne
3851 2748 4122 2814 advenis
4165 2749 4429 2832 quidem
4469 2768 4561 2812 ne·

2637 2836 2855 2922 ganda
2912 2846 3012 2904 est
3071 2837 3477 2914 humanitas,
3537 2835 3748 2901 multo
3806 2836 4015 2918 magis
4058 2835 4401 2901 ferendam
4445 2854 4564 2900 esse

2637 2945 2825 3007 opem
2865 2923 3193 2989 fratribus.
3280 2921 3453 2988 Nam
3497 2943 3695 3005 quum
3742 2921 3954 2986 voluit
3996 2919 4181 2987 Deus
4228 2921 4564 3006 peregrinis

2637 3009 3106 3076 habitationem
3171 3007 3474 3087 concedi,
3545 3028 3665 3091 pro
3722 3007 3866 3073 iure
3930 3006 4239 3092 hospitali
4309 3009 4564 3092 benigne

2638 3094 2967 3163 tractandi
3025 3096 3325 3160 fuerunt:
3383 3095 3611 3159 vivere
3662 3094 3841 3159 enim
3887 3094 4084 3160 datur
4125 3095 4392 3172 exteris,
4428 3094 4563 3158 dum

2638 3203 2844 3265 aequa
2886 3189 2955 3248 et
2997 3182 3357 3247 tolerabilis
3402 3181 3807 3265 permittitur
3848 3180 4154 3246 conditio.
4235 3183 4453 3264 Atque
4487 3179 4567 3244 ita

2637 3269 2896 3352 oblique
2930 3266 3301 3334 subindicat
3336 3267 3537 3342 Deus,
3573 3265 3815 3351 expelli
3859 3275 3925 3331 et
3968 3264 4145 3350 abigi
4187 3268 4461 3334 miseros
4495 3284 4565 3329 ne

2638 3354 2895 3437 vivant,
2932 3355 2989 3419 si
3022 3353 3286 3419 iniustis
3328 3351 3637 3418 oneribus
3680 3360 4089 3434 premuntur.
4156 3351 4350 3419 Haec
4386 3353 4564 3436 igitur

2639 3460 2900 3506 summa
2934 3448 3035 3506 εει
3068 3440 3319 3522 primae
3364 3438 3748 3515 sententiae,
3792 3447 3871 3502 ut
3913 3435 4100 3503 dives
4143 3438 4254 3504 cui
4301 3436 4565 3522 suppetit

2638 3524 2935 3605 facultas,
2979 3545 3331 3608 pauperem
3370 3523 3733 3606 collapsum
3780 3521 4164 3607 opitulando
4209 3527 4436 3610 erigat,
4477 3521 4562 3589 vel

2639 3622 2985 3677 nutantem
3053 3613 3414 3677 confirmet,
3519 3607 3805 3675 Additur
3873 3620 4303 3694 praeceptum
4376 3619 4565 3675 mutu-

2636 3696 2791 3763 andi
2857 3697 3097 3780 absque
3154 3698 3418 3762 foenore
3442 3747 3457 3775 ,
3517 3693 3689 3778 quod
3748 3696 4011 3762 tametsi
4067 3697 4409 3778 politicum
4462 3701 4561 3772 est,

2636 3781 2878 3868 pendet
2945 3790 3162 3847 tamen
3230 3803 3313 3847 ex
3371 3781 3669 3849 caritatis
3724 3781 3986 3865 regula:
4052 3783 4206 3864 quia
4264 3783 4410 3848 fieri
4464 3780 4561 3846 vix

2636 3876 2852 3953 potest
2898 3869 3058 3952 quin
3104 3868 3386 3934 foenoris
3426 3867 3770 3933 exactione
3814 3867 4300 3933 exhauriantur
4343 3870 4564 3950 inopes.

2635 3964 2704 4020 et
2748 3975 2947 4039 prope
2989 3965 3351 4038 exsugatur
3393 3974 3618 4019 eorum
3664 3954 3951 4038 sanguis.
4016 3952 4156 4019 Nec
4178 3974 4340 4020 vero
4383 3954 4563 4019 alium

2635 4043 2833 4106 finem
2895 4040 3185 4124 respexit
3241 4038 3426 4105 Deus
3483 4059 3676 4122 quam
3737 4046 3814 4103 nt
3876 4047 4108 4104 mutuo
4153 4040 4414 4124 vigeret
4454 4040 4562 4103 fra·

2636 4137 2828 4192 terna
2863 4125 3125 4191 dilectio
3161 4123 3334 4208 apud
3370 4124 3728 4191 Israelitas.
3794 4124 3988 4190 Hanc
4023 4126 4289 4206 quidem
4327 4125 4564 4209 politiae

2635 4212 2935 4279 iudaicae
2972 4212 3171 4277 fuisse
3212 4222 3471 4295 partem
3516 4210 3739 4294 liquet,
3785 4211 3942 4294 quia
3982 4212 4393 4295 permittitur
4432 4230 4566 4294 gen-

2638 4300 2816 4364 tibus
2872 4296 3226 4363 foenerari:
3288 4296 3460 4379 quod
3505 4298 3854 4362 discrimen
3894 4295 4004 4361 lex
4048 4298 4411 4379 spiritualis
4451 4315 4566 4361 non

2638 4383 2946 4449 admittit.
3034 4384 3382 4449 Caeterum
3433 4383 3528 4447 ita
3570 4384 3955 4467 abrogatum
4015 4399 4115 4448 eet
4180 4383 4289 4450 ius
4332 4384 4566 4449 forense

2638 4469 2808 4558 quod
2876 4470 3084 4535 veteri
3148 4468 3386 4552 populo
3453 4469 3636 4534 Deus
3704 4468 4157 4552 praescripsit,
4226 4479 4308 4534 ut
4365 4478 4564 4535 tamen

2638 4566 2905 4621 maneat
2971 4553 3145 4638 quod
3212 4554 3414 4621 dictat
3476 4554 3715 4621 caritas
3733 4605 3747 4631 ‚
3823 4574 3954 4619 non
4014 4574 4157 4620 esse
4215 4552 4566 4640 gravandos

2637 4642 2878 4707 fratres
2921 4642 3030 4725 qui
3078 4648 3305 4708 nostra
3348 4661 3470 4724 ope
3510 4640 3833 4724 indigent.
3921 4639 4130 4706 Porro
4171 4641 4327 4724 quia
4369 4639 4567 4705 diruta

2639 4735 2741 4792 est
2784 4728 3068 4792 maceria
3117 4749 3245 4810 qua
3287 4726 3442 4792 olim
3489 4726 4032 4792 discernebantur
4073 4725 4301 4792 Iudaei
4347 4748 4387 4791 a
4428 4745 4566 4810 gen·

2638 4811 2847 4892 tibus,
2908 4814 3075 4878 ratio
3136 4821 3361 4878 nostra
3419 4810 3610 4877 hodie
3655 4812 3916 4878 diversa
3961 4818 4089 4877 est:
4138 4810 4408 4896 ideoque
4446 4820 4565 4875 tam

2638 4900 2707 4963 in
2769 4898 3035 4964 foenore
3091 4919 3286 4982 quam
3333 4899 3402 4962 in
3446 4897 3594 4962 aliis
3638 4897 4145 4981 expilationibus
4189 4896 4566 4982 parcendum

2639 4995 2740 5049 est
2820 4983 3126 5051 omnibus
3189 4984 3335 5049 sine
3400 4983 3815 5067 exceptione,
3884 4993 3953 5050 et
4013 5005 4173 5068 erga
4239 4994 4566 5049 extraneos

2640 5091 2897 5154 quoque
2933 5068 3258 5136 servanda
3294 5069 3607 5151 aequitas.
3675 5070 3974 5135 Primum
4011 5071 4271 5154 quidem
4308 5068 4566 5155 gradum

2637 5156 2936 5222 obtinent
2971 5154 3310 5221 domestici
3365 5154 3518 5220 fidei
3574 5154 3799 5242 (sicuti
3835 5156 4085 5222 Paulus
4121 5155 4300 5221 iubet
4342 5152 4562 5240 peculi·

2638 5243 2839 5306 ariter
2880 5241 3012 5308 illis
3058 5240 3437 5306 benefacere
3483 5240 3659 5321 [Gal.
3699 5243 3758 5322 6,
3809 5241 3983 5329 10]):
4030 5242 4319 5326 postulat
4362 5253 4558 5307 tamen

2637 5326 3001 5392 communis
3079 5326 3339 5411 generis
3405 5326 3675 5393 humani
3741 5330 4045 5407 societas,
4120 5348 4205 5393 ne
4268 5325 4561 5392 ditescere
