4867 6150
349 478 476 547 613

351 667 551 733 telum
610 664 945 734 occidendi
989 664 1272 732 hominis
1316 684 1513 731 causa
1554 662 1912 749 gestaverit
1930 715 1945 743 ‚
2001 683 2154 728 reus
2198 668 2298 729 est

352 754 431 819 de
485 752 571 819 vi.
661 751 845 818 Deus
913 760 1131 818 autem
1187 751 1301 835 qui
1355 749 1716 834 spiritualis
1774 762 1874 813 est
1939 748 2294 834 legislator,

349 838 541 905 altius
607 836 1044 923 progreditur.
1163 836 1397 920 Itaque
1477 836 1647 921 apud
1728 856 1877 901 eum
1955 833 2297 903 iracundia

347 923 770 990 homicidium
812 932 1134 991 censetur.
1221 922 1367 988 Imo
1413 922 1566 1005 quia
1609 929 1911 1005 penetrat
1953 942 2162 1004 usque
2214 916 2297 985 ad

349 1009 613 1076 intimos
658 1011 957 1084 affectus,
1014 1008 1338 1076 occultum
1385 1028 1641 1091 quoque
1684 1007 1906 1073 odium
1952 1005 2297 1072 homicidii

351 1097 488 1163 loco
567 1095 763 1161 ducit.
887 1094 1000 1161 sio
1078 1096 1251 1160 enim
1342 1093 1626 1177 intelligi
1720 1092 1959 1157 debent
2030 1092 2300 1157 Ioannis

349 1182 583 1248 verba:
622 1180 755 1263 Qui
792 1181 931 1246 odit
948 1181 1214 1245 fratrem
1238 1200 1453 1260 suum,
1490 1178 1818 1245 homicida
1854 1186 1955 1243 est
1989 1175 2075 1263 (1.
2115 1177 2295 1243 Ioan.

347 1269 406 1349 3,
459 1266 593 1355 15):
618 1288 873 1350 nempe
919 1265 1000 1331 ad
1049 1265 1534 1331 damnationem
1570 1264 1874 1330 sufficere
1908 1272 2298 1347 conceptum

347 1358 418 1419 in
464 1353 656 1421 corde
701 1352 940 1432 odium,
987 1354 1284 1435 quamvis
1328 1372 1463 1417 non
1507 1359 1839 1437 appareat.

709 1752 1273 1831 EXPOSITIO
1320 1749 1952 1829 PRAEOEPTI.

955 1935 1088 2001 Ex
1132 1935 1435 2001 LEVI'I'.
1481 1934 1679 2003 XIX.

523 2108 624 2174 17.
674 2107 776 2174 Ne
816 2108 1025 2174 oderis
1062 2107 1329 2190 fratrem
1371 2111 1549 2172 tuum
1591 2106 1660 2171 in
1702 2105 1880 2172 corde
1925 2109 2048 2170 tuo.

523 2280 717 2346 Hanc
774 2288 1029 2363 partem
1087 2298 1315 2343 versus
1370 2278 1721 2360 separatim
1766 2275 2112 2360 legendam
2158 2297 2302 2342 esse

343 2387 480 2432 non
542 2364 788 2432 dubito.
893 2365 1030 2431 Neo
1090 2364 1248 2429 mihi
1309 2363 1620 2447 probatur
1673 2363 1844 2447 quod
1910 2362 2301 2445 interposita

345 2451 776 2519 adversativa
831 2450 947 2518 sed
964 2501 978 2527 ,
1044 2451 1436 2534 interpretes
1493 2449 1663 2532 qnod
1725 2459 1951 2531 postea
1994 2458 2300 2530 sequetur

341 2545 732 2606 contexunt.
821 2536 1089 2605 Scimus
1132 2548 1348 2601 antem
1395 2537 1464 2601 in
1525 2535 1943 2601 distinctione
1991 2554 2299 2599 versuum

343 2645 483 2690 non
568 2643 827 2706 semper
903 2621 1346 2706 quaerendam
1426 2643 1569 2687 esse
1645 2621 1986 2687 rationem.
2088 2620 2299 2684 Porro

346 2730 555 2794 quum
589 2718 844 2776 certum
877 2709 967 2775 sit
987 2760 1002 2786 ,
1051 2728 1472 2792 quaecunque
1506 2706 1680 2790 apud
1715 2706 1948 2773 Mosen
1984 2705 2300 2791 leguntur

343 2794 732 2863 formandae
793 2796 969 2861 vitae
1035 2803 1383 2879 praecepta
1445 2814 1527 2859 ex
1608 2792 1918 2877 decalogo
1993 2791 2298 2876 pendere,

345 2881 516 2948 haec
571 2883 903 2947 sententia
957 2881 1119 2945 satis
1171 2880 1581 2946 demonstrat
1631 2900 1763 2944 non
1827 2879 1973 2943 ideo
2039 2888 2297 2942 tantum

346 2968 718 3052 prohibitas
780 2968 982 3033 fuisse
1046 2966 1278 3033 caedes
1343 2988 1427 3031 ne
1488 2967 1635 3048 quis
1696 2985 1897 3030 manu
1956 2972 2025 3029 et
2077 2962 2299 3047 gladio

347 3056 626 3122 fratrem
673 3052 1055 3132 interficiat,
1101 3051 1214 3119 sed
1262 3074 1345 3121 ne
1389 3051 1917 3118 malevolentiam
1964 3059 2031 3115 et
2069 3049 2299 3118 odium

346 3141 537 3208 intus
593 3138 875 3206 fovendo
932 3139 1014 3205 ad
1073 3138 1435 3204 nocendum
1498 3139 1619 3204 sibi
1684 3137 2048 3221 indulgeat.
2149 3134 2302 3217 Quo

348 3248 513 3293 vere
536 3227 961 3292 confirmatur
995 3225 1159 3291 illud
1181 3224 1393 3301 Pauli,
1433 3225 1643 3308 legem
1679 3222 2087 3306 spiritualem
2125 3240 2302 3288 esse:

350 3323 420 3378 et
461 3312 795 3379 refutatur
837 3332 1063 3376 eorum
1104 3311 1363 3376 inscitia
1397 3311 1509 3394 qui
1530 3310 1762 3376 Mosen
1798 3310 2061 3393 fingunt
2094 3308 2303 3373 instar

352 3399 588 3486 Lycur
640 3397 653 3412 ⁹
718 3397 822 3464 vel
883 3396 1143 3468 Solonis
1198 3405 1532 3463 terrenum
1595 3396 1798 3462 fuisse
1861 3393 2304 3478 legislatorem

351 3481 535 3569 apud
631 3483 905 3562 udaeos‚
972 3480 1231 3566 quando
1284 3482 1366 3548 ad
1436 3503 1706 3548 arcanos
1760 3500 1965 3564 usque
2030 3480 2304 3545 affectus

353 3580 680 3654 penetrat.
767 3568 875 3636 Ad
931 3569 1092 3636 haec
1144 3568 1480 3652 probabile
1536 3576 1640 3634 est
1694 3589 1775 3633 ex
1836 3567 1960 3634 boc
2016 3565 2155 3631 loco
2196 3564 2305 3629 Io·

354 3678 606 3723 aunem
665 3655 1026 3739 sumpsisse
1083 3653 1254 3739 quod
1313 3654 1501 3732 dicit,
1560 3652 1947 3719 homicidam
2008 3673 2151 3718 esse
2194 3652 2306 3733 qui

353 3743 633 3810 fratrem
677 3741 832 3809 odit.
924 3741 1313 3825 Emphatioe
1367 3742 1543 3806 enim
1590 3741 1697 3806 hie
1752 3739 2021 3823 ponitur
2064 3756 2307 3803 nomen

350 3830 600 3897 cordis:
649 3828 803 3912 quia
846 3828 973 3894 etsi
1015 3827 1200 3893 nullu
1243 3842 1604 3910 appareant
1643 3825 1777 3892 odii
1818 3826 2042 3908 signa,
2099 3823 2308 3889 homi-

350 3914 603 3982 cidium
643 3921 862 3980 tamen
908 3934 1126 3982 coram
1163 3914 1305 3979 Deo
1349 3924 1653 3979 censetur
1695 3912 1970 3977 interior
2013 3910 2307 3976 affectus.

975 4255 1106 4321 EX
1152 4254 1456 4321 LEVI'P.
1503 4254 1698 4320 XIX.

533 4443 633 4511 18.
682 4444 783 4510 Ne
823 4443 1151 4510 ulciscaris
1192 4448 1277 4521 te,
1332 4463 1527 4526 neque
1582 4463 1788 4508 serves
1842 4443 2053 4508 odium
2096 4446 2305 4508 contra

343 4529 523 4612 filios
579 4529 803 4613 populi
867 4531 993 4596 tui.-
1055 4530 1165 4596 scd
1218 4529 1441 4613 diliyes
1484 4530 1857 4611 proximum
1914 4532 2091 4593 mum
2146 4529 2308 4594 sicut

346 4621 408 4682 te
452 4617 702 4701 ipsum.-
743 4637 850 4701 eqo
894 4615 1140 4682 Iehova.

527 4788 708 4856 Hinc
768 4788 944 4853 clare
1007 4796 1280 4872 apparet-
1341 4786 1600 4872 longius
1656 4787 1869 4850 Deum
1935 4784 2305 4868 respexisse

349 4895 553 4959 quam
597 4895 683 4940 ne
727 4875 838 4939 alii
885 4873 1056 4940 ÷alios
1111 4874 1585 4948 interficerent,
1646 4872 1800 4955 quia
1850 4892 1986 4936 non
2043 4881 2302 4936 tantum

350 4981 593 5027 manus
651 4971 937 5039 coercet,
1002 4958 1113 5026 sed
1171 4960 1367 5025 corda
1419 4960 1598 5025 omni
1646 4957 1794 5023 odio
1849 4977 2018 5042 pura
2073 4957 2301 5041 exigit.

350 5046 528 5112 Nam
553 5066 757 5131 quum
801 5046 946 5112 fons
987 5055 1055 5111 et
1096 5065 1293 5111 causa
1326 5045 1818 5112 inimicitiarum
1855 5044 1943 5108 sit
1977 5043 2304 5109 vindictae

347 5132 713 5216 cupiditas,
784 5132 1080 5216 sequitur
1152 5133 1275 5197 sub
1338 5131 1671 5197 occidendi
1734 5130 1937 5196 verbo
2004 5129 2302 5194 damnari

344 5216 665 5303 quidquid
746 5239 896 5285 cum
975 5217 1268 5283 fraterna
1346 5217 1688 5284 dilectione
1767 5225 2035 5301 pugnat.
2145 5215 2299 5280 Huc

1810 472 2195 542 SEXTUM
2239 472 2889 541 PRAEOEPTUM.

4226 472 4359 538 614

2403 659 2652 727 accedit
2694 662 3056 742 antithesis,
3105 683 3189 726 ne
3226 662 3371 746 quis
3406 660 3556 726 odio
3591 668 4025 745 prosequatur
4058 661 4353 741 fratrem,

2400 746 2556 831 quin
2593 747 2815 830 potius
2852 746 3085 832 diligat
3119 757 3432 831 tauquam
3469 748 3799 830 seipsum.
3871 748 3975 813 Ita
4012 769 4139 812 non
4178 749 4352 812 alius

2399 833 2729 916 praecepti
2771 833 3102 918 interpres
3147 832 3560 919 quaerendus
3604 842 3707 899 est
3748 855 3943 917 quam
3982 834 4123 918 ipse
4146 835 4351 912 Deus,

2400 919 2515 1002 qui
2551 918 2766 984 caedis
2803 938 2950 985 reos
2984 940 3126 985 esse
3163 920 3554 1002 pronunciat
3576 920 3946 1003 quicunque
3971 919 4191 1003 aliqua
4214 941 4357 984 ma-

2399 1003 2760 1069 levolentia
2817 1014 2976 1070 sunt
3028 1006 3281 1071 infecti:
3343 1025 3464 1071 nec
3518 1005 3710 1069 modo
3769 1006 3882 1089 qui
3942 1005 4169 1070 offensi
4233 1026 4355 1088 par

2401 1089 2543 1174 pari
2603 1091 2847 1155 referre
2914 1100 3264 1175 appetunt,
3326 1089 3442 1156 sed
3500 1091 3611 1175 qui
3657 1112 3785 1156 non
3831 1091 4082 1157 sincere
4126 1090 4353 1156 amant

2399 1176 2738 1259 proximos
2781 1198 2965 1258 suos,
3025 1174 3260 1260 quibus
3316 1177 3518 1242 etiam
3562 1176 3707 1242 iure
3751 1198 3822 1242 se
3864 1177 4161 1242 inimicos
4208 1197 4352 1242 esse

2401 1269 2653 1343 putant.
2746 1261 2967 1344 Quare
3026 1273 3104 1329 ut
3154 1283 3276 1328 nos
3335 1281 3374 1325 a
3417 1262 3743 1347 spirituali
3799 1262 3997 1329 caede
4052 1262 4352 1328 absolvat

2405 1347 2606 1428 Dens,
2646 1347 3025 1432 abstergere
3058 1370 3143 1414 ex
3177 1349 3414 1413 animis
3449 1349 3693 1413 nostris
3714 1348 4052 1414 adisoemus
4088 1369 4353 1413 omnem

2402 1431 2731 1499 vindictae
2796 1434 3157 1518 appetitum
3178 1485 3195 1516 ,
3255 1453 3332 1499 ao
3382 1433 3699 1517 depositis
3757 1434 3922 1499 odiis
3984 1432 4353 1498 fraternam

2404 1537 2555 1584 oum
2598 1520 2898 1587 omnibus
2945 1520 3356 1588 dilectionem
3391 1519 3620 1586 colere.
3687 1519 3835 1585 Etsi
3871 1536 4089 1587 autem
4131 1528 4352 1603 poste·

2406 1605 2541 1671 rior
2597 1626 2751 1690 pars
2807 1625 3044 1671 versus
3096 1625 3421 1672 summam
3481 1605 3934 1689 complectitur
3991 1606 4199 1689 totius¹
4249 1626 4353 1671 se-

2404 1688 2655 1757 cundae
2721 1691 3013 1757 tabulae:
3091 1692 3244 1776 quia
3304 1699 3535 1756 tamen
3601 1691 3933 1758 vindictae
3998 1691 4355 1775 opponitur

2407 1775 2686 1858 dilectio,
2729 1797 3035 1861 separare
3082 1796 3208 1841 non
3256 1774 3452 1843 debui
3496 1798 3662 1861 quae
3698 1788 3830 1842 tam
3870 1777 4037 1842 bene
4073 1781 4246 1841 inter
4280 1798 4353 1842 se

2404 1864 2775 1943 cohaerent,
2821 1864 3209 1946 praesertim
3255 1883 3459 1945 quum
3505 1863 3784 1929 alterum
3829 1884 3914 1927 ex
3950 1862 4154 1928 altero
4189 1883 4352 1945 pen-

2405 1948 2573 2015 deat.
2641 1950 2745 2014 De
2779 1949 2935 2015 solis
2979 1948 3243 2033 quidem
3276 1948 3434 2013 filiis
3459 1949 3766 2014 Abrahae
3810 1948 4155 2032 praecipit,
4194 1949 4347 2031 quia

2404 2036 2690 2101 atrecius
2746 2047 2890 2100 erat
2947 2036 3194 2102 crimen
3250 2035 3576 2100 vindictae
3619 2037 3795 2100 inter
3837 2054 3947 2099 eos
3995 2036 4106 2117 qui
4149 2034 4349 2101 simul

2406 2119 2693 2187 devincti
2737 2128 2936 2189 erant>
2966 2121 3255 2187 fraterno
3290 2121 3464 2187 iure:
3512 2121 3784 2187 dubium
3825 2130 4044 2186 tamen
4083 2141 4211 2184 non
4251 2130 4355 2185 est

2406 2207 2563 2290 quin
2624 2208 2856 2272 vitium
2921 2207 3314 2291 generaliter
3370 2205 3554 2271 Deus
3611 2195 3952 2291 improbet.
4041 2206 4355 2289 Turpiter

2406 2312 2560 2358 vero
2604 2293 2676 2358 in
2722 2293 3108 2377 vulgaribus
3148 2292 3391 2360 scholis
3449 2303 3756 2374 corrupta
3814 2293 3937 2357 fuit
3988 2290 4150 2358 hacc
4201 2310 4353 2357 sen-

2403 2380 2638 2443 tentia:
2686 2399 2836 2443 nam
2882 2380 3035 2462 qnia
3071 2378 3299 2463 regula
3340 2377 3442 2466 (ut
3475 2378 3600 2461 ipsi
3635 2376 4022 2464 loquuntur)
4057 2377 4355 2461 regulato

2399 2466 2702 2549 superior
2761 2474 2891 2544 est,
2947 2466 3285 2530 finxerunt
3342 2463 3639 2529 ordinem
3700 2476 4224 2548 praeposterum,
4278 2473 4354 2527 ut

2403 2551 2677 2634 quisque
2720 2571 2790 2615 se
2834 2550 3155 2634 primum,
3218 2550 3453 2616 deinde
3506 2551 3849 2632 proximos
3907 2549 4173 2633 diligat:
4221 2568 4352 2632 qua

2401 2636 2482 2702 de
2534 2658 2607 2701 re
2665 2636 2818 2701 alibi
2864 2637 3073 2702 fusius
3112 2635 3424 2703 tractabo.
3515 2635 3810 2700 Verbum
3870 2646 3992 2704 Ἳω]
4032 2633 4208 2718 quod
4253 2643 4359 2699 est

2401 2722 2764 2801 custodire,
2807 2723 2951 2788 sine
2995 2721 3359 2788 adiectione
3403 2721 3689 2805 positum
3737 2720 4128 2785 tantundem
4173 2719 4351 2785 valet

2402 2816 2597 2892 atque
2642 2808 2926 2873 retinere
2972 2809 3287 2873 memoria
3340 2808 3683 2873 iniuriam:
3745 2807 3914 2874 sicut
3970 2806 4169 2871 etiam
4211 2804 4357 2891 gal-

2399 2894 2525 2960 lice
2569 2893 2877 2959 dicimus:
2928 2894 3182 2961 &arder
3222 2913 3343 2958 une
3381 2893 3611 2959 iniure.

3022 3236 3153 3302 Ex
3197 3233 3501 3301 LEVI'P.
3548 3231 3746 3299 xix.

2582 3351 4485 3487 14.Surdonommazedices‚etoommoaeoonon‘

2393 3515 2596 3578 pones
2632 3493 3089 3578 offendiculum,
3125 3494 3234 3559 sed
3269 3492 3516 3558 timebis
3557 3513 3599 3557 a
3634 3490 3772 3557 Deo
3805 3494 3943 3556 tuo:
3979 3510 4085 3573 syo
4108 3489 4358 3555 lebona.

2580 3665 2801 3748 Quum
2849 3665 2972 3732 snb
3015 3663 3351 3730 homicidii
3395 3663 3663 3729 nomine
3697 3659 4210 3743 comprehendat
4242 3659 4353 3724 lex

2407 3773 2634 3819 omnes
2681 3771 2888 3816 noxas
2932 3750 3170 3834 quibus
3212 3751 3457 3816 iniuste
3515 3747 3873 3813 laeduntur
3919 3746 4242 3826 homines,
4282 3747 4353 3810 in

2409 3839 2642 3924 primis
2713 3836 3086 3903 damnanda
3160 3836 3290 3902 fuit
3356 3833 3708 3901 crudelitas
3775 3853 3901 3918 qua
3968 3832 4357 3916 affliguntur

2410 3924 2633 3991 miseri
2652 3974 2667 4003 ,
2722 3923 2960 4007 quibus
3017 3943 3139 3988 sua
3194 3922 3532 3989 calamitas
3576 3916 4095 3986 misericordiam
4139 3918 4359 4001 potius

2410 4011 2759 4079 conciliare
2803 4009 3013 4076 debet.
3102 4008 3272 4073 Nam
3320 4008 3379 4072 si
3422 4027 3550 4089 qua
3594 4004 4022 4071 humanitatis
4065 4012 4253 4087 gutta
4286 4002 4358 4068 in

2414 4095 2600 4163 nobis
2638 4096 2855 4180 viget,
2900 4095 3013 4160 ubi
3058 4094 3343 4160 occurrit
3384 4112 3636 4171 caecus,
3681 4090 3941 4157 solliciti
3983 4090 4231 4154 erimus
4274 4110 4361 4153 ne

2411 4184 2741 4268 impingat
2790 4182 2898 4245 vel
2956 4179 3173 4247 cadat:
3235 4177 3406 4263 quod
3451 4178 3506 4243 si
3550 4186 3758 4257 erret,
3816 4184 4115 4259 porrecta
4159 4193 4360 4240 manu

2410 4269 2483 4334 in
2527 4270 2707 4334 viam
2751 4266 3063 4333 reducere
3106 4262 3539 4331 studebimus:
3602 4261 3819 4328 surdis
3879 4263 4074 4326 etiam
4134 4280 4365 4344 parce·

2412 4376 2595 4435 mus,
2651 4354 2804 4438 quia
2857 4353 2991 4417 illis
3046 4351 3371 4418 insultare
3426 4369 3557 4414 non
3602 4348 3822 4413 minus
3864 4359 3966 4412 est
4008 4345 4359 4411 ridiculum

2411 4441 2518 4506 vel
2540 4441 2890 4506 barbarum
2912 4458 3110 4522 quam
3146 4436 3462 4503 conviciis
3496 4433 3744 4518 lapides
3779 4434 4118 4498 incessere.
4176 4433 4359 4517 Ergo

2407 4527 2724 4593 immanis
2769 4535 2869 4591 est
2925 4524 3183 4603 feritas,
3241 4521 3324 4587 ad
3379 4541 3539 4605 quos
3579 4519 4025 4586 sublevandos
4082 4527 4359 4583 naturae

2410 4633 2646 4679 sensus
2690 4631 2811 4678 nos
2846 4609 3156 4694 impellit,
3204 4627 3429 4673 eorum
3474 4604 3684 4682 mala,
3745 4604 3983 4689 quibus
4025 4604 4161 4669 iam
4204 4604 4355 4687 plus

2409 4700 2571 4765 satis
2627 4704 2994 4784 gravantur
3013 4747 3026 4772 ,
3094 4714 3352 4779 augere.
3456 4691 3686 4775 Itaque
3752 4691 4078 4758 discamus
4135 4711 4218 4754 ex
4273 4690 4357 4756 iis

2412 4785 2659 4865 verbis,
2715 4804 2842 4868 quo
2899 4782 3172 4867 quisque
3232 4779 3511 4845 debilior
3554 4784 3686 4856 est,
3730 4778 3827 4843 ita
3870 4776 3951 4842 ab
3996 4775 4172 4840 omni
4219 4795 4359 4839 mo·

2409 4872 2600 4936 lestia
2643 4882 2704 4936 et
2752 4870 2995 4935 iniuria
3039 4866 3275 4933 debere
3328 4872 3554 4929 tutum
3604 4885 3782 4943 esse,
3842 4870 3911 4927 et
3968 4862 4078 4926 ubi
4124 4879 4358 4944 aggre-

2409 4956 2631 5022 dimur
2673 4976 2784 5023 eos
2827 4955 3061 5039 quibus
3106 4951 3289 5017 nulla
3331 4951 3619 5034 suppetit
3661 4948 3989 5025 defensio,
4045 4946 4359 5012 saevitiae

2408 5044 2659 5109 crimen
2728 5041 2939 5125 magis
3011 5037 3433 5124 exaggerari:
3515 5037 3939 5120 petulantiam
4010 5051 4165 5095 vero
4229 5050 4361 5113 qua

2408 5129 2811 5213 insurgimus
2859 5126 3175 5191 adversus
3217 5123 3666 5201 calamitosos,
3712 5140 3982 5206 prorsus
4028 5118 4170 5183 Deo
4216 5137 4361 5182 esse

2402 5214 2900 5281 intolerabilem.

3842 5475 3944 5532 39*
