4867 6150
398 504 583 617 41·

578 695 676 760 10.
737 693 893 760 Veni
935 694 1165 776 itaque.
1254 696 1615 779 Postquam
1652 715 1916 760 servum
1963 715 2152 759 suum
2169 744 2186 773 ,
2232 711 2361 778 quo

402 801 477 847 se
521 780 802 848 alacrius
847 779 929 844 ad
974 801 1137 864 opus
1180 782 1569 865 accingeret,
1613 780 2153 865 promissionibus
2174 777 2360 845 Deus

402 868 753 945 instruxit,
806 887 984 932 nunc
1028 864 1211 931 addit
1253 868 1581 945 mandata,
1643 888 1922 950 eumque
1979 867 2060 931 ad
2118 887 2360 931 munus

401 953 510 1021 cui
556 952 920 1018 destinatus
964 960 1064 1017 est
1102 952 1478 1019 obeundum
1511 963 1717 1020 vocat.
1787 957 2005 1036 Atque
2041 952 2203 1018 haec
2242 972 2358 1034 op-

400 1040 566 1105 tima
611 1048 714 1104 est
756 1038 837 1102 ad
883 1038 1168 1105 officium
1212 1038 1549 1104 animandi
1592 1041 1777 1119 ratio,
1833 1040 1945 1105 ubi
1990 1039 2174 1104 Deus
2218 1059 2357 1104 cer-

405 1127 603 1190 tiores
664 1124 743 1189 de
804 1144 1116 1208 prospero
1175 1146 1484 1192 successu
1530 1126 1748 1192 reddit
1791 1126 1904 1209 qui
1950 1124 2358 1190 dubitatione

402 1232 637 1296 segnes
701 1209 940 1294 alioqui
1008 1222 1246 1277 essent.
1358 1211 1532 1277 Nam
1589 1211 1711 1277 etsi
1770 1210 2172 1295 simplicibus
2228 1209 2356 1275 Dei

399 1297 598 1363 iussis
664 1296 909 1378 absque
953 1295 1388 1364 haesitatione
1432 1307 1500 1362 et
1542 1318 1728 1363 mora
1770 1296 2352 1379 obtemperandum

400 1392 533 1449 est:
580 1382 874 1448 tarditati
919 1391 1139 1448 tamen
1179 1393 1444 1449 nostrae
1485 1384 1829 1449 consulere
1876 1383 2104 1449 volens
2127 1433 2144 1463 ,
2205 1403 2351 1466 pro-

402 1469 607 1534 mittit
650 1489 780 1533 non
825 1488 1031 1533 vanos
1075 1467 1214 1534 fore
1273 1491 1393 1536 nec
1450 1471 1717 1536 inutiles
1761 1478 2019 1535 nostros
2062 1479 2350 1534 conatus.

402 1553 495 1620 Et
534 1563 711 1620 certe
752 1552 876 1620 hoc
921 1553 1226 1621 omnibus
1280 1555 1670 1621 naturaliter
1713 1564 1816 1622 est
1858 1556 2224 1639 ingenitum
2280 1566 2353 1618 ut

401 1638 641 1706 fiducia
678 1640 976 1725 prosperi
1019 1641 1239 1706 exitus
1285 1640 1367 1707 ad
1427 1640 1753 1726 agendum
1796 1641 2173 1706 incitentur.
2261 1641 2352 1705 Ac

446 1726 689 1807 roinde,
733 1727 1038 1809 quamvis
1081 1728 1268 1794 Deus
1312 1728 1642 1793 interdum
1686 1748 1912 1793 servos
1956 1747 2141 1806 suos,
2201 1746 2350 1810 pro-

529 1811 652 1878 dae
704 1813 994 1896 ipsorum
1052 1812 1458 1879 obedientiae
1519 1834 1747 1891 causa,
1806 1833 1921 1895 spe
1972 1811 2352 1892 destituens,

396 1899 687 1983 praecise
729 1896 950 1964 iubeat
992 1898 1116 1965 hoc
1159 1899 1269 1966 vel
1310 1898 1476 1964 illud
1523 1900 1767 1966 facere:
1823 1898 2083 1981 saepius
2124 1907 2353 1963 tamen

398 1984 656 2051 felicem
723 1995 1039 2051 eventum
1102 1984 1501 2070 pollicendo,
1559 1986 2039 2051 cunctationem
2100 1984 2348 2048 eximit.

399 2068 513 2138 Sic
556 2071 762 2155 igitur
820 2090 995 2137 nunc
1044 2091 1161 2155 spe
1217 2065 1689 2155 redemptionis
1739 2070 2074 2154 proposita
2117 2070 2349 2135 Mosen

396 2157 482 2222 ad
525 2157 703 2221 iussa
747 2156 1162 2240 exsequenda
1196 2159 1425 2223 erexit.
1494 2155 1651 2224 Ideo
1692 2157 1924 2240 copula
1969 2157 2036 2220 in
2072 2158 2355 2240 partiou-

397 2241 529 2307 lam
598 2241 918 2308 illativam
988 2244 1229 2309 resolvi
1294 2243 1518 2309 debet:
1599 2244 1754 2327 quia
1819 2263 1859 2308 a
1922 2242 2352 2326 promissione

395 2326 576 2394 haud
621 2328 815 2394 dubie
860 2329 1097 2411 pendet
1139 2328 1523 2396 mandatum
1560 2344 1625 2394 et
1670 2330 1937 2395 vocatio.

573 2415 674 2480 11.
728 2415 885 2496 Quis
903 2435 1048 2481 sum
1081 2435 1203 2499 eye.
1274 2413 1466 2496 Quod
1503 2414 1971 2482 imbecillitatis
2002 2435 2161 2479 suae
2196 2434 2349 2479 con·

398 2500 585 2579 scius,
633 2522 702 2567 se
749 2522 882 2565 non
919 2522 1061 2567 esse
1084 2501 1388 2567 idoneum
1425 2499 1792 2585 respondet,
1838 2510 2035 2584 atque
2070 2501 2165 2566 ita
2202 2519 2348 2583 pro-

396 2586 682 2652 vinciam
727 2586 1080 2666 detrectat,
1147 2587 1439 2654 nondum
1498 2586 1977 2653 inobedientiae
2034 2588 2177 2652 fieri
2234 2606 2347 2669 po-

398 2680 529 2739 test
570 2694 739 2738 reus.
831 2672 1248 2756 Comparatio
1291 2675 1434 2739 eius
1477 2695 1625 2740 cum
1670 2673 2018 2739 Pharaone
2065 2671 2351 2757 augebat

395 2758 742 2827 recusandi
784 2768 1221 2843 praetextum.
1310 2758 1670 2825 Modestiae
1711 2761 1934 2842 itaque
1977 2771 2044 2823 et
2089 2757 2350 2823 humili-

395 2844 555 2911 tatis
612 2843 871 2910 videtur
935 2865 1076 2911 esse
1132 2844 1295 2912 haec
1354 2845 1705 2912 excusatio.
1795 2846 1942 2929 Ego
1995 2853 2169 2911 certe
2213 2863 2345 2909 non

394 2930 589 2996 modo
634 2930 823 3015 culpa
866 2952 1117 3011 vacare,
1162 2931 1277 2997 sed
1322 2930 1516 2998 laude
1558 2930 1826 3014 dignam
1871 2951 2012 2996 esse
2047 2930 2343 2996 arbitror.

392 3015 535 3084 Nec
592 3016 808 3084 obstat
865 3017 1042 3101 quod
1097 3016 1319 3085 Deum
1375 3017 1500 3085 sibi
1557 3027 1856 3084 autorem
1913 3017 2159 3083 sciebat
2203 3036 2345 3083 esse

396 3112 533 3169 tam
588 3103 777 3170 ardui
831 3105 1063 3187 operis.
1154 3105 1443 3170 Miratur
1496 3105 1706 3182 enim,
1772 3101 2033 3186 quando
2087 3102 2160 3168 in
2214 3100 2345 3168 Dei

396 3210 597 3255 manu
638 3198 736 3256 tot
780 3201 937 3256 sunt
979 3190 1206 3271 millia,
1249 3211 1378 3256 non
1425 3190 1627 3255 alium
1672 3190 1888 3272 potius
1934 3189 2147 3272 deligi.
2212 3187 2343 3255 Sed

396 3276 529 3341 alia
570 3277 867 3342 nascitur
909 3277 1215 3359 quaestiO,
1281 3299 1399 3343 cur
1441 3298 1617 3342 nunc
1661 3274 1886 3340 timide
1930 3276 2230 3341 sufficere
2273 3297 2344 3341 se

394 3373 594 3445 neget
657 3362 739 3427 ad
809 3362 1225 3428 liberandum
1296 3363 1642 3446 populum,
1731 3363 1841 3444 qui
1908 3361 2345 3445 quadraginta

393 3462 550 3513 ante
593 3449 781 3513 annis
839 3448 998 3513 adeo
1053 3457 1396 3532 promptus
1451 3448 1664 3513 fuerat
1703 3448 1773 3512 in
1819 3446 2169 3513 occidendo
2213 3447 2342 3511 Ae-

391 3534 656 3683 gyptio:
724 3533 882 3599 dum
927 3535 1262 3601 vocatione
1305 3534 1430 3600 Dei
1472 3534 1683 3600 fretus
1730 3534 1863 3598 tam
1908 3532 2345 3618 periculosum

423 3620 650 3686 acinus
695 3641 895 3686 ausus
938 3631 1056 3685 est.
1145 3618 1465 3705 Vigorem
1526 3620 1737 3703 ipsius
1780 3621 1964 3684 senio
2010 3619 2344 3684 refrixisse

421 3707 613 3773 sicuti
657 3707 1046 3772 naturaliter
1092 3706 1327 3773 fervidi
1369 3716 1528 3771 sunt
1565 3707 1854 3788 iuvenes,
1898 3717 2080 3771 aetas
2121 3713 2343 3771 autem

457 3792 471 3807 '
568 3812 602 3856 s
645 3801 712 3857 et
754 3792 1241 3859 cunctationem
1283 3791 1502 3879 affert)
1537 3791 1869 3876 probabile
1904 3814 2036 3858 non
2056 3790 2342 3857 videtur.

399 3875 533 3945 Sed
599 3877 727 3943 alio
793 3879 956 3946 vitio
1022 3879 1350 3945 laborasse
1417 3888 1714 3962 apparet,
1783 3877 1952 3961 quod
2022 3877 2343 3962 principio

392 3985 524 4030 non
570 3964 731 4029 satis
773 3985 844 4030 se
887 3966 1105 4047 ipsum
1150 3964 1510 4044 excutiens,
1554 3984 1767 4046 neque
1811 3963 2154 4030 facultates
2190 3985 2342 4029 suas

392 4049 495 4117 vel
544 4051 787 4134 negotii
832 4049 1350 4135 magnitudinem
1394 4050 1764 4128 aestimans,
1811 4048 2150 4115 confestim
2195 4070 2342 4132 pro-

391 4136 666 4219 peravit.
768 4132 1158 4220 Quanquam
1219 4144 1439 4202 autem
1505 4135 1699 4202 laude
1763 4133 1968 4219 digna
2031 4145 2132 4200 est
2193 4135 2344 4201 talis

391 4222 746 4301 festinatiO‚
790 4243 986 4306 saepe
1010 4233 1230 4289 tamen
1273 4222 1347 4287 in
1390 4221 1605 4288 medio
1627 4243 1824 4288 cursu
1861 4222 2094 4301 deficit,
2118 4242 2342 4304 quem·

390 4307 744 4374 admodum
824 4310 1076 4375 fructus
1152 4328 1496 4393 praecoces
1574 4308 1680 4373 vel
1746 4308 1827 4372 ad
1897 4309 2342 4374 maturitatem

393 4416 527 4459 non
571 4394 985 4477 perveniunt,
1043 4394 1154 4461 vel
1198 4415 1328 4460 non
1366 4394 1476 4459 diu
1523 4401 1930 4477 permanent.
2020 4392 2346 4476 Quamvis

391 4501 551 4564 ergo
594 4500 951 4563 generosae
1005 4480 1245 4546 indolis
1288 4480 1621 4562 specimen
1678 4481 2055 4563 praebuerit
2108 4480 2348 4559 Moses,

391 4586 599 4649 quum
678 4564 823 4632 Deo
902 4586 1088 4633 suam
1159 4586 1426 4650 operam
1513 4566 1907 4632 festinanter
1990 4564 2343 4649 impendit:

392 4650 684 4738 nopdum
742 4662 967 4718 tamen
1025 4675 1102 4719 ea
1156 4652 1521 4719 constantia
1564 4653 1922 4719 instructus
1980 4660 2125 4717 erat
2179 4672 2345 4735 quae

389 4760 546 4803 eum
598 4738 683 4802 ad
742 4739 942 4804 finem
1004 4760 1210 4822 usque
1263 4738 1547 4805 fulciret:
1625 4739 1774 4821 quia
1831 4736 1994 4803 fides
2050 4758 2215 4820 quae
2272 4739 2342 4801 in

391 4824 534 4890 eius
580 4823 773 4890 corde
815 4823 1108 4904 florebat,
1152 4824 1442 4891 nondum
1489 4835 1713 4908 egerat
1753 4825 1913 4891 satis
1947 4822 2343 4908 profundam

392 4909 699 4987 radicem,
746 4930 867 4975 nec
899 4911 1040 4994 ipse
1082 4911 1346 4993 penitus
1381 4911 1877 4977 examinaverat
1911 4909 2068 4993 quid
2103 4918 2343 4991 posset.

394 4997 629 5079 Itaque
673 4998 740 5061 in
800 5017 940 5061 rem
1044 5010 1410 5063 raesentem
1468 4994 1789 5062 adductus
1846 4995 2166 5079 trepidat,
2231 4997 2343 5078 qui

396 5081 779 5149 difficultate
844 5104 974 5148 non
1022 5105 1136 5148 um
1210 5092 1551 5166 perspecta
1617 5083 1831 5147 fuerat
1894 5081 2343 5148 confidentior.

393 5167 503 5234 Ita
559 5166 847 5253 quotidie
922 5189 1074 5247 nos,
1152 5169 1263 5252 qui
1342 5179 1532 5234 extra
1596 5169 1878 5233 telorum
1936 5168 2178 5233 iactum
2247 5168 2344 5233 vi·

396 5254 630 5322 demur
684 5255 871 5321 nobis
919 5257 1120 5339 probe
1175 5254 1479 5332 animati,
1549 5254 1813 5319 tandem
1882 5252 1993 5318 ubi
2050 5254 2345 5320 cominus

394 5341 826 5426 pugnandum
886 5351 989 5406 est
1042 5343 1561 5423 expavescimus:
1625 5342 1777 5424 quia
1835 5341 2077 5405 sentire
2120 5340 2342 5423 incipi-

392 5448 543 5493 mus
586 5426 876 5513 pericula
915 5449 1082 5511 quae
1126 5447 1247 5492 nos
1288 5426 1513 5509 procul
1559 5447 1690 5491 non
1734 5426 2105 5494 movebant.
2159 5425 2363 5490 Nihil·

1573 503 2321 573 COMMENTARIUS
2368 504 2470 570 IN
2513 502 2816 570 EXODI
2857 503 3056 570 CAP.
3103 502 3230 569 111.

4330 504 4415 569 42

2465 715 2620 779 ergo
2675 694 2914 759 mirum
2976 695 3029 759 si
3079 693 3334 776 Moses,
3393 691 3506 774 qui
3561 699 3828 774 paratus
3895 690 3976 756 ad
4035 692 4415 776 obsequium

2462 780 2680 845 fuerat
2724 791 2878 845 ante
2921 778 3358 862 quadraginta
3402 798 3627 855 annos,
3673 798 3875 861 seque
3910 777 4175 844 assidue
4219 800 4409 844 exer-

2463 876 2690 932 cuerat
2745 867 2816 930 in
2873 866 2995 932 hoc
3060 874 3282 930 sancto
3327 865 3601 942 affectu,
3671 865 3827 929 dum
3883 866 3954 929 in
3992 884 4258 930 arenam
4303 864 4414 931 de-

2463 951 2774 1018 scendere
2820 950 3103 1030 iubetur,
3151 971 3392 1017 novum
3433 959 3749 1015 terrorem
3794 950 4091 1035 concipit.

2637 1038 2738 1104 12.
2798 1034 2888 1103 Et
2942 1037 3287 1119 respondit:
3350 1036 3519 1118 Quia
3576 1056 3678 1101 ero
3731 1041 3943 1102 tecum,
4034 1035 4413 1102 Notandum

2462 1123 2662 1207 quod,
2720 1122 2803 1189 ad
2863 1122 3266 1206 superandos
3333 1142 3561 1187 omnes
3631 1132 3846 1189 metus
3903 1130 3968 1188 et
4031 1121 4413 1189 eximendos

2459 1230 2687 1275 omnes
2730 1210 3088 1293 scrupulos,
3134 1208 3336 1273 solam
3380 1210 3520 1292 opis
3564 1230 3722 1275 suae
3763 1207 4201 1291 praesentiam
4224 1208 4413 1274 Deus

2457 1316 2540 1379 op
2588 1297 2760 1377 onit,
2817 1317 2893 1361 ac
2937 1296 2992 1360 si
3035 1293 3305 1374 diceret,
3365 1314 3498 1360 non
3541 1294 3789 1360 referre
3852 1295 4000 1377 quis
4046 1295 4132 1358 sit
4173 1294 4414 1374 Moses,

2457 1317 2587 1447 νοΐ
2624 1381 2781 1465 quid
2835 1382 3052 1447 ferant
3110 1382 3250 1445 eius
3304 1379 3509 1447 vires:
3571 1378 3764 1447 modo
3834 1382 3920 1446 sit
3977 1379 4116 1446 eius
4160 1377 4409 1446 ductor.

2426 1466 2718 1548 ·Quibus
2762 1466 2981 1534 verbis
3025 1465 3354 1545 docemur,
3398 1467 3570 1533 iusto
3613 1488 3762 1532 eum
3799 1465 4049 1531 honore
4093 1474 4252 1531 tunc
4298 1466 4409 1531 de-

2457 1575 2641 1619 mum
2687 1574 2726 1618 a
2769 1553 2956 1620 nobis
3001 1552 3204 1636 affici,
3262 1552 3374 1618 ubi
3420 1555 3557 1620 solo
3601 1554 3741 1617 eius
3792 1551 4038 1617 auxilio
4094 1551 4408 1630 contenti,

2456 1639 2707 1706 nullam
2776 1638 3053 1705 fiduciae
3110 1640 3451 1705 materiam
3498 1649 3686 1705 extra
3728 1638 3947 1721 ipsum
3999 1638 4406 1721 quaerimus:

2455 1734 2524 1790 et
2568 1725 2726 1792 dum
2772 1746 2894 1791 nos
2939 1724 3161 1790 turbat
3201 1729 3466 1809 propria
3507 1723 3936 1800 imbecillitas,
3982 1724 4142 1789 satis
4183 1731 4408 1788 tamen

2457 1809 2772 1877 habemus
2816 1833 2855 1877 a
2900 1820 3084 1895 parte
3125 1819 3353 1878 nostra
3395 1813 3612 1897 ipsum
3658 1819 3851 1876 stare.
3911 1809 4089 1873 Hinc
4124 1807 4410 1875 celebres

2454 1897 2607 1963 illae
2671 1907 3049 1964 sanctorum
3114 1919 3325 1964 voces.
3441 1897 3519 1964 Si
3585 1896 4003 1963 ambulavero
4068 1896 4135 1959 in
4193 1894 4408 1961 medio

2456 1983 2727 2050 umbrae
2770 1984 3018 2061 mortis,
3066 2004 3198 2048 non
3244 1984 3486 2050 timebo
3529 1984 3734 2060 mala,
3791 1982 4097 2065 quoniam
4146 1989 4219 2045 tu
4273 2001 4409 2045 me·

2455 2091 2604 2136 cum
2670 2091 2772 2149 es,
2839 2082 2960 2137 etc.
3027 2067 3228 2155 (Psal.
3275 2070 3379 2151 23,
3421 2069 3511 2157 4).
3602 2068 3799 2134 Item:
3848 2067 4177 2133 Dominus
4245 2065 4409 2132 mihi

2456 2156 2747 2238 adiutor,
2805 2178 2941 2221 non
2979 2154 3238 2221 timebo
3290 2155 3445 2240 quid
3514 2156 3713 2221 faciat
3766 2154 3930 2219 mihi
3987 2172 4138 2218 caro
4202 2151 4405 2239 (Psal.

2454 2241 2559 2323 56,
2600 2240 2641 2308 5
2674 2293 2686 2307 .
2754 2242 2956 2307 Item:
3002 2241 3079 2308 Si
3115 2263 3223 2306 me
3258 2242 3813 2311 circumsteterint
3849 2239 4060 2305 millia
4094 2238 4406 2319 hostium,

2453 2330 2623 2395 confi
2672 2350 2779 2394 am
2857 2325 3059 2414 (Psal.
3123 2328 3184 2407 3,
3231 2327 3317 2415 7).
3404 2329 3603 2394 Item:
3673 2326 3748 2394 Si
3791 2326 3977 2391 Deus
4020 2346 4140 2409 pro
4197 2325 4407 2409 nobis,

2452 2415 2597 2496 quis
2640 2422 2870 2479 contra
2911 2435 3030 2479 nos
3073 2411 3290 2499 (Rom.
3339 2416 3398 2495 8,
3436 2413 3587 2501 31)?
3653 2413 3813 2479 Ideo
3856 2421 3933 2479 ut
3975 2411 4246 2495 quisque
4288 2430 4406 2494 op-

2452 2500 2610 2565 time
2673 2501 2744 2565 in
2807 2499 2938 2565 fide
3003 2500 3290 2584 profecit,
3357 2501 3471 2567 ubi
3535 2499 3617 2567 ad
3677 2499 4044 2564 maximum
4102 2494 4406 2579 quodque

2452 2585 2801 2652 discrimen
2848 2594 3120 2653 ventum
3165 2595 3299 2666 est,
3366 2585 3498 2651 Dei
3542 2586 3852 2651 virtutem
3897 2582 4218 2648 extollens
4274 2601 4406 2648 una

2451 2672 2782 2754 exsurgit,
2829 2692 2956 2756 quo
3001 2673 3119 2738 toti
3164 2671 3411 2738 mundo
3454 2672 3763 2737 audacter
3804 2670 4097 2736 insultet.
4184 2669 4407 2751 Atque

2453 2757 2605 2824 hinc
2649 2760 2879 2823 firmus
2916 2768 2981 2824 et
3023 2759 3451 2843 infatigabilis
3495 2758 3898 2824 obedientiae
3934 2764 4142 2832 tenor,
4179 2754 4234 2818 si
4271 2775 4402 2818 vox

2449 2843 2613 2909 haec
2656 2843 2966 2910 radicitus
3008 2845 3217 2909 infixa
3259 2847 3344 2911 sit
3387 2844 3688 2910 cordibus
3731 2841 3996 2921 nostris,
4030 2841 4247 2906 Deum
4284 2859 4402 2904 no·

2449 2930 2550 2996 bis
2593 2930 2841 2995 adesse.
2929 2929 3290 3013 Postquam
3335 2943 3556 2996 autem
3600 2930 3822 2994 iussus
3866 2936 3966 2993 est
4000 2927 4222 2992 Moses
4257 2946 4298 2990 a
4332 2946 4403 2990 se

2450 3016 2593 3100 ipso
2637 3017 2876 3083 mentis
2920 3015 3504 3083 considerationem
3547 3024 3862 3094 avertere,
3908 3023 3983 3079 ut
4016 3014 4089 3078 in
4124 3012 4405 3096 promis-

2451 3124 2602 3168 sum
2654 3104 2782 3169 Dei
2850 3102 3173 3169 auxilium
3230 3123 3457 3168 omnes
3521 3123 3676 3169 suos
3731 3101 4012 3167 intuitus
4070 3098 4400 3184 defigeret,

2450 3191 2640 3275 signo
2703 3190 2904 3256 etiam
2962 3191 3386 3256 confirmatur
3404 3241 3421 3269 ,
3483 3187 3701 3254 triduo
3757 3196 4099 3271 postquam
4154 3183 4403 3268 egressi

2449 3275 2694 3342 fuerint
2736 3297 2820 3342 ex
2863 3277 3167 3360 Aegypto
3210 3275 3570 3353 Israelitae,
3619 3274 4100 3340 sacrificaturos
4142 3268 4287 3335 Deo
4329 3271 4402 3333 in

2448 3369 2673 3427 monte
2734 3360 2979 3428 Horeb.
3078 3361 3353 3427 Videtur
3420 3371 3644 3428 tamen
3707 3359 3979 3425 minime
4043 3364 4196 3440 apta
4260 3375 4406 3420 esse

2450 3448 2558 3514 vel
2602 3455 2969 3532 opportuna
3011 3447 3174 3514 haec
3218 3448 3563 3531 promissio
3605 3447 3792 3513 cuius
3828 3444 4101 3511 effectus
4136 3441 4404 3508 nonnisi

2446 3555 2521 3599 re
2561 3541 2829 3618 peracta
2871 3533 3145 3600 exstitit.
3212 3534 3486 3600 Coactos
3515 3531 3561 3619 ¹)
3604 3553 3855 3610 sensus,
3898 3551 4062 3614 quos
4099 3526 4406 3596 vitandae

2448 3619 2873 3687 absurditatis
2930 3640 3126 3686 causa
3184 3618 3447 3704 quidam
3493 3628 3861 3696 accersunt,
3917 3615 4182 3683 omitto:
4250 3613 4404 3697 quia

2446 3715 2623 3773 recte
2659 3716 2725 3773 et
2766 3703 3126 3789 prudenter
3168 3704 3281 3771 alii
3325 3704 3693 3783 observant,
3737 3724 3870 3768 non
3916 3701 4214 3767 inutilem
4260 3719 4406 3766 esse

2448 3812 2570 3859 nec
2614 3813 2853 3858 vanam
2919 3792 3483 3859 confirmationem
3550 3812 3589 3856 a
3643 3789 3851 3873 signis
3909 3784 4403 3872 posterioribus,

2445 3880 2632 3947 cuius
2676 3877 2874 3945 etiam
2920 3877 3075 3943 alibi
3120 3887 3476 3943 occurrunt
3513 3875 3832 3959 exempla.
3913 3871 4239 3939 Davidem
4275 3892 4402 3936 un-

2446 3988 2608 4051 gens
2654 3963 2927 4032 Samuel
2983 3964 3304 4048 promittit
3367 3963 3504 4028 fore
3558 3982 3779 4045 regem
3822 3961 4045 4044 populi
4103 3956 4169 4044 (1
4217 3954 4399 4024 Sam.

2451 4054 2551 4132 16,
2579 4051 2661 4116 13
2703 4072 2716 4116 :
2749 4060 2943 4133 atque
2966 4050 3088 4115 hoc
3111 4050 3377 4133 signum
3399 4049 3536 4113 fore
3561 4047 3970 4131 pronunciat,
3996 4042 4400 4128 quodunctio

2448 4138 2600 4204 sita
2692 4158 2787 4202 eo.
2832 4136 2969 4201 Diu
2994 4146 3059 4200 et
3078 4134 3291 4201 dubiis
3314 4135 3572 4200 casibus
3606 4130 3990 4198 bellandum
4032 4130 4177 4208 fuit,
4213 4136 4402 4195 ante·

2446 4245 2642 4308 quam
2670 4224 2792 4289 hoc
2814 4222 3006 4307 signo
3038 4221 3368 4286 frueretur
3399 4218 3652 4285 David:
3680 4239 3892 4304 neque
3925 4225 4148 4282 tamen
4179 4235 4406 4298 super-

2451 4331 2727 4374 vacuum
2766 4308 3152 4386 censebitur,
3189 4307 3343 4390 quia
3365 4326 3483 4372 suo
3507 4315 3796 4388 tempore
3820 4301 4241 4387 comprobata
4276 4300 4404 4365 fuit

2451 4397 2578 4462 Dei
2614 4395 2846 4479 gratia.
2893 4395 2995 4459 De
3019 4393 3334 4459 solvenda
3363 4392 3546 4458 urbis
3581 4391 3917 4457 obsidione
3937 4389 4147 4455 Isaias
4168 4388 4272 4468 37,
4294 4386 4400 4464 30,

2450 4481 2795 4558 disserens,
2825 4482 3090 4565 signum
3112 4479 3443 4563 adiungit:
3472 4476 3847 4544 Comedetis
3871 4478 3992 4542 hoc
4013 4493 4206 4552 anno,
4232 4493 4400 4558 quae

2445 4576 2645 4651 ponte
2689 4573 3068 4633 nascentur:
3116 4566 3322 4631 altero
3365 4584 3534 4646 quae
3578 4584 3660 4627 ex
3705 4571 3940 4647 sponte
3983 4559 4402 4634 nascentibus

2448 4653 2954 4737 pullulaverint:
3021 4653 3214 4716 tertio
3272 4672 3444 4716 anno
3516 4648 3951 4728 seminabitis,
4021 4644 4403 4729 plantabitis

2450 4741 2692 4819 vineas,
2759 4746 2828 4804 et
2860 4737 3213 4805 comedetis
3254 4736 3563 4801 fructum.
3654 4734 3926 4801 Dictum
3985 4733 4113 4798 fuit
4167 4731 4403 4796 Ioanni

2445 4826 2798 4910 baptistae,
2864 4844 3062 4910 super
3105 4842 3296 4907 quem
3344 4819 3587 4887 videris
3631 4821 3930 4903 spiritum
3987 4817 4402 4896 descendere,

2451 4913 2556 4976 hic
2600 4920 2699 4977 cst
2744 4911 2854 4993 qui
2896 4909 3186 4995 baptizat
3239 4909 3307 4971 in
3366 4908 3604 4991 spiritu
3649 4915 3717 4970 et
3760 4907 3897 4991 igni
3942 4903 4112 4991 (Ioh.
4159 4905 4219 4982 1,
4263 4902 4394 4989 33).

2445 4995 2651 5080 Atqui
2694 5009 3041 5079 antequam
3096 4995 3358 5081 signum
3402 4992 3567 5057 illud
3611 4993 4040 5075 conspiceret,
4097 4992 4231 5055 iam
4290 5009 4394 5053 co-

2447 5094 2767 5168 gnoverat
2824 5081 3163 5148 Christum
3223 5100 3364 5146 esse
3418 5079 3627 5144 filium
3683 5079 3830 5144 Dei.
3934 5077 4163 5159 Neque
4221 5076 4398 5138 enim

2446 5190 2598 5233 eum
2643 5168 2937 5234 latebant
2980 5167 3324 5250 utriusque
3366 5164 3662 5249 parentis
3705 5163 4040 5230 vaticinia.
4109 5161 4241 5227 Sed
4288 5158 4398 5225 ab·

2446 5253 2719 5321 surdum
2769 5276 2897 5319 non
2944 5264 3062 5333 est,
3123 5252 3321 5317 fidem
3381 5270 3549 5335 quae
3591 5251 3659 5315 in
3709 5251 3909 5316 verbo
3955 5246 4231 5313 fundata
4274 5257 4394 5323 est,

2588 5440 2646 5509 1)
2684 5440 2949 5512 Princeps
2962 5465 2977 5493 :
3013 5443 3262 5496 Cunctos.
