4867 6150
560 407 645 471 47
1741 399 2486 469 OOMMENTARIUS
2532 402 2632 468 IN
2676 402 2976 469 EXODI
3020 403 3221 470 CAP.
3266 403 3396 469 III.
4495 401 4575 468 48

562 615 722 662 vasa
762 597 1052 678 argentea
1093 596 1152 656 et
1191 613 1348 659 vasa
1389 611 1605 669 aurea,
1651 597 1709 657 et
1748 597 1972 658 vestes:
2006 612 2167 674 quae
2195 591 2524 673 imponetis

559 681 723 833 {ig-'is
776 679 1003 745 vestris
1056 682 1116 745 et
1160 677 1421 759 filiabus
1460 677 1718 744 vestris:
1775 683 1833 742 et
1873 678 2224 760 spoliabitis
2268 679 2520 762 Acyyp-

739 935 839 1002 18.
908 933 1000 1000 Et
1044 937 1376 1016 postquam
1418 935 1740 1001 audierint
1782 955 1998 1002 vocem.
2090 935 2196 999 Ad
2242 934 2518 1000 verbum

564 1032 684 1103 est,
731 1021 1004 1088 audient
1045 1041 1269 1085 vocem
1315 1029 1536 1086 tuam:
1590 1020 1760 1104 quod
1816 1023 1912 1086 ita
1953 1020 2145 1086 multi
2192 1022 2521 1103 accipiunt

565 1132 642 1176 ac
684 1108 743 1172 si
788 1109 974 1173 Deus
1009 1106 1441 1189 obsequentes
1486 1107 1624 1171 fore
1668 1107 2096 1190 promitteret.
2157 1106 2292 1173 Sed
2338 1105 2520 1191 prior

565 1217 797 1261 sensus
852 1191 1116 1259 videtur
1172 1192 1405 1258 melius
1457 1193 1810 1275 quadrare,
1859 1201 1933 1258 ut
1975 1194 2188 1276 priore
2234 1195 2372 1258 loco
2415 1194 2516 1257 iu-

565 1283 717 1348 beat
759 1279 975 1346 doceri
1022 1299 1177 1344 voce
1201 1278 1426 1359 Mosis‚
1473 1278 1709 1343 deinde
1745 1280 2017 1345 comites
2053 1301 2123 1344 se
2159 1277 2519 1362 adiungere

567 1368 649 1434 ad
715 1363 1177 1448 exponendum
1245 1364 1581 1430 Pharaoni
1646 1364 2047 1431 mandatum.
2140 1366 2515 1447 Antequam

566 1454 740 1520 enim
783 1452 916 1516 illis
959 1452 1421 1535 iniungeretur
1464 1460 1600 1515 tam
1648 1449 1914 1517 difficile
1961 1452 2318 1536 negotium,
2364 1471 2518 1534 ope-

568 1539 969 1623 raepretium
1022 1536 1153 1600 fuit
1210 1534 1337 1601 Dei
1399 1538 1817 1602 autoritatem
1877 1537 2008 1602 illis
2068 1538 2370 1620 proponi,
2432 1557 2519 1601 ne

562 1625 727 1691 illud
807 1624 1219 1707 susciperent
1297 1623 1761 1690 vacillantibus
1853 1623 2108 1688 animis.
2242 1621 2520 1689 Summa

565 1722 784 1778 autem
831 1707 1126 1774 mandati
1170 1716 1287 1787 est,
1338 1716 1415 1773 ut
1457 1719 1683 1792 petant
1725 1730 1766 1773 a
1807 1709 2153 1777 Pharaone
2195 1728 2517 1774 commea·

566 1808 709 1864 tum
754 1793 1163 1862 sacrificandi
1210 1814 1425 1860 cansa.
1517 1796 1723 1861 Porro
1768 1818 1850 1861 ne
1885 1796 2235 1861 temerario
2278 1794 2520 1877 impul·

566 1905 647 1951 su
692 1890 1009 1966 putentur
1050 1879 1116 1944 id
1163 1879 1392 1957 facere,
1446 1881 1762 1947 iubentur
1803 1882 1899 1947 ita
1941 1881 2243 1964 praefari,
2298 1881 2517 1946 Deum

567 1968 692 2036 sibi
726 1968 983 2035 venisse
1027 1965 1308 2044 obviam,
1353 1965 1547 2049 idque
1588 1968 1879 2033 iussisse.
1925 1967 2097 2033 Nam
2139 1966 2518 2033 occurrendi

568 2054 843 2123 verbum
888 2052 1280 2117 tantundem
1327 2052 1505 2117 valet
1547 2073 1622 2118 ac
1667 2064 1897 2136 sponte
1941 2076 2011 2119 se
2055 2054 2308 2118 offerre.
2403 2052 2517 2117 In-

569 2148 957 2228 gemuerant
1015 2137 1277 2222 quidem
1338 2139 1543 2221 prius,
1590 2146 1658 2203 et
1699 2141 1960 2222 saepius
2002 2140 2523 2222 imploraverant

567 2227 767 2293 fidem
828 2236 893 2291 et
952 2223 1466 2290 misericordiam
1522 2224 1683 2290 Dei:
1743 2246 1901 2291 vere
1957 2232 2177 2290 tamen
2232 2224 2339 2291 hic
2398 2224 2523 2289 fuit

569 2311 982 2379 voluntarius
1040 2330 1382 2394 occursus,
1439 2331 1640 2393 quum
1698 2320 1957 2394 practer
1998 2332 2178 2394 spem
2225 2308 2521 2375 omnium

571 2422 641 2466 se
703 2398 1121 2464 liberatorem
1177 2397 1319 2462 fore
1377 2396 1708 2479 professus
1763 2406 1882 2466 est.
1971 2396 2288 2462 Diximus
2345 2398 2521 2460 enim

569 2487 886 2553 clamasse
930 2484 1177 2568 impetu
1223 2480 1465 2548 doloris
1509 2482 1721 2567 magis
1764 2504 1959 2566 quam
2001 2482 2315 2549 exorandi
2359 2481 2523 2548 fidu-

569 2573 688 2638 cia.
778 2570 914 2635 Iam
965 2568 1345 2652 suggeritur
1400 2569 1532 2634 illis
1576 2581 1990 2652 praetextus,
2037 2590 2166 2652 quo
2210 2569 2522 2651 suspicio-

572 2679 723 2724 nem
769 2666 835 2722 et
876 2654 1194 2720 invidiam
1241 2675 1280 2719 a
1323 2676 1393 2719 se
1438 2663 1760 2721 avertant.
1849 2655 2080 2738 Neque
2127 2656 2301 2720 enim
2335 2653 2522 2719 liberi

573 2744 895 2810 discessus
920 2793 935 2822 ,
1015 2739 1190 2806 unde
1256 2741 1481 2824 gravis
1542 2741 1798 2808 iactura
1853 2741 2142 2807 instabat
2219 2751 2522 2824 tyrann0,

573 2849 863 2913 unquam
945 2827 1263 2911 permissa
1339 2826 1569 2892 fuisset
1646 2826 1939 2893 facultas.
2079 2826 2265 2891 Adde
2352 2825 2522 2909 quod

573 2928 712 2982 tam
757 2935 1037 2998 aequum
1103 2912 1507 2995 postulatum
1565 2911 1900 2997 negando,
1956 2915 2143 2998 regio
2200 2914 2342 2978 iure
2409 2914 2526 2976 im-

571 3002 882 3089 perioque
926 3020 996 3064 se
1040 2999 1354 3083 privavit,
1408 3020 1608 3083 quum
1656 2998 1799 3065 Deo
1843 3021 2099 3065 summo
2143 3001 2280 3085 regi
2328 3019 2523 3066 suum

573 3090 891 3155 honorem
934 3087 1234 3169 eriperet.
1286 3087 1433 3151 Etsi
1479 3088 1655 3152 enim
1701 3086 1825 3152 sub
1869 3089 2009 3152 eius
2054 3086 2305 3152 ditione
2340 3095 2529 3152 erant

572 3173 946 3252 Israelitas,
996 3193 1128 3237 non
1175 3182 1396 3237 tamen
1444 3172 1567 3237 hac
1611 3173 1756 3257 lege
1801 3174 1868 3237 in
1915 3194 2025 3238 eos
2070 3172 2528 3238 dominabatur

572 3275 649 3327 ut
707 3262 926 3327 Deum
980 3260 1152 3324 iusto
1208 3257 1385 3323 cultu
1446 3258 1797 3324 fraudaret.
1898 3259 2110 3343 Atqui
2177 3260 2338 3324 utile
2402 3259 2526 3322 fuit

576 3346 841 3412 nonnisi
920 3345 1166 3427 optima
1243 3344 1322 3409 de
1401 3365 1596 3409 causa
1674 3344 1989 3430 populum
2082 3345 2294 3409 invito
2373 3364 2530 3427 rege

576 3430 822 3517 egredi,
867 3453 949 3496 ne
994 3432 1063 3494 in
1106 3429 1403 3495 futurum
1448 3438 1707 3514 tempus
1752 3431 2020 3497 daretur
2063 3429 2341 3496 subditis
2385 3431 2527 3512 qui-

576 3518 864 3585 buslibet
929 3514 1303 3582 excutiendi
1367 3516 1507 3600 iugi
1572 3515 1860 3583 libertas.
1979 3515 2181 3582 Aliud
2262 3516 2525 3600 quidem

576 3605 945 3688 suspicatus
989 3611 1089 3667 est
1110 3601 1395 3680 Pharan,
1439 3623 1676 3686 nempe
1719 3623 1972 3669 meram
2017 3623 2159 3668 esse
2202 3602 2528 3670 fallaciam

579 3691 748 3775 quod
793 3690 873 3755 de
917 3689 1233 3754 sacrificio
1278 3686 1751 3754 obtendebant:
1798 3690 1913 3772 qui
1954 3697 2178 3754 tamen
2223 3687 2527 3753 diffiden-

578 3780 672 3852 tia
726 3777 889 3841 haec
950 3797 1034 3840 ex
1093 3774 1446 3858 tyrannide
1499 3775 1858 3840 oriebatur:
1920 3775 2081 3840 satis
2140 3776 2209 3840 in
2255 3796 2329 3839 eo
2374 3796 2527 3841 con-

579 3865 759 3929 victa
799 3862 928 3927 fuit
971 3860 1114 3926 eius
1157 3860 1581 3944 ingratitudO,
1626 3860 1795 3943 quod
1841 3860 1963 3927 sibi
2008 3860 2182 3927 male
2226 3861 2530 3928 conscius

581 3951 799 4016 Deum
861 3947 982 4013 coli
1043 3946 1274 4012 vetuit.
1375 3946 1522 4011 Iam
1567 3945 1880 4031 quidquid
1946 3945 2043 4012 illi
2109 3947 2178 4013 in
2236 3955 2529 4012 mentem

581 4037 858 4113 venerit,
918 4032 1251 4098 miraculis
1308 4040 1529 4096 tamen
1587 4054 1754 4115 quae
1810 4031 2011 4099 verbo
2057 4032 2281 4099 addita
2338 4040 2533 4098 erant

583 4121 866 4202 edoctus,
921 4121 1228 4204 ignorare
1272 4140 1405 4183 non
1450 4118 1674 4183 debuit
1717 4141 1755 4183 a
1800 4119 1942 4184 Deo
1985 4120 2343 4203 profectam
2388 4140 2532 4184 esse

583 4210 755 4273 hanc
797 4207 1213 4290 legationem.
1304 4203 1378 4271 Si
1422 4213 1683 4269 tantum
1729 4205 1982 4288 loquuti
2026 4217 2245 4271 essent
2266 4205 2530 4270 Israeli-

582 4307 708 4370 tas,
758 4314 874 4358 nec
919 4291 1305 4373 interposita
1339 4290 1570 4356 fuisset
1612 4291 1748 4357 ulla
1790 4293 2110 4357 sermonis
2153 4292 2530 4373 comproba-

586 4380 698 4457 ti0,
743 4378 978 4443 merito
1021 4379 1241 4442 forsan
1286 4376 1408 4442 sibi
1445 4398 1485 4442 a
1528 4377 1753 4442 fraude
1788 4377 2097 4445 cavisset:
2144 4398 2376 4444 verum
2419 4376 2535 4443 ubi

586 4466 801 4550 palam
851 4462 1137 4529 ostendit
1181 4463 1364 4528 Deus
1411 4484 1481 4528 se
1525 4461 1719 4528 huius
1762 4463 2181 4545 profectionis
2226 4484 2368 4530 esse
2417 4485 2534 4530 au-

587 4563 832 4629 torem,
891 4570 1086 4632 seque
1146 4557 1335 4613 extra
1395 4550 1678 4634 Aegypti
1725 4550 1889 4614 fines
1945 4549 2339 4616 sacrificium
2395 4550 2535 4615 exi-

590 4658 761 4722 gere,
808 4645 1020 4702 cessat
1061 4635 1276 4699 omnis
1312 4635 1752 4700 excusationis
1787 4634 1982 4717 color,
2017 4646 2211 4719 atque
2245 4636 2342 4700 ita
2377 4657 2534 4719 pur-

589 4733 785 4807 gatur
828 4744 868 4786 a
910 4721 1237 4786 calumnia
1278 4720 1499 4805 populi
1543 4719 1867 4786 discessio.
1958 4720 2032 4789 Si
2067 4723 2212 4805 quis
2255 4722 2536 4802 obiiciat,

593 4810 881 4875 alienum
925 4808 1127 4873 fuisse
1149 4806 1337 4871 aDei
1381 4818 1618 4872 natura
1660 4817 1873 4874 astute
1917 4806 2266 4891 quidquam
2313 4810 2539 4874 obten-

593 4895 780 4973 dere,
845 4893 1058 4959 facilis
1124 4901 1227 4958 est
1304 4894 1674 4976 responsio,
1761 4895 1979 4960 Deum
2065 4894 2251 4959 nulla
2337 4895 2540 4960 fuisse

593 4980 981 5047 necessitate
1036 4979 1421 5045 obstrictum
1478 4990 1552 5044 ut
1610 4989 1893 5064 tyranno
1952 4981 2301 5047 consilium
2345 5003 2538 5046 suum

593 5067 1007 5152 patefaceret.
1120 5064 1419 5148 Speciem
1488 5066 1809 5131 mendacii
1883 5066 1986 5132 his
2050 5067 2274 5131 verbis
2338 5067 2539 5134 fuisse

595 5154 918 5220 inclusam
972 5151 1135 5216 falso
1192 5149 1455 5235 quidam
1510 5153 1776 5218 iactant.
1865 5153 2050 5218 Nihil
2108 5153 2287 5218 enim
2331 5154 2536 5218 simu-

595 5241 735 5305 lare
800 5238 1115 5324 populum
1184 5259 1376 5302 suum
1443 5238 1655 5303 voluit
1722 5240 1934 5316 Deus,
2013 5248 2270 5305 tantum
2339 5237 2537 5324 (quod

595 5326 739 5391 iure
804 5346 921 5392 suo
974 5322 1252 5410 poterat)
1296 5333 1655 5410 tyrannum
1701 5324 1939 5391 celavit
1982 5325 2359 5409 quid,ultra
2402 5324 2537 5393 fac-

2627 602 2813 659 turus
2858 600 3054 657 esset:
3124 600 3321 677 atque
3375 591 3501 658 hoc
3545 588 3734 655 modo
3779 590 4046 673 impiam
4092 590 4232 655 eius
4276 589 4575 672 pervica-

2624 681 2792 744 ciam
2839 678 3124 757 detexit,
3181 700 3257 744 ac
3300 679 3368 743 in
3414 678 3632 743 lucem
3678 674 3982 758 prodidit.
4074 670 4377 758 Denique
4435 697 4573 742 cer-

2626 773 2844 831 tamen
2889 784 3010 848 pro
3054 765 3376 831 Israelitis
3420 764 3709 846 suscepit
3740 762 3941 839 Deus,
3986 782 4123 827 non
4168 759 4248 827 de
4292 764 4574 828 terrenis

2623 852 3109 918 controversiis:
3175 850 3289 917 sed
3347 851 3427 915 de
3486 850 3828 933 religione,
3895 848 4003 914 cui
4060 848 4280 912 omnia
4341 868 4573 931 regum

2622 939 2773 1003 iura
2816 938 3045 1003 cedere
3079 946 3354 1020 oportet.
3404 936 3493 1001 Se
3530 949 3748 999 autem
3794 946 3986 1000 vocat
4008 934 4325 1000 Iehovam
4352 932 4572 999 Deum

2622 1025 3098 1102 Hebraeorum,
3141 1032 3218 1088 ut
3243 1023 3426 1089 ‘sciat
3449 1020 3709 1087 Pharao
3753 1020 3909 1086 huic
3951 1021 4132 1105 genti
4177 1019 4576 1104 peculiarem

2625 1131 2767 1176 esse
2813 1109 3052 1186 Deum,
3100 1121 3166 1174 et
3210 1108 3482 1173 formam
3529 1107 3794 1189 pietatis
3839 1106 3920 1171 ab
3969 1106 4255 1191 Aegypti
4299 1125 4572 1171 consue-

2625 1195 2857 1261 tudine
2915 1195 3272 1261 diversam:
3330 1195 3564 1259 deinde
3619 1214 3826 1258 unum
3885 1192 4074 1256 illum
4130 1213 4272 1257 esse
4342 1212 4575 1257 verum

2625 1283 2863 1359 Deum,
2909 1283 3068 1347 alios
3113 1302 3341 1346 omnes
3384 1279 3883 1345 commentitios.

2797 1369 2898 1435 19.
2937 1368 3102 1456 ,Eyo
3157 1372 3364 1433 autem
3420 1368 3546 1434 scio
3602 1364 3764 1446 quod
3817 1384 3933 1428 rex
3991 1364 4278 1448 Aeyypti.
4373 1363 4575 1428 Prae-

2623 1455 2838 1519 munit
2903 1474 3055 1520 suos
3122 1454 3328 1534 Deus,
3392 1472 3479 1517 ne
3545 1450 3872 1534 repulsam
3940 1449 4150 1533 primo
4218 1469 4577 1533 congressu

2622 1541 2797 1624 passi
2858 1539 3228 1606 labascent:
3301 1548 3369 1604 et
3424 1537 3881 1622 desperatione
3945 1534 4137 1600 fracti
4199 1535 4574 1600 iniunctum

2622 1627 2749 1692 sibi
2813 1648 2975 1710 opus
3044 1626 3365 1691 deserant.
3471 1624 3735 1688 Durum
3795 1620 4058 1705 quidem
4132 1618 4368 1686 auditu
4434 1620 4574 1697 fuit,

2622 1713 2873 1779 frustra
2937 1734 3008 1778 se
3075 1711 3555 1795 expeditionem
3622 1708 3979 1791 suscipere:
4048 1705 4324 1791 perinde
4392 1727 4467 1773 ac
4524 1708 4576 1772 si

2622 1798 2826 1865 verba
2868 1798 3042 1883 apud
3085 1797 3379 1881 stipitem
3421 1797 3745 1871 facerent,
3814 1794 3968 1878 quia
4010 1793 4198 1859 nulla
4240 1802 4389 1859 erat
4431 1813 4576 1876 spes

2624 1884 3007 1970 proficiendi
3070 1884 3243 1968 apud
3311 1903 3503 1949 aures
3567 1881 3957 1947 obstinatas:
4028 1878 4142 1945 sed
4199 1879 4400 1963 longe
4462 1880 4578 1944 hac

2625 1972 2986 2037 tentatione
3041 1970 3274 2036 durius
3330 1968 3610 2053 perculsi
3657 1967 3968 2046 fuissent,
4014 1966 4071 2030 si
4115 1987 4195 2031 ex
4238 1965 4573 2047 inopinato

2625 2055 3035 2140 deprehensa
3114 2058 3343 2122 fuisset
3418 2056 3490 2120 in
3569 2076 3639 2119 re
3687 2074 3723 2117 e
3808 2052 4238 2119 contumacia.
4376 2052 4576 2117 Prae·

2625 2143 2785 2209 dicit
2840 2165 2997 2228 ergo
3054 2144 3241 2209 Deus
3307 2140 3471 2206 nihil
3532 2160 3648 2205 ver
3692 2139 3749 2203 is
3814 2139 3953 2204 suis
4024 2139 4403 2227 effecturos:
4468 2134 4576 2201 sed

2628 2250 2709 2296 ex
2777 2229 3056 2296 adverso
3123 2227 3474 2294 denunciat
3538 2247 3608 2292 se
3689 2223 4055 2289 admirabili
4123 2223 4373 2289 virtute
4445 2222 4576 2287 fore

2628 2317 3050 2400 superiorem.
3141 2315 3217 2382 Si
3254 2314 3360 2381 cui
3402 2311 3667 2379 videtur
3709 2332 3851 2377 esse
3894 2309 4290 2387 absurdum,
4353 2330 4574 2393 super·

2632 2423 2834 2468 vacuo
2874 2402 3100 2468 labore
3142 2400 3403 2485 fatigari
3449 2402 3720 2464 miseros
3762 2397 4093 2476 homines,
4153 2405 4230 2460 ut
4285 2417 4439 2461 cum
4484 2396 4577 2460 lu·

2631 2488 2839 2553 dibrio
2906 2497 2973 2554 et
3028 2486 3424 2554 contumelia
3479 2483 3920 2568 repellantur:
3980 2480 4343 2566 respondeo
4401 2500 4577 2565 spec-

2629 2583 2807 2641 tasse
2851 2574 2976 2640 hoc
3017 2573 3101 2639 ad
3145 2572 3541 2655 exemplum,
3586 2581 3653 2636 et
3697 2569 3860 2635 utile
3894 2569 4095 2634 fuisse
4128 2568 4211 2633 ad
4246 2569 4577 2634 illustran-

2631 2660 2779 2727 dam
2842 2661 2968 2725 Dei
3037 2658 3346 2744 gloriam,
3405 2664 3480 2721 ut
3532 2677 3651 2721 rex
3704 2654 4082 2721 humaniter
4144 2665 4415 2740 rogatus
4457 2654 4574 2718 im-

2628 2747 2807 2831 piam
2851 2747 3322 2814 contumaciam
3371 2741 3704 2826 proderet:
3765 2741 3919 2826 quia
3961 2740 4131 2806 nihil
4174 2741 4418 2806 iustius
4461 2739 4577 2805 fuit

2629 2855 2824 2916 quam
2883 2831 3261 2915 extorqueri
3317 2829 3399 2895 ab
3467 2829 3671 2893 invito
3729 2826 3896 2911 quod
3964 2827 4210 2892 iniuste
4276 2826 4572 2911 negabat.

2631 2920 2981 2985 Caeterum
3060 2919 3140 2983 de
3206 2916 3553 2982 verborum
3632 2934 3832 2980 sensu
3911 2912 4311 2979 dissentiunt
4384 2913 4578 2978 inter-

2629 3013 2881 3090 pretes:
2965 3004 3230 3088 quidam
3290 3002 3466 3068 enim
3531 3007 3807 3067 vertunt
3886 2999 4052 3063 sicut
4123 2998 4430 3065 hebraice
4497 2996 4574 3062 ad

2631 3093 2907 3159 verbum
2986 3091 3262 3176 legitur:
3331 3089 3560 3171 Neque
3634 3088 3700 3151 in
3783 3107 3982 3152 manu
4063 3085 4317 3151 valida:
4398 3083 4573 3168 quasi

2633 3179 2878 3245 diceret
2935 3176 3122 3243 Deus
3166 3172 3744 3258 inexpugnabilem
3781 3173 3920 3237 fore
3962 3172 4139 3256 regis
4183 3173 4575 3256 superbiam,

2631 3266 2784 3348 quia
2828 3264 3010 3329 nulla
3054 3264 3122 3329 vi
3167 3272 3282 3346 aut
3326 3260 3619 3345 potentia
3661 3259 4113 3342 subigeretur:
4157 3259 4273 3323 sed
4320 3266 4574 3324 contex-

2632 3360 2739 3417 tus
2780 3349 2979 3415 alium
3027 3367 3290 3434 sensum
3337 3345 3643 3429 postulat,
3685 3345 3840 3428 quia
3883 3365 4036 3409 mox
4083 3347 4440 3429 opponitur
4481 3363 4574 3408 re·

2632 3436 2956 3503 medium:
3034 3436 3181 3519 Ego
3240 3454 3399 3498 voro
3453 3431 3802 3498 extendam
3876 3451 4142 3496 manum
4197 3451 4443 3496 meam:
4513 3437 4576 3492 et

2632 3523 2975 3590 subiicitur
3018 3530 3311 3597 eventus,
3379 3517 3550 3601 quod
3653 3516 3855 3582 harao
3898 3515 4113 3601 plagis
4157 3516 4428 3582 tandem
4471 3513 4573 3579 do·

2630 3610 2833 3675 mitus
2879 3607 3194 3692 populum
3242 3606 3545 3670 dimittet.
3636 3602 3962 3668 Convenit
4010 3603 4205 3668 etiam
4251 3621 4573 3686 gramma-

2633 3696 2801 3762 ticae
2867 3695 3066 3759 ratio:
3132 3692 3284 3776 quia
3349 3691 3635 3756 Hebraei
3683 3672 3789 3757 &⁸³³
3854 3709 3972 3771 pro
4041 3688 4163 3753 nisi
4233 3689 4570 3772 accipiunt.

2633 3780 2954 3863 Quamvis
3038 3779 3241 3864 igitur
3306 3777 3569 3843 Pharao
3648 3797 3779 3839 non
3859 3774 4082 3838 statim
4156 3775 4573 3859 obtemperet,

2631 3867 2813 3934 iubet
2870 3887 3025 3933 suos
3083 3874 3306 3931 tamen
3352 3865 3535 3928 Deus
3582 3863 3804 3926 firmos
3847 3870 4026 3925 stare
4070 3869 4137 3925 et
4180 3869 4570 3927 constantes:

2633 3954 2788 4037 quia
2829 3952 2991 4017 velit
3047 3972 3236 4016 rarae
3289 3949 3560 4016 virtutis
3603 3949 3932 4030 specimen
3987 3947 4056 4011 in
4099 3947 4262 4030 ipsis
4306 3946 4574 4012 liberan-

2637 4040 2739 4105 dis
2782 4038 2994 4104 edere.
3060 4038 3339 4102 Interim
3386 4035 3467 4101 ad
3514 4033 3910 4118 sperandum
3955 4053 4066 4100 eos
4107 4032 4415 4098 hortatur
4436 4050 4570 4115 pro·

2636 4126 2839 4276 ἒῑιίεὲο
2877 4124 3053 4190 felici
3097 4123 3315 4188 exitu:
3357 4121 3509 4205 quia
3554 4120 3967 4186 Pharaonem
4013 4120 4081 4184 vi
4125 4129 4315 4201 coget
4357 4117 4436 4183 ad
4479 4136 4573 4181 ce-

2683 4233 2764 4276 en
2814 4232 2945 4276 um.

2811 4297 2914 4364 20.
2970 4294 3060 4361 Et
3110 4295 3269 4361 dabo
3439 4292 3544 4358 ulo
3602 4291 3746 4358 huic
3793 4291 4093 4375 qratiam.
4197 4290 4344 4358 Hoc
4387 4288 4571 4354 etiam

2638 4381 3050 4449 liberalitatis
3109 4401 3302 4448 cumn
3331 4402 3369 4445 o
3424 4378 3762 4444 Israelitas
3816 4376 4050 4457 allicit,
4108 4387 4184 4442 ut
4231 4374 4574 4442 animosius

2640 4468 3039 4537 contendant
3088 4488 3164 4534 ac
3222 4466 3547 4531 nitantur:
3619 4464 3773 4548 quia
3826 4463 4067 4546 alioqui
4112 4483 4318 4547 grave
4361 4463 4575 4527 fuisset

2640 4577 2788 4624 cum
2833 4561 3018 4619 tanta
3061 4553 3240 4637 regis
3286 4551 3524 4617 duritie
3565 4550 3933 4634 confligere.
4004 4549 4183 4633 Ergo
4228 4570 4360 4614 non
4399 4542 4572 4611 modo

2638 4643 3028 4717 libertatem,
3094 4637 3207 4706 sed
3252 4658 3452 4722 opum
3496 4657 3752 4719 quoque
3795 4644 3864 4700 et
3905 4635 4227 4718 pretiosae
4269 4630 4571 4718 supellec-

2641 4727 2779 4793 tilis
2813 4727 3065 4813 copiam
3113 4723 3456 4809 promittit.
3500 4723 3756 4788 Verum
3802 4720 3957 4804 quia
3989 4742 4097 4787 res
4131 4730 4272 4786 erat
4307 4713 4571 4786 difficilis

2641 4813 2922 4881 creditu:
2968 4811 3337 4897 Aegyptios
3380 4809 3836 4875 infestissimos
3883 4806 4106 4891 populi
4146 4807 4384 4884 hosteS,
4449 4816 4570 4865 tam

2642 4920 2857 4967 comes
2915 4907 2982 4964 et
3039 4899 3355 4980 benignos
3412 4897 3550 4980 fore
3606 4904 3682 4959 ut
3719 4893 4075 4977 quidquam
4124 4889 4570 4960 beneficentiae

2642 4992 3085 5071 praestarent,
3131 4982 3439 5048 admonet
3484 4980 3668 5046 Deus
3714 4981 3816 5045 sui
3859 4978 4111 5044 arbitrii
4150 5001 4296 5045 esse
4327 4979 4570 5048 flectere

2643 5091 3028 5156 quocunque
3086 5069 3249 5135 velit
3291 5068 3632 5134 hominum
3677 5064 3888 5131 corda.
3976 5066 4342 5131 Facturum
4382 5063 4570 5145 igitur

2644 5179 2713 5224 se
2768 5156 3161 5242 pronunciat
3213 5165 3294 5220 ut
3348 5152 3662 5240 Aegyptii
3716 5158 3983 5235 repente
4049 5171 4132 5216 ex
4200 5151 4368 5233 lupis
4424 5147 4569 5211 fiant

2644 5266 2820 5324 oves,
2868 5252 2936 5307 et
2979 5244 3089 5324 qui
3134 5241 3432 5308 solebant
3474 5259 3702 5322 rapere
3747 5247 3813 5303 et
3858 5258 4105 5315 vorare,
4152 5259 4329 5303 nunc
4367 5234 4460 5299 lac
4494 5247 4567 5291 ex

2644 5329 2783 5397 suis
2825 5327 3155 5408 uberibus,
3204 5336 3267 5393 et
3306 5327 3529 5393 lanam
3552 5347 3633 5390 ex
3665 5332 3851 5409 tergo
3876 5324 4312 5408 suppeditent.
4369 5320 4568 5386 Locus
