4867 6150
537 446 621 513 67

554 634 686 702 fuit
730 633 954 701 Deum
1014 655 1156 699 esse
1216 632 1416 699 totius
1477 634 1749 706 actionis
1806 638 2129 710 autorem,
2191 632 2364 716 quod
2425 632 2507 698 ad

554 721 802 789 vocalis
857 720 1192 785 doctrinae
1245 718 1873 786 commendationem
1923 718 2119 785 valet.
2221 718 2512 784 Tametsi

544 808 736 876 -enim
773 807 1046 871 Aharon
1076 805 1206 871 Dei
1241 804 1495 887 legatus
1531 814 1598 870 et
1630 805 1905 888 spiritus
1941 805 2150 871 sancti
2187 825 2511 888 organum

554 895 703 971 fuit,
750 892 1052 959 videmus
1097 900 1316 956 tamen
1362 911 1491 955 non
1538 890 1739 956 fuisse
1788 892 2149 956 immunem
2212 890 2290 955 ab
2336 887 2512 954 ordi·

555 982 749 1046 naria
791 976 1212 1057 subiectione,
1257 987 1331 1041 ut
1373 976 1620 1042 scilicet
1640 977 1861 1042 Deum
1899 975 2191 1041 mortalis
2227 976 2513 1043 hominis

552 1087 669 1133 ore
714 1065 1094 1148 loquentem
1139 1062 1415 1128 audiret.
1497 1063 1728 1145 Itaque
1772 1064 1829 1128 si
1873 1084 2032 1146 quos
2076 1063 2253 1145 piget
2298 1060 2514 1126 doceri

558 1150 955 1218 intermedia
1010 1148 1294 1214 hominis
1351 1169 1541 1227 voce,
1604 1147 1857 1233 indigni
1926 1159 2085 1214 sunt
2142 1146 2379 1230 quibus
2444 1167 2514 1211 se

559 1237 751 1304 Deus
795 1236 1122 1301 doctorem
1170 1254 1244 1300 ac
1288 1235 1676 1318 magistrum
1715 1244 2018 1317 praestet.
2108 1233 2277 1299 Nam
2320 1233 2515 1316 paulo

611 1335 714 1390 ost
769 1321 1145 1399 subiicitur,
1204 1320 1435 1386 Mosen
1496 1341 1800 1386 narrasse
1858 1319 2168 1404 quidquid
2233 1318 2517 1384 habebat

558 1432 633 1475 1n
678 1407 1043 1484 mandatis,
1090 1416 1152 1470 et
1199 1415 1448 1489 quanta
1491 1407 1737 1472 virtute
1782 1406 1864 1472 ad
1907 1405 2225 1471 miracula
2263 1404 2516 1470 edenda

562 1496 926 1561 instructus
991 1493 1175 1557 foret.
1277 1491 1551 1557 Abaron
1617 1513 1773 1558 vero
1840 1493 1977 1576 ipse
1996 1542 2011 1569 ,
2091 1490 2245 1556 licet
2302 1500 2516 1556 aetate

562 1581 810 1657 maior,
854 1580 1157 1657 fratrem,
1195 1598 1386 1660 quem
1431 1576 1681 1644 sciebat
1722 1578 1851 1643 Dei
1905 1598 2047 1643 esse
2105 1577 2513 1660 prophetam,

563 1688 697 1733 non
741 1666 953 1731 solum
1001 1672 1351 1729 veneratus
1397 1671 1528 1741 est,
1586 1663 1699 1728 sed
1754 1665 1936 1747 quasi
1993 1663 2297 1746 angelum
2337 1661 2515 1727 ultro

561 1752 690 1820 sibi
734 1749 1071 1835 praefecit.
1133 1747 1447 1815 Osculum
1494 1752 1761 1833 ponitur
1805 1762 2116 1833 tanquam
2162 1748 2514 1833 agnitionis

566 1841 854 1924 signum,
898 1857 1024 1919 quo
1069 1835 1219 1900 fidei
1263 1855 1419 1900 suae
1463 1835 1920 1901 certitudinem
1972 1843 2249 1900 testatus
2295 1844 2413 1899 est.

737 1921 841 1988 29.
907 1920 1197 1986 Perrexit
1238 1922 1435 2005 iqitur
1478 1920 1691 1987 Moses
1732 1927 1787 1986 et
1831 1921 2113 1988 Aharon.
2203 1919 2518 1987 Breviter

559 2010 671 2077 hic
707 2007 1024 2074 recitatur
1060 2015 1306 2090 quanta
1349 2005 1478 2073 fide
1523 2018 1588 2072 et
1631 2007 1946 2092 religione
1991 2007 2335 2091 exsequuti
2381 2007 2519 2070 sint

560 2096 691 2163 duo
734 2095 974 2160 fratres
1021 2092 1333 2158 mandata
1382 2093 1530 2158 Dei.
1623 2091 1931 2160 Seniores
2031 2093 2214 2176 opuli
2272 2112 2516 2158 convo-

559 2190 745 2262 cant,
801 2180 954 2263 quia
1010 2179 1333 2244 immensa
1390 2178 1743 2245 multitudo
1795 2177 1906 2330 git
1962 2114 2211 2245 dictum
2259 2177 2385 2264 est)
2443 2177 2515 2241 in

556 2288 766 2335 unum
813 2266 1029 2330 locum
1074 2265 1216 2349 cogi
1260 2286 1393 2329 non
1438 2273 1715 2346 poterat.

558 2353 739 2420 lebat
782 2351 965 2416 Deus
1021 2371 1151 2415 non
1216 2350 1621 2416 tumultuoso
1679 2358 1746 2415 et
1802 2352 2069 2417 confuso
2113 2351 2324 2435 plebis
2380 2350 2512 2416 cla-

560 2460 763 2517 more,
808 2437 923 2503 sed
960 2436 1292 2502 miraculis
1336 2436 1681 2503 coelestem
1718 2438 2079 2520 potentiam
2126 2457 2275 2502 cum
2322 2434 2516 2519 gravi

559 2523 1007 2591 moderatione
1071 2521 1494 2606 spirantibus.
1617 2523 1870 2588 Iterum
1939 2544 2097 2588 vero
2161 2521 2515 2588 observatu

563 2610 837 2695 dignum
886 2617 1004 2685 est,
1049 2608 1325 2673 Aharon
1370 2608 1683 2674 substitui
1725 2610 1836 2691 qui
1871 2610 2082 2675 Mosis
2127 2610 2269 2674 vice
2312 2605 2517 2674 verba

558 2696 779 2763 faciat.
868 2694 1038 2759 Nam
1085 2694 1143 2759 si
1186 2694 1360 2759 Mosi
1403 2692 1705 2759 obstabat
1747 2695 1840 2759 lin
1893 2716 2011 2760 uae
2055 2694 2347 2774 tarditas,
2395 2714 2516 2760 cur

562 2804 694 2849 non
760 2780 841 2846 ad
898 2801 1051 2845 eum
1109 2778 1418 2862 dirigitur
1465 2779 1726 2845 sermo?
1899 2800 2163 2847 uorsum
2223 2779 2329 2845 hio
2385 2779 2514 2846 cir-

561 2869 810 2946 cuitus,
872 2873 947 2932 ut
1004 2864 1382 2951 promulget
1424 2866 1596 2948 apud
1639 2865 1952 2951 populum
1998 2887 2131 2932 non
2183 2865 2352 2950 quod
2396 2886 2516 2930 au·

564 2954 736 3021 divit
778 2953 919 3035 ipse
968 2951 1249 3031 directe,
1305 2950 1405 3039 (ut
1447 2950 1830 3039 loquuntur)
1888 2952 2003 3019 sed
2061 2951 2341 3018 mediate
2397 2971 2518 3035 per

563 3061 835 3108 manum
895 3038 1119 3104 fratris
1177 3038 1459 3121 accepit:
1527 3037 1656 3104 nisi
1710 3038 1884 3123 quod
1953 3039 2170 3106 Deum
2235 3036 2516 3105 oblectat

566 3127 728 3194 ordo
771 3127 896 3193 iste
951 3125 1034 3191 ad
1093 3124 1494 3209 probandam
1538 3145 1806 3190 suorum
1862 3123 2103 3190 fidem?
2194 3124 2287 3192 Ut
2338 3134 2516 3191 certe

564 3235 725 3281 vero
769 3212 1074 3278 examine
1117 3211 1378 3295 cognita
1432 3211 1559 3275 fuit
1600 3212 2033 3278 mansuetudo
2088 3218 2157 3277 et
2198 3209 2519 3277 modestia

568 3300 880 3378 Abaton,
933 3296 1090 3362 dum
1135 3316 1218 3361 ex
1276 3297 1493 3362 fratris
1537 3318 1648 3362 ore
1690 3298 1978 3381 pendere
2022 3310 2338 3383 gravatus
2382 3316 2517 3361 non

571 3395 704 3451 est:
773 3382 1009 3448 deinde
1073 3383 1406 3448 seniorum
1463 3383 1659 3448 etiam
1729 3382 2050 3460 docilitas,
2119 3383 2277 3449 dum
2344 3381 2520 3467 passi

571 3482 727 3537 sunt
771 3468 851 3534 de
893 3490 1094 3533 manu
1151 3468 1222 3532 in
1281 3489 1552 3533 manum
1611 3469 1736 3533 sibi
1790 3470 1962 3535 tradi
2005 3470 2134 3535 Dei
2190 3468 2519 3546 mandata,

574 3579 693 3623 nec
738 3556 994 3620 curiose
1055 3555 1331 3619 scrutati
1386 3563 1543 3619 sunt
1584 3576 1703 3621 cur
1746 3577 1879 3620 non
1924 3566 2103 3621 recta
2145 3556 2317 3640 ipsos
2360 3554 2520 3620 allo-

572 3651 882 3727 queretur
924 3642 1126 3718 Deus,
1174 3640 1276 3705 vel
1323 3661 1359 3704 e
1393 3641 1574 3706 coelo
1617 3651 1894 3708 tonaret.
1972 3640 2364 3724 Quanquam
2410 3640 2525 3705 ad-

574 3729 700 3794 iuti
745 3728 944 3791 etiam
990 3726 1255 3790 fuerunt
1296 3726 1661 3793 miraculis:
1718 3727 1873 3811 quia
1915 3728 2010 3795 sic
2051 3726 2524 3810 obstupuerant

577 3816 646 3880 in
691 3813 831 3881 suis
874 3812 1065 3877 malis
1102 3819 1178 3875 ut
1213 3811 1380 3876 nihil
1417 3812 1659 3895 alioqui
1695 3814 2006 3879 momenti
2045 3813 2310 3879 haberet
2348 3812 2522 3897 apud

575 3901 754 3986 ipsos
800 3897 977 3963 nuda
1022 3897 1435 3980 praedicatio.

747 3986 852 4051 31.
897 3983 987 4049 Et
1025 3983 1290 4050 credidit
1318 3983 1610 4066 populna.
1693 3984 1819 4048 Vel
1864 3992 1962 4049 est
2005 3984 2411 4067 synecdoche
2454 3986 2524 4050 in

574 4073 843 4139 nomine
888 4069 1131 4153 populi,
1178 4069 1285 4133 vel
1331 4070 1660 4153 significat
1701 4070 1947 4148 Moses,
1990 4081 2334 4154 postquam
2380 4071 2527 4136 vul-

575 4169 731 4244 gata
772 4157 900 4222 fuit
933 4157 1129 4230 fama,
1169 4176 1395 4221 omnes
1432 4177 1561 4220 uno
1596 4177 1916 4222 consensu
1952 4156 2288 4239 amplexos
2323 4157 2527 4222 fuisse

573 4245 848 4310 missum
887 4241 966 4306 de
1010 4239 1460 4324 redemptione
1503 4262 1621 4307 sua
1664 4243 1996 4309 nuncium.
2058 4242 2249 4308 Prior
2292 4263 2527 4308 sensus

573 4330 789 4413 magis
822 4326 1088 4404 arridet,
1136 4341 1387 4409 part-em
1428 4347 1546 4410 pro
1584 4335 1723 4391 toto
1758 4329 1941 4411 poni:
1988 4329 2138 4412 quia
2175 4351 2327 4394 mox
2372 4329 2526 4395 sub-

577 4415 866 4481 nectitur
909 4412 1199 4478 solennis
1244 4410 1535 4478 adoratio
1595 4433 1762 4496 quae
1820 4413 1967 4479 fieri
2024 4414 2151 4480 nisi
2208 4416 2281 4480 in
2337 4425 2527 4481 coetu

578 4522 714 4566 non
757 4510 1029 4583 poterat.
1098 4499 1446 4563 Caeterum
1493 4518 1685 4581 quam
1729 4500 1911 4564 fluxa
1954 4509 2019 4566 et
2063 4501 2343 4567 erratica
2386 4502 2530 4566 fue-

578 4587 669 4652 rit
712 4586 873 4651 haec
909 4584 1089 4660 fides,
1134 4604 1253 4650 suo
1288 4585 1426 4650 loco
1462 4593 1688 4667 postea
1723 4584 2118 4652 videbimus:
2164 4597 2338 4653 certe
2376 4588 2530 4651 viva

584 4671 806 4738 radice
849 4670 1167 4748 caruisse,
1223 4690 1306 4735 ex
1365 4671 1806 4736 inconstantia
1864 4680 1933 4736 et
1975 4671 2245 4737 levitate
2290 4672 2525 4755 patuit.

583 4757 720 4825 Sed
786 4777 1029 4822 novum
1092 4777 1220 4820 non
1286 4765 1417 4822 est:
1485 4755 1815 4821 Credendi
1882 4755 2156 4823 verbum
2230 4758 2309 4823 ad
2379 4779 2526 4841 pro·

582 4864 855 4929 pensam
915 4842 1294 4908 facilitatem
1362 4842 1719 4927 improprie
1778 4842 2123 4909 transferri
2167 4863 2333 4927 quae
2387 4865 2529 4909 mo·

585 4939 808 4996 mento
864 4927 1218 4994 evanescit.
1320 4927 1533 4994 Sicuti
1592 4930 1787 4993 etiam
1849 4928 2155 4995 Christus
2213 4928 2408 4995 fidem
2462 4933 2527 4995 in

584 5016 814 5082 multis
865 5013 1288 5097 temporalem
1347 5034 1490 5079 esse
1534 5013 1721 5080 docet
1762 5012 1996 5114 (Marc.
2041 5015 2104 5094 4,
2152 5015 2278 5102 15).
2367 5016 2527 5082 Ore·

586 5102 755 5170 didit
792 5121 949 5184 ergo
971 5100 1250 5184 populus
1272 5110 1614 5183 postquam
1650 5099 1904 5165 audivit
1944 5123 2100 5168 suas
2143 5102 2531 5169 afflictiones

586 5188 828 5271 respici
870 5208 908 5250 a
943 5186 1118 5252 Deo:
1165 5186 1317 5268 quia
1351 5205 1565 5250 sermo
1601 5185 1716 5250 ille
1760 5186 1955 5251 fidem
2003 5197 2071 5253 et
2110 5189 2530 5254 autoritatem

556 5274 885 5340 -obtinuit.
996 5270 1130 5337 Sed
1216 5272 1364 5337 talis
1441 5271 1570 5337 fuit
1645 5271 1999 5340 credulitas
2066 5294 2261 5357 quam
2338 5275 2530 5341 facile

576 5359 943 5427 discuteret
1004 5357 1322 5424 adversus
1385 5358 1658 5440 quilibet
1712 5359 1938 5440 flatus,
2018 5359 2212 5426 sicuti
2271 5361 2527 5427 accidit.

1866 2264 2056 2331 einde
2100 2276 2351 2331 certare
2394 2284 2510 2328 vo·
2559 2280 2565 2287 “

1745 430 2492 512 COMMENTARIUS
2537 442 2637 509 IN
2681 441 2984 510 EXODI
3028 439 3228 508 OAP.
3273 440 3361 505 V.
4457 439 4535 506 68

2614 631 2827 698 Docet
2884 637 3102 697 autem
3148 630 3256 697 hic
3306 631 3487 698 locus
3542 631 3708 696 nihil
3762 629 3989 713 magni
4035 649 4144 695 eos
4202 634 4538 711 praestare,

2617 738 2737 783 nec
2786 737 3027 800 magna
3085 716 3277 783 laude
3334 738 3478 784 esse
3533 716 3596 783 di
3645 738 3763 783 nos
3806 716 3918 800 qui
3969 713 4202 798 cupide
4245 714 4346 779 vcl
4405 735 4540 797 pro·

2616 802 2771 868 clivi
2816 803 3054 868 affectu
3099 804 3430 887 recipiunt
3462 824 3589 886 quo
3670 802 3796 868 Dei
3842 801 4106 866 nomine
4148 801 4537 884 proponitur,

2619 888 2745 953 nisi
2802 887 2964 953 fides
3022 910 3244 955 eorum
3306 888 3607 956 cordibus
3673 889 3932 972 penitus
3999 886 4234 965 infixa,
4301 884 4545 951 fortiter

2619 976 3055 1039 tentationum
3117 975 3401 1040 insultus
3460 976 3799 1040 sustineat.
3888 973 4023 1038 Alii
4082 992 4270 1038 secus
4327 972 4544 1038 distin-

2619 1071 2861 1145 guunt,
2930 1081 3168 1143 nempe
3224 1061 3390 1144 quod
3452 1060 3728 1146 populus
3798 1058 4175 1135 crediderit,
4248 1066 4313 1123 et
4381 1066 4545 1141 post-

2620 1167 2816 1230 quam
2871 1146 3126 1212 audivit
3178 1168 3367 1231 opem
3426 1148 3562 1213 suis
3621 1147 3811 1211 malis
3857 1155 4149 1229 paratam
4196 1163 4370 1221 esse,
4415 1144 4547 1210 Deo

2620 1233 2829 1317 egerit
2871 1234 3135 1316 gratias.
3224 1233 3430 1300 Recte
3475 1244 3692 1298 tamen
3755 1232 3988 1315 copula
4043 1231 4111 1294 in
4169 1230 4545 1312 particulam

2620 1319 3055 1401 expositivum
3116 1318 3496 1397 resolvitur,
3557 1318 3679 1385 hoc
3723 1338 3954 1397 sensu,
4008 1317 4301 1399 Populus
4358 1336 4545 1399 quum

2622 1403 2911 1469 audisset
2953 1403 3121 1487 quod
3168 1404 3487 1470 referebat
3530 1405 3820 1484 Aharon,
3864 1402 4158 1470 credidit.
4248 1401 4548 1467 Visitatio

2622 1489 2746 1555 Dei
2794 1489 2916 1555 hoc
2957 1489 3097 1555 loco
3141 1491 3444 1556 effectum
3489 1492 3557 1556 in
3604 1511 3675 1556 se
3719 1491 4037 1556 continet:
4098 1488 4270 1572 quod
4317 1487 4552 1552 scilicet

2618 1576 2802 1641 Deus
2867 1577 3204 1658 suppetias
3283 1577 3453 1643 forre
3532 1577 3733 1643 vellet
3794 1575 4032 1641 misere
4095 1573 4548 1640 laborantibus.

2621 1659 2934 1726 Adoratio
2981 1674 3197 1728 autem
3249 1663 3692 1728 testimonium
3739 1663 3862 1727 fuit
3905 1659 4361 1746 gratitudinis,
4409 1659 4552 1742 quia

2620 1767 2749 1812 non
2797 1747 2957 1812 satis
3000 1748 3122 1812 fuit
3164 1748 3457 1832 singulos
3500 1748 3696 1815 tacite
3756 1748 3926 1831 apud
3972 1767 4043 1813 se
4086 1757 4392 1829 reputare
4432 1745 4549 1811 Dei

2620 1834 3029 1911 beneficium,
3076 1834 3203 1898 nisi
3247 1834 3460 1917 palam
3505 1856 3759 1918 quoque
3791 1834 4100 1917 pietatem
4144 1850 4331 1897 suam
4378 1852 4550 1896 mon·

2621 1928 2926 1984 strarent.
3014 1919 3166 1985 Non
3211 1921 3383 2002 quod
3441 1941 3837 2005 magnopere
3880 1920 4170 2003 requirat
4212 1916 4401 1983 Deus
4448 1938 4549 1983 ex·

2621 2014 2846 2069 ternos
2905 2004 3102 2086 ritus,
3161 2004 3273 2071 sed
3344 2008 3645 2089 quoniam
3703 2006 3891 2071 utilia
3948 2014 4100 2071 sunt
4165 2003 4552 2068 infirmitatis

2621 2100 2882 2156 nostrae
2938 2086 3361 2157 adminicula:
3444 2102 3512 2157 et
3573 2113 3848 2175 aequum
3915 2101 4013 2157 est
4077 2111 4210 2155 non
4272 2090 4549 2155 animum

2620 2175 2814 2242 modo
2861 2176 2971 2241 sed
3020 2177 3218 2243 etiam
3263 2197 3504 2263 corpus
3548 2178 3616 2243 in
3661 2178 3789 2243 Dei
3837 2178 4016 2243 cultu
4060 2176 4370 2241 exerceri.

3381 2520 3684 2588 CAPUT
3725 2522 3813 2589 V.

2798 2692 2852 2757 1.
2902 2690 3127 2758 Postea
3169 2698 3467 2759 venerunt
3512 2692 3723 2760 Moses
3763 2699 3818 2760 et
3857 2692 4140 2774 Abaron,
4177 2698 4234 2759 et
4275 2693 4556 2759 dixmvit

2625 2776 2989 2843 Pharaoni.-
3035 2777 3144 2843 Sic
3184 2780 3351 2844 dixit
3396 2777 3627 2844 Iehova
3658 2779 3840 2846 Deus
3874 2779 4116 2845 Israel:
4157 2778 4425 2844 Dimitte
4455 2795 4556 2859 po-

2709 2863 2841 2928 lum
2880 2884 3088 2929 meum
3119 2870 3192 2929 ut
3220 2865 3444 2947 festum
3472 2866 3639 2931 diem
3675 2865 3965 2931 celebrent
3996 2866 4157 2931 mihi
4199 2868 4273 2931 in
4314 2866 4554 2930 deserto.

2621 2950 2682 3016 2.
2726 2948 2815 3014 Et
2851 2950 3017 3014 dixit
3060 2949 3354 3016 Pharao:
3402 2951 3562 3033 Quis
3595 2957 3686 3017 est
3729 2952 3976 3031 Iebova,
4019 2956 4091 3016 ut
4122 2951 4406 3017 obediam
4435 2946 4557 3014 voci

2622 3036 2759 3102 eius
2800 3035 3162 3103 dimittendo
3208 3034 3512 3104 Israelem
3532 3036 3569 3103 2
3638 3037 3787 3103 Non
3827 3040 3973 3105 novi
4017 3037 4344 3119 Iebovam,
4389 3040 4558 3119 atque

2622 3123 2810 3188 etiam
2854 3122 3064 3189 Israel
3103 3144 3225 3189 non
3265 3125 3594 3189 dimittam.
3683 3125 3744 3191 3.
3808 3124 3983 3191 Tunc
4022 3124 4348 3205 dixerunt,
4389 3122 4557 3189 Deus

2623 3208 3052 3274 Hebraeorum
3092 3210 3359 3276 occurrit
3398 3209 3588 3275 nobie.
3693 3209 3868 3294 Eryo
3920 3230 4139 3276 eamus
4194 3211 4316 3277 iter
4374 3209 4558 3274 trium

2621 3295 2866 3361 dierum
2938 3294 3008 3358 in
3075 3296 3380 3361 desertum
3398 3347 3413 3373 ,
3487 3301 3557 3360 ut
3622 3297 4045 3379 sacrificemus
4111 3296 4373 3362 Iebovae
4433 3292 4558 3358 Deo

2622 3385 2858 3459 nostro,
2914 3400 2992 3446 ne
3042 3381 3200 3463 forte
3261 3383 3471 3448 irruat
3530 3384 3602 3448 in
3658 3402 3773 3449 nos
3815 3384 4018 3464 pestis
4065 3383 4162 3448 vel
4211 3382 4471 3467 gladius
4493 3381 4555 3463 ¹)-

2624 3468 2684 3533 4.
2729 3467 2924 3533 Dixit
2963 3466 3051 3532 ad
3083 3487 3184 3533 eos
3222 3487 3337 3533 reoe
3370 3469 3676 3553 Aeyypti:
3733 3468 3810 3535 Ut
3843 3469 3997 3551 quid
4032 3468 4251 3535 Moses
4292 3473 4347 3535 et
4388 3465 4556 3533 Aba·

2623 3575 2737 3620 ron
2793 3551 3160 3620 abs-trahitis
3200 3555 3510 3636 populum
3573 3554 3653 3620 ab
3707 3555 3995 3638 operibus
4056 3554 4248 3620 suis?
4334 3554 4430 3618 Ite
4481 3549 4559 3617 ad

2624 3640 2866 3706 labores
2906 3641 3153 3705 vestroe.
3240 3640 3298 3706 5.
3343 3639 3433 3706 Et
3472 3641 3638 3706 dixit
3682 3639 3971 3706 Pharao.-
4025 3640 4134 3705 En
4175 3640 4363 3706 multi
4403 3654 4554 3705 nuno

2614 3726 2893 3809 populus
2934 3730 3154 3804 terrae,
3196 3731 3252 3791 et
3291 3746 3403 3792 vos
3442 3746 3685 3792 cessare
3722 3727 3939 3809 facitis
3979 3749 4019 3792 a
4054 3725 4372 3793 laboribus
4408 3723 4553 3790 suis.
4652 3789 4664 3806 ‚

2802 3898 2859 3962 1.
2911 3895 3135 3962 Postea
3176 3902 3470 3963 venerunt
3513 3897 3721 3964 Moses
3763 3903 3820 3963 et
3867 3897 4151 3965 Aharon.
4263 3899 4393 3964 Hic
4431 3897 4554 3961 iam

2630 4003 2953 4068 exponere
2996 3983 3229 4066 incipit
3262 3984 3483 4049 Moses
3527 3994 3688 4067 quot
3731 3994 3794 4050 et
3838 4003 4033 4068 quam
4070 3985 4422 4069 magnifica
4453 3980 4554 4046 do·

2630 4079 2938 4136 cumenta
2991 4089 3150 4134 suae
3208 4069 3474 4137 virtutis
3530 4069 3808 4136 ediderit
3864 4069 4047 4136 Deus
4105 4072 4173 4134 in
4233 4064 4555 4135 liberando

2630 4156 2889 4240 populo.
3001 4155 3170 4220 Nam
3223 4177 3430 4239 quum
3473 4157 3541 4220 in
3587 4176 3741 4239 rege
3783 4154 4200 4221 indomabilis
4245 4163 4417 4223 esset
4456 4173 4554 4219 su-

2633 4241 2877 4326 perbia,
2914 4240 3098 4305 furor
3132 4252 3199 4306 et
3234 4241 3603 4318 obstinatio,
3647 4242 3906 4307 clausae
3931 4259 4121 4305 erant
4142 4263 4369 4307 omnes
4403 4240 4554 4312 viae,

2633 4328 2760 4393 nisi
2796 4326 3183 4393 mirabiliter
3218 4348 3293 4394 ac
3317 4328 3518 4392 variis
3539 4326 3750 4395 modis
3783 4329 4028 4393 fractus
4064 4339 4257 4395 esset.
4302 4329 4557 4394 Poterat

2631 4414 2895 4498 quidem
2939 4411 3123 4479 Deus
3168 4434 3317 4478 eum
3375 4414 3511 4479 solo
3561 4424 3726 4479 nutu
3775 4416 3997 4481 statim
4050 4414 4430 4499 profligare,
4487 4416 4557 4474 ut

2632 4500 2831 4566 etiam
2867 4497 2949 4563 ad
2986 4498 3197 4564 solum
3223 4500 3432 4566 Mosis
3470 4509 3891 4584 conspectum
3927 4500 4251 4566 exanimis
4273 4499 4552 4565 caderet:

2633 4584 2748 4652 sed
2793 4584 3002 4668 primo
3046 4584 3256 4651 voluit
3293 4583 3395 4672 (ut
3438 4595 3590 4651 ante
3625 4586 3989 4670 attigimus,
4056 4595 4121 4651 et
4155 4595 4381 4669 postea
4427 4583 4556 4665 ipse

2633 4668 2981 4757 exprimet)
3025 4671 3335 4736 virtutem
3393 4693 3580 4738 suam
3639 4673 3877 4738 clarius
3931 4672 4309 4755 patefacere.
4397 4668 4555 4734 Nam

2635 4757 2694 4824 si
2751 4756 2859 4825 vel
2915 4765 3146 4841 sponte
3198 4758 3502 4823 cessisset
3562 4757 3825 4823 Pharao
3891 4757 3994 4823 vel
4063 4757 4246 4822 nullo
4303 4753 4551 4839 negotio

2633 4844 2850 4912 victus
2870 4842 3055 4922 foret,
3095 4864 3227 4907 non
3265 4852 3399 4908 tam
3435 4844 3714 4910 illustris
3749 4844 3981 4910 fuisset
4004 4844 4318 4910 victoriae
4338 4839 4553 4927 gloria.

2632 4929 2867 4997 Voluit
2909 4927 3195 4995 secundo
3240 4929 3363 4995 hoc
3415 4940 3911 5000 monumentum
3968 4938 4229 4996 exstare
4283 4928 4415 4992 rari
4460 4922 4554 4988 sui

2633 5036 2707 5081 er
2753 5038 2792 5081 a
2827 5015 3108 5081 electum
3131 5015 3446 5098 populum
3482 5016 3750 5082 amoris:
3787 5016 3941 5100 quia
3963 5025 4099 5081 tam
4122 5035 4315 5098 saepe
4338 5033 4410 5078 ac
4431 5020 4553 5074 tam

2635 5039 2849 5167 valide
2908 5121 3058 5166 cum
3118 5100 3552 5182 potentissimi
3608 5102 3784 5186 regis
3836 5101 4196 5186 pertinacia
4242 5093 4554 5172 certando,

2631 5187 2860 5271 quanti
2903 5185 3240 5252 ecclesiam
3302 5208 3490 5252 suam
3546 5186 3795 5255 faceret
3850 5208 3982 5253 non
4026 5186 4297 5254 obscure
4340 5180 4553 5268 proba-

2804 5375 2863 5446 1)
2897 5373 2973 5430 1η
3004 5375 3282 5444 margine.-
3318 5374 3437 5439 Vel,
3472 5376 3741 5445 pernicies
3776 5382 3874 5432 aut
3906 5376 4117 5446 gladius
4151 5381 4410 5430 occurrat.
