4867 6150
537 421 665 489 207

537 608 966 691 contemptim
1031 606 1133 692 (ut
1197 629 1392 691 saepe
1458 605 1646 694 alias)
1712 627 1830 690 pro
1895 627 2136 691 genere
2195 606 2487 672 humano

535 697 835 773 sumitur,
882 715 1250 778 quanquam
1298 694 1473 760 enim
1519 713 1602 758 ex
1648 712 1915 776 corpore
1958 702 2024 758 et
2069 693 2287 757 anima
2330 713 2488 758 con-

538 791 821 861 stamus,
884 781 994 847 ubi
1052 791 1270 845 tamen
1318 788 1588 845 notatur
1631 780 1975 844 hominum
2018 779 2377 862 fragilitas,
2423 790 2492 842 et

539 868 784 936 caduca
856 867 1261 949 evanidaque
1337 864 1651 942 conditio,
1734 866 2058 948 scriptura
2121 886 2230 929 eos
2298 878 2490 930 vocat

538 975 819 1024 carnem.
909 953 1057 1019 Hoc
1101 973 1295 1017 sensu
1352 950 1532 1015 iubet
1575 951 1930 1017 Zacharias
1975 951 2169 1016 silere
2227 971 2491 1016 omnem

540 1061 805 1106 carnem
851 1059 889 1102 a
933 1038 1095 1104 facie
1142 1038 1427 1115 Domini,
1475 1037 1683 1102 Isaias
1727 1059 1990 1102 omnem
2038 1057 2303 1101 carnem
2348 1057 2491 1102 esse

538 1126 839 1192 foenum:
894 1136 966 1189 ut
1011 1123 1163 1189 alibi
1212 1124 1399 1202 dicit,
1443 1122 1924 1208 Aegyptiorum
1981 1144 2179 1206 equos
2224 1144 2491 1189 earnem

541 1234 702 1290 esse,
730 1232 858 1276 non
885 1212 1186 1294 spiritum
1212 1206 1437 1296 (Zach.
1462 1209 1522 1287 2,
1568 1210 1662 1276 13.
1701 1209 1916 1275 Isaiae
1951 1209 2054 1287 40,
2093 1210 2135 1274 6
2171 1222 2232 1274 et
2272 1209 2374 1286 31,
2400 1208 2489 1295 3).

542 1300 722 1383 Ergo
765 1298 831 1361 in
881 1296 982 1360 his
1020 1297 1238 1361 verbis
1274 1315 1506 1360 causae
1542 1294 1823 1360 redditio
1859 1302 1977 1372 est,
2016 1316 2132 1360 eur
2168 1298 2494 1359 mirentur

541 1384 883 1450 Israelitae
918 1405 988 1448 se
1026 1404 1156 1446 non
1193 1382 1390 1447 fuisse
1430 1392 1636 1446 morte
1671 1392 2096 1466 consumptos
2134 1391 2282 1464 post
2305 1380 2492 1445 audi-

542 1482 678 1536 tam
722 1470 852 1535 Dei
914 1490 1157 1534 vocem.
1250 1468 1478 1550 Neque
1538 1477 1757 1532 tamen
1817 1488 1927 1533 eos
1978 1468 2225 1533 latebat
2268 1466 2492 1531 Deum

541 1558 723 1640 prius
779 1556 1122 1637 loquutum
1181 1554 1380 1618 fuisse
1439 1575 1519 1617 ex
1583 1554 1742 1619 rubo
1799 1552 2081 1619 ardenti:
2145 1552 2257 1618 sed
2310 1561 2491 1618 metu

541 1642 881 1710 constricti
925 1662 1056 1705 non
1104 1649 1413 1723 reputant
1456 1638 1610 1723 quid
1658 1651 1810 1705 ante
1854 1639 2182 1716 acciderit,
2231 1647 2493 1703 tantum

542 1751 626 1794 ex
680 1747 879 1792 sensu
934 1746 1052 1792 suo
1114 1726 1584 1809 pronunciant,
1640 1726 2041 1790 mortiferam
2110 1726 2294 1789 carni
2352 1745 2494 1790 esse

545 1815 673 1881 Dei
710 1834 957 1889 vocem,
999 1812 1128 1878 nisi
1164 1812 1553 1896 interposito
1590 1812 1877 1877 remedio
1901 1812 2257 1895 mitigetur.
2321 1811 2493 1876 Nam

543 1898 714 1984 quod
774 1897 1060 1964 Rabbini
1128 1899 1426 1982 fingunt,
1491 1898 1844 1982 prophetas
1909 1919 2042 1962 non
2109 1897 2360 1962 censeri
2419 1897 2493 1960 in

545 2007 820 2051 numero
870 1985 1242 2064 hominum,
1300 1984 1609 2050 frivolum
1665 1993 1801 2060 est,
1861 1984 1991 2048 nisi
2036 1981 2212 2067 quod
2255 1983 2494 2065 spiritu

545 2093 664 2139 suo
710 2093 816 2137 eos
863 2071 1045 2136 fulcit
1075 2072 1258 2136 Deus
1303 2090 1378 2135 ac
1421 2068 1700 2149 roborat,
1744 2078 1823 2134 ut
1865 2069 2253 2151 recipiendis
2299 2069 2493 2133 visio·

548 2157 739 2222 nibus
804 2179 995 2241 pares
1052 2158 1202 2222 sint.
1294 2155 1607 2223 Sciebant
1662 2166 1838 2221 certe
1881 2154 2222 2221 Israelitae
2279 2156 2494 2237 ipsum

544 2265 804 2328 quoque
849 2244 1081 2308 Mosen
1141 2263 1345 2307 unum
1405 2262 1548 2307 esse
1606 2262 1689 2306 ex
1751 2262 2023 2306 numero
2082 2241 2494 2306 mortalium:

544 2330 657 2396 sed
703 2330 855 2413 quia
900 2331 1195 2394 sciebant
1237 2329 1514 2394 electum
1573 2348 1717 2394 esse
1775 2350 1813 2393 a
1858 2327 2003 2391 Deo
2053 2328 2497 2409 interpretem,

544 2437 675 2481 non
744 2415 1045 2481 dubitant
1110 2415 1374 2479 coelesti
1438 2415 1690 2478 virtute
1756 2411 2124 2496 praeditum
2193 2413 2359 2485 fore,
2422 2423 2498 2476 ut

542 2503 762 2567 Deum
810 2500 1179 2583 loquentem
1225 2501 1566 2566 sustineat.
1656 2500 1793 2565 Nec
1852 2497 2124 2565 dubium
2184 2509 2282 2563 est
2335 2499 2493 2582 quin

547 2588 709 2653 haec
766 2586 1085 2653 confessio
1146 2586 1277 2651 illis
1332 2585 1536 2651 fuerit
1590 2606 1938 2668 expressa,
1996 2595 2073 2650 ut
2116 2582 2380 2649 tandem
2425 2585 2497 2648 in

545 2694 664 2738 suo
703 2673 913 2758 gradu
957 2671 1311 2737 subsistere
1346 2671 1689 2749 discerent,
1728 2691 1925 2755 seque
1951 2670 2120 2736 Mosi
2158 2671 2496 2747 subiicere,

548 2760 652 2827 cui
711 2760 902 2824 toties
962 2757 1238 2823 rebelles
1296 2759 1577 2825 fuerant.
1666 2755 2053 2823 Discrimini
2114 2777 2270 2840 ergo
2324 2755 2497 2838 quod

548 2853 701 2909 ante
781 2867 908 2911 non
941 2922 953 2933 ⁶
986 2843 1408 2927 patiebantur
1473 2865 1650 2908 nunc
1714 2843 1997 2908 libenter
2060 2840 2492 2908 subscribunt.

549 2930 742 3012 Quod
801 2952 871 2995 se
929 2931 1148 2996 omnia
1203 2950 1368 3012 quae
1433 2930 1700 2995 iusserit
1760 2930 1941 2994 Deus
2008 2928 2291 2994 facturos
2349 2949 2497 3013 pro-

548 3019 851 3097 mittunt,
900 3038 1032 3082 non
1080 3017 1349 3083 dubium
1394 3027 1495 3081 est
1538 3015 1698 3100 quin
1743 3036 1826 3080 ex
1869 3015 1990 3082 zeli
2050 3016 2303 3080 fervore
2348 3034 2499 3098 pro-

550 3103 760 3169 dierit.
852 3104 1083 3186 Itaque
1131 3103 1324 3186 paulo
1367 3112 1512 3186 post
1555 3122 1780 3167 eorum
1843 3122 2229 3184 responsum
2272 3100 2502 3166 laudat

549 3189 733 3255 Deus
778 3190 936 3272 ipsc.
1025 3188 1126 3255 Ac
1185 3189 1576 3254 tantundem
1636 3199 1874 3255 sonant
1935 3188 2140 3253 verba
2181 3208 2256 3252 ae
2301 3187 2359 3251 si
2400 3185 2496 3250 ‹li-

549 3276 834 3355 xissent,
899 3275 1019 3340 sibi
1088 3296 1218 3339 non
1275 3276 1526 3339 minore
1584 3275 1655 3338 in
1714 3274 1927 3358 pretio
1984 3273 2126 3337 fore
2184 3272 2499 3356 quidquid

549 3360 844 3426 attulerit
918 3361 1137 3425 Moses
1215 3382 1408 3442 quam
1490 3359 1542 3424 si
1625 3359 1921 3424 horribili
2004 3380 2162 3424 voce
2242 3369 2501 3423 tonaret

549 3448 753 3513 Deus.
844 3447 1107 3512 Interea
1151 3446 1359 3529 quoad
1406 3446 1614 3530 ipsos,
1673 3446 1907 3511 levitas
1952 3455 2017 3509 et
2059 3444 2503 3509 inconstantia

552 3554 706 3598 mox
751 3532 1161 3615 deprehensa
1203 3531 1343 3597 fuit.
1434 3531 1541 3596 Ita
1582 3552 1777 3613 saepe
1822 3530 2149 3609 homiues,
2200 3530 2505 3612 quamvis

553 3642 637 3685 ex
683 3618 971 3703 professo
1027 3617 1257 3683 fallere
1316 3638 1447 3681 non
1506 3627 1851 3700 appetant.
1902 3615 2202 3700 neglecto
2254 3617 2503 3681 virium

553 3725 823 3770 suarum
878 3704 1207 3782 examine,
1268 3711 1514 3767 temere
1559 3703 1642 3768 ad
1702 3703 1987 3768 dandam
2042 3701 2238 3767 fidem
2298 3704 2502 3785 prosi·

554 3790 760 3869 liunt,
805 3791 910 3854 eui
954 3787 1389 3874 praestandae
1430 3802 1584 3854 sunt
1626 3791 1931 3872 impares.
2020 3788 2303 3854 Rectum
2349 3809 2507 3872 ergo

600 3876 953 3942 renunciat
1010 3874 1194 3940 Deus
1258 3873 1430 3958 quod
1495 3873 1839 3951 dixerunt,
1907 3895 2142 3957 nempe
2208 3896 2276 3939 se
2329 3873 2504 3939 Mosi

583 3983 697 4028 ore
741 3963 1189 4044 obsequentes,
1235 3979 1310 4026 ac
1352 3961 1491 4027 eius
1537 3960 1835 4027 doctrina
1877 3968 2237 4026 contentos.
2321 3959 2508 4040 Quae

555 4049 885 4114 sententia
929 4045 1012 4111 ad
1049 4066 1166 4112 nos
1211 4047 1408 4112 etiam
1442 4048 1749 4131 pertinet,
1793 4047 1902 4130 qui
1939 4046 2241 4110 iubemur
2279 4044 2509 4110 audire

556 4134 788 4203 Mosen
850 4143 916 4199 et
972 4132 1353 4216 prophetas,
1420 4134 1767 4217 praecipue
1836 4152 1993 4197 vero
2052 4131 2317 4197 unicum
2384 4133 2507 4197 Dei

555 4220 799 4285 filium:
849 4241 930 4285 ne
976 4240 1184 4302 vagae
1228 4219 1708 4302 speculationes
1752 4217 1950 4285 altius
1997 4238 2194 4302 quam
2243 4238 2363 4300 par
2409 4226 2510 4282 est

559 4326 675 4371 nos
721 4305 1005 4387 rapiant.

730 4390 834 4457 29.
888 4391 1045 4474 Quis
1087 4391 1185 4456 det
1225 4396 1296 4455 ut
1335 4391 1421 4456 sit
1460 4410 1565 4457 cor
1617 4409 1845 4456 eorum.
1933 4388 2282 4474 Significat
2328 4390 2509 4455 Deus

1685 419 2429 488 COMMENTARIUS
2477 419 2577 486 IN
2622 420 2924 537 ΙΕΧΟΒΙ
2969 422 3168 488 CAP.
3218 422 3373 487 XX.

4388 421 4499 489 208

2574 629 2706 673 non
2753 610 2849 672 ita
2891 617 3267 676 constantes
3311 626 3377 673 et
3420 612 3644 676 firmos
3687 609 3756 676 in
3802 607 4146 675 servandis
4190 608 4502 692 promissis

2573 694 2711 758 fore
2757 705 2831 758 ut
2873 696 3141 761 fuerunt
3200 695 3418 762 faciles
3462 705 3532 759 et
3583 696 3919 779 propensi:
3987 705 4182 777 atque
4239 696 4331 758 ita
4385 716 4503 760 non

2574 780 2839 862 penitus
2885 802 3228 848 excussam
3289 782 3390 847 vel
3436 781 3791 847 abstersam
3839 802 3980 846 esse
4024 780 4397 866 hypocrisin
4430 802 4505 846 ex

2576 886 2804 930 eorum
2843 868 3099 934 animis.
3167 870 3378 934 Porro
3415 867 3779 932 humanum
3817 868 4126 933 affectum
4170 866 4507 948 improprie

2576 952 2875 1036 suscipit:
2931 954 3087 1036 quia
3141 955 3393 1020 frustra
3451 962 3519 1018 et
3577 954 3857 1031 absurde
3915 961 4173 1036 optaret
4225 951 4393 1034 quod
4445 952 4506 1016 in

2577 1039 2716 1103 eius
2762 1039 3033 1104 arbitrio
3078 1050 3178 1105 est
3234 1040 3547 1105 conferre.
3637 1040 3833 1105 Certe
3891 1060 4094 1124 penes
4149 1039 4366 1122 ipsum
4418 1045 4510 1103 est

2575 1125 2838 1190 flectere
2874 1136 2942 1188 et
2984 1124 3268 1211 dirigere
3304 1125 3500 1190 corda
3536 1145 3920 1209 quocunque
3957 1124 4296 1208 placuerit.
4383 1122 4509 1188 Gur

2578 1232 2735 1294 ergo
2791 1210 3056 1276 aliunde
3113 1212 3255 1277 dari
3311 1221 3496 1294 optat
3553 1222 3627 1275 ut
3681 1211 3995 1296 populum
4061 1231 4322 1293 semper
4371 1228 4512 1274 con·

2580 1296 2785 1361 tineat
2835 1297 2903 1361 in
2972 1299 3213 1363 officio:
3284 1297 3407 1362 nisi
3474 1297 3647 1381 quod
3715 1299 3835 1363 sub
3903 1297 4191 1362 hominis
4252 1315 4515 1377 persona

2578 1382 2935 1465 optandum
2996 1385 3205 1468 magis
3266 1403 3461 1467 quam
3529 1383 3928 1465 sperandum
3995 1403 4135 1448 esse
4201 1380 4388 1447 docet
4448 1389 4516 1444 ut

2580 1469 2891 1533 continuo
2928 1476 3154 1534 tenore
3200 1470 3477 1552 populus
3524 1468 3715 1534 fidem
3764 1470 3953 1535 colat.
4026 1467 4252 1550 Quare
4294 1467 4516 1532 inscite

2580 1554 2702 1619 hoc
2747 1556 2886 1620 loco
2933 1563 2996 1619 et
3051 1554 3377 1621 similibus
3432 1553 3619 1620 abusi
3679 1565 3836 1619 sunt
3893 1553 4156 1636 quidam
4203 1554 4283 1619 ad
4333 1552 4520 1618 stabi-

2581 1640 2870 1705 liendum
2940 1642 3006 1705 in
3073 1641 3340 1706 homine
3406 1640 3689 1705 liberum
3764 1640 4129 1706 arbitrium.
4242 1637 4517 1703 Perinde

2580 1726 2907 1809 accipiunt
2932 1728 3091 1793 haee
3117 1728 3316 1793 verba
3337 1747 3412 1791 ac
3447 1727 3499 1793 si
3539 1726 3852 1791 flexibilis
3889 1735 4063 1792 esset
4083 1727 4151 1790 in
4178 1733 4519 1806 utramque

2580 1825 2834 1896 partem
2878 1813 3166 1878 hominis
3212 1811 3544 1889 voluntas,
3604 1822 3670 1877 et
3726 1821 3905 1878 recte
3963 1810 4198 1894 agendi
4252 1810 4521 1876 facultas

2581 1907 2989 1982 suppeteret,
3034 1899 3216 1964 Deus
3274 1907 3493 1963 autem
3553 1898 3622 1962 in
3682 1899 3813 1963 otio
3869 1910 4179 1963 eventum
4236 1896 4523 1980 specula·

2583 1998 2782 2050 retur.
2874 1984 3081 2065 Quasi
3128 2005 3285 2050 vero
3332 1984 3438 2051 hic
3485 1993 3722 2068 agatur
3780 1983 3862 2049 de
3919 2005 4157 2050 arcano
4203 1982 4335 2048 Dei
4379 2003 4524 2048 con-

2581 2072 2743 2151 silio,
2782 2092 2858 2135 ac
2893 2091 3022 2135 non
3061 2071 3281 2153 potius
3317 2069 3398 2136 de
3433 2072 3565 2134 fine
3602 2078 3668 2134 et
3690 2092 3814 2135 usu
3836 2081 4149 2136 externae
4175 2068 4523 2135 doctrinae.

2583 2157 2720 2221 Nos
2787 2178 2941 2223 vero
3007 2156 3374 2221 innumeris
3430 2158 3792 2238 scripturae
3848 2156 4240 2221 testimoniis
4301 2153 4526 2231 edocti,

2582 2252 2881 2309 tenemus
2938 2242 3133 2307 unius
3194 2241 3323 2307 Dei
3380 2261 3521 2308 esse
3582 2243 3920 2326 proprium
3982 2240 4138 2307 dare
4189 2241 4366 2325 quod
4427 2238 4527 2304 hic

2583 2327 2885 2411 postulat.
2988 2327 3202 2394 Sicuti
3268 2329 3579 2393 continuo
3636 2340 3782 2410 post
3833 2340 4061 2410 optare
4118 2348 4189 2392 se
4247 2326 4407 2392 dicit
4461 2333 4531 2389 ut

2583 2413 2746 2479 bene
2791 2415 2879 2480 sit
2923 2413 3243 2479 Israelitis
3288 2426 3354 2478 et
3397 2414 3550 2479 filiis
3610 2433 3864 2487 eorum:
3929 2435 4166 2497 nempe
4220 2413 4377 2496 quia
4420 2432 4532 2495 per

2581 2501 2880 2565 homines
2945 2511 3118 2564 stare
3176 2509 3426 2565 certum
3482 2508 3585 2564 est
3640 2500 3991 2584 quominus
4046 2500 4216 2564 beati
4276 2499 4412 2565 sint
4468 2504 4531 2560 et

2582 2586 2830 2667 felices,
2888 2586 3142 2668 quoties
3203 2584 3385 2651 Deus
3437 2585 3583 2651 illos
3625 2585 3894 2663 invitat,
3941 2585 4202 2668 quando
4246 2583 4530 2669 gratiam

2585 2673 2708 2739 sibi
2743 2671 3026 2738 oblatam
3065 2669 3430 2754 repudiant.
3500 2672 3728 2754 Neque
3763 2681 3984 2736 tamen
4023 2669 4175 2736 inde
4213 2671 4532 2753 sequitur,

2582 2760 2867 2843 positum
2915 2778 3057 2823 esse
3100 2758 3169 2822 in
3231 2757 3435 2823 libero
3479 2758 3791 2840 cuiusque
3834 2756 4105 2822 arbitrio
4150 2757 4277 2823 sibi
4335 2753 4531 2820 felici·

2588 2854 2787 2909 tatem
2843 2844 3198 2927 acquirere.
3291 2843 3423 2907 Sed
3482 2843 3590 2909 hic
3653 2844 3839 2908 nobis
3897 2842 4381 2909 consideranda
4441 2848 4536 2906 est

2589 2932 2707 2995 Dei
2757 2929 3061 2995 voluntas
3104 2930 3314 3011 qualis
3359 2931 3426 2993 in
3473 2929 3669 2994 verbo
3714 2928 4098 3007 ostenditur,
4143 2950 4275 2994 non
4318 2937 4537 2993 autem

2587 3037 2750 3101 quae
2796 3036 2994 3099 penes
3040 3016 3254 3099 ipsum
3303 3016 3478 3080 latet.
3569 3014 3739 3080 Nam
3787 3037 3988 3098 quum
4048 3035 4278 3082 omnes
4340 3013 4538 3081 verbo

2586 3104 2950 3186 promiscue
3014 3103 3256 3167 invitet
3323 3101 3404 3166 ad
3472 3101 3712 3177 vitam,
3793 3122 4033 3167 areana
4113 3102 4541 3185 inspiratione

2587 3189 2848 3255 nonnisi
2928 3209 3089 3271 quos
3167 3189 3370 3272 elegit
3437 3188 3741 3254 vivificat.
3829 3188 3914 3252 In
3982 3209 4268 3267 summa,
4341 3188 4541 3262 Deus,

2587 3275 2890 3358 quamvis
2925 3272 3241 3357 approbet
3274 3273 3498 3356 populi
3537 3295 3939 3357 responsum,
3966 3273 4115 3357 plus
4138 3271 4544 3339 difficultatis

2587 3363 2659 3426 in
2693 3357 3086 3444 praestando
3124 3362 3257 3424 fore
3295 3359 3452 3425 dicit
3486 3380 3677 3441 quam
3720 3371 3789 3424 ut
3824 3369 4096 3425 eventus
4130 3358 4542 3442 respondeat.

2760 3447 2864 3512 30.
2931 3445 3117 3527 Vade,
3153 3446 3255 3511 dic
3289 3447 3400 3510 eis,
3473 3446 3714 3528 Populi
3753 3446 3924 3510 votis
3961 3445 4203 3512 elarius
4239 3443 4547 3528 adiungit

2591 3531 2721 3597 Dei
2764 3549 3191 3599 consensum:
3239 3552 3314 3597 ac
3358 3532 3413 3596 si
3460 3530 3740 3610 diceret,
3796 3530 3969 3615 quod
4029 3530 4545 3615 postulaverant,

2590 3619 2718 3683 Dei
2756 3619 2917 3684 scito
2955 3627 3170 3681 ratum
3207 3617 3435 3682 fuisse:
3476 3617 3648 3681 uude
3684 3618 3999 3700 sequitur,
4038 3619 4093 3682 si
4117 3618 4293 3683 Mosi
4321 3635 4548 3700 parere

2593 3704 2916 3781 abnuant,
2988 3724 3118 3768 non
3186 3702 3376 3767 modo
3435 3724 3781 3787 perversae
3832 3703 4124 3768 levitatis
4179 3725 4331 3769 reos
4391 3722 4548 3779 esse,

2594 3787 2706 3856 sed
2752 3789 2998 3855 violare
3055 3788 3332 3855 coeleste
3390 3787 3746 3856 decretum.
3836 3792 4013 3854 Ante
4070 3788 4391 3854 admonui
4436 3807 4553 3853 cur

2594 3876 2759 3959 legis
2826 3875 3193 3941 doctrinam
3260 3873 3465 3939 variis
3525 3874 3902 3941 nominibus
3961 3875 4143 3940 Deus
4207 3875 4549 3960 insigniat,

2597 3982 2833 4044 nempe
2896 3982 3023 4044 quo
3074 3958 3385 4027 libentius
3444 3962 3513 4025 in
3574 3981 3651 4025 ea
3709 3961 4127 4044 acquiescant
4182 3960 4550 4026 Israelitae.

2597 4048 2947 4113 Caeterum
2996 4066 3077 4111 ne
3117 4046 3242 4112 sibi
3286 4046 3641 4130 praescribi
3689 4047 4071 4112 existiment
4104 4046 4277 4130 quod
4315 4048 4554 4131 exiguo

2598 4143 2853 4198 tantum
2881 4142 3171 4215 tempore
3196 4136 3431 4216 vigeat,
3468 4154 3544 4198 ac
3579 4130 3983 4197 servandum
4019 4134 4122 4212 sit,
4161 4132 4563 4199 nominatim

2597 4217 2676 4284 de
2699 4219 2863 4304 legis
2886 4218 3322 4302 perpetuitate
3347 4215 3629 4284 disserit.
3683 4218 3832 4284 Hoc
3855 4220 4032 4283 enim
4057 4229 4299 4284 sonant
4335 4217 4558 4293 verba,

2598 4306 2711 4371 ubi
2756 4326 2826 4371 se
2872 4304 3100 4369 docere
3144 4304 3539 4387 pronunciat
3582 4304 3736 4388 quid
3784 4303 4024 4370 facturi
4080 4307 4216 4370 sint
4258 4305 4337 4371 in
4385 4313 4561 4369 terra

2599 4412 2796 4474 quam
2844 4390 3117 4456 daturus
3163 4401 3265 4456 est
3308 4391 3424 4456 eis.
