<?xml version="1.0" encoding="UTF-8"?>
<!DOCTYPE html PUBLIC "-//W3C//DTD XHTML 1.0 Transitional//EN"
    "http://www.w3.org/TR/xhtml1/DTD/xhtml1-transitional.dtd">
<html xmlns="http://www.w3.org/1999/xhtml" xml:lang="en" lang="en">
 <head>
  <title>
</title>
<meta http-equiv="Content-Type" content="text/html;charset=utf-8" />
  <meta name='ocr-system' content='tesseract 3.04.00' />
  <meta name='ocr-capabilities' content='ocr_page ocr_carea ocr_par ocr_line ocrx_word'/>
</head>
<body>
  <div class='ocr_page' id='page_1' title='image "./ioanniscalvinio04unkngoog_0192.png"; bbox 0 0 4867 6150; ppageno 0'>
   <div class='ocr_carea' id='block_1_1' title="bbox 544 459 675 528">
    <p class='ocr_par' dir='ltr' id='par_1_1' title="bbox 544 459 675 528">
     <span class='ocr_line' id='line_1_1' title="bbox 544 459 675 528; baseline -0.008 -1"><span class='ocrx_word' id='word_1_1' title='bbox 544 459 675 528; x_wconf 83' lang='lat'>359</span> 
     </span>
    </p>
   </div>
   <div class='ocr_carea' id='block_1_2' title="bbox 546 649 2508 1925">
    <p class='ocr_par' dir='ltr' id='par_1_2' title="bbox 546 649 2502 1150">
     <span class='ocr_line' id='line_1_2' title="bbox 546 649 2499 733; baseline -0.001 -15"><span class='ocrx_word' id='word_1_2' title='bbox 546 651 707 718; x_wconf 89' lang='lat' dir='ltr'>dum</span> <span class='ocrx_word' id='word_1_3' title='bbox 753 650 910 717; x_wconf 93' lang='lat' dir='ltr'>olim</span> <span class='ocrx_word' id='word_1_4' title='bbox 948 650 1077 716; x_wconf 86' lang='lat' dir='ltr'>fuit</span> <span class='ocrx_word' id='word_1_5' title='bbox 1112 649 1578 731; x_wconf 88' lang='lat' dir='ltr'>sacerdotibus,</span> <span class='ocrx_word' id='word_1_6' title='bbox 1624 656 1944 733; x_wconf 90' lang='lat' dir='ltr'>quatenus</span> <span class='ocrx_word' id='word_1_7' title='bbox 1980 649 2279 732; x_wconf 88' lang='lat' dir='ltr'>publicae</span> <span class='ocrx_word' id='word_1_8' title='bbox 2315 658 2499 716; x_wconf 90' lang='lat' dir='ltr'>tran-</span> 
     </span>
     <span class='ocr_line' id='line_1_3' title="bbox 547 735 2497 824; baseline -0.002 -20"><span class='ocrx_word' id='word_1_9' title='bbox 547 738 893 824; x_wconf 85' lang='lat' dir='ltr'>quillitatis</span> <span class='ocrx_word' id='word_1_10' title='bbox 937 737 1273 816; x_wconf 76' lang='lat' dir='ltr'><strong>intererat,</strong></span> <span class='ocrx_word' id='word_1_11' title='bbox 1320 744 1700 802; x_wconf 79' lang='lat' dir='ltr'>reverenter</span> <span class='ocrx_word' id='word_1_12' title='bbox 1742 736 1867 802; x_wconf 92' lang='lat' dir='ltr'>coli</span> <span class='ocrx_word' id='word_1_13' title='bbox 1914 744 2209 819; x_wconf 87' lang='lat' dir='ltr'>pastores</span> <span class='ocrx_word' id='word_1_14' title='bbox 2255 735 2497 802; x_wconf 88' lang='lat' dir='ltr'>divini-</span> 
     </span>
     <span class='ocr_line' id='line_1_4' title="bbox 549 822 2501 905; baseline -0.002 -15"><span class='ocrx_word' id='word_1_15' title='bbox 549 837 657 891; x_wconf 89' lang='lat' dir='ltr'>tus</span> <span class='ocrx_word' id='word_1_16' title='bbox 701 824 1070 890; x_wconf 88' lang='lat' dir='ltr'>ordinatos:</span> <span class='ocrx_word' id='word_1_17' title='bbox 1125 824 1221 889; x_wconf 90' lang='lat' dir='ltr'>sic</span> <span class='ocrx_word' id='word_1_18' title='bbox 1265 832 1486 888; x_wconf 90' lang='lat' dir='ltr'>tamen</span> <span class='ocrx_word' id='word_1_19' title='bbox 1532 830 1614 888; x_wconf 89' lang='lat' dir='ltr'>ut</span> <span class='ocrx_word' id='word_1_20' title='bbox 1653 823 1795 888; x_wconf 90' lang='lat' dir='ltr'>Deo</span> <span class='ocrx_word' id='word_1_21' title='bbox 1838 822 1993 905; x_wconf 89' lang='lat' dir='ltr'>ipsi,</span> <span class='ocrx_word' id='word_1_22' title='bbox 2054 822 2247 888; x_wconf 91' lang='lat' dir='ltr'>unico</span> <span class='ocrx_word' id='word_1_23' title='bbox 2299 822 2501 905; x_wconf 90' lang='lat' dir='ltr'>capiti</span> 
     </span>
     <span class='ocr_line' id='line_1_5' title="bbox 550 907 2498 995; baseline -0.003 -18"><span class='ocrx_word' id='word_1_24' title='bbox 550 922 617 977; x_wconf 91' lang='lat' dir='ltr'>et</span> <span class='ocrx_word' id='word_1_25' title='bbox 650 909 934 995; x_wconf 84' lang='lat' dir='ltr'>principi</span> <span class='ocrx_word' id='word_1_26' title='bbox 971 910 1263 975; x_wconf 89' lang='lat' dir='ltr'>omnium</span> <span class='ocrx_word' id='word_1_27' title='bbox 1286 921 1644 992; x_wconf 88' lang='lat' dir='ltr'>pastorum,</span> <span class='ocrx_word' id='word_1_28' title='bbox 1684 907 1847 973; x_wconf 90' lang='lat' dir='ltr'>nihil</span> <span class='ocrx_word' id='word_1_29' title='bbox 1875 907 2236 973; x_wconf 74' lang='lat' dir='ltr'>decederet.</span> <span class='ocrx_word' id='word_1_30' title='bbox 2283 907 2498 990; x_wconf 80' lang='lat' dir='ltr'>Quam</span> 
     </span>
     <span class='ocr_line' id='line_1_6' title="bbox 549 994 2502 1146; baseline -0.003 -82"><span class='ocrx_word' id='word_1_31' title='bbox 549 997 842 1146; x_wconf 75' lang='lat' dir='ltr'>insulsef</span> <span class='ocrx_word' id='word_1_32' title='bbox 886 1017 1038 1063; x_wconf 88' lang='lat' dir='ltr'>vero</span> <span class='ocrx_word' id='word_1_33' title='bbox 1116 996 1238 1062; x_wconf 92' lang='lat' dir='ltr'>hoc</span> <span class='ocrx_word' id='word_1_34' title='bbox 1318 995 1400 1061; x_wconf 92' lang='lat' dir='ltr'>ad</span> <span class='ocrx_word' id='word_1_35' title='bbox 1467 1016 1536 1060; x_wconf 91' lang='lat' dir='ltr'>se</span> <span class='ocrx_word' id='word_1_36' title='bbox 1603 995 1875 1061; x_wconf 87' lang='lat' dir='ltr'>trahant</span> <span class='ocrx_word' id='word_1_37' title='bbox 1940 996 2264 1078; x_wconf 88' lang='lat' dir='ltr'>papistae,</span> <span class='ocrx_word' id='word_1_38' title='bbox 2345 994 2502 1060; x_wconf 89' lang='lat' dir='ltr'>alibi</span> 
     </span>
     <span class='ocr_line' id='line_1_7' title="bbox 551 1083 950 1150; baseline -0.008 -1"><span class='ocrx_word' id='word_1_39' title='bbox 551 1085 765 1150; x_wconf 87' lang='lat' dir='ltr'>visum</span> <span class='ocrx_word' id='word_1_40' title='bbox 839 1083 950 1148; x_wconf 91' lang='lat' dir='ltr'>uit.</span> 
     </span>
    </p>

    <p class='ocr_par' dir='ltr' id='par_1_3' title="bbox 548 1165 2508 1925">
     <span class='ocr_line' id='line_1_8' title="bbox 725 1165 2504 1249; baseline -0.002 -16"><span class='ocrx_word' id='word_1_41' title='bbox 725 1168 827 1234; x_wconf 88' lang='lat'>13.</span> <span class='ocrx_word' id='word_1_42' title='bbox 873 1169 1081 1249; x_wconf 78' lang='lat' dir='ltr'>Atque</span> <span class='ocrx_word' id='word_1_43' title='bbox 1118 1188 1326 1234; x_wconf 81' lang='lat' dir='ltr'>omnes</span> <span class='ocrx_word' id='word_1_44' title='bbox 1368 1187 1399 1231; x_wconf 92' lang='lat' dir='ltr'>e</span> <span class='ocrx_word' id='word_1_45' title='bbox 1439 1166 1694 1248; x_wconf 76' lang='lat' dir='ltr'>popule.</span> <span class='ocrx_word' id='word_1_46' title='bbox 1785 1167 1848 1232; x_wconf 88' lang='lat' dir='ltr'>A</span> <span class='ocrx_word' id='word_1_47' title='bbox 1901 1167 2034 1231; x_wconf 89' lang='lat' dir='ltr'>fine</span> <span class='ocrx_word' id='word_1_48' title='bbox 2091 1165 2504 1232; x_wconf 90' lang='lat' dir='ltr'>demonstrat</span> 
     </span>
     <span class='ocr_line' id='line_1_9' title="bbox 551 1252 2504 1337; baseline -0.002 -15"><span class='ocrx_word' id='word_1_49' title='bbox 551 1276 687 1322; x_wconf 87' lang='lat' dir='ltr'>non</span> <span class='ocrx_word' id='word_1_50' title='bbox 734 1276 875 1320; x_wconf 90' lang='lat' dir='ltr'>esse</span> <span class='ocrx_word' id='word_1_51' title='bbox 920 1253 1320 1337; x_wconf 89' lang='lat' dir='ltr'>parcendum</span> <span class='ocrx_word' id='word_1_52' title='bbox 1367 1252 1663 1336; x_wconf 88' lang='lat' dir='ltr'>superbis</span> <span class='ocrx_word' id='word_1_53' title='bbox 1707 1252 2302 1335; x_wconf 89' lang='lat' dir='ltr'>contemptoribus:</span> <span class='ocrx_word' id='word_1_54' title='bbox 2349 1253 2504 1335; x_wconf 89' lang='lat' dir='ltr'>quia</span> 
     </span>
     <span class='ocr_line' id='line_1_10' title="bbox 551 1337 2504 1423; baseline -0.002 -15"><span class='ocrx_word' id='word_1_55' title='bbox 551 1342 634 1408; x_wconf 89' lang='lat' dir='ltr'>ad</span> <span class='ocrx_word' id='word_1_56' title='bbox 671 1360 1021 1408; x_wconf 89' lang='lat' dir='ltr'>commune</span> <span class='ocrx_word' id='word_1_57' title='bbox 1056 1339 1430 1423; x_wconf 87' lang='lat' dir='ltr'>exemplum</span> <span class='ocrx_word' id='word_1_58' title='bbox 1466 1358 1713 1422; x_wconf 88' lang='lat' dir='ltr'>poenae</span> <span class='ocrx_word' id='word_1_59' title='bbox 1748 1346 2078 1422; x_wconf 86' lang='lat' dir='ltr'>spectant:</span> <span class='ocrx_word' id='word_1_60' title='bbox 2119 1337 2313 1404; x_wconf 91' lang='lat' dir='ltr'>sicuti</span> <span class='ocrx_word' id='word_1_61' title='bbox 2357 1360 2504 1405; x_wconf 88' lang='lat' dir='ltr'>rur-</span> 
     </span>
     <span class='ocr_line' id='line_1_11' title="bbox 551 1423 2505 1511; baseline -0.002 -17"><span class='ocrx_word' id='word_1_62' title='bbox 551 1449 698 1494; x_wconf 90' lang='lat' dir='ltr'>sum</span> <span class='ocrx_word' id='word_1_63' title='bbox 744 1427 1105 1511; x_wconf 89' lang='lat' dir='ltr'>impunitas</span> <span class='ocrx_word' id='word_1_64' title='bbox 1161 1438 1261 1492; x_wconf 90' lang='lat' dir='ltr'>est</span> <span class='ocrx_word' id='word_1_65' title='bbox 1318 1424 1622 1491; x_wconf 79' lang='lat' dir='ltr'>illecebra</span> <span class='ocrx_word' id='word_1_66' title='bbox 1663 1423 2008 1509; x_wconf 88' lang='lat' dir='ltr'>peccandi,</span> <span class='ocrx_word' id='word_1_67' title='bbox 2069 1434 2137 1489; x_wconf 92' lang='lat' dir='ltr'>et</span> <span class='ocrx_word' id='word_1_68' title='bbox 2195 1424 2505 1491; x_wconf 88' lang='lat' dir='ltr'>effraenis</span> 
     </span>
     <span class='ocr_line' id='line_1_12' title="bbox 548 1510 2508 1579; baseline -0.002 0"><span class='ocrx_word' id='word_1_69' title='bbox 548 1513 854 1579; x_wconf 90' lang='lat' dir='ltr'>licentiae</span> <span class='ocrx_word' id='word_1_70' title='bbox 901 1515 1147 1578; x_wconf 89' lang='lat' dir='ltr'>nutrix.</span> <span class='ocrx_word' id='word_1_71' title='bbox 1193 1513 1287 1577; x_wconf 88' lang='lat' dir='ltr'>Et</span> <span class='ocrx_word' id='word_1_72' title='bbox 1320 1522 1497 1578; x_wconf 90' lang='lat' dir='ltr'>certe</span> <span class='ocrx_word' id='word_1_73' title='bbox 1533 1510 1688 1576; x_wconf 92' lang='lat' dir='ltr'>dum</span> <span class='ocrx_word' id='word_1_74' title='bbox 1727 1521 2042 1578; x_wconf 88' lang='lat' dir='ltr'>terrorem</span> <span class='ocrx_word' id='word_1_75' title='bbox 2077 1510 2287 1577; x_wconf 90' lang='lat' dir='ltr'>incuti</span> <span class='ocrx_word' id='word_1_76' title='bbox 2322 1511 2508 1576; x_wconf 91' lang='lat' dir='ltr'>iubet</span> 
     </span>
     <span class='ocr_line' id='line_1_13' title="bbox 549 1596 2505 1683; baseline -0.002 -18"><span class='ocrx_word' id='word_1_77' title='bbox 549 1600 673 1665; x_wconf 83' lang='lat' dir='ltr'>toti</span> <span class='ocrx_word' id='word_1_78' title='bbox 708 1597 965 1683; x_wconf 89' lang='lat' dir='ltr'>popu10,</span> <span class='ocrx_word' id='word_1_79' title='bbox 1004 1598 1392 1676; x_wconf 78' lang='lat' dir='ltr'>subindicat,</span> <span class='ocrx_word' id='word_1_80' title='bbox 1438 1597 1567 1663; x_wconf 91' lang='lat' dir='ltr'>nisi</span> <span class='ocrx_word' id='word_1_81' title='bbox 1602 1596 1975 1682; x_wconf 81' lang='lat' dir='ltr'>proterviae</span> <span class='ocrx_word' id='word_1_82' title='bbox 1996 1596 2258 1663; x_wconf 90' lang='lat' dir='ltr'>obviam</span> <span class='ocrx_word' id='word_1_83' title='bbox 2295 1608 2505 1676; x_wconf 89' lang='lat' dir='ltr'>eatur,</span> 
     </span>
     <span class='ocr_line' id='line_1_14' title="bbox 553 1681 2508 1770; baseline -0.002 -19"><span class='ocrx_word' id='word_1_84' title='bbox 553 1696 619 1752; x_wconf 92' lang='lat' dir='ltr'>et</span> <span class='ocrx_word' id='word_1_85' title='bbox 688 1684 1023 1770; x_wconf 90' lang='lat' dir='ltr'>improbos</span> <span class='ocrx_word' id='word_1_86' title='bbox 1109 1698 1304 1767; x_wconf 87' lang='lat' dir='ltr'>atque</span> <span class='ocrx_word' id='word_1_87' title='bbox 1383 1682 1663 1750; x_wconf 89' lang='lat' dir='ltr'>audaces</span> <span class='ocrx_word' id='word_1_88' title='bbox 1742 1682 2043 1750; x_wconf 89' lang='lat' dir='ltr'>cohibeat</span> <span class='ocrx_word' id='word_1_89' title='bbox 2122 1681 2508 1767; x_wconf 88' lang='lat' dir='ltr'>disciplinae</span> 
     </span>
     <span class='ocr_line' id='line_1_15' title="bbox 554 1768 2508 1857; baseline -0.002 -21"><span class='ocrx_word' id='word_1_90' title='bbox 554 1772 770 1857; x_wconf 88' lang='lat' dir='ltr'>rigor,</span> <span class='ocrx_word' id='word_1_91' title='bbox 833 1774 1098 1838; x_wconf 88' lang='lat' dir='ltr'>ianuam</span> <span class='ocrx_word' id='word_1_92' title='bbox 1144 1778 1438 1855; x_wconf 89' lang='lat' dir='ltr'>apertam</span> <span class='ocrx_word' id='word_1_93' title='bbox 1483 1768 1616 1834; x_wconf 90' lang='lat' dir='ltr'>illis</span> <span class='ocrx_word' id='word_1_94' title='bbox 1661 1790 1802 1836; x_wconf 88' lang='lat' dir='ltr'>esse</span> <span class='ocrx_word' id='word_1_95' title='bbox 1849 1768 1929 1836; x_wconf 88' lang='lat' dir='ltr'>ad</span> <span class='ocrx_word' id='word_1_96' title='bbox 1975 1768 2508 1853; x_wconf 84' lang='lat' dir='ltr'>pessundandam</span> 
     </span>
     <span class='ocr_line' id='line_1_16' title="bbox 554 1857 917 1925; baseline -0.008 0"><span class='ocrx_word' id='word_1_97' title='bbox 554 1857 917 1925; x_wconf 85' lang='lat' dir='ltr'>ecclesiam.</span> 
     </span>
    </p>
   </div>
   <div class='ocr_carea' id='block_1_3' title="bbox 1187 2195 1880 2264">
    <p class='ocr_par' dir='ltr' id='par_1_4' title="bbox 1187 2195 1880 2264">
     <span class='ocr_line' id='line_1_17' title="bbox 1187 2195 1880 2264; baseline -0.004 0"><span class='ocrx_word' id='word_1_98' title='bbox 1187 2199 1318 2264; x_wconf 83' lang='lat' dir='ltr'>EX</span> <span class='ocrx_word' id='word_1_99' title='bbox 1360 2197 1633 2264; x_wconf 74' lang='lat' dir='ltr'>DEUT.</span> <span class='ocrx_word' id='word_1_100' title='bbox 1680 2195 1880 2262; x_wconf 86' lang='lat' dir='ltr'>XIII.</span> 
     </span>
    </p>
   </div>
   <div class='ocr_carea' id='block_1_4' title="bbox 546 2368 2510 3747">
    <p class='ocr_par' dir='ltr' id='par_1_5' title="bbox 546 2368 2510 3747">
     <span class='ocr_line' id='line_1_18' title="bbox 726 2368 2507 2458; baseline -0.002 -20"><span class='ocrx_word' id='word_1_101' title='bbox 726 2373 767 2438; x_wconf 88' lang='grc'><strong>6</strong></span> <span class='ocrx_word' id='word_1_102' title='bbox 795 2370 860 2458; x_wconf 88' lang='lat'>ยน).</span> <span class='ocrx_word' id='word_1_103' title='bbox 910 2369 988 2437; x_wconf 83' lang='lat' dir='ltr'>Si</span> <span class='ocrx_word' id='word_1_104' title='bbox 1051 2370 1404 2437; x_wconf 78' lang='lat' dir='ltr'>incitaverit</span> <span class='ocrx_word' id='word_1_105' title='bbox 1459 2374 1516 2434; x_wconf 87' lang='lat' dir='ltr'>te</span> <span class='ocrx_word' id='word_1_106' title='bbox 1566 2369 1767 2449; x_wconf 81' lang='lat' dir='ltr'>frater</span> <span class='ocrx_word' id='word_1_107' title='bbox 1817 2373 1991 2449; x_wconf 78' lang='lat' dir='ltr'>tuus,</span> <span class='ocrx_word' id='word_1_108' title='bbox 2045 2368 2225 2450; x_wconf 63' lang='lat' dir='ltr'>filius</span> <span class='ocrx_word' id='word_1_109' title='bbox 2279 2370 2507 2435; x_wconf 83' lang='lat' dir='ltr'>matris</span> 
     </span>
     <span class='ocr_line' id='line_1_19' title="bbox 554 2454 2508 2539; baseline -0.002 -15"><span class='ocrx_word' id='word_1_110' title='bbox 554 2462 716 2538; x_wconf 78' lang='lat' dir='ltr'>tuae,</span> <span class='ocrx_word' id='word_1_111' title='bbox 764 2463 874 2523; x_wconf 82' lang='lat' dir='ltr'>aut</span> <span class='ocrx_word' id='word_1_112' title='bbox 910 2457 1091 2539; x_wconf 75' lang='lat' dir='ltr'>filius</span> <span class='ocrx_word' id='word_1_113' title='bbox 1133 2461 1295 2537; x_wconf 80' lang='lat' dir='ltr'>tuus,</span> <span class='ocrx_word' id='word_1_114' title='bbox 1333 2461 1448 2521; x_wconf 82' lang='lat' dir='ltr'>aut</span> <span class='ocrx_word' id='word_1_115' title='bbox 1473 2454 1614 2535; x_wconf 69' lang='lat' dir='ltr'>filia</span> <span class='ocrx_word' id='word_1_116' title='bbox 1650 2461 1781 2531; x_wconf 82' lang='lat' dir='ltr'>tua,</span> <span class='ocrx_word' id='word_1_117' title='bbox 1816 2459 1929 2520; x_wconf 81' lang='lat' dir='ltr'>aut</span> <span class='ocrx_word' id='word_1_118' title='bbox 1963 2474 2126 2519; x_wconf 75' lang='lat' dir='ltr'>uxor</span> <span class='ocrx_word' id='word_1_119' title='bbox 2158 2456 2508 2537; x_wconf 76' lang='lat' dir='ltr'>complexus</span> 
     </span>
     <span class='ocr_line' id='line_1_20' title="bbox 553 2540 2506 2624; baseline -0.002 -14"><span class='ocrx_word' id='word_1_120' title='bbox 553 2545 649 2611; x_wconf 79' lang='lat' dir='ltr'>tui</span> <span class='ocrx_word' id='word_1_121' title='bbox 665 2594 680 2621; x_wconf 95' lang='lat'>,</span> <span class='ocrx_word' id='word_1_122' title='bbox 740 2549 856 2609; x_wconf 81' lang='lat' dir='ltr'>aut</span> <span class='ocrx_word' id='word_1_123' title='bbox 897 2543 1139 2609; x_wconf 81' lang='lat' dir='ltr'>amicus</span> <span class='ocrx_word' id='word_1_124' title='bbox 1180 2548 1328 2607; x_wconf 80' lang='lat' dir='ltr'>tuus</span> <span class='ocrx_word' id='word_1_125' title='bbox 1369 2542 1483 2624; x_wconf 81' lang='lat' dir='ltr'>qui</span> <span class='ocrx_word' id='word_1_126' title='bbox 1536 2542 1620 2606; x_wconf 85' lang='lat' dir='ltr'>sit</span> <span class='ocrx_word' id='word_1_127' title='bbox 1673 2542 1835 2606; x_wconf 80' lang='lat' dir='ltr'>sicut</span> <span class='ocrx_word' id='word_1_128' title='bbox 1876 2540 2094 2606; x_wconf 82' lang='lat' dir='ltr'>anima</span> <span class='ocrx_word' id='word_1_129' title='bbox 2148 2546 2255 2606; x_wconf 81' lang='lat' dir='ltr'>tua</span> <span class='ocrx_word' id='word_1_130' title='bbox 2273 2591 2288 2619; x_wconf 93' lang='lat'>,</span> <span class='ocrx_word' id='word_1_131' title='bbox 2345 2542 2506 2606; x_wconf 81' lang='lat' dir='ltr'>clam</span> 
     </span>
     <span class='ocr_line' id='line_1_21' title="bbox 555 2626 2505 2707; baseline -0.003 -11"><span class='ocrx_word' id='word_1_132' title='bbox 555 2630 838 2696; x_wconf 83' lang='lat' dir='ltr'>dicendo.-</span> <span class='ocrx_word' id='word_1_133' title='bbox 881 2628 1132 2694; x_wconf 77' lang='lat' dir='ltr'>Eamus</span> <span class='ocrx_word' id='word_1_134' title='bbox 1173 2633 1230 2693; x_wconf 89' lang='lat' dir='ltr'>et</span> <span class='ocrx_word' id='word_1_135' title='bbox 1270 2627 1545 2693; x_wconf 82' lang='lat' dir='ltr'>colamus</span> <span class='ocrx_word' id='word_1_136' title='bbox 1578 2626 1723 2693; x_wconf 88' lang='lat' dir='ltr'>deos</span> <span class='ocrx_word' id='word_1_137' title='bbox 1763 2626 2001 2692; x_wconf 82' lang='lat' dir='ltr'>alienos</span> <span class='ocrx_word' id='word_1_138' title='bbox 2043 2645 2197 2707; x_wconf 79' lang='lat' dir='ltr'>quos</span> <span class='ocrx_word' id='word_1_139' title='bbox 2238 2647 2360 2693; x_wconf 77' lang='lat' dir='ltr'>non</span> <span class='ocrx_word' id='word_1_140' title='bbox 2402 2647 2505 2692; x_wconf 84' lang='lat' dir='ltr'>no-</span> 
     </span>
     <span class='ocr_line' id='line_1_22' title="bbox 554 2711 2504 2798; baseline -0.002 -17"><span class='ocrx_word' id='word_1_141' title='bbox 554 2718 722 2782; x_wconf 83' lang='lat' dir='ltr'>veris</span> <span class='ocrx_word' id='word_1_142' title='bbox 765 2736 959 2798; x_wconf 79' lang='lat' dir='ltr'>neque</span> <span class='ocrx_word' id='word_1_143' title='bbox 999 2720 1085 2792; x_wconf 82' lang='lat' dir='ltr'>tu,</span> <span class='ocrx_word' id='word_1_144' title='bbox 1130 2735 1322 2796; x_wconf 80' lang='lat' dir='ltr'>neque</span> <span class='ocrx_word' id='word_1_145' title='bbox 1353 2719 1577 2795; x_wconf 75' lang='lat' dir='ltr'>patres</span> <span class='ocrx_word' id='word_1_146' title='bbox 1619 2713 1733 2792; x_wconf 81' lang='lat' dir='ltr'>tui,</span> <span class='ocrx_word' id='word_1_147' title='bbox 1806 2712 1862 2778; x_wconf 84' lang='lat'>7.</span> <span class='ocrx_word' id='word_1_148' title='bbox 1898 2711 1970 2777; x_wconf 89' lang='lat' dir='ltr'><em>E</em></span> <span class='ocrx_word' id='word_1_149' title='bbox 1982 2713 2114 2778; x_wconf 84' lang='lat' dir='ltr'>diis</span> <span class='ocrx_word' id='word_1_150' title='bbox 2122 2713 2504 2796; x_wconf 77' lang='lat' dir='ltr'>populorum</span> 
     </span>
     <span class='ocr_line' id='line_1_23' title="bbox 558 2799 2504 2887; baseline -0.002 -20"><span class='ocrx_word' id='word_1_151' title='bbox 558 2803 673 2887; x_wconf 81' lang='lat' dir='ltr'>qui</span> <span class='ocrx_word' id='word_1_152' title='bbox 712 2806 858 2867; x_wconf 80' lang='lat' dir='ltr'>sunt</span> <span class='ocrx_word' id='word_1_153' title='bbox 898 2802 970 2865; x_wconf 76' lang='lat' dir='ltr'>in</span> <span class='ocrx_word' id='word_1_154' title='bbox 1010 2801 1274 2867; x_wconf 77' lang='lat' dir='ltr'>circuitu</span> <span class='ocrx_word' id='word_1_155' title='bbox 1315 2804 1540 2877; x_wconf 79' lang='lat' dir='ltr'>vestro,</span> <span class='ocrx_word' id='word_1_156' title='bbox 1601 2800 1734 2864; x_wconf 83' lang='lat' dir='ltr'>sive</span> <span class='ocrx_word' id='word_1_157' title='bbox 1764 2799 2119 2881; x_wconf 76' lang='lat' dir='ltr'>propinqui</span> <span class='ocrx_word' id='word_1_158' title='bbox 2158 2800 2314 2879; x_wconf 81' lang='lat' dir='ltr'>sint,</span> <span class='ocrx_word' id='word_1_159' title='bbox 2370 2800 2504 2865; x_wconf 83' lang='lat' dir='ltr'>sive</span> 
     </span>
     <span class='ocr_line' id='line_1_24' title="bbox 556 2884 2505 2968; baseline -0.003 -14"><span class='ocrx_word' id='word_1_160' title='bbox 556 2888 778 2954; x_wconf 82' lang='lat' dir='ltr'>remoti</span> <span class='ocrx_word' id='word_1_161' title='bbox 818 2908 862 2953; x_wconf 90' lang='lat' dir='ltr'>a</span> <span class='ocrx_word' id='word_1_162' title='bbox 903 2893 959 2952; x_wconf 89' lang='lat' dir='ltr'>te</span> <span class='ocrx_word' id='word_1_163' title='bbox 975 2939 989 2964; x_wconf 95' lang='lat'>,</span> <span class='ocrx_word' id='word_1_164' title='bbox 1047 2887 1124 2953; x_wconf 93' lang='lat' dir='ltr'>ab</span> <span class='ocrx_word' id='word_1_165' title='bbox 1178 2892 1441 2952; x_wconf 77' lang='lat' dir='ltr'>extremo</span> <span class='ocrx_word' id='word_1_166' title='bbox 1480 2885 1757 2968; x_wconf 65' lang='lat' dir='ltr'>regionis</span> <span class='ocrx_word' id='word_1_167' title='bbox 1799 2905 1995 2966; x_wconf 77' lang='lat' dir='ltr'>usque</span> <span class='ocrx_word' id='word_1_168' title='bbox 2036 2884 2123 2949; x_wconf 92' lang='lat' dir='ltr'>ad</span> <span class='ocrx_word' id='word_1_169' title='bbox 2165 2891 2505 2950; x_wconf 77' lang='lat' dir='ltr'>extremum</span> 
     </span>
     <span class='ocr_line' id='line_1_25' title="bbox 559 2969 2506 3056; baseline -0.002 -15"><span class='ocrx_word' id='word_1_170' title='bbox 559 2975 713 3053; x_wconf 80' lang='lat' dir='ltr'>eius,</span> <span class='ocrx_word' id='word_1_171' title='bbox 824 2974 883 3040; x_wconf 88' lang='lat'>8.</span> <span class='ocrx_word' id='word_1_172' title='bbox 946 2973 1093 3038; x_wconf 78' lang='lat' dir='ltr'>Non</span> <span class='ocrx_word' id='word_1_173' title='bbox 1149 2974 1496 3056; x_wconf 75' lang='lat' dir='ltr'>acquiesces</span> <span class='ocrx_word' id='word_1_174' title='bbox 1552 2971 1644 3051; x_wconf 79' lang='lat' dir='ltr'>ei,</span> <span class='ocrx_word' id='word_1_175' title='bbox 1710 2991 1901 3053; x_wconf 77' lang='lat' dir='ltr'>neque</span> <span class='ocrx_word' id='word_1_176' title='bbox 1954 2969 2192 3036; x_wconf 78' lang='lat' dir='ltr'>obedies</span> <span class='ocrx_word' id='word_1_177' title='bbox 2243 2972 2330 3049; x_wconf 84' lang='lat' dir='ltr'>ei,</span> <span class='ocrx_word' id='word_1_178' title='bbox 2396 2990 2506 3037; x_wconf 79' lang='lat' dir='ltr'>nec</span> 
     </span>
     <span class='ocr_line' id='line_1_26' title="bbox 546 3056 2506 3144; baseline -0.001 -18"><span class='ocrx_word' id='word_1_179' title='bbox 546 3065 770 3144; x_wconf 76' lang='lat' dir='ltr'>parcet</span> <span class='ocrx_word' id='word_1_180' title='bbox 801 3061 861 3127; x_wconf 89' lang='lat' dir='ltr'>ei</span> <span class='ocrx_word' id='word_1_181' title='bbox 895 3061 1111 3126; x_wconf 79' lang='lat' dir='ltr'>oculus</span> <span class='ocrx_word' id='word_1_182' title='bbox 1132 3064 1296 3141; x_wconf 73' lang='lat' dir='ltr'>tuus,</span> <span class='ocrx_word' id='word_1_183' title='bbox 1339 3078 1533 3139; x_wconf 80' lang='lat' dir='ltr'>neque</span> <span class='ocrx_word' id='word_1_184' title='bbox 1568 3056 1975 3137; x_wconf 78' lang='lat' dir='ltr'>misereberis,</span> <span class='ocrx_word' id='word_1_185' title='bbox 2019 3078 2213 3139; x_wconf 78' lang='lat' dir='ltr'>neque</span> <span class='ocrx_word' id='word_1_186' title='bbox 2244 3059 2506 3125; x_wconf 81' lang='lat' dir='ltr'>occulta-</span> 
     </span>
     <span class='ocr_line' id='line_1_27' title="bbox 562 3144 2509 3213; baseline -0.002 0"><span class='ocrx_word' id='word_1_187' title='bbox 562 3148 659 3213; x_wconf 86' lang='lat' dir='ltr'>bis</span> <span class='ocrx_word' id='word_1_188' title='bbox 691 3167 850 3213; x_wconf 73' lang='lat' dir='ltr'>eum</span> <span class='ocrx_word' id='word_1_189' title='bbox 907 3147 966 3213; x_wconf 88' lang='lat'>9.</span> <span class='ocrx_word' id='word_1_190' title='bbox 1016 3145 1142 3213; x_wconf 86' lang='lat' dir='ltr'>Sed</span> <span class='ocrx_word' id='word_1_191' title='bbox 1164 3146 1484 3211; x_wconf 83' lang='lat' dir='ltr'>occidendo</span> <span class='ocrx_word' id='word_1_192' title='bbox 1504 3144 1739 3210; x_wconf 78' lang='lat' dir='ltr'>occides</span> <span class='ocrx_word' id='word_1_193' title='bbox 1775 3164 1949 3210; x_wconf 78' lang='lat' dir='ltr'>eum:</span> <span class='ocrx_word' id='word_1_194' title='bbox 1991 3163 2220 3212; x_wconf 79' lang='lat' dir='ltr'>manus</span> <span class='ocrx_word' id='word_1_195' title='bbox 2253 3149 2364 3210; x_wconf 79' lang='lat' dir='ltr'>tua</span> <span class='ocrx_word' id='word_1_196' title='bbox 2388 3146 2509 3209; x_wconf 73' lang='lat' dir='ltr'>erit</span> 
     </span>
     <span class='ocr_line' id='line_1_28' title="bbox 556 3229 2510 3315; baseline -0.002 -16"><span class='ocrx_word' id='word_1_197' title='bbox 556 3234 631 3300; x_wconf 81' lang='lat' dir='ltr'>in</span> <span class='ocrx_word' id='word_1_198' title='bbox 673 3253 816 3299; x_wconf 83' lang='lat' dir='ltr'>eum</span> <span class='ocrx_word' id='word_1_199' title='bbox 850 3234 1074 3315; x_wconf 78' lang='lat' dir='ltr'>prima</span> <span class='ocrx_word' id='word_1_200' title='bbox 1108 3233 1193 3298; x_wconf 92' lang='lat' dir='ltr'>ad</span> <span class='ocrx_word' id='word_1_201' title='bbox 1225 3233 1436 3312; x_wconf 77' lang='lat' dir='ltr'>ipsum</span> <span class='ocrx_word' id='word_1_202' title='bbox 1479 3229 1986 3311; x_wconf 64' lang='lat' dir='ltr'>interficiendum,</span> <span class='ocrx_word' id='word_1_203' title='bbox 2024 3229 2246 3295; x_wconf 81' lang='lat' dir='ltr'>deinde</span> <span class='ocrx_word' id='word_1_204' title='bbox 2278 3251 2510 3296; x_wconf 80' lang='lat' dir='ltr'>manus</span> 
     </span>
     <span class='ocr_line' id='line_1_29' title="bbox 559 3314 2510 3400; baseline -0.001 -16"><span class='ocrx_word' id='word_1_205' title='bbox 559 3319 844 3385; x_wconf 78' lang='lat' dir='ltr'>universi</span> <span class='ocrx_word' id='word_1_206' title='bbox 872 3317 1119 3400; x_wconf 76' lang='lat' dir='ltr'>populi.</span> <span class='ocrx_word' id='word_1_207' title='bbox 1210 3318 1310 3383; x_wconf 86' lang='lat'>10.</span> <span class='ocrx_word' id='word_1_208' title='bbox 1356 3317 1444 3381; x_wconf 76' lang='lat' dir='ltr'>Et</span> <span class='ocrx_word' id='word_1_209' title='bbox 1486 3315 1804 3397; x_wconf 78' lang='lat' dir='ltr'>lapidabis</span> <span class='ocrx_word' id='word_1_210' title='bbox 1844 3336 1988 3382; x_wconf 74' lang='lat' dir='ltr'>eum</span> <span class='ocrx_word' id='word_1_211' title='bbox 2042 3314 2391 3398; x_wconf 78' lang='lat' dir='ltr'>lapidibus,</span> <span class='ocrx_word' id='word_1_212' title='bbox 2453 3321 2510 3382; x_wconf 88' lang='lat' dir='ltr'>et</span> 
     </span>
     <span class='ocr_line' id='line_1_30' title="bbox 560 3400 2508 3486; baseline -0.001 -16"><span class='ocrx_word' id='word_1_213' title='bbox 560 3405 890 3470; x_wconf 59' lang='lat' dir='ltr'>morietur:</span> <span class='ocrx_word' id='word_1_214' title='bbox 943 3404 1099 3486; x_wconf 78' lang='lat' dir='ltr'>quia</span> <span class='ocrx_word' id='word_1_215' title='bbox 1149 3404 1457 3485; x_wconf 78' lang='lat' dir='ltr'>quaesivit</span> <span class='ocrx_word' id='word_1_216' title='bbox 1498 3407 1552 3467; x_wconf 86' lang='lat' dir='ltr'>te</span> <span class='ocrx_word' id='word_1_217' title='bbox 1608 3400 1965 3468; x_wconf 76' lang='lat' dir='ltr'>abstrahere</span> <span class='ocrx_word' id='word_1_218' title='bbox 2006 3423 2049 3466; x_wconf 94' lang='lat' dir='ltr'>a</span> <span class='ocrx_word' id='word_1_219' title='bbox 2095 3401 2326 3467; x_wconf 75' lang='lat' dir='ltr'>Iehova</span> <span class='ocrx_word' id='word_1_220' title='bbox 2367 3401 2508 3469; x_wconf 85' lang='lat' dir='ltr'>Deo</span> 
     </span>
     <span class='ocr_line' id='line_1_31' title="bbox 559 3488 2503 3573; baseline -0.002 -17"><span class='ocrx_word' id='word_1_221' title='bbox 559 3497 681 3571; x_wconf 82' lang='lat' dir='ltr'>tua,</span> <span class='ocrx_word' id='word_1_222' title='bbox 725 3492 839 3573; x_wconf 79' lang='lat' dir='ltr'>qui</span> <span class='ocrx_word' id='word_1_223' title='bbox 881 3491 1098 3556; x_wconf 75' lang='lat' dir='ltr'>eduxit</span> <span class='ocrx_word' id='word_1_224' title='bbox 1139 3494 1195 3555; x_wconf 86' lang='lat' dir='ltr'>te</span> <span class='ocrx_word' id='word_1_225' title='bbox 1237 3510 1269 3554; x_wconf 91' lang='lat' dir='ltr'>e</span> <span class='ocrx_word' id='word_1_226' title='bbox 1311 3495 1483 3555; x_wconf 80' lang='lat' dir='ltr'>terra</span> <span class='ocrx_word' id='word_1_227' title='bbox 1524 3488 1808 3572; x_wconf 73' lang='lat' dir='ltr'>Aeqypti,</span> <span class='ocrx_word' id='word_1_228' title='bbox 1874 3509 1907 3553; x_wconf 91' lang='lat' dir='ltr'>e</span> <span class='ocrx_word' id='word_1_229' title='bbox 1949 3488 2126 3553; x_wconf 86' lang='lat' dir='ltr'>domo</span> <span class='ocrx_word' id='word_1_230' title='bbox 2167 3508 2503 3553; x_wconf 72' lang='lat' dir='ltr'>semorum.</span> 
     </span>
     <span class='ocr_line' id='line_1_32' title="bbox 563 3574 2510 3651; baseline -0.002 -9"><span class='ocrx_word' id='word_1_231' title='bbox 563 3578 665 3643; x_wconf 92' lang='lat'>11.</span> <span class='ocrx_word' id='word_1_232' title='bbox 727 3575 808 3644; x_wconf 87' lang='lat' dir='ltr'>Ut</span> <span class='ocrx_word' id='word_1_233' title='bbox 860 3581 1025 3642; x_wconf 80' lang='lat' dir='ltr'>totus</span> <span class='ocrx_word' id='word_1_234' title='bbox 1078 3574 1292 3642; x_wconf 83' lang='lat' dir='ltr'>Israel</span> <span class='ocrx_word' id='word_1_235' title='bbox 1345 3575 1615 3642; x_wconf 75' lang='lat' dir='ltr'>audiant</span> <span class='ocrx_word' id='word_1_236' title='bbox 1670 3579 1725 3638; x_wconf 83' lang='lat' dir='ltr'>et</span> <span class='ocrx_word' id='word_1_237' title='bbox 1777 3574 2067 3651; x_wconf 82' lang='lat' dir='ltr'>timeant,</span> <span class='ocrx_word' id='word_1_238' title='bbox 2122 3593 2230 3640; x_wconf 84' lang='lat' dir='ltr'>nec</span> <span class='ocrx_word' id='word_1_239' title='bbox 2270 3574 2510 3640; x_wconf 79' lang='lat' dir='ltr'>addant</span> 
     </span>
     <span class='ocr_line' id='line_1_33' title="bbox 548 3660 2502 3747; baseline -0.002 -18"><span class='ocrx_word' id='word_1_240' title='bbox 548 3664 758 3747; x_wconf 78' lang='lat' dir='ltr'>facere</span> <span class='ocrx_word' id='word_1_241' title='bbox 791 3663 1138 3745; x_wconf 75' lang='lat' dir='ltr'>quidquam</span> <span class='ocrx_word' id='word_1_242' title='bbox 1180 3661 1388 3727; x_wconf 84' lang='lat' dir='ltr'>simile</span> <span class='ocrx_word' id='word_1_243' title='bbox 1431 3661 1576 3728; x_wconf 78' lang='lat' dir='ltr'>huic</span> <span class='ocrx_word' id='word_1_244' title='bbox 1616 3661 1713 3726; x_wconf 81' lang='lat' dir='ltr'>rei</span> <span class='ocrx_word' id='word_1_245' title='bbox 1743 3679 1992 3743; x_wconf 74' lang='lat' dir='ltr'>pravae</span> <span class='ocrx_word' id='word_1_246' title='bbox 2033 3660 2103 3724; x_wconf 84' lang='lat' dir='ltr'>in</span> <span class='ocrx_word' id='word_1_247' title='bbox 2147 3660 2347 3727; x_wconf 81' lang='lat' dir='ltr'>medio</span> <span class='ocrx_word' id='word_1_248' title='bbox 2389 3661 2502 3726; x_wconf 76' lang='lat' dir='ltr'>tui.</span> 
     </span>
    </p>
   </div>
   <div class='ocr_carea' id='block_1_5' title="bbox 550 3832 2507 5295">
    <p class='ocr_par' dir='ltr' id='par_1_6' title="bbox 550 3832 2507 5295">
     <span class='ocr_line' id='line_1_34' title="bbox 727 3832 2507 3916; baseline -0.002 -15"><span class='ocrx_word' id='word_1_249' title='bbox 727 3835 789 3901; x_wconf 88' lang='grc'>6.</span> <span class='ocrx_word' id='word_1_250' title='bbox 840 3833 917 3899; x_wconf 71' lang='lat' dir='ltr'>Si</span> <span class='ocrx_word' id='word_1_251' title='bbox 957 3835 1307 3899; x_wconf 82' lang='lat' dir='ltr'>incitaverit</span> <span class='ocrx_word' id='word_1_252' title='bbox 1347 3838 1403 3899; x_wconf 85' lang='lat' dir='ltr'>te</span> <span class='ocrx_word' id='word_1_253' title='bbox 1439 3833 1656 3916; x_wconf 84' lang='lat' dir='ltr'>frater.</span> <span class='ocrx_word' id='word_1_254' title='bbox 1717 3832 1944 3898; x_wconf 89' lang='lat' dir='ltr'>Poena</span> <span class='ocrx_word' id='word_1_255' title='bbox 1986 3852 2182 3914; x_wconf 88' lang='lat' dir='ltr'>quam</span> <span class='ocrx_word' id='word_1_256' title='bbox 2220 3832 2507 3898; x_wconf 88' lang='lat' dir='ltr'>iusserat</span> 
     </span>
     <span class='ocr_line' id='line_1_35' title="bbox 552 3918 2503 4004; baseline -0.001 -18"><span class='ocrx_word' id='word_1_257' title='bbox 552 3920 738 3988; x_wconf 85' lang='lat' dir='ltr'>falsis</span> <span class='ocrx_word' id='word_1_258' title='bbox 782 3919 1160 3985; x_wconf 89' lang='lat' dir='ltr'>doctoribus</span> <span class='ocrx_word' id='word_1_259' title='bbox 1204 3919 1437 4004; x_wconf 92' lang='lat' dir='ltr'>infligi,</span> <span class='ocrx_word' id='word_1_260' title='bbox 1485 3938 1662 3984; x_wconf 92' lang='lat' dir='ltr'>nunc</span> <span class='ocrx_word' id='word_1_261' title='bbox 1713 3918 1795 3983; x_wconf 91' lang='lat' dir='ltr'>ad</span> <span class='ocrx_word' id='word_1_262' title='bbox 1852 3918 2147 4002; x_wconf 87' lang='lat' dir='ltr'>singulos</span> <span class='ocrx_word' id='word_1_263' title='bbox 2181 3939 2218 3982; x_wconf 92' lang='lat' dir='ltr'>e</span> <span class='ocrx_word' id='word_1_264' title='bbox 2261 3919 2503 4003; x_wconf 87' lang='lat' dir='ltr'>populo</span> 
     </span>
     <span class='ocr_line' id='line_1_36' title="bbox 554 4004 2501 4089; baseline -0.001 -16"><span class='ocrx_word' id='word_1_265' title='bbox 554 4007 953 4074; x_wconf 80' lang='lat' dir='ltr'>extenditur.</span> <span class='ocrx_word' id='word_1_266' title='bbox 1011 4007 1158 4072; x_wconf 87' lang='lat' dir='ltr'>Etsi</span> <span class='ocrx_word' id='word_1_267' title='bbox 1204 4006 1381 4070; x_wconf 90' lang='lat' dir='ltr'>enim</span> <span class='ocrx_word' id='word_1_268' title='bbox 1427 4006 1635 4071; x_wconf 88' lang='lat' dir='ltr'>levius</span> <span class='ocrx_word' id='word_1_269' title='bbox 1676 4012 1777 4070; x_wconf 90' lang='lat' dir='ltr'>est</span> <span class='ocrx_word' id='word_1_270' title='bbox 1819 4005 1889 4068; x_wconf 92' lang='lat' dir='ltr'>in</span> <span class='ocrx_word' id='word_1_271' title='bbox 1936 4004 2200 4070; x_wconf 89' lang='lat' dir='ltr'>homine</span> <span class='ocrx_word' id='word_1_272' title='bbox 2245 4006 2501 4089; x_wconf 92' lang='lat' dir='ltr'>privato</span> 
     </span>
     <span class='ocr_line' id='line_1_37' title="bbox 554 4088 2504 4173; baseline -0.002 -14"><span class='ocrx_word' id='word_1_273' title='bbox 554 4095 822 4169; x_wconf 81' lang='lat' dir='ltr'>crimen,</span> <span class='ocrx_word' id='word_1_274' title='bbox 891 4093 1053 4158; x_wconf 89' lang='lat' dir='ltr'>alios</span> <span class='ocrx_word' id='word_1_275' title='bbox 1116 4092 1189 4156; x_wconf 90' lang='lat' dir='ltr'>in</span> <span class='ocrx_word' id='word_1_276' title='bbox 1251 4112 1541 4157; x_wconf 90' lang='lat' dir='ltr'>errorem</span> <span class='ocrx_word' id='word_1_277' title='bbox 1609 4111 1833 4157; x_wconf 87' lang='lat' dir='ltr'>secum</span> <span class='ocrx_word' id='word_1_278' title='bbox 1875 4088 2176 4170; x_wconf 87' lang='lat' dir='ltr'>trahere,</span> <span class='ocrx_word' id='word_1_279' title='bbox 2239 4091 2392 4173; x_wconf 90' lang='lat' dir='ltr'>quia</span> <span class='ocrx_word' id='word_1_280' title='bbox 2435 4099 2504 4156; x_wconf 88' lang='lat' dir='ltr'>et</span> 
     </span>
     <span class='ocr_line' id='line_1_38' title="bbox 553 4179 2501 4261; baseline -0.001 -16"><span class='ocrx_word' id='word_1_281' title='bbox 553 4179 947 4247; x_wconf 85' lang='lat' dir='ltr'>excusabilis</span> <span class='ocrx_word' id='word_1_282' title='bbox 1002 4189 1103 4244; x_wconf 92' lang='lat' dir='ltr'>est</span> <span class='ocrx_word' id='word_1_283' title='bbox 1158 4179 1450 4254; x_wconf 84' lang='lat' dir='ltr'>inscitia,</span> <span class='ocrx_word' id='word_1_284' title='bbox 1519 4187 1586 4243; x_wconf 92' lang='lat' dir='ltr'>et</span> <span class='ocrx_word' id='word_1_285' title='bbox 1651 4198 1800 4242; x_wconf 92' lang='lat' dir='ltr'>eum</span> <span class='ocrx_word' id='word_1_286' title='bbox 1856 4198 1988 4242; x_wconf 89' lang='lat' dir='ltr'>non</span> <span class='ocrx_word' id='word_1_287' title='bbox 2053 4187 2291 4260; x_wconf 87' lang='lat' dir='ltr'>gravat</span> <span class='ocrx_word' id='word_1_288' title='bbox 2355 4198 2501 4261; x_wconf 89' lang='lat' dir='ltr'>pro-</span> 
     </span>
     <span class='ocr_line' id='line_1_39' title="bbox 553 4261 2500 4347; baseline -0.001 -17"><span class='ocrx_word' id='word_1_289' title='bbox 553 4266 747 4332; x_wconf 78' lang='lat' dir='ltr'>fessio</span> <span class='ocrx_word' id='word_1_290' title='bbox 792 4264 1096 4331; x_wconf 90' lang='lat' dir='ltr'>docendi:</span> <span class='ocrx_word' id='word_1_291' title='bbox 1157 4263 1435 4330; x_wconf 85' lang='lat' dir='ltr'>defectio</span> <span class='ocrx_word' id='word_1_292' title='bbox 1479 4273 1702 4329; x_wconf 89' lang='lat' dir='ltr'>tamen</span> <span class='ocrx_word' id='word_1_293' title='bbox 1749 4284 1788 4328; x_wconf 88' lang='lat' dir='ltr'>a</span> <span class='ocrx_word' id='word_1_294' title='bbox 1830 4264 2107 4347; x_wconf 88' lang='lat' dir='ltr'>pietate,</span> <span class='ocrx_word' id='word_1_295' title='bbox 2165 4261 2500 4328; x_wconf 89' lang='lat' dir='ltr'>undecun-</span> 
     </span>
     <span class='ocr_line' id='line_1_40' title="bbox 555 4349 2503 4435; baseline -0.001 -19"><span class='ocrx_word' id='word_1_296' title='bbox 555 4373 684 4435; x_wconf 90' lang='lat' dir='ltr'>que</span> <span class='ocrx_word' id='word_1_297' title='bbox 728 4354 1087 4435; x_wconf 88' lang='lat' dir='ltr'>proveniat,</span> <span class='ocrx_word' id='word_1_298' title='bbox 1138 4352 1278 4417; x_wconf 92' lang='lat' dir='ltr'>Deo</span> <span class='ocrx_word' id='word_1_299' title='bbox 1324 4363 1425 4417; x_wconf 89' lang='lat' dir='ltr'>est</span> <span class='ocrx_word' id='word_1_300' title='bbox 1469 4350 1918 4416; x_wconf 88' lang='lat' dir='ltr'>intolerabilis.</span> <span class='ocrx_word' id='word_1_301' title='bbox 2007 4349 2291 4414; x_wconf 76' lang='lat' dir='ltr'>Tantum</span> <span class='ocrx_word' id='word_1_302' title='bbox 2338 4349 2503 4415; x_wconf 91' lang='lat' dir='ltr'>haec</span> 
     </span>
     <span class='ocr_line' id='line_1_41' title="bbox 556 4436 2501 4521; baseline -0.002 -18"><span class='ocrx_word' id='word_1_303' title='bbox 556 4438 685 4503; x_wconf 90' lang='lat' dir='ltr'>duo</span> <span class='ocrx_word' id='word_1_304' title='bbox 720 4439 951 4519; x_wconf 85' lang='lat' dir='ltr'>capita,</span> <span class='ocrx_word' id='word_1_305' title='bbox 998 4459 1163 4521; x_wconf 90' lang='lat' dir='ltr'>quae</span> <span class='ocrx_word' id='word_1_306' title='bbox 1200 4446 1353 4502; x_wconf 88' lang='lat' dir='ltr'>ante</span> <span class='ocrx_word' id='word_1_307' title='bbox 1390 4438 1781 4515; x_wconf 83' lang='lat' dir='ltr'>notavimus,</span> <span class='ocrx_word' id='word_1_308' title='bbox 1828 4436 2114 4501; x_wconf 87' lang='lat' dir='ltr'>tenenda</span> <span class='ocrx_word' id='word_1_309' title='bbox 2149 4443 2322 4514; x_wconf 87' lang='lat' dir='ltr'>sunt,</span> <span class='ocrx_word' id='word_1_310' title='bbox 2368 4456 2501 4500; x_wconf 92' lang='lat' dir='ltr'>non</span> 
     </span>
     <span class='ocr_line' id='line_1_42' title="bbox 556 4521 2500 4600; baseline -0.002 -11"><span class='ocrx_word' id='word_1_311' title='bbox 556 4521 747 4589; x_wconf 91' lang='lat' dir='ltr'>aliter</span> <span class='ocrx_word' id='word_1_312' title='bbox 793 4524 1003 4590; x_wconf 92' lang='lat' dir='ltr'>locum</span> <span class='ocrx_word' id='word_1_313' title='bbox 1048 4545 1191 4589; x_wconf 89' lang='lat' dir='ltr'>esse</span> <span class='ocrx_word' id='word_1_314' title='bbox 1238 4524 1392 4589; x_wconf 90' lang='lat' dir='ltr'>huic</span> <span class='ocrx_word' id='word_1_315' title='bbox 1433 4522 1707 4600; x_wconf 89' lang='lat' dir='ltr'>iudicio,</span> <span class='ocrx_word' id='word_1_316' title='bbox 1766 4522 1893 4588; x_wconf 89' lang='lat' dir='ltr'>nisi</span> <span class='ocrx_word' id='word_1_317' title='bbox 1951 4521 2063 4587; x_wconf 91' lang='lat' dir='ltr'>ubi</span> <span class='ocrx_word' id='word_1_318' title='bbox 2129 4534 2305 4587; x_wconf 87' lang='lat' dir='ltr'>recte</span> <span class='ocrx_word' id='word_1_319' title='bbox 2348 4543 2500 4588; x_wconf 92' lang='lat' dir='ltr'>con-</span> 
     </span>
     <span class='ocr_line' id='line_1_43' title="bbox 554 4607 2501 4694; baseline -0.002 -19"><span class='ocrx_word' id='word_1_320' title='bbox 554 4610 787 4675; x_wconf 89' lang='lat' dir='ltr'>stituta</span> <span class='ocrx_word' id='word_1_321' title='bbox 848 4621 949 4674; x_wconf 92' lang='lat' dir='ltr'>est</span> <span class='ocrx_word' id='word_1_322' title='bbox 1003 4610 1263 4694; x_wconf 88' lang='lat' dir='ltr'>religio:</span> <span class='ocrx_word' id='word_1_323' title='bbox 1325 4609 1560 4675; x_wconf 88' lang='lat' dir='ltr'>deinde</span> <span class='ocrx_word' id='word_1_324' title='bbox 1620 4631 1749 4674; x_wconf 92' lang='lat' dir='ltr'>non</span> <span class='ocrx_word' id='word_1_325' title='bbox 1804 4630 1945 4675; x_wconf 90' lang='lat' dir='ltr'>esse</span> <span class='ocrx_word' id='word_1_326' title='bbox 2002 4607 2325 4691; x_wconf 88' lang='lat' dir='ltr'>quoslibet</span> <span class='ocrx_word' id='word_1_327' title='bbox 2396 4609 2501 4672; x_wconf 91' lang='lat' dir='ltr'>in-</span> 
     </span>
     <span class='ocr_line' id='line_1_44' title="bbox 556 4693 2501 4777; baseline -0.002 -16"><span class='ocrx_word' id='word_1_328' title='bbox 556 4694 938 4761; x_wconf 88' lang='lat' dir='ltr'>differenter</span> <span class='ocrx_word' id='word_1_329' title='bbox 1003 4696 1084 4761; x_wconf 92' lang='lat' dir='ltr'>ad</span> <span class='ocrx_word' id='word_1_330' title='bbox 1152 4707 1429 4761; x_wconf 89' lang='lat' dir='ltr'>mortem</span> <span class='ocrx_word' id='word_1_331' title='bbox 1508 4693 1864 4761; x_wconf 85' lang='lat' dir='ltr'>trahendos</span> <span class='ocrx_word' id='word_1_332' title='bbox 1941 4696 2054 4777; x_wconf 90' lang='lat' dir='ltr'>qui</span> <span class='ocrx_word' id='word_1_333' title='bbox 2131 4694 2354 4777; x_wconf 89' lang='lat' dir='ltr'>aliqua</span> <span class='ocrx_word' id='word_1_334' title='bbox 2429 4694 2501 4758; x_wconf 92' lang='lat' dir='ltr'>in</span> 
     </span>
     <span class='ocr_line' id='line_1_45' title="bbox 553 4779 2501 4865; baseline -0.002 -18"><span class='ocrx_word' id='word_1_335' title='bbox 553 4789 742 4865; x_wconf 87' lang='lat' dir='ltr'>parte</span> <span class='ocrx_word' id='word_1_336' title='bbox 779 4783 1163 4859; x_wconf 82' lang='lat' dir='ltr'>erraverint,</span> <span class='ocrx_word' id='word_1_337' title='bbox 1204 4781 1316 4847; x_wconf 88' lang='lat' dir='ltr'>sed</span> <span class='ocrx_word' id='word_1_338' title='bbox 1344 4782 1518 4849; x_wconf 91' lang='lat' dir='ltr'>hanc</span> <span class='ocrx_word' id='word_1_339' title='bbox 1541 4802 1838 4847; x_wconf 88' lang='lat' dir='ltr'>severam</span> <span class='ocrx_word' id='word_1_340' title='bbox 1864 4779 2501 4847; x_wconf 86' lang='lat' dir='ltr'>animadversionem</span> 
     </span>
     <span class='ocr_line' id='line_1_46' title="bbox 551 4866 2504 4953; baseline -0.002 -20"><span class='ocrx_word' id='word_1_341' title='bbox 551 4870 622 4933; x_wconf 91' lang='lat' dir='ltr'>in</span> <span class='ocrx_word' id='word_1_342' title='bbox 659 4866 831 4934; x_wconf 93' lang='lat' dir='ltr'>solos</span> <span class='ocrx_word' id='word_1_343' title='bbox 868 4880 1195 4951; x_wconf 87' lang='lat' dir='ltr'>apostatas</span> <span class='ocrx_word' id='word_1_344' title='bbox 1232 4870 1433 4935; x_wconf 90' lang='lat' dir='ltr'>statui</span> <span class='ocrx_word' id='word_1_345' title='bbox 1478 4868 1590 4952; x_wconf 91' lang='lat' dir='ltr'>qui</span> <span class='ocrx_word' id='word_1_346' title='bbox 1643 4869 1947 4953; x_wconf 86' lang='lat' dir='ltr'>pietatem</span> <span class='ocrx_word' id='word_1_347' title='bbox 2001 4866 2313 4932; x_wconf 83' lang='lat' dir='ltr'>radicitus</span> <span class='ocrx_word' id='word_1_348' title='bbox 2356 4888 2504 4933; x_wconf 92' lang='lat' dir='ltr'>con-</span> 
     </span>
     <span class='ocr_line' id='line_1_47' title="bbox 553 4951 2504 5032; baseline -0.002 -12"><span class='ocrx_word' id='word_1_349' title='bbox 553 4953 832 5032; x_wconf 89' lang='lat' dir='ltr'>vellunt,</span> <span class='ocrx_word' id='word_1_350' title='bbox 903 4966 978 5019; x_wconf 92' lang='lat' dir='ltr'>ut</span> <span class='ocrx_word' id='word_1_351' title='bbox 1041 4956 1261 5021; x_wconf 83' lang='lat' dir='ltr'>cultus</span> <span class='ocrx_word' id='word_1_352' title='bbox 1322 4954 1449 5019; x_wconf 91' lang='lat' dir='ltr'>Dei</span> <span class='ocrx_word' id='word_1_353' title='bbox 1509 4954 1944 5030; x_wconf 83' lang='lat' dir='ltr'>adulteretur,</span> <span class='ocrx_word' id='word_1_354' title='bbox 2013 4951 2120 5017; x_wconf 88' lang='lat' dir='ltr'>vel</span> <span class='ocrx_word' id='word_1_355' title='bbox 2167 4952 2504 5017; x_wconf 86' lang='lat' dir='ltr'>aboleatur</span> 
     </span>
     <span class='ocr_line' id='line_1_48' title="bbox 551 5037 2502 5123; baseline -0.001 -18"><span class='ocrx_word' id='word_1_356' title='bbox 551 5060 719 5123; x_wconf 89' lang='lat' dir='ltr'>pura</span> <span class='ocrx_word' id='word_1_357' title='bbox 787 5039 1102 5107; x_wconf 89' lang='lat' dir='ltr'>doctrina.</span> <span class='ocrx_word' id='word_1_358' title='bbox 1214 5042 1443 5123; x_wconf 90' lang='lat' dir='ltr'>Neque</span> <span class='ocrx_word' id='word_1_359' title='bbox 1507 5061 1663 5106; x_wconf 88' lang='lat' dir='ltr'>sane</span> <span class='ocrx_word' id='word_1_360' title='bbox 1741 5040 1921 5105; x_wconf 91' lang='lat' dir='ltr'>iubet</span> <span class='ocrx_word' id='word_1_361' title='bbox 1985 5037 2172 5104; x_wconf 91' lang='lat' dir='ltr'>Deus</span> <span class='ocrx_word' id='word_1_362' title='bbox 2238 5038 2502 5122; x_wconf 88' lang='lat' dir='ltr'>linguae</span> 
     </span>
     <span class='ocr_line' id='line_1_49' title="bbox 550 5124 2504 5211; baseline 0 -21"><span class='ocrx_word' id='word_1_363' title='bbox 550 5125 992 5192; x_wconf 83' lang='lat' dir='ltr'>lubricitatem</span> <span class='ocrx_word' id='word_1_364' title='bbox 1039 5127 1408 5211; x_wconf 82' lang='lat' dir='ltr'>capitaliter</span> <span class='ocrx_word' id='word_1_365' title='bbox 1454 5126 1689 5210; x_wconf 89' lang='lat' dir='ltr'>puniri,</span> <span class='ocrx_word' id='word_1_366' title='bbox 1736 5126 1791 5192; x_wconf 90' lang='lat' dir='ltr'>si</span> <span class='ocrx_word' id='word_1_367' title='bbox 1828 5125 1984 5209; x_wconf 89' lang='lat' dir='ltr'>quid</span> <span class='ocrx_word' id='word_1_368' title='bbox 2020 5124 2504 5191; x_wconf 87' lang='lat' dir='ltr'>inconsiderate</span> 
     </span>
     <span class='ocr_line' id='line_1_50' title="bbox 551 5210 2505 5295; baseline -0.001 -18"><span class='ocrx_word' id='word_1_369' title='bbox 551 5213 900 5279; x_wconf 89' lang='lat' dir='ltr'>exciderit:</span> <span class='ocrx_word' id='word_1_370' title='bbox 958 5214 1070 5279; x_wconf 89' lang='lat' dir='ltr'>sed</span> <span class='ocrx_word' id='word_1_371' title='bbox 1132 5213 1524 5281; x_wconf 87' lang='lat' dir='ltr'>sceleratum</span> <span class='ocrx_word' id='word_1_372' title='bbox 1585 5212 1931 5278; x_wconf 89' lang='lat' dir='ltr'>consilium</span> <span class='ocrx_word' id='word_1_373' title='bbox 1975 5210 2314 5295; x_wconf 86' lang='lat' dir='ltr'>religionis</span> <span class='ocrx_word' id='word_1_374' title='bbox 2359 5232 2505 5275; x_wconf 91' lang='lat' dir='ltr'>mu-</span> 
     </span>
    </p>
   </div>
   <div class='ocr_carea' id='block_1_6' title="bbox 647 5336 963 5346">
    <p class='ocr_par' dir='ltr' id='par_1_7' title="bbox 647 5336 963 5346">
     <span class='ocr_line' id='line_1_51' title="bbox 647 5336 963 5346; baseline 0 804"><span class='ocrx_word' id='word_1_375' title='bbox 647 5336 963 5346; x_wconf 95' lang='lat' dir='ltr'> </span> 
     </span>
    </p>
   </div>
   <div class='ocr_carea' id='block_1_7' title="bbox 724 5401 1278 5470">
    <p class='ocr_par' dir='ltr' id='par_1_8' title="bbox 724 5401 1278 5470">
     <span class='ocr_line' id='line_1_52' title="bbox 724 5401 1278 5470; baseline 0 -16"><span class='ocrx_word' id='word_1_376' title='bbox 724 5401 782 5470; x_wconf 94' lang='lat'>1)</span> <span class='ocrx_word' id='word_1_377' title='bbox 815 5402 980 5458; x_wconf 71' lang='lat' dir='ltr'>sehr.</span> <span class='ocrx_word' id='word_1_378' title='bbox 1017 5401 1204 5456; x_wconf 77' lang='lat'>7-12,</span> <span class='ocrx_word' id='word_1_379' title='bbox 1273 5405 1278 5410; x_wconf 95' lang='lat'>ฮ</span> 
     </span>
    </p>
   </div>
   <div class='ocr_carea' id='block_1_8' title="bbox 2024 459 3097 528">
    <p class='ocr_par' dir='ltr' id='par_1_9' title="bbox 2024 459 3097 528">
     <span class='ocr_line' id='line_1_53' title="bbox 2024 459 3097 528; baseline 0.001 -2"><span class='ocrx_word' id='word_1_380' title='bbox 2024 459 2404 528; x_wconf 84' lang='lat' dir='ltr'>PRIMUM</span> <span class='ocrx_word' id='word_1_381' title='bbox 2450 460 3097 528; x_wconf 70' lang='lat' dir='ltr'>PRAEOEP&#39;PUM.</span> 
     </span>
    </p>
   </div>
   <div class='ocr_carea' id='block_1_9' title="bbox 2553 658 2568 5438">
    <p class='ocr_par' dir='ltr' id='par_1_10' title="bbox 2553 658 2568 5438">
     <span class='ocr_line' id='line_1_54' title="bbox 2553 658 2568 5438; baseline 0 0"><span class='ocrx_word' id='word_1_382' title='bbox 2553 658 2568 5438; x_wconf 95' lang='lat' dir='ltr'> </span> 
     </span>
    </p>
   </div>
   <div class='ocr_carea' id='block_1_10' title="bbox 4424 463 4533 530">
    <p class='ocr_par' dir='ltr' id='par_1_11' title="bbox 4424 463 4533 530">
     <span class='ocr_line' id='line_1_55' title="bbox 4424 463 4533 530; baseline 0 0"><span class='ocrx_word' id='word_1_383' title='bbox 4424 463 4533 530; x_wconf 83' lang='lat'>360</span> 
     </span>
    </p>
   </div>
   <div class='ocr_carea' id='block_1_11' title="bbox 2601 647 4552 5467">
    <p class='ocr_par' dir='ltr' id='par_1_12' title="bbox 2604 647 4547 2087">
     <span class='ocr_line' id='line_1_56' title="bbox 2606 647 4535 733; baseline 0.002 -21"><span class='ocrx_word' id='word_1_384' title='bbox 2606 647 2879 715; x_wconf 88' lang='lat' dir='ltr'>tandae:</span> <span class='ocrx_word' id='word_1_385' title='bbox 2938 648 3488 733; x_wconf 88' lang='lat' dir='ltr'>quemadmodum</span> <span class='ocrx_word' id='word_1_386' title='bbox 3531 652 3737 718; x_wconf 88' lang='lat' dir='ltr'>verba</span> <span class='ocrx_word' id='word_1_387' title='bbox 3780 651 3953 718; x_wconf 85' lang='lat' dir='ltr'>clare</span> <span class='ocrx_word' id='word_1_388' title='bbox 3999 659 4256 717; x_wconf 90' lang='lat' dir='ltr'>sonant.</span> <span class='ocrx_word' id='word_1_389' title='bbox 4329 651 4535 717; x_wconf 82' lang='lat' dir='ltr'>Caete-</span> 
     </span>
     <span class='ocr_line' id='line_1_57' title="bbox 2606 736 4536 820; baseline 0.002 -20"><span class='ocrx_word' id='word_1_390' title='bbox 2606 756 2753 801; x_wconf 88' lang='lat' dir='ltr'>rum</span> <span class='ocrx_word' id='word_1_391' title='bbox 2821 757 3017 819; x_wconf 89' lang='lat' dir='ltr'>quam</span> <span class='ocrx_word' id='word_1_392' title='bbox 3087 736 3535 820; x_wconf 85' lang='lat' dir='ltr'>singularibus</span> <span class='ocrx_word' id='word_1_393' title='bbox 3599 737 3811 804; x_wconf 90' lang='lat' dir='ltr'>modis</span> <span class='ocrx_word' id='word_1_394' title='bbox 3889 736 4299 804; x_wconf 90' lang='lat' dir='ltr'>commendet</span> <span class='ocrx_word' id='word_1_395' title='bbox 4371 737 4536 805; x_wconf 83' lang='lat' dir='ltr'>nobis</span> 
     </span>
     <span class='ocr_line' id='line_1_58' title="bbox 2607 820 4535 906; baseline 0.002 -21"><span class='ocrx_word' id='word_1_396' title='bbox 2607 820 2791 886; x_wconf 90' lang='lat' dir='ltr'>Deus</span> <span class='ocrx_word' id='word_1_397' title='bbox 2838 820 3158 887; x_wconf 86' lang='lat' dir='ltr'>fovendae</span> <span class='ocrx_word' id='word_1_398' title='bbox 3203 832 3270 888; x_wconf 91' lang='lat' dir='ltr'>et</span> <span class='ocrx_word' id='word_1_399' title='bbox 3315 824 3706 890; x_wconf 85' lang='lat' dir='ltr'>asserendae</span> <span class='ocrx_word' id='word_1_400' title='bbox 3750 823 4017 906; x_wconf 87' lang='lat' dir='ltr'>pietatis</span> <span class='ocrx_word' id='word_1_401' title='bbox 4075 822 4401 900; x_wconf 88' lang='lat' dir='ltr'>studium,</span> <span class='ocrx_word' id='word_1_402' title='bbox 4449 832 4535 889; x_wconf 84' lang='lat' dir='ltr'>at-</span> 
     </span>
     <span class='ocr_line' id='line_1_59' title="bbox 2605 905 4533 994; baseline 0.002 -23"><span class='ocrx_word' id='word_1_403' title='bbox 2605 905 2873 973; x_wconf 82' lang='lat' dir='ltr'>tendere</span> <span class='ocrx_word' id='word_1_404' title='bbox 2917 928 3152 991; x_wconf 89' lang='lat' dir='ltr'>operae</span> <span class='ocrx_word' id='word_1_405' title='bbox 3197 911 3486 992; x_wconf 90' lang='lat' dir='ltr'>pretium</span> <span class='ocrx_word' id='word_1_406' title='bbox 3527 918 3643 976; x_wconf 89' lang='lat' dir='ltr'>est.</span> <span class='ocrx_word' id='word_1_407' title='bbox 3720 911 3889 976; x_wconf 89' lang='lat' dir='ltr'>Nam</span> <span class='ocrx_word' id='word_1_408' title='bbox 3935 910 4091 993; x_wconf 91' lang='lat' dir='ltr'>quia</span> <span class='ocrx_word' id='word_1_409' title='bbox 4134 909 4313 993; x_wconf 88' lang='lat' dir='ltr'>leges</span> <span class='ocrx_word' id='word_1_410' title='bbox 4355 929 4533 994; x_wconf 86' lang='lat' dir='ltr'>geneฮ</span> 
     </span>
     <span class='ocr_line' id='line_1_60' title="bbox 2604 991 4536 1078; baseline 0.002 -21"><span class='ocrx_word' id='word_1_411' title='bbox 2604 991 2779 1059; x_wconf 89' lang='lat' dir='ltr'>rales</span> <span class='ocrx_word' id='word_1_412' title='bbox 2823 994 3028 1059; x_wconf 89' lang='lat' dir='ltr'>variis</span> <span class='ocrx_word' id='word_1_413' title='bbox 3074 995 3569 1078; x_wconf 84' lang='lat' dir='ltr'>exceptionibus</span> <span class='ocrx_word' id='word_1_414' title='bbox 3627 996 3804 1062; x_wconf 90' lang='lat' dir='ltr'>eludi</span> <span class='ocrx_word' id='word_1_415' title='bbox 3848 997 4092 1076; x_wconf 90' lang='lat' dir='ltr'>solent,</span> <span class='ocrx_word' id='word_1_416' title='bbox 4156 995 4394 1060; x_wconf 90' lang='lat' dir='ltr'>diserte</span> <span class='ocrx_word' id='word_1_417' title='bbox 4434 1016 4536 1060; x_wconf 89' lang='lat' dir='ltr'>exโ</span> 
     </span>
     <span class='ocr_line' id='line_1_61' title="bbox 2604 1079 4539 1165; baseline 0.002 -21"><span class='ocrx_word' id='word_1_418' title='bbox 2604 1079 2847 1163; x_wconf 89' lang='lat' dir='ltr'>primit,</span> <span class='ocrx_word' id='word_1_419' title='bbox 2892 1101 3101 1165; x_wconf 91' lang='lat' dir='ltr'>neque</span> <span class='ocrx_word' id='word_1_420' title='bbox 3146 1080 3353 1162; x_wconf 86' lang='lat' dir='ltr'>fratri,</span> <span class='ocrx_word' id='word_1_421' title='bbox 3400 1103 3616 1165; x_wconf 88' lang='lat' dir='ltr'>neque</span> <span class='ocrx_word' id='word_1_422' title='bbox 3651 1082 3802 1161; x_wconf 89' lang='lat' dir='ltr'>filio,</span> <span class='ocrx_word' id='word_1_423' title='bbox 3848 1102 4060 1165; x_wconf 88' lang='lat' dir='ltr'>neque</span> <span class='ocrx_word' id='word_1_424' title='bbox 4097 1081 4303 1160; x_wconf 91' lang='lat' dir='ltr'>uxori,</span> <span class='ocrx_word' id='word_1_425' title='bbox 4346 1102 4539 1164; x_wconf 88' lang='lat' dir='ltr'>neque</span> 
     </span>
     <span class='ocr_line' id='line_1_62' title="bbox 2604 1165 4539 1251; baseline 0.001 -21"><span class='ocrx_word' id='word_1_426' title='bbox 2604 1167 2838 1230; x_wconf 91' lang='lat' dir='ltr'>intimo</span> <span class='ocrx_word' id='word_1_427' title='bbox 2903 1166 3138 1250; x_wconf 91' lang='lat' dir='ltr'>cuique</span> <span class='ocrx_word' id='word_1_428' title='bbox 3181 1167 3389 1234; x_wconf 91' lang='lat' dir='ltr'>amico</span> <span class='ocrx_word' id='word_1_429' title='bbox 3435 1167 3838 1251; x_wconf 89' lang='lat' dir='ltr'>parcendum</span> <span class='ocrx_word' id='word_1_430' title='bbox 3883 1188 4042 1234; x_wconf 88' lang='lat' dir='ltr'>esse.</span> <span class='ocrx_word' id='word_1_431' title='bbox 4132 1165 4381 1234; x_wconf 87' lang='lat' dir='ltr'>Oculus</span> <span class='ocrx_word' id='word_1_432' title='bbox 4434 1187 4539 1231; x_wconf 87' lang='lat' dir='ltr'>au-</span> 
     </span>
     <span class='ocr_line' id='line_1_63' title="bbox 2607 1252 4540 1338; baseline 0.003 -24"><span class='ocrx_word' id='word_1_433' title='bbox 2607 1263 2739 1316; x_wconf 88' lang='lat' dir='ltr'>tem</span> <span class='ocrx_word' id='word_1_434' title='bbox 2786 1271 3052 1333; x_wconf 88' lang='lat' dir='ltr'>parcere</span> <span class='ocrx_word' id='word_1_435' title='bbox 3098 1252 3357 1330; x_wconf 89' lang='lat' dir='ltr'>dicitur,</span> <span class='ocrx_word' id='word_1_436' title='bbox 3419 1254 3576 1337; x_wconf 89' lang='lat' dir='ltr'>quia</span> <span class='ocrx_word' id='word_1_437' title='bbox 3618 1254 3976 1338; x_wconf 89' lang='lat' dir='ltr'>plurimum</span> <span class='ocrx_word' id='word_1_438' title='bbox 4025 1253 4200 1321; x_wconf 88' lang='lat' dir='ltr'>valet</span> <span class='ocrx_word' id='word_1_439' title='bbox 4257 1264 4540 1335; x_wconf 81' lang='lat' dir='ltr'>aspectus</span> 
     </span>
     <span class='ocr_line' id='line_1_64' title="bbox 2607 1336 4540 1422; baseline 0.001 -20"><span class='ocrx_word' id='word_1_440' title='bbox 2607 1338 2747 1421; x_wconf 89' lang='lat' dir='ltr'>ipse</span> <span class='ocrx_word' id='word_1_441' title='bbox 2816 1336 2896 1402; x_wconf 90' lang='lat' dir='ltr'>ad</span> <span class='ocrx_word' id='word_1_442' title='bbox 2967 1339 3241 1403; x_wconf 86' lang='lat' dir='ltr'>affectus</span> <span class='ocrx_word' id='word_1_443' title='bbox 3309 1339 3661 1406; x_wconf 91' lang='lat' dir='ltr'>movendos</span> <span class='ocrx_word' id='word_1_444' title='bbox 3737 1340 3805 1406; x_wconf 89' lang='lat' dir='ltr'>in</span> <span class='ocrx_word' id='word_1_445' title='bbox 3874 1354 4220 1422; x_wconf 89' lang='lat' dir='ltr'>utramque</span> <span class='ocrx_word' id='word_1_446' title='bbox 4288 1348 4540 1421; x_wconf 81' lang='lat' dir='ltr'>partem.</span> 
     </span>
     <span class='ocr_line' id='line_1_65' title="bbox 2610 1422 4543 1509; baseline 0.003 -23"><span class='ocrx_word' id='word_1_447' title='bbox 2610 1422 2769 1487; x_wconf 87' lang='lat' dir='ltr'>Ideo</span> <span class='ocrx_word' id='word_1_448' title='bbox 2808 1444 2937 1487; x_wconf 90' lang='lat' dir='ltr'>non</span> <span class='ocrx_word' id='word_1_449' title='bbox 2978 1425 3093 1490; x_wconf 89' lang='lat' dir='ltr'>abs</span> <span class='ocrx_word' id='word_1_450' title='bbox 3130 1445 3201 1488; x_wconf 91' lang='lat' dir='ltr'>re</span> <span class='ocrx_word' id='word_1_451' title='bbox 3240 1427 3445 1509; x_wconf 80' lang='lat' dir='ltr'>exigit</span> <span class='ocrx_word' id='word_1_452' title='bbox 3480 1426 3664 1492; x_wconf 91' lang='lat' dir='ltr'>Deus</span> <span class='ocrx_word' id='word_1_453' title='bbox 3716 1424 4185 1503; x_wconf 87' lang='lat' dir='ltr'>fortitudinem,</span> <span class='ocrx_word' id='word_1_454' title='bbox 4231 1446 4392 1507; x_wconf 89' lang='lat' dir='ltr'>quae</span> <span class='ocrx_word' id='word_1_455' title='bbox 4434 1446 4543 1491; x_wconf 87' lang='lat' dir='ltr'>nec</span> 
     </span>
     <span class='ocr_line' id='line_1_66' title="bbox 2608 1509 4544 1594; baseline 0.002 -22"><span class='ocrx_word' id='word_1_456' title='bbox 2608 1509 2950 1593; x_wconf 82' lang='lat' dir='ltr'>lacrymis,</span> <span class='ocrx_word' id='word_1_457' title='bbox 3012 1530 3131 1575; x_wconf 90' lang='lat' dir='ltr'>nec</span> <span class='ocrx_word' id='word_1_458' title='bbox 3180 1510 3537 1593; x_wconf 88' lang='lat' dir='ltr'>blanditiis,</span> <span class='ocrx_word' id='word_1_459' title='bbox 3602 1535 3724 1579; x_wconf 90' lang='lat' dir='ltr'>nec</span> <span class='ocrx_word' id='word_1_460' title='bbox 3768 1511 4116 1594; x_wconf 87' lang='lat' dir='ltr'>spectaculi</span> <span class='ocrx_word' id='word_1_461' title='bbox 4163 1511 4432 1575; x_wconf 86' lang='lat' dir='ltr'>tristitia</span> <span class='ocrx_word' id='word_1_462' title='bbox 4471 1511 4544 1575; x_wconf 89' lang='lat' dir='ltr'>ad</span> 
     </span>
     <span class='ocr_line' id='line_1_67' title="bbox 2611 1594 4546 1681; baseline 0.001 -22"><span class='ocrx_word' id='word_1_463' title='bbox 2611 1594 3128 1660; x_wconf 87' lang='lat' dir='ltr'>misericordiam</span> <span class='ocrx_word' id='word_1_464' title='bbox 3194 1597 3516 1663; x_wconf 89' lang='lat' dir='ltr'>flectatur.</span> <span class='ocrx_word' id='word_1_465' title='bbox 3607 1598 4043 1681; x_wconf 87' lang='lat' dir='ltr'>Emphaticae</span> <span class='ocrx_word' id='word_1_466' title='bbox 4087 1617 4344 1680; x_wconf 90' lang='lat' dir='ltr'>quoque</span> <span class='ocrx_word' id='word_1_467' title='bbox 4401 1606 4546 1662; x_wconf 90' lang='lat' dir='ltr'>sunt</span> 
     </span>
     <span class='ocr_line' id='line_1_68' title="bbox 2610 1679 4546 1768; baseline 0.001 -24"><span class='ocrx_word' id='word_1_468' title='bbox 2610 1679 3049 1763; x_wconf 88' lang='lat' dir='ltr'>loquutiones:</span> <span class='ocrx_word' id='word_1_469' title='bbox 3114 1681 3353 1747; x_wconf 83' lang='lat' dir='ltr'>Frater</span> <span class='ocrx_word' id='word_1_470' title='bbox 3395 1695 3569 1759; x_wconf 90' lang='lat' dir='ltr'>tuus,</span> <span class='ocrx_word' id='word_1_471' title='bbox 3617 1686 3731 1768; x_wconf 90' lang='lat' dir='ltr'>qui</span> <span class='ocrx_word' id='word_1_472' title='bbox 3777 1705 3859 1750; x_wconf 88' lang='lat' dir='ltr'>ex</span> <span class='ocrx_word' id='word_1_473' title='bbox 3904 1682 4131 1749; x_wconf 90' lang='lat' dir='ltr'>eodem</span> <span class='ocrx_word' id='word_1_474' title='bbox 4177 1694 4368 1748; x_wconf 88' lang='lat' dir='ltr'>utero</span> <span class='ocrx_word' id='word_1_475' title='bbox 4408 1702 4546 1765; x_wconf 90' lang='lat' dir='ltr'>proฮ</span> 
     </span>
     <span class='ocr_line' id='line_1_69' title="bbox 2613 1764 4546 1852; baseline 0 -22"><span class='ocrx_word' id='word_1_476' title='bbox 2613 1764 2822 1844; x_wconf 89' lang='lat' dir='ltr'>dierit,</span> <span class='ocrx_word' id='word_1_477' title='bbox 2869 1787 3038 1832; x_wconf 90' lang='lat' dir='ltr'>uxor</span> <span class='ocrx_word' id='word_1_478' title='bbox 3081 1787 3247 1850; x_wconf 90' lang='lat' dir='ltr'>quae</span> <span class='ocrx_word' id='word_1_479' title='bbox 3290 1769 3358 1834; x_wconf 89' lang='lat' dir='ltr'>in</span> <span class='ocrx_word' id='word_1_480' title='bbox 3403 1771 3551 1835; x_wconf 88' lang='lat' dir='ltr'>sinu</span> <span class='ocrx_word' id='word_1_481' title='bbox 3597 1782 3711 1837; x_wconf 91' lang='lat' dir='ltr'>tuo</span> <span class='ocrx_word' id='word_1_482' title='bbox 3753 1770 3860 1836; x_wconf 89' lang='lat' dir='ltr'>vel</span> <span class='ocrx_word' id='word_1_483' title='bbox 3903 1769 4246 1852; x_wconf 84' lang='lat' dir='ltr'>complexu</span> <span class='ocrx_word' id='word_1_484' title='bbox 4301 1767 4546 1845; x_wconf 88' lang='lat' dir='ltr'>dormit,</span> 
     </span>
     <span class='ocr_line' id='line_1_70' title="bbox 2614 1852 4547 1939; baseline 0.001 -22"><span class='ocrx_word' id='word_1_485' title='bbox 2614 1852 2863 1919; x_wconf 88' lang='lat' dir='ltr'>amicus</span> <span class='ocrx_word' id='word_1_486' title='bbox 2920 1873 3111 1935; x_wconf 89' lang='lat' dir='ltr'>quem</span> <span class='ocrx_word' id='word_1_487' title='bbox 3169 1875 3298 1919; x_wconf 94' lang='lat' dir='ltr'>non</span> <span class='ocrx_word' id='word_1_488' title='bbox 3359 1876 3546 1922; x_wconf 89' lang='lat' dir='ltr'>secus</span> <span class='ocrx_word' id='word_1_489' title='bbox 3606 1878 3679 1923; x_wconf 88' lang='lat' dir='ltr'>ac</span> <span class='ocrx_word' id='word_1_490' title='bbox 3736 1864 3802 1921; x_wconf 90' lang='lat' dir='ltr'>te</span> <span class='ocrx_word' id='word_1_491' title='bbox 3867 1855 4083 1939; x_wconf 91' lang='lat' dir='ltr'>ipsum</span> <span class='ocrx_word' id='word_1_492' title='bbox 4156 1854 4407 1939; x_wconf 85' lang='lat' dir='ltr'>diligis:</span> <span class='ocrx_word' id='word_1_493' title='bbox 4472 1875 4547 1919; x_wconf 89' lang='lat' dir='ltr'>ne</span> 
     </span>
     <span class='ocr_line' id='line_1_71' title="bbox 2612 1937 4547 2087; baseline 0.001 -84"><span class='ocrx_word' id='word_1_494' title='bbox 2612 1957 2740 2087; x_wconf 57' lang='lat' dir='ltr'>guo</span> <span class='ocrx_word' id='word_1_495' title='bbox 2807 1937 3232 2005; x_wconf 88' lang='lat' dir='ltr'>humanitatis</span> <span class='ocrx_word' id='word_1_496' title='bbox 3311 1942 3548 2007; x_wconf 84' lang='lat' dir='ltr'>affectu</span> <span class='ocrx_word' id='word_1_497' title='bbox 3627 1942 4011 2027; x_wconf 85' lang='lat' dir='ltr'>languescat</span> <span class='ocrx_word' id='word_1_498' title='bbox 4089 1961 4300 2024; x_wconf 89' lang='lat' dir='ltr'>purus</span> <span class='ocrx_word' id='word_1_499' title='bbox 4365 1939 4547 2017; x_wconf 87' lang='lat' dir='ltr'>zelus,</span> 
     </span>
    </p>

    <p class='ocr_par' dir='ltr' id='par_1_13' title="bbox 2602 2022 4552 4691">
     <span class='ocr_line' id='line_1_72' title="bbox 2660 2022 4547 2110; baseline 0.002 -22"><span class='ocrx_word' id='word_1_500' title='bbox 2660 2044 2770 2088; x_wconf 90' lang='lat' dir='ltr'>um</span> <span class='ocrx_word' id='word_1_501' title='bbox 2831 2022 3098 2090; x_wconf 87' lang='lat' dir='ltr'>videtur</span> <span class='ocrx_word' id='word_1_502' title='bbox 3150 2046 3407 2093; x_wconf 89' lang='lat' dir='ltr'>sacrum</span> <span class='ocrx_word' id='word_1_503' title='bbox 3468 2028 3607 2094; x_wconf 91' lang='lat' dir='ltr'>eius</span> <span class='ocrx_word' id='word_1_504' title='bbox 3672 2050 3911 2094; x_wconf 90' lang='lat' dir='ltr'>nomen</span> <span class='ocrx_word' id='word_1_505' title='bbox 3960 2027 4310 2110; x_wconf 87' lang='lat' dir='ltr'>profanari.</span> <span class='ocrx_word' id='word_1_506' title='bbox 4400 2026 4547 2091; x_wconf 91' lang='lat' dir='ltr'>Pro-</span> 
     </span>
     <span class='ocr_line' id='line_1_73' title="bbox 2612 2108 4547 2197; baseline 0.002 -24"><span class='ocrx_word' id='word_1_507' title='bbox 2612 2108 2883 2175; x_wconf 89' lang='lat' dir='ltr'>nunciat</span> <span class='ocrx_word' id='word_1_508' title='bbox 2925 2109 3262 2191; x_wconf 84' lang='lat' dir='ltr'>Christus,</span> <span class='ocrx_word' id='word_1_509' title='bbox 3324 2115 3654 2179; x_wconf 91' lang='lat' dir='ltr'>neminem</span> <span class='ocrx_word' id='word_1_510' title='bbox 3701 2135 3846 2180; x_wconf 88' lang='lat' dir='ltr'>esse</span> <span class='ocrx_word' id='word_1_511' title='bbox 3890 2112 4162 2197; x_wconf 90' lang='lat' dir='ltr'>dignum</span> <span class='ocrx_word' id='word_1_512' title='bbox 4201 2133 4400 2196; x_wconf 90' lang='lat' dir='ltr'>quem</span> <span class='ocrx_word' id='word_1_513' title='bbox 4443 2133 4547 2196; x_wconf 88' lang='lat' dir='ltr'>ag-</span> 
     </span>
     <span class='ocr_line' id='line_1_74' title="bbox 2613 2194 4548 2283; baseline 0.001 -24"><span class='ocrx_word' id='word_1_514' title='bbox 2613 2202 2838 2261; x_wconf 89' lang='lat' dir='ltr'>noscat</span> <span class='ocrx_word' id='word_1_515' title='bbox 2903 2216 3022 2279; x_wconf 92' lang='lat' dir='ltr'>pro</span> <span class='ocrx_word' id='word_1_516' title='bbox 3089 2194 3432 2282; x_wconf 80' lang='lat' dir='ltr'>discipuIO,</span> <span class='ocrx_word' id='word_1_517' title='bbox 3502 2199 3631 2266; x_wconf 91' lang='lat' dir='ltr'>nisi</span> <span class='ocrx_word' id='word_1_518' title='bbox 3689 2202 3798 2283; x_wconf 89' lang='lat' dir='ltr'>qui</span> <span class='ocrx_word' id='word_1_519' title='bbox 3843 2208 4099 2283; x_wconf 89' lang='lat' dir='ltr'>patrem</span> <span class='ocrx_word' id='word_1_520' title='bbox 4154 2209 4220 2264; x_wconf 94' lang='lat' dir='ltr'>et</span> <span class='ocrx_word' id='word_1_521' title='bbox 4276 2207 4548 2263; x_wconf 89' lang='lat' dir='ltr'>matrem</span> 
     </span>
     <span class='ocr_line' id='line_1_75' title="bbox 2612 2281 4549 2369; baseline 0.002 -24"><span class='ocrx_word' id='word_1_522' title='bbox 2612 2290 2677 2346; x_wconf 91' lang='lat' dir='ltr'>et</span> <span class='ocrx_word' id='word_1_523' title='bbox 2720 2281 2890 2346; x_wconf 88' lang='lat' dir='ltr'>filios</span> <span class='ocrx_word' id='word_1_524' title='bbox 2933 2282 3318 2367; x_wconf 84' lang='lat' dir='ltr'>neglexerit,</span> <span class='ocrx_word' id='word_1_525' title='bbox 3363 2285 3473 2350; x_wconf 92' lang='lat' dir='ltr'>ubi</span> <span class='ocrx_word' id='word_1_526' title='bbox 3518 2285 3717 2351; x_wconf 87' lang='lat' dir='ltr'>fuerit</span> <span class='ocrx_word' id='word_1_527' title='bbox 3758 2307 3941 2369; x_wconf 89' lang='lat' dir='ltr'>opus.</span> <span class='ocrx_word' id='word_1_528' title='bbox 4008 2284 4113 2350; x_wconf 88' lang='lat' dir='ltr'>Ita</span> <span class='ocrx_word' id='word_1_529' title='bbox 4157 2305 4342 2350; x_wconf 92' lang='lat' dir='ltr'>nunc</span> <span class='ocrx_word' id='word_1_530' title='bbox 4379 2285 4549 2349; x_wconf 88' lang='lat' dir='ltr'>Deus</span> 
     </span>
     <span class='ocr_line' id='line_1_76' title="bbox 2611 2368 4551 2455; baseline 0.001 -24"><span class='ocrx_word' id='word_1_531' title='bbox 2611 2368 3000 2433; x_wconf 89' lang='lat' dir='ltr'>tenerrimos</span> <span class='ocrx_word' id='word_1_532' title='bbox 3044 2390 3271 2436; x_wconf 90' lang='lat' dir='ltr'>omnes</span> <span class='ocrx_word' id='word_1_533' title='bbox 3315 2372 3587 2438; x_wconf 86' lang='lat' dir='ltr'>affectus</span> <span class='ocrx_word' id='word_1_534' title='bbox 3628 2372 3737 2455; x_wconf 92' lang='lat' dir='ltr'>qui</span> <span class='ocrx_word' id='word_1_535' title='bbox 3799 2393 3838 2437; x_wconf 88' lang='lat' dir='ltr'>a</span> <span class='ocrx_word' id='word_1_536' title='bbox 3892 2380 4133 2437; x_wconf 87' lang='lat' dir='ltr'>natura</span> <span class='ocrx_word' id='word_1_537' title='bbox 4177 2381 4339 2436; x_wconf 89' lang='lat' dir='ltr'>sunt</span> <span class='ocrx_word' id='word_1_538' title='bbox 4380 2370 4551 2453; x_wconf 87' lang='lat' dir='ltr'>ingeฮ</span> 
     </span>
     <span class='ocr_line' id='line_1_77' title="bbox 2611 2453 4550 2542; baseline 0.002 -25"><span class='ocrx_word' id='word_1_539' title='bbox 2611 2453 2766 2533; x_wconf 91' lang='lat' dir='ltr'>niti,</span> <span class='ocrx_word' id='word_1_540' title='bbox 2823 2464 2888 2519; x_wconf 90' lang='lat' dir='ltr'>et</span> <span class='ocrx_word' id='word_1_541' title='bbox 2932 2453 3003 2518; x_wconf 90' lang='lat' dir='ltr'>in</span> <span class='ocrx_word' id='word_1_542' title='bbox 3047 2456 3286 2538; x_wconf 89' lang='lat' dir='ltr'>quibus</span> <span class='ocrx_word' id='word_1_543' title='bbox 3330 2458 3562 2541; x_wconf 89' lang='lat' dir='ltr'>optimi</span> <span class='ocrx_word' id='word_1_544' title='bbox 3605 2459 3845 2542; x_wconf 90' lang='lat' dir='ltr'>quique</span> <span class='ocrx_word' id='word_1_545' title='bbox 3890 2458 4013 2523; x_wconf 89' lang='lat' dir='ltr'>sibi</span> <span class='ocrx_word' id='word_1_546' title='bbox 4059 2456 4397 2522; x_wconf 89' lang='lat' dir='ltr'>interdum</span> <span class='ocrx_word' id='word_1_547' title='bbox 4457 2458 4550 2521; x_wconf 90' lang='lat' dir='ltr'>inฮ</span> 
     </span>
     <span class='ocr_line' id='line_1_78' title="bbox 2610 2539 4549 2629; baseline 0.001 -26"><span class='ocrx_word' id='word_1_548' title='bbox 2610 2539 2901 2624; x_wconf 87' lang='lat' dir='ltr'>dulgent,</span> <span class='ocrx_word' id='word_1_549' title='bbox 2966 2542 3023 2606; x_wconf 85' lang='lat' dir='ltr'>si</span> <span class='ocrx_word' id='word_1_550' title='bbox 3072 2563 3191 2607; x_wconf 86' lang='lat' dir='ltr'>nos</span> <span class='ocrx_word' id='word_1_551' title='bbox 3233 2564 3274 2608; x_wconf 91' lang='lat' dir='ltr'>a</span> <span class='ocrx_word' id='word_1_552' title='bbox 3318 2543 3709 2609; x_wconf 87' lang='lat' dir='ltr'>vindicanda</span> <span class='ocrx_word' id='word_1_553' title='bbox 3752 2566 3874 2610; x_wconf 88' lang='lat' dir='ltr'>sua</span> <span class='ocrx_word' id='word_1_554' title='bbox 3916 2544 4126 2629; x_wconf 88' lang='lat' dir='ltr'>gloria</span> <span class='ocrx_word' id='word_1_555' title='bbox 4167 2542 4549 2626; x_wconf 85' lang='lat' dir='ltr'>impediant,</span> 
     </span>
     <span class='ocr_line' id='line_1_79' title="bbox 2609 2625 4551 2709; baseline 0.002 -20"><span class='ocrx_word' id='word_1_556' title='bbox 2609 2625 2998 2709; x_wconf 88' lang='lat' dir='ltr'>pronunciat</span> <span class='ocrx_word' id='word_1_557' title='bbox 3039 2648 3183 2692; x_wconf 86' lang='lat' dir='ltr'>esse</span> <span class='ocrx_word' id='word_1_558' title='bbox 3228 2629 3512 2695; x_wconf 89' lang='lat' dir='ltr'>vitiosos.</span> <span class='ocrx_word' id='word_1_559' title='bbox 3600 2630 3896 2697; x_wconf 89' lang='lat' dir='ltr'>Uxorem</span> <span class='ocrx_word' id='word_1_560' title='bbox 3939 2639 4006 2694; x_wconf 93' lang='lat' dir='ltr'>et</span> <span class='ocrx_word' id='word_1_561' title='bbox 4046 2629 4291 2696; x_wconf 87' lang='lat' dir='ltr'>liberos</span> <span class='ocrx_word' id='word_1_562' title='bbox 4339 2647 4551 2693; x_wconf 85' lang='lat' dir='ltr'>amare</span> 
     </span>
     <span class='ocr_line' id='line_1_80' title="bbox 2611 2713 4547 2799; baseline 0.001 -23"><span class='ocrx_word' id='word_1_563' title='bbox 2611 2722 2922 2794; x_wconf 87' lang='lat' dir='ltr'>tanquam</span> <span class='ocrx_word' id='word_1_564' title='bbox 2982 2714 3245 2797; x_wconf 88' lang='lat' dir='ltr'>propria</span> <span class='ocrx_word' id='word_1_565' title='bbox 3303 2715 3586 2794; x_wconf 88' lang='lat' dir='ltr'>viscera,</span> <span class='ocrx_word' id='word_1_566' title='bbox 3648 2720 3830 2799; x_wconf 90' lang='lat' dir='ltr'>pium</span> <span class='ocrx_word' id='word_1_567' title='bbox 3885 2729 3952 2781; x_wconf 90' lang='lat' dir='ltr'>et</span> <span class='ocrx_word' id='word_1_568' title='bbox 4016 2716 4211 2780; x_wconf 88' lang='lat' dir='ltr'>laude</span> <span class='ocrx_word' id='word_1_569' title='bbox 4277 2713 4547 2799; x_wconf 89' lang='lat' dir='ltr'>dignum</span> 
     </span>
     <span class='ocr_line' id='line_1_81' title="bbox 2608 2798 4552 2885; baseline 0.001 -23"><span class='ocrx_word' id='word_1_570' title='bbox 2608 2808 2738 2863; x_wconf 89' lang='lat' dir='ltr'>est:</span> <span class='ocrx_word' id='word_1_571' title='bbox 2785 2798 3054 2863; x_wconf 87' lang='lat' dir='ltr'>fratrem</span> <span class='ocrx_word' id='word_1_572' title='bbox 3091 2809 3158 2865; x_wconf 92' lang='lat' dir='ltr'>et</span> <span class='ocrx_word' id='word_1_573' title='bbox 3196 2802 3478 2868; x_wconf 89' lang='lat' dir='ltr'>amicum</span> <span class='ocrx_word' id='word_1_574' title='bbox 3512 2802 3711 2867; x_wconf 91' lang='lat' dir='ltr'>simili</span> <span class='ocrx_word' id='word_1_575' title='bbox 3747 2823 3968 2868; x_wconf 89' lang='lat' dir='ltr'>amore</span> <span class='ocrx_word' id='word_1_576' title='bbox 4004 2803 4332 2885; x_wconf 87' lang='lat' dir='ltr'>prosequi,</span> <span class='ocrx_word' id='word_1_577' title='bbox 4377 2799 4552 2865; x_wconf 87' lang='lat' dir='ltr'>nulla</span> 
     </span>
     <span class='ocr_line' id='line_1_82' title="bbox 2609 2884 4551 2971; baseline 0.001 -23"><span class='ocrx_word' id='word_1_578' title='bbox 2609 2884 2778 2948; x_wconf 90' lang='lat' dir='ltr'>ratio</span> <span class='ocrx_word' id='word_1_579' title='bbox 2823 2893 3036 2948; x_wconf 83' lang='lat' dir='ltr'>vetat:</span> <span class='ocrx_word' id='word_1_580' title='bbox 3083 2886 3275 2951; x_wconf 90' lang='lat' dir='ltr'>modo</span> <span class='ocrx_word' id='word_1_581' title='bbox 3320 2888 3622 2954; x_wconf 88' lang='lat' dir='ltr'>omnibus</span> <span class='ocrx_word' id='word_1_582' title='bbox 3668 2888 4075 2971; x_wconf 88' lang='lat' dir='ltr'>praeferatur</span> <span class='ocrx_word' id='word_1_583' title='bbox 4123 2888 4331 2967; x_wconf 90' lang='lat' dir='ltr'>Deus,</span> <span class='ocrx_word' id='word_1_584' title='bbox 4377 2886 4551 2952; x_wconf 88' lang='lat' dir='ltr'>cuius</span> 
     </span>
     <span class='ocr_line' id='line_1_83' title="bbox 2609 2970 4550 3056; baseline 0.002 -23"><span class='ocrx_word' id='word_1_585' title='bbox 2609 2971 2884 3054; x_wconf 88' lang='lat' dir='ltr'>gloriam</span> <span class='ocrx_word' id='word_1_586' title='bbox 2941 2970 3216 3053; x_wconf 89' lang='lat' dir='ltr'>prodere</span> <span class='ocrx_word' id='word_1_587' title='bbox 3274 2974 3340 3038; x_wconf 90' lang='lat' dir='ltr'>in</span> <span class='ocrx_word' id='word_1_588' title='bbox 3407 2974 3696 3039; x_wconf 88' lang='lat' dir='ltr'>hominis</span> <span class='ocrx_word' id='word_1_589' title='bbox 3760 2974 4053 3040; x_wconf 87' lang='lat' dir='ltr'>favorem</span> <span class='ocrx_word' id='word_1_590' title='bbox 4110 2974 4316 3038; x_wconf 89' lang='lat' dir='ltr'>nimis</span> <span class='ocrx_word' id='word_1_591' title='bbox 4374 2992 4550 3056; x_wconf 89' lang='lat' dir='ltr'>prae-</span> 
     </span>
     <span class='ocr_line' id='line_1_84' title="bbox 2609 3056 4550 3142; baseline 0.001 -21"><span class='ocrx_word' id='word_1_592' title='bbox 2609 3066 2938 3140; x_wconf 87' lang='lat' dir='ltr'>posterum</span> <span class='ocrx_word' id='word_1_593' title='bbox 2979 3065 3097 3124; x_wconf 88' lang='lat' dir='ltr'>est.</span> <span class='ocrx_word' id='word_1_594' title='bbox 3187 3058 3359 3124; x_wconf 91' lang='lat' dir='ltr'>Nam</span> <span class='ocrx_word' id='word_1_595' title='bbox 3409 3062 3708 3126; x_wconf 89' lang='lat' dir='ltr'>uxorium</span> <span class='ocrx_word' id='word_1_596' title='bbox 3763 3082 4069 3138; x_wconf 81' lang='lat' dir='ltr'>amorem,</span> <span class='ocrx_word' id='word_1_597' title='bbox 4120 3070 4187 3125; x_wconf 91' lang='lat' dir='ltr'>et</span> <span class='ocrx_word' id='word_1_598' title='bbox 4236 3056 4550 3142; x_wconf 85' lang='lat' dir='ltr'>quidquid</span> 
     </span>
     <span class='ocr_line' id='line_1_85' title="bbox 2609 3142 4551 3231; baseline 0.001 -23"><span class='ocrx_word' id='word_1_599' title='bbox 2609 3142 2896 3209; x_wconf 88' lang='lat' dir='ltr'>eiusdem</span> <span class='ocrx_word' id='word_1_600' title='bbox 2945 3143 3175 3209; x_wconf 90' lang='lat' dir='ltr'>coloris</span> <span class='ocrx_word' id='word_1_601' title='bbox 3219 3155 3338 3226; x_wconf 88' lang='lat' dir='ltr'>est,</span> <span class='ocrx_word' id='word_1_602' title='bbox 3385 3145 3756 3225; x_wconf 89' lang='lat' dir='ltr'>obtendere,</span> <span class='ocrx_word' id='word_1_603' title='bbox 3804 3146 3960 3231; x_wconf 90' lang='lat' dir='ltr'>quid</span> <span class='ocrx_word' id='word_1_604' title='bbox 3999 3147 4177 3213; x_wconf 90' lang='lat' dir='ltr'>aliud</span> <span class='ocrx_word' id='word_1_605' title='bbox 4214 3159 4319 3212; x_wconf 92' lang='lat' dir='ltr'>cst</span> <span class='ocrx_word' id='word_1_606' title='bbox 4364 3164 4551 3229; x_wconf 88' lang='lat' dir='ltr'>quam</span> 
     </span>
     <span class='ocr_line' id='line_1_86' title="bbox 2608 3228 4550 3316; baseline -0.001 -21"><span class='ocrx_word' id='word_1_607' title='bbox 2608 3249 2937 3313; x_wconf 89' lang='lat' dir='ltr'>opponere</span> <span class='ocrx_word' id='word_1_608' title='bbox 2983 3228 3127 3295; x_wconf 91' lang='lat' dir='ltr'>Deo</span> <span class='ocrx_word' id='word_1_609' title='bbox 3182 3231 3453 3316; x_wconf 91' lang='lat' dir='ltr'>eiusque</span> <span class='ocrx_word' id='word_1_610' title='bbox 3511 3235 3873 3316; x_wconf 87' lang='lat' dir='ltr'>praeceptis</span> <span class='ocrx_word' id='word_1_611' title='bbox 3918 3245 4175 3298; x_wconf 84' lang='lat' dir='ltr'>nostros</span> <span class='ocrx_word' id='word_1_612' title='bbox 4232 3229 4550 3298; x_wconf 77' lang='lat' dir='ltr'>affectus?</span> 
     </span>
     <span class='ocr_line' id='line_1_87' title="bbox 2612 3315 4551 3401; baseline 0.001 -22"><span class='ocrx_word' id='word_1_613' title='bbox 2612 3315 2837 3397; x_wconf 80' lang='lat' dir='ltr'>Quare</span> <span class='ocrx_word' id='word_1_614' title='bbox 2872 3315 3153 3399; x_wconf 87' lang='lat' dir='ltr'>rigorem</span> <span class='ocrx_word' id='word_1_615' title='bbox 3193 3319 3272 3383; x_wconf 85' lang='lat' dir='ltr'>ad</span> <span class='ocrx_word' id='word_1_616' title='bbox 3311 3340 3501 3401; x_wconf 89' lang='lat' dir='ltr'>quem</span> <span class='ocrx_word' id='word_1_617' title='bbox 3542 3341 3658 3385; x_wconf 95' lang='lat' dir='ltr'>nos</span> <span class='ocrx_word' id='word_1_618' title='bbox 3693 3318 3991 3396; x_wconf 88' lang='lat' dir='ltr'>obdurat,</span> <span class='ocrx_word' id='word_1_619' title='bbox 4032 3318 4196 3385; x_wconf 90' lang='lat' dir='ltr'>velle</span> <span class='ocrx_word' id='word_1_620' title='bbox 4219 3319 4551 3383; x_wconf 88' lang='lat' dir='ltr'>inflectere</span> 
     </span>
     <span class='ocr_line' id='line_1_88' title="bbox 2612 3401 4551 3490; baseline 0 -24"><span class='ocrx_word' id='word_1_621' title='bbox 2612 3423 2740 3466; x_wconf 92' lang='lat' dir='ltr'>non</span> <span class='ocrx_word' id='word_1_622' title='bbox 2807 3401 3079 3468; x_wconf 87' lang='lat' dir='ltr'>ferenda</span> <span class='ocrx_word' id='word_1_623' title='bbox 3144 3414 3243 3469; x_wconf 86' lang='lat' dir='ltr'>est</span> <span class='ocrx_word' id='word_1_624' title='bbox 3309 3404 3631 3471; x_wconf 90' lang='lat' dir='ltr'>mollities.</span> <span class='ocrx_word' id='word_1_625' title='bbox 3736 3405 3879 3469; x_wconf 90' lang='lat' dir='ltr'>Iam</span> <span class='ocrx_word' id='word_1_626' title='bbox 3947 3406 4237 3490; x_wconf 85' lang='lat' dir='ltr'>gravitas</span> <span class='ocrx_word' id='word_1_627' title='bbox 4309 3423 4551 3488; x_wconf 86' lang='lat' dir='ltr'>poenae</span> 
     </span>
     <span class='ocr_line' id='line_1_89' title="bbox 2609 3487 4552 3575; baseline 0.001 -24"><span class='ocrx_word' id='word_1_628' title='bbox 2609 3487 2770 3553; x_wconf 90' lang='lat' dir='ltr'>duas</span> <span class='ocrx_word' id='word_1_629' title='bbox 2814 3487 3013 3553; x_wconf 87' lang='lat' dir='ltr'>habet</span> <span class='ocrx_word' id='word_1_630' title='bbox 3055 3487 3446 3557; x_wconf 87' lang='lat' dir='ltr'>iustissimas</span> <span class='ocrx_word' id='word_1_631' title='bbox 3490 3512 3749 3558; x_wconf 87' lang='lat' dir='ltr'>causas:</span> <span class='ocrx_word' id='word_1_632' title='bbox 3796 3492 3951 3575; x_wconf 92' lang='lat' dir='ltr'>quia</span> <span class='ocrx_word' id='word_1_633' title='bbox 3994 3501 4059 3556; x_wconf 92' lang='lat' dir='ltr'>et</span> <span class='ocrx_word' id='word_1_634' title='bbox 4102 3493 4170 3556; x_wconf 89' lang='lat' dir='ltr'>in</span> <span class='ocrx_word' id='word_1_635' title='bbox 4215 3491 4552 3555; x_wconf 90' lang='lat' dir='ltr'>vindican-</span> 
     </span>
     <span class='ocr_line' id='line_1_90' title="bbox 2608 3572 4549 3661; baseline 0 -23"><span class='ocrx_word' id='word_1_636' title='bbox 2608 3572 2708 3639; x_wconf 89' lang='lat' dir='ltr'>dis</span> <span class='ocrx_word' id='word_1_637' title='bbox 2776 3573 2903 3639; x_wconf 91' lang='lat' dir='ltr'>Dei</span> <span class='ocrx_word' id='word_1_638' title='bbox 2969 3576 3383 3642; x_wconf 88' lang='lat' dir='ltr'>contumeliis</span> <span class='ocrx_word' id='word_1_639' title='bbox 3451 3578 3763 3661; x_wconf 86' lang='lat' dir='ltr'>frigemus</span> <span class='ocrx_word' id='word_1_640' title='bbox 3837 3598 4039 3660; x_wconf 89' lang='lat' dir='ltr'>prope</span> <span class='ocrx_word' id='word_1_641' title='bbox 4103 3599 4368 3652; x_wconf 86' lang='lat' dir='ltr'>omnes,</span> <span class='ocrx_word' id='word_1_642' title='bbox 4447 3575 4549 3640; x_wconf 90' lang='lat' dir='ltr'>ubi</span> 
     </span>
     <span class='ocr_line' id='line_1_91' title="bbox 2606 3660 4552 3747; baseline 0 -22"><span class='ocrx_word' id='word_1_643' title='bbox 2606 3661 2891 3725; x_wconf 89' lang='lat' dir='ltr'>maxime</span> <span class='ocrx_word' id='word_1_644' title='bbox 2949 3660 3179 3726; x_wconf 88' lang='lat' dir='ltr'>ardere</span> <span class='ocrx_word' id='word_1_645' title='bbox 3238 3663 3604 3745; x_wconf 88' lang='lat' dir='ltr'>oportebat:</span> <span class='ocrx_word' id='word_1_646' title='bbox 3664 3674 3730 3729; x_wconf 89' lang='lat' dir='ltr'>et</span> <span class='ocrx_word' id='word_1_647' title='bbox 3786 3661 4341 3747; x_wconf 88' lang='lat' dir='ltr'>quemadmodum</span> <span class='ocrx_word' id='word_1_648' title='bbox 4387 3662 4552 3746; x_wconf 87' lang='lat' dir='ltr'>periฮ</span> 
     </span>
     <span class='ocr_line' id='line_1_92' title="bbox 2605 3745 4548 3826; baseline 0.001 -15"><span class='ocrx_word' id='word_1_649' title='bbox 2605 3746 2844 3812; x_wconf 89' lang='lat' dir='ltr'>culosis</span> <span class='ocrx_word' id='word_1_650' title='bbox 2889 3745 3130 3812; x_wconf 90' lang='lat' dir='ltr'>morbis</span> <span class='ocrx_word' id='word_1_651' title='bbox 3174 3747 3566 3814; x_wconf 87' lang='lat' dir='ltr'>adhibentur</span> <span class='ocrx_word' id='word_1_652' title='bbox 3607 3751 3860 3816; x_wconf 88' lang='lat' dir='ltr'>acriora</span> <span class='ocrx_word' id='word_1_653' title='bbox 3901 3747 4208 3826; x_wconf 87' lang='lat' dir='ltr'>remedia,</span> <span class='ocrx_word' id='word_1_654' title='bbox 4273 3751 4373 3815; x_wconf 92' lang='lat' dir='ltr'>sic</span> <span class='ocrx_word' id='word_1_655' title='bbox 4417 3760 4548 3812; x_wconf 89' lang='lat' dir='ltr'>tam</span> 
     </span>
     <span class='ocr_line' id='line_1_93' title="bbox 2604 3831 4545 3919; baseline -0.001 -22"><span class='ocrx_word' id='word_1_656' title='bbox 2604 3831 2840 3898; x_wconf 87' lang='lat' dir='ltr'>noxiae</span> <span class='ocrx_word' id='word_1_657' title='bbox 2885 3833 3049 3914; x_wconf 88' lang='lat' dir='ltr'>pesti</span> <span class='ocrx_word' id='word_1_658' title='bbox 3095 3841 3161 3898; x_wconf 90' lang='lat' dir='ltr'>et</span> <span class='ocrx_word' id='word_1_659' title='bbox 3205 3854 3470 3916; x_wconf 87' lang='lat' dir='ltr'>prorsus</span> <span class='ocrx_word' id='word_1_660' title='bbox 3514 3836 3890 3901; x_wconf 86' lang='lat' dir='ltr'>mortiferae</span> <span class='ocrx_word' id='word_1_661' title='bbox 3945 3856 4226 3919; x_wconf 90' lang='lat' dir='ltr'>aequum</span> <span class='ocrx_word' id='word_1_662' title='bbox 4273 3844 4381 3901; x_wconf 90' lang='lat' dir='ltr'>est</span> <span class='ocrx_word' id='word_1_663' title='bbox 4424 3854 4545 3900; x_wconf 93' lang='lat' dir='ltr'>non</span> 
     </span>
     <span class='ocr_line' id='line_1_94' title="bbox 2606 3918 4546 4005; baseline 0 -22"><span class='ocrx_word' id='word_1_664' title='bbox 2606 3918 2971 4003; x_wconf 82' lang='lat' dir='ltr'>vulgariter</span> <span class='ocrx_word' id='word_1_665' title='bbox 3048 3920 3318 3985; x_wconf 87' lang='lat' dir='ltr'>occurri.</span> <span class='ocrx_word' id='word_1_666' title='bbox 3430 3919 3579 4002; x_wconf 79' lang='lat' dir='ltr'>Quo</span> <span class='ocrx_word' id='word_1_667' title='bbox 3645 3922 3842 3986; x_wconf 91' lang='lat' dir='ltr'>etiam</span> <span class='ocrx_word' id='word_1_668' title='bbox 3911 3930 4163 4004; x_wconf 89' lang='lat' dir='ltr'>spectat</span> <span class='ocrx_word' id='word_1_669' title='bbox 4226 3919 4546 4005; x_wconf 85' lang='lat' dir='ltr'>particula</span> 
     </span>
     <span class='ocr_line' id='line_1_95' title="bbox 2605 4002 4547 4091; baseline -0.001 -21"><span class='ocrx_word' id='word_1_670' title='bbox 2605 4006 2773 4071; x_wconf 89' lang='lat' dir='ltr'>clam</span> <span class='ocrx_word' id='word_1_671' title='bbox 2820 4002 2923 4069; x_wconf 94' lang='lat' dir='ltr'>vel</span> <span class='ocrx_word' id='word_1_672' title='bbox 2967 4005 3237 4070; x_wconf 90' lang='lat' dir='ltr'>occulte.</span> <span class='ocrx_word' id='word_1_673' title='bbox 3281 4005 3670 4090; x_wconf 76' lang='lat' dir='ltr'>Quanquam</span> <span class='ocrx_word' id='word_1_674' title='bbox 3719 4008 3892 4072; x_wconf 89' lang='lat' dir='ltr'>enim</span> <span class='ocrx_word' id='word_1_675' title='bbox 3942 4007 4151 4073; x_wconf 90' lang='lat' dir='ltr'>videri</span> <span class='ocrx_word' id='word_1_676' title='bbox 4194 4017 4422 4091; x_wconf 89' lang='lat' dir='ltr'>posset</span> <span class='ocrx_word' id='word_1_677' title='bbox 4458 4008 4547 4070; x_wconf 90' lang='lat' dir='ltr'>in-</span> 
     </span>
     <span class='ocr_line' id='line_1_96' title="bbox 2605 4090 4545 4177; baseline 0 -22"><span class='ocrx_word' id='word_1_678' title='bbox 2605 4091 2999 4168; x_wconf 90' lang='lat' dir='ltr'>humanum,</span> <span class='ocrx_word' id='word_1_679' title='bbox 3062 4090 3337 4174; x_wconf 89' lang='lat' dir='ltr'>prodere</span> <span class='ocrx_word' id='word_1_680' title='bbox 3389 4094 3499 4175; x_wconf 90' lang='lat' dir='ltr'>qui</span> <span class='ocrx_word' id='word_1_681' title='bbox 3545 4092 3801 4177; x_wconf 89' lang='lat' dir='ltr'>publice</span> <span class='ocrx_word' id='word_1_682' title='bbox 3845 4114 3979 4158; x_wconf 91' lang='lat' dir='ltr'>non</span> <span class='ocrx_word' id='word_1_683' title='bbox 4025 4093 4334 4176; x_wconf 87' lang='lat' dir='ltr'>deliquit:</span> <span class='ocrx_word' id='word_1_684' title='bbox 4401 4093 4545 4176; x_wconf 90' lang='lat' dir='ltr'>quia</span> 
     </span>
     <span class='ocr_line' id='line_1_97' title="bbox 2604 4177 4545 4263; baseline 0 -21"><span class='ocrx_word' id='word_1_685' title='bbox 2604 4189 2824 4242; x_wconf 89' lang='lat' dir='ltr'>tamen</span> <span class='ocrx_word' id='word_1_686' title='bbox 2870 4178 3131 4242; x_wconf 86' lang='lat' dir='ltr'>sectarii</span> <span class='ocrx_word' id='word_1_687' title='bbox 3167 4178 3376 4244; x_wconf 91' lang='lat' dir='ltr'>lucem</span> <span class='ocrx_word' id='word_1_688' title='bbox 3413 4178 3791 4263; x_wconf 85' lang='lat' dir='ltr'>fugitantes,</span> <span class='ocrx_word' id='word_1_689' title='bbox 3837 4177 4258 4246; x_wconf 88' lang='lat' dir='ltr'>clandestinis</span> <span class='ocrx_word' id='word_1_690' title='bbox 4297 4180 4545 4245; x_wconf 87' lang='lat' dir='ltr'>artibus</span> 
     </span>
     <span class='ocr_line' id='line_1_98' title="bbox 2604 4262 4544 4348; baseline -0.001 -20"><span class='ocrx_word' id='word_1_691' title='bbox 2604 4273 2670 4328; x_wconf 91' lang='lat' dir='ltr'>et</span> <span class='ocrx_word' id='word_1_692' title='bbox 2714 4262 2987 4327; x_wconf 85' lang='lat' dir='ltr'>fallaciis</span> <span class='ocrx_word' id='word_1_693' title='bbox 3031 4262 3384 4345; x_wconf 89' lang='lat' dir='ltr'>obrepunt,</span> <span class='ocrx_word' id='word_1_694' title='bbox 3448 4286 3712 4332; x_wconf 89' lang='lat' dir='ltr'>necesse</span> <span class='ocrx_word' id='word_1_695' title='bbox 3772 4277 3873 4330; x_wconf 89' lang='lat' dir='ltr'>est</span> <span class='ocrx_word' id='word_1_696' title='bbox 3916 4286 4026 4330; x_wconf 86' lang='lat' dir='ltr'>eos</span> <span class='ocrx_word' id='word_1_697' title='bbox 4069 4264 4424 4348; x_wconf 89' lang='lat' dir='ltr'>prohibere</span> <span class='ocrx_word' id='word_1_698' title='bbox 4467 4283 4544 4328; x_wconf 90' lang='lat' dir='ltr'>ne</span> 
     </span>
     <span class='ocr_line' id='line_1_99' title="bbox 2602 4347 4544 4435; baseline 0.001 -22"><span class='ocrx_word' id='word_1_699' title='bbox 2602 4347 3060 4414; x_wconf 85' lang='lat' dir='ltr'>fraudulenter</span> <span class='ocrx_word' id='word_1_700' title='bbox 3124 4371 3376 4415; x_wconf 87' lang='lat' dir='ltr'>veneno</span> <span class='ocrx_word' id='word_1_701' title='bbox 3431 4372 3551 4416; x_wconf 85' lang='lat' dir='ltr'>suo</span> <span class='ocrx_word' id='word_1_702' title='bbox 3609 4352 3903 4418; x_wconf 88' lang='lat' dir='ltr'>inficiant</span> <span class='ocrx_word' id='word_1_703' title='bbox 3961 4349 4257 4435; x_wconf 89' lang='lat' dir='ltr'>singulas</span> <span class='ocrx_word' id='word_1_704' title='bbox 4304 4352 4544 4427; x_wconf 88' lang='lat' dir='ltr'>domos,</span> 
     </span>
     <span class='ocr_line' id='line_1_100' title="bbox 2605 4433 4546 4521; baseline 0.001 -22"><span class='ocrx_word' id='word_1_705' title='bbox 2605 4444 2682 4500; x_wconf 92' lang='lat' dir='ltr'>ut</span> <span class='ocrx_word' id='word_1_706' title='bbox 2746 4456 3002 4517; x_wconf 88' lang='lat' dir='ltr'>semper</span> <span class='ocrx_word' id='word_1_707' title='bbox 3067 4433 3317 4502; x_wconf 88' lang='lat' dir='ltr'>accidit.</span> <span class='ocrx_word' id='word_1_708' title='bbox 3429 4437 3693 4503; x_wconf 85' lang='lat' dir='ltr'>Mature</span> <span class='ocrx_word' id='word_1_709' title='bbox 3767 4457 3923 4521; x_wconf 89' lang='lat' dir='ltr'>ergo</span> <span class='ocrx_word' id='word_1_710' title='bbox 4005 4437 4342 4520; x_wconf 89' lang='lat' dir='ltr'>prohiberi</span> <span class='ocrx_word' id='word_1_711' title='bbox 4412 4435 4546 4502; x_wconf 90' lang='lat' dir='ltr'>vult</span> 
     </span>
     <span class='ocr_line' id='line_1_101' title="bbox 2603 4518 4546 4609; baseline 0 -23"><span class='ocrx_word' id='word_1_712' title='bbox 2603 4521 2787 4586; x_wconf 90' lang='lat' dir='ltr'>Deus</span> <span class='ocrx_word' id='word_1_713' title='bbox 2845 4518 3187 4587; x_wconf 87' lang='lat' dir='ltr'>insidiosos</span> <span class='ocrx_word' id='word_1_714' title='bbox 3243 4543 3468 4588; x_wconf 90' lang='lat' dir='ltr'>eornm</span> <span class='ocrx_word' id='word_1_715' title='bbox 3528 4532 3831 4603; x_wconf 90' lang='lat' dir='ltr'>conatus,</span> <span class='ocrx_word' id='word_1_716' title='bbox 3891 4544 3973 4588; x_wconf 91' lang='lat' dir='ltr'>ne</span> <span class='ocrx_word' id='word_1_717' title='bbox 4023 4523 4284 4607; x_wconf 91' lang='lat' dir='ltr'>longius</span> <span class='ocrx_word' id='word_1_718' title='bbox 4331 4531 4546 4609; x_wconf 87' lang='lat' dir='ltr'>serpat</span> 
     </span>
     <span class='ocr_line' id='line_1_102' title="bbox 2602 4607 2920 4691; baseline -0.009 -17"><span class='ocrx_word' id='word_1_719' title='bbox 2602 4607 2920 4691; x_wconf 90' lang='lat' dir='ltr'>contagio.</span> 
     </span>
    </p>

    <p class='ocr_par' dir='ltr' id='par_1_14' title="bbox 2601 4692 4547 5467">
     <span class='ocr_line' id='line_1_103' title="bbox 2777 4692 4547 4776; baseline 0.001 -18"><span class='ocrx_word' id='word_1_720' title='bbox 2777 4693 2833 4759; x_wconf 83' lang='lat'>7.</span> <span class='ocrx_word' id='word_1_721' title='bbox 2878 4692 2947 4758; x_wconf 88' lang='grc' dir='ltr'><em>ฮ</em></span> <span class='ocrx_word' id='word_1_722' title='bbox 2983 4693 3116 4760; x_wconf 84' lang='lat' dir='ltr'>diis</span> <span class='ocrx_word' id='word_1_723' title='bbox 3137 4694 3533 4776; x_wconf 77' lang='lat' dir='ltr'>populorum.</span> <span class='ocrx_word' id='word_1_724' title='bbox 3627 4693 3901 4761; x_wconf 86' lang='lat' dir='ltr'>Summa</span> <span class='ocrx_word' id='word_1_725' title='bbox 3954 4694 4083 4760; x_wconf 90' lang='lat' dir='ltr'>huc</span> <span class='ocrx_word' id='word_1_726' title='bbox 4144 4695 4391 4776; x_wconf 90' lang='lat' dir='ltr'>tendit,</span> <span class='ocrx_word' id='word_1_727' title='bbox 4452 4716 4547 4760; x_wconf 91' lang='lat' dir='ltr'>ac-</span> 
     </span>
     <span class='ocr_line' id='line_1_104' title="bbox 2603 4779 4546 4864; baseline -0.002 -18"><span class='ocrx_word' id='word_1_728' title='bbox 2603 4779 3064 4863; x_wconf 88' lang='lat' dir='ltr'>quiescendum</span> <span class='ocrx_word' id='word_1_729' title='bbox 3110 4802 3250 4845; x_wconf 90' lang='lat' dir='ltr'>esse</span> <span class='ocrx_word' id='word_1_730' title='bbox 3286 4781 3351 4845; x_wconf 91' lang='lat' dir='ltr'>in</span> <span class='ocrx_word' id='word_1_731' title='bbox 3394 4781 3670 4846; x_wconf 86' lang='lat' dir='ltr'>veritate</span> <span class='ocrx_word' id='word_1_732' title='bbox 3694 4782 3968 4864; x_wconf 86' lang='lat' dir='ltr'>cognita,</span> <span class='ocrx_word' id='word_1_733' title='bbox 4018 4789 4092 4845; x_wconf 91' lang='lat' dir='ltr'>ut</span> <span class='ocrx_word' id='word_1_734' title='bbox 4125 4779 4385 4846; x_wconf 84' lang='lat' dir='ltr'>clausae</span> <span class='ocrx_word' id='word_1_735' title='bbox 4420 4782 4546 4846; x_wconf 89' lang='lat' dir='ltr'>sint</span> 
     </span>
     <span class='ocr_line' id='line_1_105' title="bbox 2604 4865 4545 4951; baseline -0.001 -19"><span class='ocrx_word' id='word_1_736' title='bbox 2604 4886 2797 4932; x_wconf 87' lang='lat' dir='ltr'>aures</span> <span class='ocrx_word' id='word_1_737' title='bbox 2841 4865 3120 4931; x_wconf 89' lang='lat' dir='ltr'>diversis</span> <span class='ocrx_word' id='word_1_738' title='bbox 3165 4868 3470 4932; x_wconf 91' lang='lat' dir='ltr'>omnibus</span> <span class='ocrx_word' id='word_1_739' title='bbox 3522 4868 3870 4951; x_wconf 84' lang='lat' dir='ltr'>figmentis.</span> <span class='ocrx_word' id='word_1_740' title='bbox 3961 4866 4290 4932; x_wconf 86' lang='lat' dir='ltr'>Vicinitas</span> <span class='ocrx_word' id='word_1_741' title='bbox 4338 4866 4545 4933; x_wconf 87' lang='lat' dir='ltr'>facere</span> 
     </span>
     <span class='ocr_line' id='line_1_106' title="bbox 2601 4951 4542 5030; baseline -0.002 -12"><span class='ocrx_word' id='word_1_742' title='bbox 2601 4952 2769 5017; x_wconf 89' lang='lat' dir='ltr'>solet</span> <span class='ocrx_word' id='word_1_743' title='bbox 2805 4961 2878 5016; x_wconf 89' lang='lat' dir='ltr'>ut</span> <span class='ocrx_word' id='word_1_744' title='bbox 2900 4951 3196 5017; x_wconf 90' lang='lat' dir='ltr'>homines</span> <span class='ocrx_word' id='word_1_745' title='bbox 3232 4952 3405 5017; x_wconf 89' lang='lat' dir='ltr'>inter</span> <span class='ocrx_word' id='word_1_746' title='bbox 3426 4975 3496 5018; x_wconf 90' lang='lat' dir='ltr'>se</span> <span class='ocrx_word' id='word_1_747' title='bbox 3516 4951 4075 5030; x_wconf 89' lang='lat' dir='ltr'>communicando,</span> <span class='ocrx_word' id='word_1_748' title='bbox 4114 4952 4225 5016; x_wconf 89' lang='lat' dir='ltr'>alii</span> <span class='ocrx_word' id='word_1_749' title='bbox 4268 4953 4542 5018; x_wconf 87' lang='lat' dir='ltr'>aliorum</span> 
     </span>
     <span class='ocr_line' id='line_1_107' title="bbox 2605 5037 4541 5123; baseline -0.001 -20"><span class='ocrx_word' id='word_1_750' title='bbox 2605 5037 2895 5103; x_wconf 91' lang='lat' dir='ltr'>moribus</span> <span class='ocrx_word' id='word_1_751' title='bbox 2953 5057 3023 5102; x_wconf 89' lang='lat' dir='ltr'>se</span> <span class='ocrx_word' id='word_1_752' title='bbox 3080 5038 3504 5104; x_wconf 86' lang='lat' dir='ltr'>conforment.</span> <span class='ocrx_word' id='word_1_753' title='bbox 3607 5038 3713 5103; x_wconf 88' lang='lat' dir='ltr'>Ita</span> <span class='ocrx_word' id='word_1_754' title='bbox 3778 5038 3953 5103; x_wconf 90' lang='lat' dir='ltr'>ultro</span> <span class='ocrx_word' id='word_1_755' title='bbox 4017 5038 4310 5123; x_wconf 90' lang='lat' dir='ltr'>citroque</span> <span class='ocrx_word' id='word_1_756' title='bbox 4378 5060 4541 5104; x_wconf 89' lang='lat' dir='ltr'>com-</span> 
     </span>
     <span class='ocr_line' id='line_1_108' title="bbox 2604 5122 4539 5207; baseline -0.001 -17"><span class='ocrx_word' id='word_1_757' title='bbox 2604 5131 2832 5190; x_wconf 90' lang='lat' dir='ltr'>meant</span> <span class='ocrx_word' id='word_1_758' title='bbox 2875 5122 3066 5188; x_wconf 89' lang='lat' dir='ltr'>vitia:</span> <span class='ocrx_word' id='word_1_759' title='bbox 3125 5133 3317 5207; x_wconf 89' lang='lat' dir='ltr'>atque</span> <span class='ocrx_word' id='word_1_760' title='bbox 3376 5131 3449 5188; x_wconf 88' lang='lat' dir='ltr'>ut</span> <span class='ocrx_word' id='word_1_761' title='bbox 3503 5123 3584 5189; x_wconf 88' lang='lat' dir='ltr'>ad</span> <span class='ocrx_word' id='word_1_762' title='bbox 3642 5124 3887 5190; x_wconf 90' lang='lat' dir='ltr'>malum</span> <span class='ocrx_word' id='word_1_763' title='bbox 3946 5124 4085 5189; x_wconf 85' lang='lat' dir='ltr'>fere</span> <span class='ocrx_word' id='word_1_764' title='bbox 4125 5145 4356 5190; x_wconf 86' lang='lat' dir='ltr'>sumus</span> <span class='ocrx_word' id='word_1_765' title='bbox 4400 5145 4539 5207; x_wconf 89' lang='lat' dir='ltr'>proฮ</span> 
     </span>
     <span class='ocr_line' id='line_1_109' title="bbox 2603 5208 4541 5293; baseline -0.001 -18"><span class='ocrx_word' id='word_1_766' title='bbox 2603 5211 2808 5293; x_wconf 89' lang='lat' dir='ltr'>pensi,</span> <span class='ocrx_word' id='word_1_767' title='bbox 2856 5208 2970 5293; x_wconf 88' lang='lat' dir='ltr'>qui</span> <span class='ocrx_word' id='word_1_768' title='bbox 3011 5209 3363 5274; x_wconf 89' lang='lat' dir='ltr'>deteriores</span> <span class='ocrx_word' id='word_1_769' title='bbox 3401 5220 3573 5288; x_wconf 91' lang='lat' dir='ltr'>sunt,</span> <span class='ocrx_word' id='word_1_770' title='bbox 3611 5217 3822 5277; x_wconf 86' lang='lat' dir='ltr'>rectos</span> <span class='ocrx_word' id='word_1_771' title='bbox 3866 5219 4278 5293; x_wconf 90' lang='lat' dir='ltr'>pervertunt.</span> <span class='ocrx_word' id='word_1_772' title='bbox 4326 5209 4541 5292; x_wconf 79' lang='lat' dir='ltr'>Quum</span> 
     </span>
     <span class='ocr_line' id='line_1_110' title="bbox 2603 5294 4541 5381; baseline 0.001 -20"><span class='ocrx_word' id='word_1_773' title='bbox 2603 5316 2762 5381; x_wconf 88' lang='lat' dir='ltr'>ergo</span> <span class='ocrx_word' id='word_1_774' title='bbox 2819 5294 2903 5361; x_wconf 88' lang='lat' dir='ltr'>ab</span> <span class='ocrx_word' id='word_1_775' title='bbox 2959 5295 3137 5361; x_wconf 88' lang='lat' dir='ltr'>omni</span> <span class='ocrx_word' id='word_1_776' title='bbox 3203 5305 3386 5379; x_wconf 88' lang='lat' dir='ltr'>parte</span> <span class='ocrx_word' id='word_1_777' title='bbox 3429 5296 3871 5362; x_wconf 79' lang='lat' dir='ltr'>circumdatus</span> <span class='ocrx_word' id='word_1_778' title='bbox 3914 5306 4086 5362; x_wconf 88' lang='lat' dir='ltr'>esset</span> <span class='ocrx_word' id='word_1_779' title='bbox 4125 5297 4408 5380; x_wconf 88' lang='lat' dir='ltr'>populus</span> <span class='ocrx_word' id='word_1_780' title='bbox 4448 5296 4541 5362; x_wconf 81' lang='lat' dir='ltr'>Isโ</span> 
     </span>
     <span class='ocr_line' id='line_1_111' title="bbox 2606 5381 4538 5467; baseline 0.001 -19"><span class='ocrx_word' id='word_1_781' title='bbox 2606 5382 2743 5448; x_wconf 88' lang='lat' dir='ltr'>rael</span> <span class='ocrx_word' id='word_1_782' title='bbox 2788 5381 3180 5462; x_wconf 88' lang='lat' dir='ltr'>idololatris,</span> <span class='ocrx_word' id='word_1_783' title='bbox 3229 5381 3415 5448; x_wconf 88' lang='lat' dir='ltr'>facile</span> <span class='ocrx_word' id='word_1_784' title='bbox 3459 5382 3541 5448; x_wconf 88' lang='lat' dir='ltr'>ad</span> <span class='ocrx_word' id='word_1_785' title='bbox 3586 5382 4014 5448; x_wconf 87' lang='lat' dir='ltr'>imitationem</span> <span class='ocrx_word' id='word_1_786' title='bbox 4060 5381 4230 5450; x_wconf 88' lang='lat' dir='ltr'>allici</span> <span class='ocrx_word' id='word_1_787' title='bbox 4270 5391 4538 5467; x_wconf 85' lang='lat' dir='ltr'>poterat,</span> 
     </span>
    </p>
   </div>
   <div class='ocr_carea' id='block_1_12' title="bbox 4819 3081 4822 3714">
    <p class='ocr_par' dir='ltr' id='par_1_15' title="bbox 4819 3081 4822 3714">
     <span class='ocr_line' id='line_1_112' title="bbox 4819 3081 4822 3714; baseline 0 0"><span class='ocrx_word' id='word_1_788' title='bbox 4819 3081 4822 3714; x_wconf 95' lang='lat' dir='ltr'> </span> 
     </span>
    </p>
   </div>
  </div>
 </body>
</html>
