4867 6150
604 424 737 491 511
833 457 837 461 <

610 617 711 684 bis
768 615 1129 700 significat,
1190 626 1347 681 tunc
1404 637 1522 681 nos
1580 624 1805 700 gratas
1850 617 1994 682 Deo
2053 637 2196 683 8888
2256 616 2557 682 victimas

612 702 725 769 ubi
781 722 1009 767 sumus
1062 702 1216 788 igne
1260 702 1646 768 examinati:
1695 710 1761 766 et
1804 703 1978 768 hanc
2021 724 2164 769 esse
2207 702 2364 769 salis
2407 723 2561 768 con-

610 789 920 866 dituram,
957 786 1068 852 ubi
1101 806 1253 853 caro
1291 796 1515 852 nostra
1549 810 1700 854 cum
1735 789 1873 854 suis
1908 788 2321 874 cupiditabus
2358 788 2558 872 probe

611 883 944 941 macerata
998 873 1217 939 fuerit.
1306 874 1571 939 Interea
1623 875 1833 940 fixum
1887 875 2047 940 illud
2093 883 2376 953 maneat,
2420 874 2558 941 cul-

614 959 930 1026 1888Βοὶ
972 966 1222 1025 rectum
1268 979 1400 1025 888
1445 960 1697 1026 censeri
1740 961 1982 1044 absque
2026 981 2273 1044 sapore,
2320 960 2431 1044 qui
2477 982 2560 1025 ex

612 1046 812 1114 verbo
846 1043 1167 1130 petendus
1200 1052 1332 1111 est:
1376 1046 1531 1129 quia
1562 1048 1630 1111 in
1666 1046 1969 1112 omnibus
2004 1046 2345 1112 hominum
2382 1067 2561 1112 cere-

612 1134 751 1199 bris
794 1153 878 1198 ne
923 1132 1093 1196 mica
1133 1131 1398 1214 quidem
1444 1131 1602 1198 88118
1647 1132 2029 1216 reperietur.
2121 1131 2308 1198 Alias
2351 1132 2562 1198 subti-

610 1220 808 1285 liores
867 1216 1215 1301 allegorias
1276 1219 1760 1302 praetermitto,
1832 1239 2111 1302 quarum
2166 1240 2302 1283 non
2358 1218 2561 1284 alium

611 1304 800 1371 video
858 1324 1054 1369 usum
1114 1303 1243 1370 nisi
1299 1311 1371 1369 ut
1428 1304 1717 1370 curiosas
1769 1323 1964 1370 aures
2009 1303 2356 1371 oblectent.
2446 1302 2564 1370 Sal

612 1388 891 1457 foederis
914 1389 1043 1454 alio
1079 1410 1275 1456 sensu
1316 1390 1583 1472 ponitur
1618 1411 1816 1474 quam
1854 1389 2077 1457 foedus
2113 1390 2286 1469 salis,
2325 1411 2564 1473 nempe

611 1476 783 1562 quod
864 1474 1210 1541 adhibetur
1276 1473 1357 1540 ad
1425 1495 1609 1541 sacra
1674 1485 1987 1560 tanquam
2054 1498 2135 1542 ex
2201 1476 2565 1543 inviolabili

610 1563 740 1630 Dei
785 1571 993 1645 pacto,
1064 1560 1253 1628 Unde
1294 1562 1494 1627 etiam
1537 1564 1964 1628 confirmatur
2009 1562 2179 1647 quod
2221 1563 2353 1628 iam
2401 1562 2562 1641 dixi,

609 1647 890 1715 foederis
955 1647 1082 1712 Dei
1148 1648 1673 1714 observationem
1737 1649 1804 1714 in
1867 1649 2007 1715 eius
2066 1649 2245 1716 cultu
2304 1669 2566 1732 semper

611 1736 859 1820 primas
901 1742 1141 1798 tenere.

788 1820 888 1886 14.
941 1818 1014 1884 Si
1069 1840 1209 1886 vero
1261 1819 1568 1887 obtuleris.
1657 1820 1843 1888 Haec
1888 1821 2127 1887 oblatio
2172 1842 2210 1886 a
2253 1819 2566 1904 primitiis

614 1904 874 1973 diversa
930 1914 1057 1983 est,
1116 1906 1270 1989 quia
1325 1914 1468 1972 erat
1526 1906 1932 1983 voluntaria,
1992 1927 2193 1990 quum
2235 1906 2565 1989 primitiae

613 2014 696 2059 ex
740 1992 906 2077 legis
950 1992 1352 2076 praescripto
1396 1991 1826 2058 solverentur.
1889 1992 2137 2057 Verum
2186 1992 2244 2058 si
2286 1992 2430 2075 quis
2478 2012 2561 2056 ex

611 2077 821 2144 horno
894 2077 1106 2142 tritico
1177 2078 1491 2163 primitiis
1550 2079 1748 2144 vellet
1806 2077 2056 2162 aliquid
2108 2076 2564 2160 superaddere,

615 2164 912 2249 regulam
971 2162 1174 2229 tradit
1228 2164 1477 2229 Moses:
1550 2172 1626 2229 ut
1686 2164 1905 2248 spicae
1966 2173 2338 2230 torreantur
2356 2214 2372 2245 ,
2431 2182 2562 2247 quo

612 2249 864 2335 possint
934 2248 1192 2315 facilius
1258 2249 1544 2330 conteri,
1618 2249 1855 2316 deinde
1910 2250 2158 2316 mixtae
2214 2250 2354 2315 8188
2411 2269 2562 2315 8818

608 2338 807 2402 thure
842 2334 1253 2401 adoleantur:
1297 2336 1388 2401 sic
1434 2336 1610 2401 enim
1654 2336 2051 2420 interpretor
2092 2337 2298 2403 Mosis
2344 2336 2563 2416 verba,

610 2432 690 2487 ut
744 2421 915 2487 idem
975 2420 1351 2505 significent
1407 2423 1585 2505 spica
1639 2429 1815 2488 tosta
1873 2431 1940 2487 et
1995 2423 2289 2488 triticum
2348 2423 2565 2506 spicae

611 2516 995 2574 contusum:
1057 2508 1270 2591 spicas
1329 2528 1485 2573 vero
1586 2508 1770 2573 lenas
1815 2509 2053 2592 exigit,
2113 2515 2189 2574 ut
2234 2507 2563 2574 delectum

610 2592 855 2742 habeat
898 2592 1216 2678 populus,
1274 2616 1356 2659 uo
1415 2530 1584 2677 quid)
1629 2594 1803 2660 exile
1845 2604 1959 2660 aut
2001 2595 2426 2661 macilentum
2471 2593 2562 2659 of-

642 2691 804 2745 erat.

1343 3020 1649 3087 LEVIT.
1696 3020 1824 3088 III.

786 3196 845 3262 1.
911 3195 1088 3279 Quod
1142 3196 1203 3260 si
1258 3192 1647 3274 sacrificium
1675 3195 2178 3276 prosperitatum
2218 3195 2422 3279 fuerit
2464 3196 2561 3261 ob·

609 3283 761 3348 latio
825 3282 996 3359 eius,
1064 3281 1125 3348 si
1179 3281 1254 3347 de
1309 3279 1499 3346 bobus
1554 3280 1688 3362 ipse
1741 3281 1952 3362 offeret
2002 3282 2133 3347 sive
2187 3281 2556 3360 masculum,

611 3370 743 3433 sive
800 3368 1107 3452 feminam
1167 3365 1415 3447 offerat,
1472 3365 1947 3433 immaculatum
2003 3367 2213 3449 offeret
2268 3387 2411 3433 eum
2487 3368 2559 3432 in

609 3457 930 3535 conspeetu
975 3452 1255 3519 lehovae.
1343 3452 1402 3516 2.
1453 3449 1544 3516 Et
1595 3453 1864 3533 imponet
1917 3473 2176 3518 manum
2229 3473 2413 3519 suam
2455 3474 2560 3520 su-

598 3560 727 3621 per
760 3543 949 3621 eaput
982 3537 1309 3604 oblationis
1343 3557 1513 3618 suae,
1557 3543 1616 3602 et
1645 3538 1993 3605 immolabit
2024 3559 2165 3605 eum
2209 3540 2294 3605 ad
2331 3541 2559 3605 ostium

610 3624 994 3692 tabernaculi
1035 3623 1480 3690 conventionis.-
1527 3623 1908 3706 fundentque
1958 3624 2086 3706 filii
2138 3623 2404 3691 Akaron
2458 3645 2561 3691 sa-

609 3712 880 3778 cerdotes
911 3711 1282 3794 sanquinem
1314 3729 1502 3791 super
1526 3709 1729 3775 altare
1749 3731 1868 3793 per
1890 3711 2238 3777 circuitum.
2292 3711 2354 3777 3.
2384 3709 2563 3778 Post-

483 3801 484 3804 ’
612 3817 689 3861 ea
752 3796 965 3878 offeret
998 3796 1073 3862 de
1114 3795 1421 3876 sacrificio
1456 3796 1949 3878 prosperitatum
1991 3796 2357 3862 oblationem
2399 3798 2561 3881 iyni-

609 3887 740 3947 tam
786 3881 1049 3948 Iehooae
1063 3932 1080 3963 ,
1137 3882 1388 3962 adipem
1430 3883 1801 3963 operientem
1844 3883 2140 3948 intestina
2154 3934 2170 3961 ,
2227 3888 2282 3947 et
2323 3903 2562 3949 omnem

611 3969 866 4051 adipem
906 3968 1017 4051 qui
1059 3972 1151 4033 est
1190 3987 1383 4050 super
1421 3967 1557 4033 illa.
1623 3967 1684 4033 4.
1719 3962 1808 4032 Et
1848 3969 2005 4034 duos
2046 3988 2241 4047 renes,
2287 3969 2564 4052 adipem-

610 4075 729 4138 que
770 4055 882 4137 qui
922 4058 1014 4121 est
1052 4073 1244 4136 super
1281 4054 1453 4135 ipsos
1471 4100 1487 4127 ‚
1530 4054 1642 4135 qui
1684 4059 1774 4119 est
1809 4073 2000 4136 super
2040 4054 2192 4129 ilia,
2238 4059 2294 4118 et
2329 4053 2563 4136 fibram

610 4161 752 4206 eum
785 4142 978 4208 iecore
1007 4161 1151 4208 eum
1182 4138 1439 4205 renibus
1468 4139 1810 4205 removebit.
1870 4139 1928 4205 5.
1967 4139 2324 4205 Adolebunt
2355 4146 2563 4206 autem

611 4246 785 4291 omne
805 4227 968 4292 illud
983 4226 1112 4308 lilii
1132 4225 1400 4291 Aharon
1419 4244 1610 4306 super
1632 4226 1853 4304 altare,
1888 4246 2021 4292 una
2042 4245 2181 4290 eum
2202 4225 2561 4292 holocausto

612 4313 776 4394 quod
826 4314 948 4377 erit
986 4331 1176 4394 super
1215 4309 1387 4396 liqna
1427 4312 1823 4394 superposita
1864 4311 2035 4396 iyni:
2093 4311 2318 4378 oblatio
2360 4313 2562 4395 iynita

611 4402 703 4464 est
756 4397 966 4463 odoris
1020 4398 1246 4479 quietis
1290 4396 1571 4464 Iehovae.
1660 4397 1720 4463 6.
1773 4397 1949 4479 Quod
2001 4398 2063 4463 si
2104 4399 2181 4464 de
2210 4398 2563 4479 pecudibus

603 4483 801 4566 fuerit
843 4483 1062 4549 oblatio
1104 4484 1266 4564 eius,
1310 4485 1381 4549 in
1424 4483 1807 4565 sacrificium
1837 4486 2335 4567 prosperitatum
2378 4483 2559 4550 Ieho·

605 4589 738 4646 vae,
781 4569 1128 4635 masculum
1157 4574 1268 4634 aut
1295 4569 1602 4653 feminam
1636 4570 2107 4636 inmaculatum
2143 4569 2347 4652 offeret
2381 4590 2524 4635 eum
2540 4596 2559 4635 :

610 4655 668 4720 7.
700 4652 777 4718 Si
816 4673 959 4720 vero
1000 4676 1234 4739 aynum
1278 4657 1496 4738 offerat
1534 4654 1897 4722 oblationem
1938 4676 2142 4736 suam,
2185 4660 2317 4720 tum
2357 4656 2564 4738 offeret

606 4740 794 4807 illum
851 4739 921 4804 in
978 4748 1299 4822 conspectu
1342 4741 1639 4807 Iehovae:
1718 4741 1776 4806 8.
1842 4741 2245 4823 Imponetque
2298 4762 2561 4807 manum

607 4845 797 4891 suam
829 4846 1019 4907 super
1051 4831 1235 4908 caput
1266 4827 1594 4893 oblationis
1624 4848 1795 4908 suae,
1824 4833 2050 4909 postea
2083 4827 2379 4893 mactabit
2419 4848 2560 4893 eum

608 4911 1490 5082 Ἄῖᾦᾜθῖαἶξῗᾶᾝέ
1510 4912 2561 5083 ⁰⁰W”vffl‘⁵:”ui:;.d.3“at⁶tatff.i⁴

610 5084 671 5149 9.
733 5083 821 5147 Et
876 5084 1081 5166 offeret
1135 5084 1213 5148 de
1270 5085 1582 5165 sacrificio
1625 5087 2126 5171 prosperitatum
2196 5085 2560 5152 oblationem

607 5170 876 5254 iynitam
933 5169 1233 5245 Iehovae‚
1287 5171 1538 5252 adipem
1594 5174 1730 5236 eius
1746 5221 1761 5247 ‚
1821 5173 2090 5238 caudam
2145 5173 2482 5255 intem-am,
2526 5194 2559 5238 e

606 5257 853 5340 reyione
903 5258 1131 5337 spinae
1181 5256 1358 5321 dorsi
1414 5256 1745 5321 removebit
1799 5278 1963 5337 eam,
2025 5258 2274 5339 adipem
2317 5278 2558 5340 quoque

606 5343 972 5424 operientem
1013 5343 1337 5420 intestina,
1381 5347 1565 5425 atque
1607 5361 1842 5407 omnem
1888 5343 2137 5425 adipem
2175 5345 2288 5426 qui
2322 5350 2412 5409 est
2452 5364 2558 5408 su-

2009 424 2523 494 SECUNDUM
2569 425 3221 496 PRAEOEPTUM.

4453 430 4558 497 512

2649 636 2774 698 per
2815 616 2950 683 ilia.
3022 617 3123 683 10.
3168 616 3260 683 Et
3297 617 3455 684 duos
3494 637 3703 684 renes.-
3743 622 3798 683 et
3841 618 4091 701 adipem
4133 617 4246 701 qui
4287 622 4370 684 est
4405 639 4554 704 super

2660 703 2837 783 illos,
2895 708 2951 770 et
2991 704 3102 784 qui
3142 709 3234 769 est
3274 724 3465 787 super
3505 705 3660 783 ilia,
3716 710 3771 769 et
3807 703 4039 787 fibram
4081 724 4244 787 quae
4286 707 4369 771 est
4402 726 4555 786 super

2659 789 2864 869 iecur,
2923 809 3064 854 eum
3117 789 3370 856 renibus
3420 789 3760 856 removebit.
3853 790 3955 855 11.
4000 789 4395 871 Adolebitque
4429 790 4558 857 illud

2660 874 2955 942 sacerdos
2967 894 3159 956 super
3168 876 3385 953 altare,
3409 876 3583 943 cibus
3605 876 3938 942 oblationis
3958 875 4198 960 ignitae
4220 875 4559 942 estIebovae.

2665 960 2765 1026 12.
2818 959 2893 1025 Si
2934 981 3077 1026 vero
3120 981 3319 1045 capra
3355 962 3552 1045 fuerit
3589 961 3815 1028 oblatio
3857 962 4010 1039 eius,
4053 965 4186 1026 tum
4226 961 4419 1043 offeret
4451 982 4562 1028 eam

2661 1048 2732 1111 in
2773 1051 3091 1130 conspeetu
3134 1046 3413 1113 Iehovae.
3485 1047 3585 1113 13.
3627 1045 3938 1129 Ponetque
3976 1066 4238 1112 manum
4277 1067 4446 1113 suam
4476 1068 4561 1113 su-

2653 1152 2775 1216 per
2846 1137 3031 1215 eaput
3086 1133 3250 1212 eius,
3311 1138 3367 1199 et
3413 1132 3704 1200 mactabit
3757 1154 3894 1198 eam
3951 1153 4159 1200 eoram
4213 1131 4567 1199 tabernaculo

2663 1219 3081 1285 conventionis
3094 1270 3110 1298 ,
3169 1224 3228 1284 et
3262 1224 3555 1304 ερατ-9881
3589 1219 3720 1300 filii
3760 1219 4027 1285 Aharon
4067 1219 4425 1303 sanquinem
4453 1220 4565 1285 eius

2665 1305 3114 1457 ffipmre
3145 1325 3267 1387 per
3306 1306 3652 1457 ‹ig-leffium.
3737 1303 4472 1457 ‘Mitapoetffhozffmaaeff
4505 1326 4565 1369 ea

3070 1411 3274 1471 mm,
3412 1413 3454 1456 a
3481 1410 3682 1457 ionem
3722 1412 3828 1476 tyn
3922 1411 3987 1455 m
4222 1410 4313 1469 ae,
4431 1410 4566 1472 spem

2664 1478 3032 1558 operientem
3086 1477 3403 1543 intestina.-
3455 1482 3514 1542 et
3568 1497 3804 1543 omnem
3846 1477 4096 1559 adipem
4137 1476 4252 1557 qui
4290 1480 4376 1541 est
4410 1495 4569 1558 super

2665 1563 2806 1629 ilia.
2913 1562 3013 1629 15.
3073 1560 3164 1628 Et
3216 1563 3378 1629 duos
3432 1583 3635 1644 renes,
3696 1567 3753 1629 et
3804 1562 4054 1646 adipem
4111 1562 4225 1644 qui
4279 1565 4364 1630 est
4410 1582 4565 1644 super

2664 1648 2839 1714 illos.-
2898 1654 2955 1715 et
3008 1649 3672 1731 quiestsuperilia‚
3723 1647 4569 1731 etfibramquaeestsuper

2666 1735 2839 1800 ieeur
2892 1754 3033 1800 eum
3089 1734 3342 1800 renibus
3394 1735 3731 1801 removebit.
3837 1734 3937 1799 16.
4004 1732 4402 1817 Adolebitque
4456 1752 4569 1799 eam

2666 1820 2955 1887 sacerdos
2985 1840 3175 1903 super
3194 1821 3412 1900 altare,
3446 1821 3622 1886 cibus
3655 1821 3983 1886 oblationis
4014 1820 4251 1902 ionitae
4281 1825 4368 1885 est
4395 1819 4573 1885 odoris

2667 1907 2930 1989 quietis.-
2991 1911 3049 1970 et
3103 1908 3306 1972 omnis
3362 1906 3557 1989 adeps
3611 1906 3874 1973 Iehovae
3920 1910 4025 1971 est.
4132 1905 4234 1971 17.
4297 1904 4570 1971 &atnam

2655 1993 3134 2144 ffifflffl,
3157 1992 3682 2161 mii&
3704 1992 4063 2144 &mx
4083 1990 4575 2162 sa⁶“„9..'⁸⁶‘⁸⁸}mm³⁵“⁶m“⁰‘

2841 2334 2898 2399 1.
2940 2334 3118 2416 Quod
3158 2335 3220 2401 si
3261 2335 3664 2418 sacrificium.
3732 2335 4003 2401 Transit
4046 2355 4227 2401 nunc
4271 2333 4352 2400 ad
4393 2332 4575 2400 diver·

2667 2441 2817 2488 sum
2876 2441 3119 2504 genus,
3179 2441 3415 2504 nempe
3470 2420 3552 2486 ad
3612 2421 3930 2487 sacrificia
3982 2441 4151 2505 quae
4194 2418 4574 2507 gratitudinis

2669 2507 3044 2572 testimonia
3085 2516 3275 2572 erant
3317 2507 3388 2571 iu
3432 2505 3838 2573 celebrandis
3872 2507 3998 2572 Dei
4048 2507 4404 2573 beneficiis:
4446 2525 4575 2589 quo·

2669 2613 2820 2658 rum
2866 2614 3013 2676 pars
3056 2592 3211 2676 igne
3255 2592 3790 2673 comburebatur,
3833 2601 4088 2677 partem
4135 2592 4262 2658 sibi
4305 2591 4577 2657 vendica·

2668 2680 2830 2745 bant
2887 2678 3253 2744 sacerdotes
3269 2729 3284 2757 ,
3345 2677 3680 2744 residuum
3729 2678 4038 2745 manebat
4076 2678 4240 2762 ipsis
4284 2674 4578 2742 offerenti·

2669 2765 2811 2830 bus.
2880 2762 2984 2829 De
3017 2783 3178 2831 voce
3214 2749 3429 2832 ombw
3467 2763 3623 2830 alibi
3660 2764 3813 2848 quid
3851 2764 4132 2830 sentiam
4173 2764 4391 2847 attigi:
4433 2771 4579 2827 certe

2669 2872 2806 2917 non
2864 2849 3142 2935 quadrat
3199 2849 3491 2934 vulgaris
3542 2848 3917 2917 translatio:
3963 2849 4284 2916 sacrificia
4322 2848 4577 2933 pacifico·

2670 2959 2839 3003 rum.
2928 2937 3164 3020 Longe
3215 2936 3413 3002 etiam
3469 2937 3750 3021 petitum
3807 2944 3907 3003 881
3953 2935 4128 3020 quod
4169 2936 4282 3001 alii
4324 2934 4579 3013 tradunt,

2667 3023 2890 3091 vocari
2955 3022 3274 3090 sacrificia
3337 3021 3808 3107 perfectionum
3826 3074 3841 3105 ,
3905 3022 4059 3106 quia
4124 3020 4471 3089 immundis
4516 3038 4580 3084 ea

2668 3111 2993 3194 attingere
3060 3109 3243 3175 nefas
3301 3118 3461 3175 erat.
3562 3108 3771 3175 Porro
3824 3130 4028 3194 quum
4084 3107 4376 3174 Hebraei
4428 3104 4579 3190 pacis

2664 3198 2929 3261 nomine
2963 3194 3523 3280 comprehendant
3554 3195 3833 3262 salutem
3869 3201 3941 3261 81
3981 3194 4188 3260 188188
4223 3213 4443 3259 818888
4460 3209 4579 3259 888-

2663 3303 2918 3362 888888,
2974 3281 3297 3366 pluralem
3355 3301 3703 3347 numerum
3758 3279 4096 3347 commode
4151 3281 4375 3348 censui

2662 3368 2836 3435 verti
2859 3368 3358 3452 prosperitates:
3395 3387 3526 3450 qua
3549 3367 3803 3433 ratione
3829 3365 4049 3434 David
4072 3363 4281 3453 (Psal.
4322 3365 4457 3441 116,
4493 3359 4581 3446 13)

2661 3455 2928 3522 calicem
2965 3453 3251 3519 salutum
3296 3452 3592 3518 nominat
3631 3451 3919 3519 libamen
3966 3451 4139 3536 quod
4182 3451 4326 3518 fieri
4368 3447 4581 3517 solebat

2660 3542 2730 3607 in
2775 3537 3097 3606 eiusmodi
3138 3539 3491 3606 sacrificio:
3537 3560 3753 3622 neque
3797 3539 3977 3604 88118
4023 3536 4255 3604 dubito
4298 3537 4451 3621 quin
4489 3555 4579 3599 ex·

2662 3637 2849 3692 terno
2884 3625 3179 3711 symbolo
3210 3624 3572 3711 gratiarum
3616 3625 3939 3691 actionem
3985 3623 4306 3710 designet.
4370 3623 4581 3688 Fateor

2661 3710 2923 3798 quidem
2981 3709 3105 3777 hoc
3163 3711 3551 3777 sacrificium
3609 3730 3746 3775 non
3804 3710 3998 3776 modo
4054 3709 4128 3774 in
4176 3707 4580 3792 gratulatione

2661 3797 2953 3865 oblatum
3001 3818 3175 3878 esse,
3234 3795 3349 3863 sed
3385 3818 3590 3880 quum
3627 3818 3853 3880 pacem
3899 3803 3967 3862 81
4007 3796 4238 3862 felices
4280 3810 4580 3891 successus
4770 3741 4780 3870 1

2662 3907 2703 3951 8
2761 3885 2904 3949 Deo
2970 3891 3300 3968 peterent:
3373 3904 3631 3967 semper
3685 3890 3905 3949 tamen
3961 3883 4213 3967 optime
4269 3882 4581 3946 convemct

2662 3970 3033 4055 epitheton,
3093 3970 3247 4053 quia
3292 3969 3771 4053 profitebantur
3813 3967 4031 4034 Deum
4075 3967 4376 4034 omnium
4414 3965 4581 4032 bono-

2662 4077 2812 4123 rum
2857 4056 2952 4121 818
2995 4063 3291 4121 autorem
3335 4077 3505 4136 esse,
3552 4063 3631 4121 ut
3673 4076 3827 4121 suas
3870 4075 4103 4120 omnes
4150 4051 4581 4137 prosperitates

2664 4143 2722 4208 ei
2784 4141 3029 4208 ferrent
3082 4149 3399 4225 acceptas.
3489 4141 3715 4207 Primo
3772 4148 3994 4207 autem
4035 4140 4267 4205 omnia
4306 4138 4461 4206 hoen
4490 4149 4581 4204 u-

2662 4227 2907 4296 crificia
2964 4228 3108 4293 sisti
3149 4225 3331 4293 iubet
3373 4226 3456 4292 ad
3502 4227 4014 4305 tabernaculum,
4061 4225 4243 4310 quod
4286 4217 4585 4314 sim

2663 4336 2780 4398 per
2814 4322 3234 4397 conspectum
3258 4313 3576 4380 Iehovae:
3622 4312 3863 4397 alioqui
3898 4313 4076 4378 euim
4114 4309 4371 4397 passim

2661 4402 2943 4466 fuissent
2999 4399 3231 4465 altaria
3274 4400 3341 4465 in
3388 4400 3660 4466 urbibus
3703 4409 3769 4464 et
3810 4398 4020 4483 pagis,
4069 4407 4139 4462 81
4183 4397 4394 4477 han,
4459 4408 4464 4411 “
4525 4406 4554 4459 ’ζ

2661 4485 3024 4569 discerptus
3068 4486 3297 4551 fuisset
3340 4486 3557 4552 cultus
3592 4484 3738 4564 Dei,
3785 4492 3853 4550 et
3893 4481 4331 4568 pessumam
4367 4498 4370 4501 '
4425 4490 4428 4497 '
4472 4488 4476 4499 ²

2659 4572 2838 4657 Ergo
2876 4580 2953 4636 ut
2986 4572 3299 4656 populum
3336 4572 3668 4636 contineat
3700 4571 3771 4636 in
3812 4570 4111 4636 eiusdem
4146 4565 4311 4638 fiad
4525 4574 4530 4583 '
4563 4624 4566 4627 .

2660 4679 2771 4737 su,
2831 4657 3014 4723 iubet
3070 4678 3297 4723 omnes
3357 4660 3549 4723 unico
3593 4656 3788 4723 altari
3833 4677 3977 4723 esse
4021 4657 4524 4739 comma-..ff

2661 4753 2881 4809 autem
2942 4751 3010 4808 et
3066 4744 3355 4810 invocari
3417 4743 3560 4808 vult
3604 4743 3672 4808 in
3717 4762 3794 4807 eo
3836 4742 3981 4809 loco
4025 4759 4270 4827 quem
4321 4754 4452 4831 ’,ῃ-1,
4483 4746 4542 4827 J„
4572 4789 4587 4800 -

2659 4838 2951 4896 caverat:
2999 4849 3083 4894 ne
3127 4829 3210 4894 ad
3247 4831 3423 4896 Deos
3468 4839 3813 4894 extraneos
3860 4826 4243 4916 diffluunt?

2660 4927 2802 4981 tum
2846 4913 3159 4981 offerendi
3205 4914 3625 4999 praescribit,
3686 4915 3825 4980 sive
3870 4935 3951 4982 cx
3994 4931 4039 4980 a·
4076 4946 4100 4951 ··

2658 5001 2853 5080 tima,
2919 5002 3059 5066 sive
3118 5022 3202 5066 ex
3262 4999 3639 5084 pecudibus.
3740 4997 3928 5082 Quo’

2659 5088 2934 5152 minutis
2993 5094 3125 5150 tam
3174 5094 3406 5152 exacte
3452 5085 3801 5169 praecipit,

2658 5173 2993 5251 sedulitas,
3019 5192 3428 5257 supervacua
3451 5170 3651 5237 etiam
3674 5183 3816 5243 rem

2660 5259 2922 5343 saepius
2958 5258 3244 5323 inculcat
3279 5257 3503 5324 verbis
3547 5277 3664 5341 pro

2660 5345 2825 5411 haec
2884 5343 3227 5429 diligent-ia
3284 5342 3664 5435 populuffl
