4867 6150
468 462 604 529 273

474 650 543 717 in
612 651 919 734 obsequio
985 651 1210 737 populi
1229 702 1245 732 ,
1313 673 1398 717 ne
1457 651 1539 717 ad
1585 652 2083 736 superstitiones
2128 649 2428 718 deflecte-

474 744 644 807 rent.
758 738 937 822 Ergo
1009 746 1124 803 aut
1195 736 1380 803 nulla
1430 738 1592 821 ipsis
1647 748 1791 805 erat
1848 737 2079 823 religio
2140 747 2257 803 aut
2311 759 2427 803 ex·

474 823 869 908 spectandus
949 834 1092 889 erat
1170 844 1472 891 summus
1549 824 1662 889 ille
1730 821 1983 904 doctor,
2061 825 2173 907 qui
2254 846 2427 890 unus

469 909 785 994 ‚impleret
824 930 1053 976 omnes
1097 930 1408 976 numeros
1455 910 1819 994 prophetici
1864 910 2178 977 muneris.
2282 910 2423 975 Iam

473 995 803 1061 notandae
867 1003 1026 1061 sunt
1089 996 1652 1075 circumstantiae,
1718 996 1955 1080 quibus
2011 997 2289 1062 Iudaeos
2355 996 2428 1060 in

471 1082 831 1149 sobrietate
892 1081 1153 1147 retinet.
1265 1081 1427 1147 Fuit
1485 1080 1611 1147 hoc
1667 1101 1799 1147 non
1857 1082 2152 1167 vulgaris
2208 1082 2425 1147 indul-

474 1167 768 1254 gentiae,
835 1166 1006 1251 quod
1063 1167 1248 1233 Deus
1316 1188 1352 1232 e
1421 1168 1660 1251 populo
1714 1168 1830 1239 illo
1888 1168 2243 1252 prophetas
2301 1168 2426 1234 sibi

463 1255 769 1338 sumpsit,
809 1275 894 1318 ne
932 1274 1096 1337 opus
1139 1260 1311 1319 esset
1352 1253 1614 1337 longius
1651 1254 1968 1320 cursitare
2013 1253 2095 1319 ad
2145 1254 2428 1337 petenda

473 1340 757 1416 oracula,
802 1348 869 1406 et
911 1340 1107 1405 simul
1143 1350 1222 1404 ut
1260 1339 1673 1405 familiariter
1708 1361 1826 1423 pro
1862 1362 1979 1406 suo
2015 1339 2282 1406 modulo
2316 1340 2427 1404 do-

462 1437 795 1494 cerentur.
885 1424 1079 1506 Quod
1124 1434 1340 1490 autem
1386 1425 1547 1491 alios
1593 1426 1940 1510 prophetas
1984 1426 2109 1492 sibi
2162 1445 2422 1509 compa·

475 1521 580 1578 rat
621 1512 873 1591 Moses,
930 1509 1013 1577 ad
1071 1511 1701 1578 commendationem
1748 1513 2082 1578 doetrinae
2127 1513 2422 1596 ipsorum

473 1599 664 1666 valet.
755 1600 1208 1664 Assueverant
1251 1598 1449 1681 longo
1496 1619 1619 1663 usu
1664 1597 1746 1663 ad
1794 1598 1965 1664 hanc
2009 1597 2420 1682 disciplinam

473 1694 547 1750 ut
599 1685 807 1751 Deum
851 1705 964 1748 ore
1007 1683 1293 1748 hominis
1327 1683 1700 1767 loquentem
1739 1684 2061 1761 audirent,
2109 1694 2179 1749 et
2220 1682 2419 1750 stabi-

466 1770 587 1835 lita
630 1780 773 1836 erat
815 1768 1022 1835 Mosis
1067 1769 1415 1847 autoritas,
1480 1780 1553 1835 ut
1608 1782 1786 1836 certo
1843 1770 2141 1853 persuasi
2201 1780 2422 1836 essent

467 1877 540 1922 se
583 1855 904 1921 divinitus
947 1855 1320 1940 gubernari,
1366 1866 1434 1921 et
1477 1854 1598 1921 sibi
1649 1856 1946 1939 patefieri
1984 1854 2297 1941 quidquid
2335 1855 2417 1921 ad

467 1941 750 2009 salutem
792 1942 1141 2008 sufficeret.

639 2028 741 2094 16.
793 2026 1146 2093 Secundum
1194 2027 1410 2092 omnia
1451 2046 1615 2109 quae
1645 2028 1914 2107 petiisti.
1974 2026 2417 2112 Ingratitudi-

463 2115 570 2181 nis
626 2134 775 2179 reos
816 2114 984 2198 agit,
1040 2113 1168 2178 nisi
1226 2112 1569 2197 prophetis
1613 2134 1684 2178 se
1727 2111 1981 2196 placide
2026 2113 2413 2179 subiiciant:

454 2201 774 2285 -quoniam
812 2199 935 2266 hae
979 2200 1048 2263 in
1085 2207 1272 2283 parte
1307 2219 1531 2264 eorum
1584 2208 1736 2265 voto
1772 2199 1954 2264 Deus
1988 2198 2414 2282 obtemperet.

464 2287 638 2353 Nam
683 2308 809 2371 quo
854 2284 1200 2351 amabilius
1240 2284 1374 2350 illis
1417 2293 1592 2351 esset
1645 2285 2019 2368 maioreque
2080 2288 2148 2349 in
2208 2286 2416 2368 pretio

463 2393 708 2439 munus
753 2371 1239 2456 propheticum,
1284 2391 1361 2438 ac
1409 2392 1491 2436 ne
1540 2380 1811 2454 propter
1861 2381 2194 2455 aspectum
2242 2392 2414 2435 mor·

464 2458 618 2526 talis
681 2458 968 2525 hominis
1033 2457 1375 2523 vilesceret
1397 2507 1414 2535 ,
1491 2455 1664 2523 hanc
1743 2456 1874 2522 illis
1938 2456 2413 2524 confessionem

463 2545 648 2611 Deus
687 2543 982 2624 extorsit,
1025 2542 1191 2608 nihil
1228 2562 1369 2608 esse
1404 2542 1642 2608 melius
1677 2563 1871 2626 quam
1910 2552 1985 2609 ut
2018 2544 2414 2626 interpretes

453 2651 547 2697 ex
591 2628 969 2695 hominibus
1013 2629 1305 2713 eligeret.
1395 2627 1477 2693 In
1522 2628 1686 2714 legis
1732 2628 2251 2714 promulgatione
2294 2650 2411 2713 pa-

460 2717 596 2784 lam
641 2714 1049 2799 resplenduit
1096 2714 1370 2781 visibilis
1414 2714 1543 2780 Dei
1588 2717 1915 2793 maiestas,
1980 2717 2167 2782 cuius
2212 2736 2411 2780 sensu

459 2801 903 2886 expavefacti,
968 2801 1144 2866 ultro
1189 2800 1421 2866 Mosen
1463 2800 1588 2866 sibi
1632 2800 1774 2866 dari
1822 2811 2134 2885 optarunt
2193 2801 2409 2868 docto·

461 2910 621 2969 rem,
665 2896 732 2953 et
774 2888 1076 2953 coelestis
1123 2889 1301 2952 vocis
1346 2907 1749 2969 praeconem.
1797 2886 2014 2967 Quam
2060 2885 2245 2953 utilis
2280 2889 2412 2953 fue-

457 2975 549 3040 rit
570 2984 781 3040 terror
816 2973 926 3039 ille
963 2972 1045 3037 ad
1081 2972 1712 3038 commendationem
1737 2971 2073 3039 doctrinae
2110 2994 2274 3058 quae
2297 2995 2414 3057 per

458 3060 761 3128 homines
804 3058 1239 3144 praedicatur,
1284 3066 1437 3124 ante
1482 3058 1699 3125 visum
1745 3068 1861 3125 est.
1923 3059 2137 3126 Vanis
2182 3081 2413 3144 specu-

458 3146 815 3214 lationibus
858 3146 929 3211 in
972 3145 1252 3211 sublime
1296 3144 1451 3210 ferri
1500 3155 1725 3210 nostra
1769 3146 2036 3231 ingenia
2070 3146 2218 3230 plus
2253 3147 2416 3212 satis

451 3232 863 3316 experimur.
965 3232 1073 3297 Ita
1137 3230 1458 3298 vellemus
1519 3232 1769 3309 Deum,
1839 3233 2094 3316 quoties
2159 3232 2416 3316 obrepit

453 3319 678 3403 aliqua
709 3317 1049 3394 dubitatio,
1095 3339 1132 3382 e
1172 3317 1367 3384 coelis
1412 3317 1666 3383 elicere.
1713 3318 2030 3385 Convinei
2067 3341 2223 3403 ergo
2258 3339 2413 3386 suae

456 3404 929 3472 imbecillitatis
990 3402 1329 3469 Israelitas
1397 3425 1662 3471 neeesse
1740 3404 1902 3484 fuit,
1979 3427 2064 3470 ne
2140 3414 2408 3489 captum

457 3513 650 3558 suum
696 3489 1307 3556 transscenderent:
1344 3489 1457 3555 sed
1504 3489 1674 3573 quod
1698 3490 2030 3557 Dominus
2072 3490 2205 3556 illis
2247 3489 2410 3556 utile

447 3598 602 3645 esse
659 3576 1072 3660 providerat,
1145 3576 1389 3640 summi
1446 3576 1747 3644 beneficii
1807 3575 1945 3642 loco
2004 3585 2409 3661 expeterent,

451 3671 524 3730 et
565 3663 761 3730 simul
796 3662 1243 3728 valedicerent
1274 3662 1598 3745 superbae
1619 3663 1999 3742 curiositati,
2045 3684 2211 3747 quae
2246 3684 2412 3728 sem-

452 3770 576 3834 per
635 3770 746 3815 ees
810 3748 1171 3825 titillasset,
1239 3748 1370 3813 nisi
1432 3748 1718 3814 remedio
1785 3748 2081 3814 adhibito
2153 3759 2410 3816 mature

453 3834 690 3902 fuisset
710 3844 1018 3901 correcta.
1064 3834 1231 3900 Eius
1266 3841 1486 3900 autem
1526 3834 1697 3911 doni,
1743 3835 1913 3916 quod
1937 3835 2063 3900 sibi
2085 3835 2407 3919 optimum

443 3942 600 3989 esse
635 3921 1027 3999 iudicarunt,
1065 3920 1338 3985 minime
1371 3920 1743 3987 excusabile
1778 3921 2008 3987 fuisset
2050 3920 2406 3987 fastidium.

446 4006 741 4076 Summa
785 4014 911 4087 est,
972 4007 1187 4072 Deum
1246 4004 1446 4071 semel
1506 4005 1886 4090 apparuisse
1950 4016 2026 4071 ut-
2071 4007 2410 4092 prophetis

451 4095 595 4160 suis
639 4092 833 4158 fidem
878 4101 949 4159 et
990 4092 1405 4158 autoritatem
1453 4093 1855 4176 acquireret:
1906 4093 2204 4159 ordinem
2250 4114 2407 4159 vero

450 4179 782 4265 regendae
856 4178 1201 4257 eeclesiae,
1267 4188 1337 4244 et
1402 4178 1746 4245 testandae
1814 4200 1973 4244 suae
2045 4179 2407 4246 voluntatis

449 4265 822 4332 instituisse
862 4286 1056 4350 quem
1102 4264 1381 4349 populus
1402 4265 1544 4347 ipse
1578 4264 1987 4350 experientia
2010 4274 2409 4349 cognoverat

441 4372 868 4433 summopere
911 4351 1036 4417 sibi
1080 4371 1221 4416 esse
1263 4350 1514 4416 utilem.

630 4438 729 4503 17.
779 4436 956 4503 Bene
997 4441 1268 4521 eqerunt.
1336 4436 1600 4502 Recitat
1621 4436 1840 4502 Moses
1876 4435 2115 4502 iudicio
2145 4446 2212 4501 et
2249 4457 2405 4503 voce

445 4523 582 4590 Dei
624 4524 825 4589 fuisse
868 4521 1358 4606 comprobatum
1382 4522 1546 4588 illud
1583 4535 1830 4588 votum.
1890 4523 2119 4606 Neque
2143 4524 2319 4587 enim
2346 4524 2401 4589 si

439 4608 657 4677 stulta
679 4609 915 4675 levitas
931 4609 1230 4673 homiues
1250 4609 1588 4692 impulerit
1607 4609 1686 4674 ad
1714 4608 1958 4692 aliquid
1984 4618 2405 4692 praepostere

435 4693 845 4779 optandum,
901 4692 1049 4760 ideo
1091 4703 1306 4759 ratum
1351 4694 1420 4758 id
1465 4695 1767 4777 protinus
1811 4716 1954 4761 esse
2001 4694 2222 4760 debet.-
2265 4693 2399 4773 sed,

443 4780 568 4847 ubi
612 4780 860 4848 aceedit
881 4775 1012 4846 Dei
1054 4800 1410 4847 consensus
1455 4788 1522 4844 et
1564 4781 1747 4864 quasi
1784 4781 2185 4864 suffragatio,
2230 4779 2399 4862 quod

447 4866 578 4933 sibi
622 4868 881 4952 placere
923 4867 1228 4946 ostendit,
1274 4869 1479 4932 fixum
1524 4880 1592 4931 et
1648 4867 2025 4932 inviolabile
2068 4876 2242 4931 stare
2288 4866 2398 4931 de·

441 4954 582 5021 bet.
628 4953 825 5021 Unde
866 4951 1193 5037 sequitur,
1254 4954 1470 5019 Deum
1528 4952 1599 5017 in
1658 4952 1996 5018 mittendis
2042 4952 2397 5036 prophetis,

446 5049 528 5105 ut
605 5040 892 5105 maxime
957 5036 1222 5122 expedit
1248 5090 1262 5118 ,
1342 5040 1679 5106 consulere
1758 5039 2095 5104 hominum
2178 5039 2395 5104 saluti.

444 5125 663 5192 Porro
706 5123 878 5208 quod
920 5134 1205 5208 surgunt
1261 5126 1350 5209 pii
1411 5124 1706 5190 doctores
1750 5125 1864 5208 qui
1898 5125 2181 5190 fideliter
2222 5125 2393 5189 viam

444 5210 681 5278 salutis
723 5219 1110 5290 monstrent,
1154 5211 1279 5278 hoc
1320 5212 1557 5277 asserit
1596 5211 1933 5295 singulare
1975 5231 2118 5276 esse
2151 5211 2396 5278 favoris

443 5297 558 5366 sui
623 5297 1105 5363 testimonium:
1165 5296 1554 5380 laudemque
1612 5298 1734 5363 sibi
1796 5296 2127 5374 vendicat,
2187 5317 2391 5381 quum

434 5381 739 5452 secundo
801 5384 1067 5467 repetit:
1136 5381 1482 5449 Suscitabo
1547 5384 1957 5466 prophetam.
2070 5381 2259 5451 Sicut
2328 5390 2395 5448 et

592 5485 813 5544 odoini
839 5501 1026 5557 opera.
1102 5486 1216 5543 Vol.
1256 5484 1414 5540 XXI
1425 5487 1480 5540 V.

1960 463 2342 532 PRIMUM
2385 463 3033 534 PRAEOEP'DUM.

4365 470 4503 537 274

2530 652 2785 719 Paulus
2830 650 3043 719 docet:
3089 652 3432 734 Quomodo
3474 655 3971 740 praedicabunt,
4032 656 4159 722 nisi
4216 658 4489 724 mittan-

2532 747 2641 805 tur
2674 737 2895 825 (Rom.
2946 739 3045 816 10,
3095 739 3249 841 15)?
3338 742 3432 807 Et
3473 763 3650 820 sane,
3695 741 3924 808 eodem
3969 750 4136 808 teste
4171 745 4486 828 Apostolo

2532 826 2614 890 ad
2659 825 2832 892 hane
2890 825 3296 910 provinciam
3355 849 3545 894 nemo
3600 832 3963 912 reperietur
4006 828 4311 896 idoneus:
4370 829 4487 898 sed

2529 910 2807 977 facultas
2853 921 3032 978 recte
3069 912 3341 978 docendi
3406 934 3446 981 a
3489 914 3633 980 Deo
3690 925 3793 980 est
3835 913 3922 1001 (1.
3968 913 4119 982 Cor.
4165 915 4226 994 2,
4276 915 4361 980 14
4416 919 4487 983 et

2529 996 2588 1073 4,
2640 996 2725 1082 1).
2794 997 2987 1065 Unde
3030 998 3343 1081 sequitur,
3392 999 3605 1066 Deum
3652 1009 3831 1068 certo
3874 1003 4282 1083 praesentiae
4325 1022 4485 1070 suae

2529 1083 2828 1167 symbolo
2894 1084 3186 1149 favorem
3252 1105 3411 1169 erga
3475 1107 3595 1152 nos
3658 1107 3855 1152 suum
3932 1087 4162 1152 testari
4230 1088 4484 1171 quoties

2529 1168 2805 1250 spiritus
2849 1170 2949 1234 sui
2995 1168 3254 1234 dotibus
3298 1170 3729 1250 illustratet
3750 1173 3822 1237 in
3857 1170 4145 1238 medium
4181 1173 4484 1257 producit

2528 1253 2693 1319 fidos
2740 1254 3109 1338 probosque
3175 1254 3489 1323 doctores.
3578 1257 3820 1323 Postea
3873 1258 4181 1325 admonet
4241 1260 4463 1327 Moses

2529 1337 2750 1404 Deum
2828 1341 2922 1407 sie
3000 1340 3367 1426 gubernare
3446 1344 3786 1409 eeclesiam
3865 1365 4053 1409 suam
4136 1345 4478 1412 hominum

2526 1444 2727 1490 manu
2762 1434 2831 1490 et
2873 1446 3089 1509 opera,
3135 1438 3212 1492 ut
3252 1427 3378 1492 sibi
3423 1428 3586 1494 nihil
3626 1429 3911 1513 deroget.
3959 1429 4104 1496 Sibi
4141 1432 4318 1496 enim
4353 1432 4477 1499 hoe

2526 1512 2861 1595 proprium
2907 1513 3178 1591 retinet,
3237 1514 3421 1597 quasi
3479 1514 3549 1579 in
3607 1536 3680 1581 os
3738 1536 4092 1600 suggerere
4135 1518 4477 1602 prophetis

2526 1597 2697 1679 quod
2743 1596 3113 1680 loquantur,
3159 1620 3280 1665 nec
3326 1600 3474 1683 plus
3516 1601 3648 1665 illis
3693 1602 4016 1685 permittit
4057 1624 4251 1686 quam
4297 1603 4477 1687 loqui

2524 1693 2591 1748 et
2632 1685 2923 1766 proferre
2966 1705 3394 1769 quaeeunque
3437 1687 3866 1754 mandaverit.
3962 1687 4272 1755 Videmus
4319 1710 4475 1775 ergo

2522 1778 2776 1834 creatos
2822 1768 2902 1835 ab
2946 1770 3135 1837 initio
3178 1771 3378 1837 fuisse
3412 1784 3727 1856 pastores,
3776 1795 3905 1840 non
3945 1783 4020 1840 ut
4063 1773 4474 1842 dominaren-

2524 1863 2632 1920 tur
2673 1856 2816 1940 ipsi,
2876 1855 2985 1922 vel
3030 1857 3166 1921 suis
3210 1859 3600 1924 commentis
3643 1859 3987 1926 eeclesiam
4033 1861 4472 1927 subiicerent:

2522 1940 2636 2005 sed
2684 1951 2942 2007 tantum
2983 1951 3056 2008 ut
3102 1964 3134 2008 s
3182 1943 3373 2009 iritus
3410 1946 3620 2010 sancti
3657 1955 3880 2011 essent
3914 1967 4179 2031 organa.
4248 1947 4473 2032 Atque

2520 2026 2716 2092 hodie
2759 2028 2872 2111 qui
2907 2028 3055 2111 plus
3079 1964 3199 2093 sigi
3233 2029 3539 2096 licentiae
3577 2040 3918 2118 usurpant,
3963 2051 4114 2097 cum
4153 2032 4476 2118 sacrilega

2521 2133 2641 2177 sua
2685 2110 3038 2198 tyrannide
3081 2115 3308 2198 procul
3353 2115 3660 2202 abigendi
3704 2126 3876 2184 sunt.

3157 2405 3290 2473 Ex
3335 2407 3605 2475 DEU'I'.
3650 2407 3852 2475 XIII.

2695 2596 2729 2659 1
2764 2593 2827 2681 ¹).
2871 2596 3077 2677 Quum
3118 2598 3464 2662 surrexerit
3505 2597 3578 2662 in
3620 2597 3821 2663 medio
3857 2598 3953 2662 tui
3984 2596 4318 2681 propheta,
4376 2598 4473 2665 vel

2520 2682 2634 2764 qui
2695 2682 3005 2747 somnium
3067 2682 3435 2764 somniabit,
3503 2688 3560 2748 et
3614 2684 3853 2749 dederit
3905 2683 4021 2749 tibi
4073 2685 4321 2769 siqnum
4375 2683 4475 2751 vel

2733 2773 2891 2845 tum,
2972 2769 3032 2835 2.
3090 2763 3505 2851 Eveneritqae
3560 2769 3674 2833 tibi
3716 2772 3969 2853 siqnum
4023 2775 4080 2835 et
4111 2774 4472 2849 portentum

2519 2853 2684 2936 quod
2725 2854 2975 2919 dixerat
3014 2853 3128 2920 tibi
3146 2904 3162 2932 ‚
3215 2855 3500 2920 dicendo.-
3557 2853 3807 2920 Eamus
3837 2860 3985 2937 post
4026 2855 4168 2920 deos
4232 2857 4470 2922 alienos

2521 2959 2674 3020 quos
2715 2960 2840 3005 non
2882 2942 3075 3017 nosti,
3120 2944 3175 3003 et
3217 2940 3490 3006 colamus
3530 2960 3668 3004 eos:
3753 2939 3812 3005 3.
3862 2941 4007 3006 Non
4051 2940 4293 3006 obedies
4332 2963 4471 3008 ver·

2520 3024 2618 3091 bis
2662 3025 3006 3107 prophetae
3060 3025 3241 3092 illius
3260 3077 3274 3101 ‚
3332 3030 3442 3092 aut
3497 3026 3811 3092 somnium
3853 3027 4257 3094 somniantis:
4316 3029 4470 3109 quia

2519 3117 2711 3177 tentat
2765 3133 2874 3177 vos
2933 3113 3164 3177 Iehova
3220 3112 3401 3179 Deus
3455 3118 3671 3187 vester,
3739 3118 3811 3177 ut
3850 3113 4009 3179 sciat
4053 3133 4139 3178 an
4180 3113 4470 3198 diliqatis

2521 3197 2812 3263 Iehovam
2834 3197 3044 3263 Deum
3086 3202 3357 3263 vestrum
3393 3203 3510 3264 toto
3545 3198 3722 3263 corde
3755 3203 3973 3282 vestro,
4011 3203 4065 3263 et
4099 3202 4222 3264 tota
4243 3200 4467 3265 anieno

2516 3289 2741 3349 vestra.
2831 3283 2892 3348 4.
2938 3282 3088 3349 Post
3143 3283 3436 3348 Iehovam
3470 3282 3681 3348 Deum
3736 3291 4005 3359 vestrum
4042 3284 4464 3365 ambulabitis,

2517 3368 2817 3451 illumque
2855 3369 3166 3447 timebitis,
3235 3390 3308 3434 ae
3338 3374 3678 3452 praecepta
3720 3371 3857 3435 eius
3898 3372 4279 3437 custodietis.-
4331 3373 4469 3437 voci

2515 3455 2656 3520 eius
2699 3455 2988 3521 obedietis
3028 3460 3082 3520 et
3125 3475 3268 3520 eum
3312 3454 3535 3533 coletis,
3581 3457 3758 3537 eique
3799 3455 4233 3523 adhaerebitis.

3112 3746 3246 3813 Ex
3291 3746 3560 3813 DEU'r.
3607 3745 3875 3814 XVIII.

2684 3918 2786 3984 21.
2840 3919 3005 4003 Quia
3046 3920 3109 3984 si
3142 3919 3388 3985 dixeris
3430 3920 3498 3984 in
3541 3919 3721 3984 eorde
3763 3924 3899 3985 tuo:
3969 3919 4280 4001 Quomodo
4430 3958 4460 3971 ·

2508 4026 2832 4073 noscemus
2886 4004 3138 4072 verbum
3194 4007 3358 4086 quod
3413 4026 3538 4070 non
3592 4005 3881 4085 loquutus
3932 4005 4130 4086 fuerit
4172 4006 4403 4073 Iehova
4417 4007 4456 4073 ἓ

2510 4092 2614 4158 22.
2668 4092 2930 4174 Quando
2984 4090 3263 4174 loquetur
3293 4090 3602 4174 propheta
3645 4093 3714 4155 in
3757 4090 4004 4157 nomine
4049 4091 4342 4169 Iehovae,
4403 4097 4461 4158 et

2508 4199 2633 4244 non
2676 4178 2980 4244 exstiterit
3018 4198 3121 4243 res
3163 4176 3296 4253 illa,
3344 4198 3538 4259 neque
3580 4177 3871 4241 evenerit.-
3912 4197 4113 4242 sermo
4154 4182 4244 4242 est
4276 4198 4461 4260 quem

2507 4285 2629 4329 non
2673 4264 2965 4346 loquutus
3008 4268 3098 4329 est
3139 4262 3386 4341 Iehova,
3422 4284 3541 4345 per
3572 4262 3932 4343 superbiam
3972 4264 4138 4328 enim
4172 4262 4461 4346 loquutus

2508 4356 2600 4417 est
2627 4350 2936 4433 propheta
2968 4349 3106 4415 ille.-
3147 4370 3225 4415 ne
3266 4350 3489 4415 timeas
3529 4349 3608 4413 ab
3649 4369 3734 4413 eo.

2680 4522 3034 4604 Postquam
3084 4543 3123 4587 a
3164 4519 3530 4604 peregrinis
3576 4518 3872 4602 gentium
3922 4518 4197 4585 fallaciis
4236 4520 4451 4588 Israe-

2505 4607 2658 4674 litas
2694 4608 2975 4673 retraxit
3011 4608 3262 4686 Moses,
3315 4624 3493 4670 nunc
3535 4607 3727 4669 etiam
3788 4612 3971 4669 vetat
4015 4626 4116 4681 ne,
4168 4606 4220 4671 si
4278 4608 4454 4675 inter

2506 4695 2678 4776 ipsos
2724 4697 3110 4758 exoriantur
3173 4693 3319 4758 falsi
3380 4689 3707 4768 doctores,
3763 4713 3834 4755 se
3893 4690 4092 4754 nimis
4150 4692 4452 4762 credulos

2504 4779 2891 4863 praebeant:
2966 4799 3041 4845 ac
3110 4779 3336 4844 sedulo
3402 4790 3681 4843 caveant
3746 4776 3829 4840 ab
3891 4776 4197 4843 omnibus
4259 4781 4450 4848 novis

2502 4867 2908 4943 commentis,
2955 4884 3074 4930 nec
3118 4864 3315 4929 ullius
3359 4863 3654 4948 impulsu
3700 4862 3809 4927 vel
3854 4862 4188 4928 tantillum
4226 4886 4265 4929 a
4300 4867 4447 4951 lege

2504 4952 2870 5018 deflectant.
2919 4950 3148 5034 Neque
3171 4952 3347 5017 enim
3374 4971 3411 5015 a
3443 4950 3751 5033 professis
3776 4947 3990 5014 solum
4017 4948 4314 5016 hostibus
4339 4954 4441 5019 vel

2499 5038 2745 5104 exteris
2788 5038 3358 5120 superstitionibus
3413 5035 3780 5120 periculum
3826 5044 3953 5112 est,
4014 5036 4128 5100 sed
4174 5057 4289 5119 per
4345 5037 4450 5102 in-

2500 5123 2772 5189 testinas
2816 5142 3071 5206 quoque
3114 5123 3377 5188 fraudes
3435 5122 3788 5188 insidiatur
3830 5120 4074 5198 Satan,
4137 5133 4200 5186 et
4258 5143 4444 5189 sacro

2496 5209 2623 5275 Dei
2685 5210 2951 5274 nomine
3005 5211 3088 5274 ad
3147 5209 3508 5275 fallendum
3563 5208 3874 5274 abutitur.
3963 5207 4144 5290 Ergo
4187 5208 4445 5290 piorum

2633 5395 2692 5466 1)
2725 5396 2895 5451 nebr.
2929 5395 3085 5452 2—5.
3967 5477 4037 5533 ¹8
