4867 6150
333 460 451 527 245

331 649 517 716 etiam
559 646 720 712 ferri
764 654 833 711 et
873 647 1043 714 aeris
1085 649 1437 714 contineat.
1517 647 1749 732 Capite
1794 659 2008 716 autem
2056 651 2255 718 unde-

331 735 520 811 cimo,
570 732 743 796 idem
789 733 937 798 aliis
981 732 1196 800 verbis
1241 733 1484 800 clarius
1527 744 1594 800 et
1634 737 1846 819 magis
1888 738 2258 820 specialiter

329 819 635 902 explicat:
696 818 850 902 quia
904 818 1154 886 accedit
1206 821 1606 903 comparatio
1661 831 1875 887 terrae
1934 825 2255 908 Aegypti:

330 906 507 974 cuius
597 904 1002 970 foecunditas
1093 905 1218 970 etei
1310 925 1530 971 annua
1610 906 1748 971 Nili
1834 907 2288 975 inundatione-

330 990 642 1057 mirabilis
685 1000 816 1069 est,
862 1000 930 1055 et
973 1000 1285 1074 tanquam
1329 992 1586 1075 insigne
1643 992 2032 1059 miraculum
2091 996 2256 1061 cele-

333 1079 587 1145 bratur:
662 1086 885 1141 tamen
957 1077 1210 1161 indiget
1265 1096 1507 1161 magno
1565 1077 1784 1143 labore
1838 1090 1905 1145 et
1963 1079 2254 1147 cultura:

331 1183 563 1245 nempe
607 1163 758 1244 quia
801 1160 1011 1228 ductis
1054 1163 1254 1229 sulcis
1299 1163 1615 1247 irrigatur
1670 1185 1872 1230 manu
1919 1173 1986 1229 et
2028 1165 2255 1232 indus-

326 1251 445 1313 tria
492 1248 849 1314 hominum.
936 1249 1142 1313 'I'erra
1183 1257 1405 1313 autem
1442 1248 1764 1315 Chanaan
1813 1271 1853 1316 a
1885 1249 2018 1316 Dei
2062 1251 2256 1318 bene-

327 1335 601 1400 dictione
623 1332 866 1417 pendet
890 1344 1351 1418 exspeotatque
1387 1334 1676 1417 pluviam
1711 1359 1748 1401 e
1782 1336 1978 1404 coelo.
2036 1337 2257 1421 Atque

324 1420 716 1506 peculiarem
762 1429 975 1485 terrae
1041 1420 1256 1485 dotem
1311 1420 1670 1503 splendidis
1724 1420 1941 1488 verbis
1997 1423 2258 1489 extollit

324 1507 573 1583 Moses,
635 1516 874 1570 terram
921 1506 1101 1571 illam
1148 1505 1370 1572 dicens
1427 1508 1664 1591 respici
1708 1528 1965 1592 semper
2009 1530 2049 1573 a
2093 1507 2257 1589 Deo,

321 1602 393 1658 ut
447 1592 734 1658 vicissim
780 1591 1121 1657 Israelitae
1178 1601 1427 1657 attente
1471 1591 1686 1657 Deum
1752 1594 2134 1678 respiciant,
2193 1603 2259 1660 et

323 1677 588 1762 quidem
624 1675 902 1743 assidue.
961 1677 1117 1745 Huc
1150 1678 1325 1743 enim
1363 1679 1698 1761 pertinent
1732 1680 1965 1745 verba:
2004 1680 2259 1764 Iugiter

320 1786 356 1830 a
400 1763 719 1846 principio
777 1783 984 1845 usque
1040 1762 1122 1828 ad
1178 1764 1374 1829 finem
1435 1764 1610 1830 anni.
1698 1767 1796 1831 Ac
1850 1765 1906 1832 si
1964 1765 2256 1845 dixisset,

319 1852 616 1934 ingratos
659 1849 799 1914 fore
835 1848 1008 1927 Deo,
1069 1849 1197 1915 nisi
1252 1849 1512 1916 assidue
1556 1847 1638 1913 ad
1682 1870 1833 1916 eum
1877 1872 1996 1916 sua
2041 1852 2258 1917 studia

318 1936 708 2020 dirigerent:
755 1936 910 2018 quia
950 1955 1083 1999 non
1130 1935 1466 2001 desinebat
1509 1936 1796 2018 quotidie
1838 1937 1969 2002 illis
2003 1937 2257 2020 prospi-

317 2042 481 2087 cere.
574 2020 830 2086 Verum
872 2021 1136 2104 quidem
1178 2031 1297 2100 est,
1340 2020 1597 2086 nullum
1643 2042 1783 2087 esse
1827 2021 2003 2088 orbis
2047 2045 2256 2107 angu-

317 2107 949 2173 lumbenedictionis
973 2107 1102 2173 Dei
1135 2117 1490 2191 expertem,
1525 2115 1595 2173 et
1625 2108 1766 2173 eius
1811 2111 2255 2174 testimonium

316 2215 457 2260 esse
527 2193 695 2277 quod
738 2194 933 2258 Nilus
998 2202 1203 2258 totam
1250 2195 1626 2277 Aegyptum
1694 2193 2072 2260 foecundat:
2140 2193 2255 2260 sed

315 2281 469 2364 quia
517 2280 717 2345 semel
761 2279 829 2344 id
873 2280 1224 2362 quotannis
1268 2278 1529 2356 accidit,
1591 2276 1826 2344 deinde
1869 2280 2011 2346 eius
2054 2301 2258 2363 aquae

311 2387 431 2450 per
503 2366 716 2431 sulcos
769 2365 901 2431 huo
959 2366 1114 2432 illuc
1160 2364 1501 2431 hominum
1558 2365 1833 2430 artificio
1891 2364 2255 2431 ducuntur:

313 2473 446 2518 non
533 2454 779 2517 frustra
842 2451 1063 2518 Moses
1142 2450 1297 2516 inde
1374 2451 1850 2516 exhortationis
1914 2452 2257 2517 materiam

313 2539 618 2622 sumpsit,
688 2536 946 2603 assidue
1005 2536 1287 2602 dandam
1341 2536 1473 2603 illis
1530 2556 1675 2602 esse
1732 2557 1994 2620 operam
2050 2536 2256 2602 medi-

310 2625 560 2689 tandae
604 2623 764 2708 legi:
820 2622 972 2706 quia
1014 2645 1141 2688 non
1185 2631 1440 2688 tantum
1484 2622 1761 2707 singulis
1805 2623 1963 2688 anni
2007 2632 2254 2707 tempo·

309 2710 521 2788 ribus,
565 2710 677 2775 sed
723 2729 924 2792 prope
966 2709 1242 2794 singulis
1277 2709 1623 2774 momentis
1658 2717 1845 2787 cogat
1879 2729 1990 2775 eos
2034 2731 2253 2776 neces-

308 2798 472 2862 sitas
546 2795 894 2878 implorare
950 2816 1140 2879 opem
1196 2793 1360 2875 Dei,
1428 2814 1630 2878 quum
1690 2793 1951 2860 videant
2009 2805 2254 2860 terram

307 2883 529 2965 ipsam
565 2894 787 2964 petere
816 2901 1073 2965 semper
1095 2903 1133 2947 a
1155 2882 1297 2946 Deo
1333 2879 1662 2946 ariditatis
1696 2900 1850 2946 suae
1872 2881 2253 2946 remedium.

307 2969 679 3048 Quaeritur
721 2976 942 3032 tamen
981 2965 1299 3050 quomodo
1341 2975 1478 3031 tam
1523 2966 1871 3050 magnifice
1923 2965 2256 3048 praedicet

304 3056 539 3122 Moses
582 3053 984 3138 opulentiam
1018 3063 1231 3120 terrae
1251 3051 1592 3131 Chanaan,
1636 3071 1802 3135 quac
1847 3051 2039 3118 hodie
2082 3052 2258 3118 inter

305 3141 566 3206 fertiles
619 3141 731 3205 vix
786 3150 1198 3206 numeratur:
1263 3139 1551 3221 adeoque
1594 3139 1764 3203 Mosi
1811 3147 2111 3222 proterve
2153 3140 2255 3203 in-

306 3228 568 3292 sultant
630 3225 889 3309 profani
954 3226 1279 3301 homines,
1358 3224 1664 3308 quoniam
1744 3223 1884 3290 eius
1962 3226 2257 3290 encomia

304 3313 621 3378 refellant
662 3332 905 3392 omncs,
950 3314 1060 3395 qui
1104 3311 1211 3376 vel
1255 3309 1632 3395 negotiandi
1677 3329 1898 3390 causa,
1942 3310 2050 3376 vel
2096 3331 2252 3393 qua-

305 3419 573 3481 cunque
637 3398 767 3462 alia
829 3398 986 3464 illuc
1050 3397 1322 3481 profecti
1400 3404 1573 3461 sunt.
1689 3396 1846 3479 Ego*
1897 3416 2055 3460 vero
2121 3416 2255 3461 non

303 3483 539 3548 dubito
584 3484 740 3566 quin
785 3504 1042 3566 semper
1084 3481 1321 3548 nobilis
1362 3482 1564 3547 fuerit
1596 3480 1943 3564 multiplici
1989 3483 2253 3566 frugum

301 3570 607 3634 omnium
655 3584 1008 3652 proventu:
1054 3570 1222 3635 sicut
1264 3578 1484 3651 postea
1528 3588 1646 3633 suo
1690 3566 1829 3633 loco
1872 3566 2252 3647 videbimus,

302 3677 384 3721 ex
435 3657 649 3721 botris
693 3655 1033 3737 probatam
1074 3654 1275 3719 fuisse
1320 3654 1461 3717 eius
1505 3653 1932 3719 fertilitatem.
2003 3654 2253 3718 Verum

303 3742 505 3807 simul
558 3738 911 3806 tenendum
969 3751 1102 3819 est,
1161 3759 1332 3805 novo
1376 3752 1443 3804 et
1497 3739 1755 3804 insolito
1796 3739 1986 3804 modo
2031 3748 2253 3804 auctas

299 3826 518 3894 fuisse
585 3827 727 3892 eius
789 3827 1037 3909 copias,
1100 3824 1322 3910 populi
1376 3824 1695 3894 adventu:
1753 3836 1827 3888 ut
1882 3825 2256 3890 ostenderet

301 3911 497 3980 Deus
544 3934 616 3978 se
661 3913 990 3996 regionem
1053 3911 1234 3976 illam
1291 3930 1446 3993 prae
1502 3910 1645 3975 aliis
1703 3909 2005 3975 omnibus
2058 3910 2251 3975 bene-

300 3998 581 4077 dixisse,
628 4012 700 4063 ut
742 3998 1100 4063 liberaliter
1143 3996 1313 4061 filios
1355 4016 1506 4061 suos
1586 4007 1850 4063 asceret.
1920 3995 2252 4076 Quamdiu

299 4105 466 4168 ergo
515 4085 589 4148 in
633 4084 1108 4150 haereditatem
1166 4103 1474 4148 concessa
1557 4082 1652 4146 uit
1709 4096 1885 4147 terra
1940 4082 2057 4147 illa
2098 4082 2252 4147 filiis

299 4170 655 4246 Abrahae,
714 4168 1120 4252 resplenduit
1166 4169 1237 4232 in
1283 4168 1423 4233 eius
1466 4167 1792 4245 ubertate,
1852 4166 2022 4250 quod
2067 4167 2288 4233 Deus*

294 4257 703 4338 promiserat
744 4277 861 4338 per
899 4256 1145 4321 Mosen.
1220 4254 1411 4319 Nune
1450 4251 1613 4317 'vero
1656 4273 1897 4336 magna
1940 4274 2022 4318 ex
2066 4265 2252 4336 parte

295 4340 641 4408 desertam
663 4362 804 4407 esse
827 4341 936 4406 vel
970 4340 1280 4417 sterilem,
1320 4341 1480 4404 adeo
1516 4341 1740 4404 mirari
1762 4360 1891 4404 non
1919 4338 2249 4419 debemus,

296 4439 373 4491 ut
455 4428 681 4510 potius
764 4428 1005 4492 mirum
1084 4427 1173 4492 sit
1250 4434 1497 4490 restare
1574 4427 1851 4491 obscura
1930 4424 2247 4507 quaedam

294 4513 596 4598 vestigia
630 4514 936 4597 antiquae
972 4510 1453 4578 foecunditatis:
1492 4512 1647 4594 quia
1680 4510 1940 4593 impleri
1961 4512 2252 4594 oportuit

293 4598 478 4682 quod
526 4601 670 4682 ipse
713 4619 966 4682 quoque
1007 4599 1189 4663 Deus
1230 4598 1521 4662 minatus
1565 4600 1793 4662 fuerat.
1861 4596 2039 4680 Ergo
2082 4617 2247 4680 quae

291 4685 502 4750 hodie
591 4685 987 4768 conspicitur
1063 4693 1280 4749 terrae
1355 4681 1763 4762 deformitas,
1839 4682 1999 4748 adeo
2077 4682 2247 4747 nihil

291 4770 588 4856 derogat
662 4771 1034 4836 testimonio
1101 4770 1333 4850 Mosis,
1414 4781 1490 4833 ut
1554 4769 1770 4852 potius
1847 4766 2249 4834 demonstret

290 4869 457 4922 ante
529 4856 752 4922 oculos
816 4856 945 4921 Dei
1002 4855 1349 4935 iudicium,
1427 4855 1600 4938 quod
1666 4853 1818 4920 alibi
1884 4854 2246 4920 videbimus

290 4942 776 5008 denunciatum
820 4942 1040 5007 fuisse.
1108 4941 1188 5006 In
1233 4959 1509 5019 summa,
1554 4941 1743 5008 sicuti
1778 4941 1961 5006 Deus
2004 4949 2245 5005 terram

287 5030 490 5112 prius
537 5030 924 5113 frugiferam
966 5029 1175 5111 magis
1229 5027 1654 5112 locupletavit
1695 5029 1766 5091 in
1808 5026 2089 5110 gratiam
2131 5046 2247 5109 po-

287 5116 443 5198 puli
503 5115 646 5181 sui:
704 5115 828 5193 ita,
889 5123 963 5180 ut
1019 5113 1308 5180 eiusdem
1371 5113 1597 5198 populi
1661 5113 1909 5179 scelera
1963 5112 2246 5195 puniret,

286 5201 435 5266 sale
475 5222 629 5266 eam
667 5201 1045 5284 conspersit,
1080 5200 1374 5290 uttriste
1408 5200 1851 5283 spectaculum
1885 5205 2058 5264 esset
2091 5217 2248 5264 suae

284 5287 806 5354 maledictionis.

473 5374 686 5439 Deu‘t.
731 5373 791 5453 8,
839 5373 939 5439 10.
1029 5370 1315 5440 Comedes
1354 5371 1553 5457 iyitur
1588 5375 1646 5438 et
1684 5370 2036 5439 satiaberis.
2121 5368 2250 5436 His

1771 463 2307 531 PRAEFATIO
2352 464 2453 530 IN
2497 463 2845 530 LEGEM.

4171 468 4300 534 246

2355 652 2578 719 verbis
2644 652 2953 717 admonet
2972 702 2988 730 ,
3049 651 3247 718 nimis
3303 651 3445 717 fore
3502 650 3804 719 socordes
3859 652 3988 719 nisi
4046 672 4157 719 eos
4215 654 4300 719 ad

2355 737 2787 804 obedientiam
2834 736 3081 804 alliciat
3122 745 3308 802 tanta
3330 737 3454 802 Dei
3498 737 3889 804 liberalitas:
3935 738 4089 822 quia
4129 739 4302 805 nihil

2354 824 2568 908 magis
2627 821 2986 889 absurdum
3045 844 3238 906 quam
3297 823 3406 889 ubi
3465 824 3628 890 bene
3686 824 3909 890 referti
3953 844 4182 891 sumus
4223 846 4300 894 ae

2355 911 2582 989 saturi,
2618 930 2754 975 non
2790 929 3141 992 agnoscere
3175 909 3350 974 unde
3384 908 3569 975 nobis
3604 909 3931 992 profectus
3954 912 4041 976 sit
4063 910 4295 977 victus.

2358 999 2531 1080 Apte
2564 995 2783 1079 itaque
2806 995 3029 1061 Moses
3068 1016 3108 1059 a
3142 995 3380 1079 populo
3417 995 3883 1079 gratitudinem
3921 996 4148 1081 exigit,
4186 997 4300 1063 ubi

2354 1092 2423 1232 1et
2469 1091 2642 1146 terra
2685 1079 2806 1146 sibi
2851 1080 3172 1164 promissa
3205 1091 3271 1146 et
3309 1081 3491 1146 omni
3532 1081 3849 1147 bonorum
3893 1081 4300 1148 abundantia

2382 1175 2626 1233 ruetur.

2528 1253 2729 1317 Deut.
2775 1252 2836 1331 6,
2880 1251 2935 1317 1.
3004 1251 3190 1316 Istud
3233 1256 3436 1317 autem
3476 1256 3568 1317 cst
3593 1258 4017 1335 praeceptum.
4108 1252 4297 1321 Idem

2354 1337 2462 1403 his
2508 1337 2715 1403 tribus
2756 1337 3061 1403 versibus
3104 1337 3342 1420 repetit
3384 1336 3555 1421 quod
3600 1339 3731 1402 iam
3785 1339 3938 1405 alibi
3997 1340 4299 1422 pluribus

2355 1423 2516 1489 locis
2560 1423 2771 1489 visum
2819 1432 2949 1489 est:
3006 1442 3209 1507 quum
3254 1421 3437 1489 Deus
3481 1431 3614 1488 tam
3659 1423 4014 1490 liberaliter
4061 1434 4303 1492 tractet

2355 1508 2709 1588 Israelitas,
2745 1509 2941 1574 nimis
2977 1508 3115 1575 fore
3149 1528 3491 1591 perversos
3526 1509 3655 1575 nisi
3691 1530 3800 1575 eos
3822 1519 4006 1575 tanta
4023 1511 4298 1578 dulcedo

2357 1594 2441 1661 ad
2476 1596 2638 1679 legis
2677 1614 2965 1660 amorem
3001 1594 3263 1659 alliciat.
3331 1594 3718 1661 Tenendum
3756 1596 3953 1661 etiam
3990 1607 4092 1663 est
4125 1595 4299 1682 quod

2358 1681 2583 1765 attigi:
2642 1681 2946 1763 quamvis
3000 1680 3465 1764 promissiones
3518 1681 3754 1764 quibus
3812 1683 4120 1764 populum
4181 1684 4299 1750 sti-

2355 1767 2639 1832 mulavit
2662 1767 2880 1832 Moses
2915 1765 2996 1831 ad
3032 1765 3321 1832 studium
3357 1766 3521 1851 legis
3555 1766 3938 1847 servandae,
3981 1769 4052 1832 in
4096 1768 4299 1835 alium

2357 1853 2573 1918 locum
2621 1851 3017 1931 distulerim,
3075 1853 3376 1918 consulto
3419 1863 3640 1918 tamen
3685 1861 3838 1918 ante
3883 1853 4046 1937 legis
4089 1854 4301 1938 expli-

2357 1938 2682 2004 cationem
2725 1938 2900 2004 locos
2943 1938 3266 2022 posuisse,
3319 1938 3551 2022 quibus
3597 1938 3817 2004 Moses
3860 1947 4104 2005 terram
4151 1960 4299 2024 pro-

2358 2023 2625 2089 missam
2672 2031 2979 2106 tanquam
3025 2024 3229 2089 oculis
3273 2023 3493 2107 populi
3538 2024 3907 2104 subiiciens,
3952 2034 4305 2109 praeparat

2358 2110 2607 2174 animos
2673 2108 2754 2174 ad
2816 2107 3226 2192 obsequium,
3293 2118 3362 2176 et
3426 2111 3776 2193 imperium
3835 2118 3970 2176 tam
4026 2109 4303 2179 benefici

2355 2195 2564 2278 patris
2630 2193 2907 2260 amabile
2962 2193 3451 2277 iucundumque
3513 2195 3747 2262 reddit.
3850 2195 4075 2277 Quum
4143 2218 4302 2283 ergo

2355 2282 2489 2346 iam
2532 2281 2731 2346 creati
2776 2288 2996 2346 essent
3038 2287 3253 2345 terrae
3292 2280 3622 2361 haeredes,
3669 2282 3888 2347 Moses
3924 2281 4006 2348 ad
4040 2282 4299 2350 fruitio·

2357 2388 2509 2432 nem
2576 2386 2685 2431 eos
2762 2365 3089 2445 invitans,
3168 2364 3528 2431 doctrinam
3607 2367 3797 2433 cuius
3862 2388 4060 2434 causa
4122 2370 4300 2453 ipsos

2356 2451 2810 2535 adoptaverat,
2879 2451 3218 2535 propensis
3275 2453 3512 2518 animis
3579 2453 3885 2535 amplecti
3950 2454 4159 2520 iubet:
4231 2464 4300 2520 et

2355 2539 2532 2617 Deo,
2598 2538 2787 2603 cuius
2845 2538 3134 2622 gratuita
3195 2537 3485 2603 bonitate
3549 2539 3888 2621 praeventi
3947 2548 4168 2618 erant,
4227 2562 4298 2607 se

2354 2623 2645 2689 vicissim
2667 2624 2737 2689 in
2773 2623 3150 2706 obsequium
3188 2622 3506 2690 addicere.
3576 2622 3783 2690 Sicuti
3815 2632 4033 2690 autem
4069 2636 4299 2693 octavo

2356 2717 2424 2776 et
2468 2708 2808 2775 undecimo
2864 2709 3076 2792 capite
3133 2709 3429 2775 laudavit
3482 2717 3696 2777 terrae
3754 2710 4149 2790 ubertatem,
4207 2712 4302 2777 ita

2356 2794 2634 2861 eandem
2658 2797 3051 2860 sententiam
3090 2816 3263 2861 nunc
3297 2797 3669 2861 confirmat:
3705 2795 3813 2861 vel
3846 2797 4087 2878 potius,
4125 2796 4297 2880 quod

2357 2881 2644 2946 breviter
2689 2879 2946 2946 dixerat
2978 2883 3192 2964 capite
3227 2888 3412 2946 sexto
3465 2889 3692 2964 postea
3735 2881 3944 2947 fusius
3988 2883 4291 2965 explicat.

2361 2964 2782 3033 Conveniunt
2802 2965 3061 3049 quidem
3085 2966 3246 3032 haec
3266 2966 3506 3045 omnia,
3543 2966 3798 3033 felicem
3832 2968 4006 3032 vitae
4026 2977 4296 3050 statum,

2360 3052 2475 3135 qui
2518 3062 2672 3119 ante
2716 3052 2937 3119 oculos
2980 3060 3150 3132 erat,
3218 3051 3517 3119 debuisse
3560 3052 3785 3137 populi
3828 3052 4300 3138 gratitudinem

2359 3138 2739 3217 accendere,
2822 3159 2905 3203 ne
2980 3140 3223 3222 periret
3301 3152 3438 3203 tam
3503 3139 3785 3221 insignis
3848 3139 4295 3207 beneficentia.

2358 3224 2592 3307 Itaque
2647 3224 2866 3290 Moses
2931 3235 3396 3290 commemorat
3459 3246 3529 3291 se
3594 3223 3769 3308 leges
3836 3236 3901 3290 et
3957 3225 4170 3292 edicta
4225 3227 4297 3291 in

2359 3310 2647 3375 medium
2692 3310 3072 3393 protulisse,
3124 3310 3359 3393 quibus
3401 3310 3907 3376 instituerentur
3947 3311 4018 3377 in
4062 3312 4298 3379 timore

2358 3396 2520 3461 Dei:
2563 3395 2761 3461 simul
2805 3395 3110 3462 admonet
3151 3417 3346 3479 quam
3388 3396 3734 3481 indignum
3779 3397 3896 3478 sit,
3964 3418 4095 3463 non
4154 3398 4299 3482 rapi

2356 3478 2443 3546 ad
2486 3482 2612 3547 Dei
2657 3490 2725 3546 et
2763 3481 2930 3566 legis
2975 3502 3261 3547 amorem
3306 3492 3518 3547 terrae
3562 3480 3805 3549 delitiis
3840 3490 3907 3547 et
3941 3483 4292 3566 opulentia.

2356 3567 2708 3632 Praetereo
2752 3587 2917 3649 quae
2961 3568 3115 3633 alibi
3161 3567 3463 3649 exposui,
3521 3567 3689 3650 quod
3745 3568 3990 3634 scilicet
4045 3569 4212 3633 nihil
4257 3591 4297 3635 a

2355 3675 2424 3718 se
2478 3653 2620 3735 ipso
2679 3652 2998 3733 docuerit,
3062 3653 3177 3718 sed
3231 3653 3444 3719 fidelis
3501 3654 3699 3718 fuerit
3759 3653 3883 3718 Dei
3937 3654 4293 3739 interpres:

2356 3738 2590 3804 deinde
2634 3738 2807 3821 quod
2852 3738 3213 3804 doctrinam
3256 3739 3438 3804 iubet
3480 3742 3821 3823 propagari
3864 3737 3948 3804 ad
3985 3750 4294 3823 posteros,

2355 3833 2423 3889 et
2483 3823 2562 3890 de
2627 3845 2824 3890 manu
2889 3824 2956 3887 in
3000 3845 3296 3890 .manum
3363 3827 3750 3903 transmitti,
3819 3838 3892 3888 ut
3959 3847 4294 3909 nunquam

2354 3907 2720 3975 intercidat.
2831 3907 3018 3975 Idem
3097 3912 3442 3988 confirmat
3518 3911 3685 3975 alter
3761 3911 3944 3975 locus
4009 3933 4091 3976 ex
4165 3912 4296 3977 fine

2354 3994 2643 4061 eiusdem
2729 3995 2960 4078 capitis
3036 4007 3352 4079 sumptus.
3476 3995 3667 4062 Unde
3744 4004 4014 4080 apparet
4097 4016 4295 4080 quam

2355 4080 2619 4147 difficile
2675 4081 2763 4147 sit
2816 4081 3112 4147 homines
3171 4082 3370 4166 probe
3428 4081 3701 4147 formari
3755 4081 3837 4147 ad
3901 4079 4293 4148 servandam

2353 4165 2597 4250 legem,
2656 4187 2933 4250 quorum
2991 4168 3336 4251 segnitiem
3382 4168 3565 4233 Deus
3621 4187 3753 4233 non
3807 4167 4052 4233 frustra
4105 4168 4296 4235 toties

2352 4254 2614 4319 excitat.
2738 4251 2987 4320 Subest
3064 4255 3246 4318 enim
3322 4253 3523 4319 tacita
3599 4253 3704 4318 vel
3789 4251 4123 4318 socordiae
4189 4253 4297 4319 vel

2353 4338 2638 4404 levitatis
2703 4338 3148 4423 exprobratio,
3216 4339 3329 4404 ubi
3388 4339 3572 4405 Deus
3626 4336 3797 4421 quod
3861 4339 4021 4405 satis
4084 4339 4298 4404 fuerat

2351 4444 2485 4489 uno
2507 4424 2708 4490 verbo
2731 4433 3149 4502 monstrasse,
3189 4425 3487 4508 flagitare
3522 4444 3653 4488 non
3691 4422 3946 4489 desinit.
3990 4423 4297 4490 Notanda

2348 4510 2544 4575 etiam
2581 4520 2682 4577 est
2714 4511 3003 4576 iustitiae
3038 4510 3348 4591 definitio,
3393 4519 3466 4574 ut
3501 4509 3745 4575 faciant
3778 4510 3946 4593 quod
3982 4510 4051 4575 in
4087 4511 4295 4577 oculis

2352 4595 2480 4661 Dei
2544 4605 2796 4663 rectum
2875 4609 3003 4663 est:
3084 4596 3255 4681 quod
3334 4595 3553 4662 carnis
3618 4596 3857 4660 rationi
3921 4604 3989 4662 et
4052 4596 4293 4664 iudicio

2347 4684 2716 4766 opponitur.

2983 5022 3114 5089 EX
3154 5021 3428 5089 DEUT.
3478 5020 3670 5089 vm.

2527 5195 2627 5261 11.
2677 5192 2841 5263 Cave
2882 5194 2999 5260 tibi
3038 5214 3117 5260 ae
3157 5192 3546 5260 obliviscaris
3590 5190 3854 5262 Iehovae
3895 5193 4025 5262 Dei
4064 5194 4178 5273 tui,
4221 5198 4294 5259 ut

2351 5301 2477 5347 non
2517 5281 2793 5348 observes
2822 5285 3162 5363 praecepta
3201 5280 3357 5359 eiua,
3400 5286 3457 5345 et
3498 5281 3743 5347 iudicia
3783 5281 3935 5362 eiua,
3977 5284 4035 5346 et
4057 5284 4292 5346 stema

2354 5369 2509 5449 eiua,
2554 5388 2715 5451 quae
2745 5387 2854 5453 eqo
2883 5368 3213 5452 praecipio
3246 5366 3361 5433 tibi
3394 5365 3587 5433 hodie.
3668 5365 3919 5520 1213}
3948 5366 4105 5449 forte
4137 5385 4293 5434 oont-
