4867 6150
357 462 443 528 53

358 650 444 718 ad
489 655 801 719 maiorem
847 648 1310 716 certitudinem
1368 656 1434 714 et
1477 648 1914 715 constantiam
1959 647 2311 731 perductus

357 752 481 809 est.
570 739 743 804 Nam
793 736 965 820 quod
1021 734 1218 801 altius
1272 734 1436 800 illud
1496 734 1889 818 principium
1947 735 2185 816 repetit
2231 732 2310 797 de

358 840 662 894 veterum
707 838 967 907 patrum
1015 822 1391 904 adoptione,
1451 821 1712 886 tametsi
1771 819 1853 884 ad
1908 818 2308 889 fundandam

358 936 545 1001 spem
594 909 1057 994 redemptionis
1108 907 1475 990 spectabat,
1540 928 1672 972 non
1729 918 1950 971 tamen
2005 904 2153 970 ideo
2211 927 2309 971 se-

359 1002 588 1087 quitur
650 997 852 1062 fuisse
916 1002 1333 1078 praeparatos
1397 992 1479 1058 ad
1547 990 1994 1076 recipiendum
2061 992 2309 1066 Mosen,

362 1089 571 1155 donec
618 1082 932 1149 autoritas
990 1080 1129 1146 eius
1184 1078 1550 1144 ministerio
1598 1088 1786 1161 parta
1844 1077 1988 1142 fuit.
2090 1075 2313 1157 Quare

363 1173 503 1241 dixi
548 1169 745 1237 fidem
789 1169 858 1234 in
905 1165 1036 1232 illis
1078 1165 1280 1231 fuisse
1326 1165 1638 1231 miraculo
1682 1162 2074 1229 inchoatam.

537 1259 600 1323 6.
669 1253 875 1320 Induc
937 1272 1105 1318 nunc
1168 1271 1426 1316 manum
1490 1257 1667 1316 tuam
1730 1251 1799 1315 in
1837 1250 2069 1314 cinam
2116 1253 2310 1314 tuum.

362 1347 510 1412 Hoc
554 1343 745 1427 signo
790 1338 1057 1405 edoctus
1103 1338 1226 1403 fuit
1269 1337 1507 1413 Moses,
1554 1335 1723 1418 quod
1771 1336 2058 1401 maxime
2118 1354 2312 1417 vegeÎ‡

367 1443 505 1498 tum
552 1441 653 1495 est
696 1446 991 1493 arescere
1035 1423 1336 1507 protinus
1381 1424 1460 1488 ad
1499 1421 1629 1487 Dei
1669 1434 1923 1499 nutum,
1970 1431 2037 1486 et
2082 1440 2316 1485 rursus

370 1515 533 1603 quod
602 1513 860 1578 aridum
919 1523 1022 1576 est
1078 1509 1336 1575 restitui
1395 1508 1672 1592 pristino
1725 1508 1965 1590 vigori:
2037 1504 2315 1589 denique

368 1601 787 1686 comprobata
831 1598 953 1663 fuit
1007 1596 1120 1661 illa
1164 1594 1358 1661 Pauli
1418 1595 1771 1671 sententia,
1819 1594 2034 1658 Deum
2084 1612 2316 1657 vocare

367 1710 634 1772 eaquae
670 1706 802 1751 non
841 1696 1014 1761 sunt,
1063 1693 1378 1765 tanquam
1415 1682 1549 1747 sint
1583 1679 1802 1766 (Rom.
1825 1679 1887 1755 4,
1940 1677 2063 1765 17).
2131 1677 2316 1742 Haec

363 1777 492 1843 fuit
548 1774 794 1857 species
857 1769 1109 1853 leprae,
1176 1790 1375 1850 quum
1429 1789 1510 1832 ex
1578 1766 1728 1831 aula
1795 1766 2121 1849 relegatus
2186 1762 2318 1827 fuit

364 1863 591 1930 Moses
634 1860 705 1924 in
761 1858 1018 1923 deserta
1061 1853 1368 1931 Madian,
1436 1852 1548 1917 ubi
1606 1872 1875 1936 gregem
1932 1851 2319 1933 circumegit

367 1970 488 2033 per
542 1946 683 2012 loca
749 1958 925 2010 tesca
990 1951 1054 2006 et
1117 1960 1379 2022 aspera,
1444 1939 1620 2004 inter
1683 1948 1900 2003 sentes
1966 1946 2034 2001 et
2100 1934 2315 2000 rubos.

366 2037 730 2116 Postquam
796 2050 1004 2094 annos
1075 2026 1508 2110 quadraginta
1585 2023 1816 2089 similis
1894 2023 2317 2088 semimortuo

368 2120 713 2202 transegit,
758 2135 961 2199 quum
1012 2113 1197 2178 nulla
1243 2119 1415 2176 esset
1457 2111 1525 2175 in
1573 2131 1648 2175 eo
1692 2109 2015 2192 dignitas,
2062 2107 2314 2172 nullum

364 2228 641 2281 nomen,
722 2201 906 2285 qnasi
974 2198 1375 2283 postliminio
1444 2196 1684 2278 recepit
1751 2193 1922 2278 quod
1987 2194 2315 2273 amiserat.

364 2293 605 2375 Itaque
669 2308 844 2354 nunc
903 2286 964 2351 ei
1022 2284 1345 2369 promittit
1391 2282 1574 2348 Deus
1619 2303 1688 2365 se
1734 2281 1905 2365 quod
1958 2279 2319 2345 abstulerat

369 2401 523 2445 mox
570 2374 999 2442 redditurum.
1088 2371 1272 2436 Haec
1317 2368 1597 2451 simplex
1643 2376 1746 2432 est
1793 2366 1965 2447 signi
2015 2365 2320 2445 analogia

370 2487 522 2531 cum
569 2484 686 2528 suo
723 2462 979 2537 effectu,
1020 2479 1150 2541 qua
1183 2467 1528 2523 contentus
1564 2455 1687 2518 crit
1725 2452 2057 2518 modestus
2096 2452 2318 2529 lector,

366 2550 594 2619 valere
637 2548 831 2614 iussis
875 2544 1155 2610 aliorum
1202 2541 1500 2625 argutiis.
1593 2541 1734 2605 Hoc
1787 2540 1961 2604 enim
2022 2538 2318 2636 apprime

359 2638 634 2721 cognitu
679 2630 1118 2699 necessarium
1162 2628 1322 2706 fuit,
1368 2641 1544 2692 stare
1589 2638 1654 2691 et
1698 2624 1927 2691 cadere
1974 2625 2099 2688 Dei
2146 2621 2315 2687 arbi-

358 2724 495 2789 trio
529 2731 797 2788 cunctos
822 2715 1154 2783 mortales:
1195 2714 1352 2779 dum
1389 2713 1676 2779 maxime
1711 2711 2023 2777 videntur
2046 2710 2314 2787 robusti,

356 2827 768 2876 marcescere
803 2813 1070 2886 repente
1093 2822 1317 2867 eorum
1358 2800 1547 2877 vires,
1586 2819 1660 2863 uc
1684 2798 2046 2863 tabescere:
2084 2793 2317 2861 deinde

357 2895 643 2961 simulac
688 2890 830 2955 Deo
896 2890 1112 2954 visum
1179 2897 1305 2966 est,
1372 2886 1438 2950 in
1508 2886 1851 2949 florentem
1909 2896 1977 2948 et
2034 2880 2316 2947 nitidum

355 2992 619 3048 statum
678 3001 762 3043 ex
821 2975 1090 3040 deformi
1150 2984 1219 3038 et
1275 2971 1521 3037 caduco
1581 2969 1817 3035 redire.
1916 2968 2063 3034 Hoc
2123 2968 2315 3032 modo

357 3066 598 3135 didicit
630 3074 895 3132 sanctus
942 3060 1059 3138 vir,
1105 3058 1298 3126 sicuti
1343 3055 1423 3124 ad
1472 3069 1726 3140 tempus
1761 3055 2053 3122 iacuerat
2087 3052 2315 3119 obscu-

356 3176 514 3233 rus,
562 3152 712 3235 quia
771 3148 896 3215 Dei
944 3168 1147 3212 manu
1193 3143 1508 3210 abductus
1564 3143 1779 3208 fuerat
1836 3143 1917 3207 ab
1977 3141 2317 3206 hominum

358 3238 716 3315 consortio,
761 3247 829 3300 et
870 3234 1198 3300 coniectus
1242 3233 1311 3295 in
1357 3228 1816 3306 solitudinem,
1861 3227 1956 3292 ita
1996 3248 2127 3292 non
2172 3246 2317 3291 esse

359 3323 847 3409 desperandum
886 3320 1046 3404 quin
1091 3316 1317 3384 eadem
1362 3337 1564 3381 mann
1611 3317 1798 3380 fieret
1844 3333 2054 3379 novus
2096 3312 2314 3377 homo.

357 3412 554 3479 Haec
599 3410 798 3476 etiam
843 3405 1124 3473 conditio
1159 3402 1243 3470 ad
1287 3411 1500 3468 totum
1535 3401 1756 3485 populi
1790 3421 2025 3483 corpus
2071 3398 2316 3480 aliqua-

357 3509 567 3564 tenus
626 3492 968 3580 pertinuit:
1050 3490 1164 3558 sed
1236 3490 1389 3572 quia
1454 3487 1688 3553 melius
1766 3486 2044 3569 quadrat
2109 3484 2318 3549 Mosis

357 3603 721 3671 personae,
767 3580 945 3644 bunc
986 3597 1249 3643 sensum
1295 3577 1580 3640 retinere
1626 3583 1948 3656 praestat,
2008 3593 2089 3636 ne
2133 3591 2319 3654 prae-

358 3678 623 3738 sentem
663 3667 986 3733 duntaxat
1021 3662 1394 3727 facultatem
1434 3660 1804 3735 aestimanS,
1844 3659 1994 3742 quia
2017 3655 2320 3723 sordidus

362 3768 471 3823 est
515 3770 770 3840 pastor,
816 3773 886 3817 se
930 3771 1150 3834 parem
1200 3747 1338 3813 fore
1383 3744 1639 3811 diffidat
1697 3742 1997 3811 obeundo
2042 3743 2317 3820 muneri,

362 3840 489 3911 sed
535 3840 735 3907 decus
785 3848 852 3904 et
905 3833 1350 3902 fortitudinem
1400 3854 1439 3897 a
1484 3832 1626 3896 Deo
1670 3839 2021 3914 exspectet.
2110 3828 2318 3894 Porro

332 3950 506 3995 -non
553 3925 725 3992 Mosi
786 3933 1048 3988 tantum
1108 3918 1419 4003 privatim
1478 3917 1814 3983 consulere
1872 3915 2086 3982 voluit
2133 3912 2319 3980 Deus

364 4015 476 4102 (ut
510 4013 755 4079 dictum
794 4007 919 4095 est)
955 4005 1070 4073 sed
1105 4026 1256 4071 eum
1295 4024 1586 4070 asserere
1611 4024 1651 4067 a
1684 4010 2064 4085 contemptu
2100 4022 2317 4066 eoram

363 4098 643 4185 populo,
704 4118 790 4163 ne
851 4094 1153 4161 exsilium
1220 4112 1347 4175 quo
1413 4088 1814 4155 deformat-us
1891 4087 2103 4154 fuerat
2179 4088 2319 4153 eius

363 4181 712 4272 splendor,
778 4182 1058 4267 gratiam
1126 4186 1193 4243 et
1258 4177 1672 4243 autoritatem
1737 4172 2137 4239 detraheret:
2204 4172 2316 4239 sed

363 4274 525 4358 quia
586 4271 711 4335 Dei
768 4267 1018 4333 vocatio
1090 4265 1302 4331 instar
1382 4261 1881 4327 resurrectionis
1957 4260 2026 4325 in
2091 4269 2317 4325 sancto

364 4361 519 4426 viro
561 4355 891 4440 fulgebat,
946 4361 1020 4418 ut
1062 4351 1121 4415 ei
1167 4349 1361 4415 simul
1421 4355 1755 4414 constaret
1811 4345 2210 4412 existimatio
2255 4353 2321 4411 et

363 4443 681 4530 dignitas.
1378 4521 1390 4534 Ï…
1516 4519 1529 4532 .

551 4529 609 4594 8.
657 4526 744 4592 Et
787 4525 921 4604 erit,
956 4524 1017 4589 si
1058 4543 1181 4589 non
1221 4520 1615 4588 credodmnt.

366 4637 601 4683 ansam
649 4609 990 4679 dubitandi
1034 4606 1346 4691 praecidit
1388 4606 1596 4671 Mosi:
1644 4604 1826 4688 quasi
1871 4602 2116 4669 diceret
2160 4603 2321 4669 satis

366 4723 521 4769 esse
565 4700 961 4765 instructum
1021 4706 1089 4760 et
1130 4693 1457 4758 munitum
1516 4690 1598 4757 ad
1660 4688 2040 4756 vincendam
2101 4689 2321 4773 populi

368 4785 808 4875 pervicaciam
830 4834 846 4862 ,
902 4791 970 4848 et
1024 4791 1244 4846 tamen
1299 4786 1373 4844 ut
1416 4797 1614 4861 supra
1657 4778 1899 4842 iustam
1942 4796 2321 4840 mensuram

368 4874 665 4941 emineat
723 4868 1054 4947 cumulus,
1102 4865 1368 4930 tertium
1415 4863 1677 4947 signum
1722 4875 1876 4927 mox
1922 4860 2321 4944 superaddit,

369 4958 554 5027 unde
596 4958 819 5023 Moses
863 4954 1123 5038 plenam
1168 4951 1473 5017 fiduciam
1530 4949 1867 5031 concipere
1925 4946 2178 5025 debuit,
2240 4969 2323 5013 ne

371 5045 535 5130 quid
572 5042 851 5126 amplius
887 5060 1181 5106 remorae
1224 5038 1331 5121 pio
1368 5036 1509 5101 eius
1544 5035 1760 5100 studio
1801 5032 2109 5100 obstaret.
2176 5033 2324 5101 Hoc

371 5154 573 5217 porro
634 5129 896 5212 insigne
969 5134 1068 5190 est
1134 5124 1595 5189 documentum
1662 5119 2109 5203 indulgentiae
2175 5120 2322 5200 Dei,

375 5217 553 5303 quod
598 5225 732 5280 tam
791 5211 1152 5278 liberaliter
1206 5210 1397 5293 signa
1457 5207 1664 5290 signis
1723 5204 1959 5270 addere
2015 5204 2323 5288 dignatus

375 5317 499 5384 est,
543 5315 617 5368 ut
659 5321 808 5366 cum
853 5298 1077 5382 populi
1125 5296 1373 5360 malitia
1410 5302 1707 5371 certaret,
1752 5291 1958 5357 donec
1995 5301 2322 5373 torpentes

376 5389 533 5455 forti
579 5409 778 5453 manu
824 5384 1119 5464 traheret
1163 5381 1243 5447 ad
1290 5378 1705 5447 credendum.
1786 5379 1982 5443 Certe
2030 5378 2322 5461 neglecto

1702 4517 1830 4582 His
1873 4516 2092 4584 verbis
2137 4517 2320 4583 Deus

1539 456 2283 527 COMMENTARIUS
2327 457 2428 524 IN
2473 456 2777 524 EXODI
2822 458 3019 525 OAP.
3067 459 3188 524 lV.

4285 460 4378 527 54

2413 649 2625 732 primo
2670 649 3003 726 miraculo,
3050 648 3307 734 indigni
3349 660 3539 716 erant
3581 651 3817 733 quibus
3854 651 4039 715 Deus
4082 649 4367 717 alterum

2410 735 2743 819 potentiae
2787 754 2942 800 suae
3001 737 3328 817 specimen
3389 753 3799 820 proponeret.
3890 736 4101 802 Mirae
4160 736 4372 821 igitur

2412 819 2766 902 patientiae
2788 820 2913 885 fuit
2947 821 3159 888 adhuc
3194 821 3497 888 insistere
3530 821 3614 887 ad
3650 823 4098 907 corrigendam
4138 843 4368 888 eorum

2409 905 2786 972 socordiam.
2878 910 3104 989 Aeque
3159 909 3357 973 etiam
3415 908 3773 974 elementer
3836 908 4028 973 hodie
4073 908 4369 975 tarditati

2412 1003 2678 1065 nostrae
2754 992 3058 1075 ignoscit:
3141 995 3293 1077 quia
3354 994 3465 1059 ubi
3531 997 3754 1061 minus
3818 1016 4013 1077 quam
4094 994 4368 1061 decebat

2412 1089 2795 1143 reverenter
2870 1078 3235 1160 excipimus
3314 1079 3692 1145 testimonia
3771 1080 4004 1163 quibus
4085 1085 4364 1165 gratiam

2415 1184 2602 1229 suam
2648 1163 3068 1241 demonstrat,
3115 1186 3248 1230 non
3295 1164 3626 1232 ulciscitur
3672 1178 3804 1231 tam
3849 1166 4103 1232 foedam
4144 1167 4367 1250 ingra-

2415 1249 2796 1329 titudinem,
2842 1250 2954 1314 sed
3003 1272 3174 1315 nova
3218 1251 3434 1333 potius
3479 1251 3771 1317 subsidia
3814 1252 4150 1336 adiungit,
4199 1273 4368 1335 quae

2416 1346 2680 1401 nostrae
2743 1334 3194 1402 incredulitati
3260 1336 3664 1403 medeantur.
3751 1339 3895 1403 Iam
3968 1360 4120 1403 vero
4198 1340 4368 1403 sicut

2417 1420 2670 1487 duobus
2737 1422 3068 1488 miraculis
3127 1423 3412 1487 ostendit
3470 1423 3652 1490 Deus
3717 1424 4110 1506 potentiam,
4168 1447 4366 1507 quam

2418 1508 2678 1573 volebat
2721 1528 2838 1590 per
2883 1529 3153 1572 manum
3199 1509 3404 1574 Mosis
3460 1530 3793 1587 exserere,
3852 1512 3945 1575 ita
4004 1510 4127 1579 hoc
4172 1510 4368 1576 tertio

2419 1593 2638 1658 docuit
2703 1594 2913 1677 qualis
2979 1616 3135 1677 erga
3201 1595 3560 1679 Aegyptios
3633 1596 3888 1660 futurus
3966 1607 4154 1662 esset.
4266 1598 4370 1663 Ac

2416 1680 2693 1762 proinde
2736 1680 2911 1745 intus
2955 1694 3022 1743 et
3066 1690 3256 1746 extra
3309 1680 3731 1746 confirmatus
3789 1682 3910 1745 fuit
3954 1683 4172 1747 Moses
4215 1703 4366 1747 cum

2418 1777 2555 1831 toto
2595 1766 2851 1849 popule.
2941 1765 3219 1832 Summa
3262 1767 3469 1851 igitur
3527 1779 3653 1846 est,
3709 1768 3821 1831 ubi
3868 1766 4050 1833 Deus
4092 1788 4367 1833 manum

2419 1872 2607 1916 suam
2664 1865 2891 1918 contra
2952 1842 3313 1937 Aegyptios
3372 1853 3713 1928 extulerit,
3779 1852 3938 1917 adeo
4006 1853 4170 1918 nihil
4239 1854 4371 1920 illis

2419 1938 2659 2002 virium
2707 1937 2790 2003 ad
2834 1938 3268 2003 resistendum
3315 1940 3486 2015 fore,
3548 1950 3623 2003 ut
3666 1939 4066 2003 munitiones
4132 1940 4371 2021 quibus

2417 2024 2647 2089 confisi
2692 2046 2767 2089 su
2818 2025 3182 2101 erbiebant,
3245 2025 3367 2089 sibi
3419 2025 3730 2090 adversas
3775 2047 3915 2090 esse
3960 2026 4248 2090 sentiant
4293 2048 4371 2092 ac

2419 2111 2670 2175 noxias.
2816 2111 3023 2175 cimus
3066 2132 3264 2193 quam
3312 2110 3522 2175 multa
3565 2122 3631 2175 et
3677 2113 3860 2175 varia
3903 2113 4242 2177 commoda
4285 2132 4373 2178 ex

2419 2196 2572 2260 Nilo
2626 2197 3058 2279 perciperent.
3163 2197 3327 2261 Erat
3386 2197 3561 2260 enim
3618 2197 3799 2281 regio
3856 2196 3938 2261 ab
3996 2218 4127 2262 una
4185 2210 4374 2280 parte

2420 2284 2605 2364 quasi
2651 2283 2947 2366 opposito
2982 2282 3268 2347 claustro
3307 2292 3445 2347 tuta
3474 2296 3539 2346 et
3574 2282 4139 2366 inexpugnabilis:
4180 2284 4374 2349 multi

2419 2378 2647 2450 portus
2716 2376 2941 2433 mutuo
3019 2377 3383 2433 commeatu
3451 2366 3531 2433 ad
3608 2390 3859 2433 merces
3928 2371 4374 2451 exportandas

2419 2468 2486 2518 et
2550 2453 3000 2538 importandas
3066 2462 3327 2538 gentem
3396 2452 3725 2519 ditabant:
3793 2476 3877 2519 ex
3942 2456 4374 2523 inundatione

2418 2560 2728 2622 agrorum
2785 2540 3117 2605 fertilitas:
3190 2539 3468 2623 denique
3527 2544 3875 2624 Aegyptus
3949 2542 4372 2625 praecipuam

2421 2626 2752 2692 felicitatis
2787 2646 2944 2692 suae
2989 2636 3238 2709 partem
3286 2626 3540 2691 locabat
3586 2627 3653 2690 in
3681 2627 3849 2691 Nilo.
3919 2627 4115 2692 Nunc
4150 2644 4373 2693 autem

2419 2711 2732 2778 admonet
2753 2712 2934 2778 Deus
2954 2734 3085 2777 non
3121 2711 3312 2777 modo
3351 2711 3515 2777 nihil
3550 2711 3967 2796 profuturum
3998 2714 4370 2798 Aegyptiis,

2421 2797 2536 2864 sed
2582 2798 2652 2863 in
2699 2819 2897 2862 manu
2940 2820 3062 2863 sua
3106 2820 3248 2864 esse
3292 2798 3782 2864 commoditates
3836 2821 4061 2866 omnes
4119 2813 4376 2866 vertere

2420 2884 2493 2949 in
2537 2904 2775 2949 noxas:
2822 2905 2897 2950 ac
2940 2885 2997 2950 si
3032 2885 3278 2950 fluvius
3318 2886 3484 2966 ipse,
3531 2886 3642 2967 qui
3686 2893 3930 2949 terram
3975 2909 4095 2952 sna
4137 2887 4374 2971 irriga-

2422 2971 2602 3035 tione
2647 2970 3030 3036 foecundam
3077 2969 3347 3037 reddere
3390 2968 3656 3047 solebat,
3696 2991 3838 3036 eam
3874 2973 4199 3057 sanguine
4241 2974 4373 3037 foe-

2422 3054 2612 3122 daret
2670 3065 2867 3139 atque
2924 3057 3227 3139 operiret.
3316 3054 3508 3138 Quod
3555 3057 3790 3121 attinet
3846 3056 3925 3122 ad
3976 3058 4199 3136 verba,
4248 3059 4372 3124 imÎ‡

2420 3145 2683 3227 proprie
2720 3165 2847 3207 vox
2885 3144 3059 3227 signi
3094 3144 3359 3227 ponitur
3393 3164 3511 3225 pro
3548 3142 4100 3209 demonstratione
4144 3154 4372 3226 poten-

2423 3230 2557 3294 tiae
2600 3227 2747 3308 Dei,
2795 3250 2921 3312 qua
2964 3228 3182 3294 doceri
3225 3228 3562 3294 Israelitas
3607 3229 3918 3310 oportuit,
3966 3232 4199 3297 Mosen
4243 3231 4370 3296 sibi

2422 3337 2462 3380 a
2525 3317 2667 3381 Deo
2735 3315 3150 3381 liberatorem
3216 3336 3357 3381 esse
3423 3315 3716 3380 missum.
3808 3314 4130 3396 Quamvis
4194 3320 4371 3383 enim

2420 3400 2690 3468 baculus
2753 3401 2824 3465 in
2897 3411 3266 3485 serpentem
3346 3422 3700 3466 conversus
3767 3423 3898 3466 non
3977 3403 4370 3486 loqueretur,

2419 3500 2644 3551 tamen
2713 3489 3054 3570 plusquam
3120 3508 3354 3552 sonora
3419 3507 3582 3552 voce
3649 3487 3973 3553 clamabat
4038 3511 4168 3553 non
4234 3492 4371 3556 fore

2420 3571 2565 3639 Deo
2645 3572 2923 3639 arduum
2992 3572 3158 3657 quod
3242 3594 3509 3654 prorsus
3590 3572 3987 3656 impossibile
4035 3574 4372 3642 Israelitae

2418 3660 2760 3743 putabant.
2833 3657 2969 3724 Alii
3008 3658 3391 3743 particulam
3439 3673 3537 3727 nrt
3573 3661 3665 3723 sie
3708 3659 4067 3725 resolvunt:
4118 3659 4193 3728 Si
4232 3683 4367 3728 non

2421 3747 2701 3811 eredunt
2739 3747 2880 3811 voci
2918 3755 3185 3828 propter
3207 3747 3506 3828 signum:
3545 3742 3660 3811 sed
3684 3745 3892 3810 altera
3916 3747 4370 3829 interpretatio

2423 3833 2634 3915 magis
2679 3832 2980 3916 genuina.
3051 3831 3248 3895 Ratio
3283 3844 3501 3896 tamen
3541 3830 3938 3913 loquutienis
3983 3834 4181 3915 paulo
4226 3845 4369 3916 post

2421 3918 2793 3994 subiicitur,
2855 3919 2924 3982 in
2986 3917 3108 3984 hac
3168 3916 3618 3993 distinetione,
3674 3918 3729 3981 si
3791 3939 3920 3982 non
3975 3918 4373 3985 crediderint

2421 4005 2630 4088 signis
2690 4003 2974 4078 duobus,
3045 4025 3251 4086 neque
3307 4001 3668 4069 obedierint
3726 4004 3865 4069 voci
3934 4012 4114 4069 tuae:
4185 4006 4371 4088 quasi

2422 4088 2670 4156 diceret
2708 4088 2889 4155 Deus
2927 4090 3283 4172 potentiam
3331 4110 3515 4154 suam
3563 4104 3788 4154 tonare
3834 4089 3952 4153 vel*
3981 4089 4267 4156 clamare
4299 4091 4373 4156 in

2423 4176 2777 4255 miraculis,
2821 4185 2898 4240 ut
2943 4174 3275 4240 audientia
3319 4176 3434 4240 fiat
3479 4174 3811 4240 doctrinae
3855 4174 4032 4240 servi
4077 4178 4197 4243 sui.

2603 4346 2700 4413 10.
2786 4347 2960 4413 Tunc
3034 4347 3200 4411 dixit
3258 4344 3468 4411 Moses
3543 4346 3629 4411 ad
3707 4344 4032 4412 Iebovam:
4115 4346 4375 4416 Obsecro

2423 4432 2715 4513 Domine,
2749 4452 2856 4516 eqo
2891 4454 3013 4498 non
3034 4453 3177 4497 sum
3210 4433 3310 4497 vir
3337 4432 3624 4510 disertae,
3659 4452 3850 4513 neque
3869 4453 3913 4496 a
3946 4433 4048 4498 die
4068 4431 4371 4517 hesterno,

2422 4540 2615 4602 neque
2667 4520 3159 4599 nudiustertius,
3218 4537 3412 4600 neque
3469 4539 3545 4584 ex
3586 4539 3704 4599 quo
3757 4515 4044 4598 loquutus
4087 4539 4154 4585 es
4195 4542 4375 4588 servo

2424 4612 2559 4671 tuo:
2634 4606 2932 4688 quoniam
3008 4625 3111 4670 ore
3174 4602 3331 4668 lento
3395 4609 3452 4667 et
3515 4603 3736 4686 linqua
3811 4603 3980 4670 lenta
4042 4625 4150 4687 eqo
4207 4626 4370 4673 sum.

2428 4695 2529 4756 11.
2577 4691 2927 4774 Respondit
2982 4695 3190 4755 autem
3245 4689 3348 4755 illi
3393 4686 3653 4754 Iehova:
3703 4690 3859 4770 Quis
3910 4691 4133 4770 posuit
4188 4712 4257 4757 os
4302 4694 4375 4758 in

2424 4777 2717 4843 homine?
2792 4780 2901 4841 aut
2963 4777 3107 4857 quis
3170 4775 3389 4840 statuit
3433 4779 3718 4852 mutum,
3786 4774 3880 4840 vel
3934 4778 4203 4842 surdum
4261 4783 4374 4843 aut

2422 4865 2740 4940 videntem,
2783 4862 2882 4928 vel
2922 4861 3217 4927 caecum?
3265 4881 3469 4926 annon
3513 4882 3619 4944 eqo
3666 4860 3945 4926 Iehova?
4037 4862 4135 4927 12.
4185 4863 4375 4930 Nunc

2422 4951 2623 5034 á¼Ïá½·Ï‰Î½
2652 4948 3079 5032 proficiscere,
3133 4952 3191 5012 ct
3246 4968 3351 5030 eqo
3408 4947 3595 5013 adero
3638 4948 3735 5011 ori
3776 4951 3910 5023 tuo,
3964 4952 4020 5011 et
4059 4954 4116 5014 te
4156 4948 4373 5015 docebo

2423 5056 2583 5119 quae
2625 5035 2925 5116 loquaris,
3020 5033 3120 5099 13.
3167 5032 3254 5098 Et
3305 5034 3497 5098 dixu:
3556 5031 3813 5098 Obsecro
3857 5031 4158 5113 Domine,
4203 5036 4376 5100 mide

2411 5139 3226 5272 mamm:
3240 5122 3497 5271 5:43..-
3516 5230 3527 5242 .
3548 5114 3793 5270 Îœ
3816 5119 4376 5287 mmm:

2423 5298 2600 5358 tuum
2623 5292 2910 5358 chdtam
2944 5292 3105 5372 novi,
3140 5257 3301 5374 quod
3333 5291 3628 5373 loquendo
3665 5292 4037 5371 loquuturus
4067 5292 4153 5355 sit
4184 5291 4376 5371 ipse?

2423 5379 2632 5462 Atque
2674 5379 2861 5445 etiam
2903 5399 3031 5446 ecce
3072 5377 3420 5463 eqredictur
3451 5377 3531 5441 rin
3588 5395 3907 5442 occursmn
3950 5380 4157 5456 tuum,
4217 5382 4274 5443 et
4316 5383 4378 5445 te
