4867 6150
610 397 738 464 367

607 582 1000 673 penderent,
1059 590 1125 646 et
1180 587 1692 664 aspernarentur
1748 577 1890 644 eius
1947 577 2277 643 mandata.
2371 578 2565 645 Unde

609 669 997 755 colligimus,
1043 666 1209 732 nihil
1257 666 1466 748 magis
1506 664 1858 730 adversum
1906 685 2048 729 esse
2092 664 2391 747 integrae
2437 665 2568 729 sin-

610 775 927 839 ceraeque
972 753 1272 837 religioni
1317 773 1510 835 quam
1566 749 2036 825 temeritatem,
2099 750 2210 814 ubi
2271 752 2567 833 sequitur

609 845 884 929 quisque
927 840 1096 923 quod
1143 838 1371 921 placet.
1461 837 1781 904 Clausala
1823 836 1935 901 ubi
1981 834 2253 901 dicitur:
2313 837 2564 919 IniquiÎ‡

609 940 713 996 tas
758 929 901 993 eius
946 926 1074 990 erit
1116 944 1316 1006 super
1360 945 1531 998 eum,
1595 922 1848 988 duobus
1903 921 2115 987 modis
2173 931 2392 1006 potest
2452 944 2565 987 ex-

609 1015 801 1101 poni:
870 1013 974 1078 vel
1041 1019 1116 1075 ut
1180 1011 1524 1074 confirmet
1594 1009 1810 1074 Moses
1875 1008 2116 1073 iustam
2183 1030 2325 1073 esse
2391 1007 2565 1075 hanc

607 1120 907 1188 poenam,
949 1106 1015 1163 et
1058 1099 1292 1161 merito
1337 1096 1585 1178 infligi:
1647 1095 1772 1173 vel,
1821 1103 1897 1159 ut
1938 1094 2315 1173 admoneat,
2378 1105 2564 1159 ante-

608 1208 806 1273 quam
849 1183 1111 1267 longius
1156 1194 1379 1266 serpat
1405 1181 1725 1263 impietae,
1771 1193 2027 1246 mature
2049 1201 2190 1245 esse
2213 1202 2564 1247 occurren-

608 1275 786 1339 dum.
874 1270 1248 1350 Utrumque
1293 1269 1522 1350 placet.

779 1356 997 1423 Levit.
1066 1355 1186 1431 20,
1257 1355 1314 1419 1.
1426 1353 1752 1435 Loquutus
1828 1357 1917 1417 est
1985 1351 2233 1418 Iehova.
2343 1352 2564 1417 Huius

608 1442 1091 1528 superstitionis
1135 1439 1490 1524 prohibitio
1536 1452 1689 1504 ante
1727 1460 1847 1502 suo
1879 1438 2021 1505 loco
2064 1438 2192 1503 fuit
2233 1439 2560 1521 exposita:

607 1553 786 1598 nunc
833 1530 1013 1594 Deus
1058 1547 1334 1609 poenam
1382 1528 1647 1675 exigere
1689 1523 1904 1604 iubet,
1945 1527 2000 1590 si
2045 1525 2190 1606 quis
2235 1545 2312 1588 ea
2354 1547 2424 1589 se
2467 1527 2564 1588 in-

607 1614 1002 1703 quinaverit.
1105 1613 1196 1677 Et
1251 1625 1426 1676 certe
1542 1609 1881 1675 ctostabilc
1948 1610 2072 1675 fuit
2125 1610 2559 1694 sacrilegium,

608 1703 893 1770 sobolem
942 1720 1107 1783 quae
1138 1699 1275 1762 Deo
1321 1697 1547 1782 genita
1569 1705 1731 1774 erat,
1780 1707 1848 1761 et
1892 1718 2090 1779 quam
2137 1695 2564 1778 adoptaverat

609 1792 679 1855 in
746 1790 991 1853 femore
1059 1783 1398 1864 Abrahae,
1474 1783 1660 1848 idolis
1727 1780 2139 1865 mancipare:
2222 1784 2373 1865 quia
2440 1781 2562 1847 hoc

610 1873 801 1941 modo
848 1894 978 1938 non
1035 1880 1292 1935 tantum
1350 1869 1720 1953 spoliabant
1766 1869 1980 1933 Deum
2034 1870 2176 1933 iure
2233 1888 2385 1944 suo,
2447 1868 2560 1933 sed

610 1959 982 2045 adoptionis
1028 1959 1341 2041 gratiam,
1401 1968 1718 2039 quantum
1765 1955 1832 2019 in
1876 1977 1944 2020 se
2003 1966 2177 2031 erat,
2237 1954 2560 2019 delebant.

612 2044 808 2129 Quod
851 2066 1008 2130 ergo
1045 2045 1114 2109 in
1163 2064 1402 2126 genere
1427 2041 1900 2124 pronunciavit,
1948 2062 2123 2106 nunc
2148 2038 2228 2105 ad
2274 2042 2560 2123 speciem

610 2132 913 2218 applicat,
958 2140 1030 2195 ut
1073 2127 1450 2211 lapidentur
1491 2128 1606 2209 qui
1663 2149 1887 2192 semen
1949 2148 2144 2191 suum
2201 2126 2565 2191 obtulerint

611 2216 904 2286 Moloch:
979 2216 1221 2298 alioqui
1280 2215 1454 2279 enim
1511 2213 1768 2279 cavillis
1826 2213 2120 2296 effugere
2178 2222 2565 2290 tentassent,

612 2305 737 2373 sibi
783 2325 915 2368 non
982 2323 1123 2367 esse
1188 2302 1259 2364 in
1325 2301 1544 2364 animo
1605 2298 1883 2364 deficere
1942 2298 2022 2362 ad
2082 2298 2330 2364 alienos
2385 2297 2560 2364 deos.

613 2387 1190 2473 Quemadmodum
1237 2386 1433 2450 hodie
1477 2389 1545 2449 in
1590 2397 1839 2469 papatu
1896 2384 2096 2471 friget
2151 2406 2227 2450 ae
2288 2384 2567 2467 vilipen-

614 2477 792 2542 ditur
815 2473 1125 2558 quidquid
1152 2473 1480 2556 profertur
1502 2495 1581 2535 ex
1614 2473 1941 2553 scriptura
1964 2482 2193 2535 contra
2229 2472 2464 2553 impios
2499 2479 2567 2535 et

613 2563 884 2629 vitiosos
924 2560 1171 2626 cultus:
1210 2558 1363 2641 quia
1400 2557 1799 2622 idololatrias
1827 2578 1980 2622 suas
2003 2555 2299 2623 fucando.
2338 2577 2566 2621 secure

615 2650 686 2713 in
729 2647 861 2712 illis
906 2647 1026 2711 sibi
1072 2644 1443 2729 indulgent.
1532 2643 1889 2725 Postquam
1956 2656 2174 2707 autem
2236 2642 2563 2708 iudicibus

616 2732 962 2800 mandavit
1006 2732 1188 2796 Deus
1234 2741 1308 2794 ut
1354 2750 1585 2796 severe
1630 2732 1880 2794 crimen
1941 2728 2064 2795 hoc
2109 2728 2421 2811 puniant,
2478 2729 2564 2792 si-

616 2820 758 2886 mul
819 2817 1202 2893 denunciat,
1276 2816 1333 2881 si
1395 2816 1565 2880 forte
1625 2814 2035 2880 connivendo
2113 2823 2179 2877 et
2237 2814 2566 2897 parcendo

615 2906 916 2979 foveant,
983 2925 1053 2969 se
1107 2903 1326 2985 ipsum
1371 2902 1510 2967 fore
1575 2901 1890 2978 ultorem,
1960 2909 2035 2965 ut
2080 2901 2270 2984 longe
2338 2899 2566 2965 durius

617 2997 1051 3078 persequatur
1089 2989 1199 3073 qui
1244 2988 1448 3070 elapsi
1489 2986 1741 3051 fuerint
1784 3008 1821 3051 e
1856 2986 2161 3052 manibus
2207 2987 2567 3067 hominum,

618 3101 828 3162 neque
872 3076 937 3142 id
976 3075 1188 3155 modo,
1233 3076 1344 3139 sed
1392 3075 1587 3139 etiam
1615 3088 1689 3139 ut
1733 3075 2022 3140 conscios
2067 3095 2292 3138 omnes
2336 3071 2565 3137 eadem

619 3164 1041 3230 damnatione
1084 3161 1396 3244 implicet.

793 3247 1008 3315 Exodi
1057 3248 1156 3324 12,
1204 3245 1306 3313 15.
1382 3248 1741 3329 Quicunque
1781 3246 2128 3313 comederit.
2217 3246 2400 3311 Haec
2458 3245 2566 3310 lex

621 3336 703 3402 ad
783 3335 1307 3401 observationem
1394 3332 1724 3415 paschatis
1810 3331 2182 3416 specialiter
2262 3332 2565 3397 refertur.

619 3422 800 3489 Ante
846 3422 1053 3486 vetuit
1096 3421 1281 3483 Deus
1339 3440 1532 3482 usum
1590 3417 1922 3483 fermenti:
1986 3439 2159 3483 nunc
2218 3439 2372 3482 vero
2418 3439 2567 3499 poce

622 3530 776 3574 nam
821 3506 1038 3586 edicit,
1082 3504 1140 3568 si
1185 3506 1330 3587 quis
1369 3505 1668 3587 neglecta
1693 3502 2130 3587 prohibitione
2165 3504 2565 3568 fermentum

619 3595 959 3661 miscuerit
1002 3612 1149 3655 cum
1181 3590 1510 3674 paschate.
1594 3590 1802 3655 Porro
1849 3613 1978 3655 non
2026 3590 2271 3670 absque
2316 3591 2570 3654 ratione

620 3683 691 3746 in
738 3680 914 3745 hune
949 3678 1162 3743 locum
1203 3676 1583 3741 distulimus
1628 3675 1800 3759 quod
1846 3675 2141 3742 contexit
2166 3676 2383 3740 Moses
2419 3697 2568 3740 cum

622 3767 1038 3831 institutione
1083 3761 1431 3846 paschatis.
1523 3761 1601 3827 Id
1646 3763 1820 3827 enim
1882 3761 2226 3827 methodus
2284 3784 2322 3826 a
2379 3762 2570 3826 nobis

618 3852 956 3936 proposita
998 3850 1269 3932 flagitat,
1320 3860 1390 3913 ut
1433 3849 1610 3932 leges
1633 3849 1952 3932 polit-icae,
1997 3869 2163 3931 quae
2206 3867 2570 3930 poenarum

621 3936 1124 4003 denunciatione
1165 3935 1475 4001 sanciunt
1515 3935 1639 3999 Dei
1683 3934 1968 4012 cultum,
2013 3935 2350 4016 proprium
2395 3933 2568 3998 ordi-

620 4046 771 4089 nem
817 4024 1179 4088 obtineant.
1271 4021 1479 4086 Porro
1523 4043 1608 4085 ex
1654 4042 1864 4101 poena
1908 4031 2210 4101 apparet,
2268 4021 2572 4101 quamvis

619 4132 727 4177 res
773 4130 890 4192 per
932 4130 1003 4174 se
1050 4107 1136 4173 sit
1179 4106 1344 4171 levis
1404 4108 1720 4172 momenti
1767 4105 2097 4171 abstinere
2156 4127 2195 4170 a
2249 4105 2572 4170 fermento

620 4194 843 4283 (sicuti
888 4194 1140 4260 Paulus
1185 4193 1374 4259 docet
1417 4193 1488 4257 in
1533 4191 1981 4276 corporalibus
2041 4193 2378 4257 exercitiis
2439 4194 2572 4257 exi-

716 4303 822 4346 am
869 4302 1010 4346 esse
1056 4279 1406 4344 utilitatem
1435 4279 1498 4359 [l
1525 4278 1779 4352 Tim.4,
1821 4277 1935 4365 81),
1981 4291 2304 4360 quatenus
2348 4288 2575 4342 tamen

626 4389 695 4432 1n
752 4366 868 4431 illa
922 4366 1331 4432 caeremonia
1389 4366 1849 4431 continebatur
1910 4365 2132 4447 populi
2193 4364 2576 4447 redemptio,

628 4474 959 4518 summum
1006 4451 1217 4518 scelus
1241 4452 1440 4517 fuisse
1486 4473 1615 4517 non
1662 4451 2009 4517 observare
2053 4448 2367 4532 quidquid
2393 4451 2578 4515 Deus

626 4540 1152 4623 praescripserat.
1220 4537 1416 4603 Ritus
1460 4539 1638 4603 enim
1682 4535 1927 4623 legales
1964 4557 2004 4601 a
2047 4557 2167 4601 suo
2206 4537 2337 4601 fine
2382 4537 2578 4602 aesti-

631 4625 803 4689 mari
846 4624 1154 4707 oportuit.

1170 4965 1301 5031 EX
1344 4965 1745 5032 DEUTER.
1793 4963 2022 5031 XVII.

804 5137 906 5202 14.
959 5136 1166 5219 Quum
1208 5137 1535 5218 inyressus
1572 5135 1777 5218 fueris
1821 5142 2060 5202 terram
2111 5156 2307 5218 quam
2349 5135 2581 5203 Iebova

631 5221 812 5289 Deus
852 5228 1001 5288 tuus
1042 5224 1157 5288 dat
1197 5221 1339 5299 tibi,
1385 5226 1442 5286 et
1472 5222 1828 5305 possederis
1871 5243 2039 5302 eam,
2100 5228 2158 5287 et
2197 5222 2582 5288 habitaveris

626 5310 696 5373 iu
740 5330 832 5390 ea,
877 5330 951 5374 ac
991 5308 1273 5374 dixeris:
1333 5305 1720 5375 Constituam
1773 5329 1965 5390 super
2009 5329 2107 5373 me
2159 5328 2363 5393 reyem
2417 5310 2583 5375 sicut

1879 5584 1905 5619 Î´

2100 393 2483 460 PRIMUM
2526 392 3177 461 PRAECEPTUM.

4479 396 4585 464 368

2671 599 2879 645 omnes
2915 586 3122 662 yentes
3163 602 3323 665 quae
3363 586 3509 648 sunt
3539 602 3662 663 per
3703 582 4005 647 circuitus
4045 601 4226 661 meos,
4319 581 4414 648 15.
4458 582 4590 651 Con-

2669 666 2979 731 stituendo
3020 669 3350 734 constitues
3384 688 3577 749 super
3611 671 3666 732 te
3698 688 3902 751 reyem
3924 689 4104 751 quem
4126 668 4368 753 eleyeril
4389 668 4588 736 Iebova

2668 750 2849 816 Deus
2891 757 3069 818 tuus:
3111 774 3144 818 e
3182 755 3386 820 medio
3425 755 3708 836 fratrum
3757 758 4002 819 tuorum
4062 756 4389 821 constitues
4426 776 4589 838 super

2667 841 2724 901 te
2763 858 2996 921 reyem:
3041 858 3164 904 non
3191 842 3439 920 poteris
3478 841 3839 906 constituere
3858 860 4051 920 super
4093 846 4148 906 te
4167 841 4374 905 virum
4393 842 4590 907 alieni-

2663 943 2907 1005 9mmm,
2953 924 3065 1006 qui
3109 946 3230 990 non
3273 927 3359 990 sit
3374 926 3580 1007 frater
3608 931 3770 990 tuus.
3839 926 3940 991 16.
3980 925 4213 993 Verum
4253 947 4375 991 non
4412 928 4591 993 multi-

2656 1009 2925 1090 plicabit
2968 1008 3095 1075 sibi
3137 1032 3344 1093 equos,
3387 1032 3582 1094 neque
3622 1012 3870 1078 reducet
3899 1012 4208 1094 populum
4251 1015 4323 1077 iu
4367 1015 4590 1097 Aeqyp-

2668 1100 2802 1160 tum
2858 1096 2946 1160 ad
2998 1097 3506 1179 multiplicandos
3562 1118 3774 1180 equos.-
3848 1118 4042 1180 quum
4097 1098 4330 1164 Iebova
4382 1099 4592 1164 dixerit

2665 1180 2873 1246 vobis.-
2918 1181 3065 1247 Non
3107 1183 3424 1249 adiicietis
3476 1185 3702 1249 reverti
3732 1204 3856 1267 per
3897 1183 4058 1249 banc
4099 1186 4268 1250 viam
4326 1185 4591 1266 amplius.

2668 1268 2770 1332 17.
2824 1267 3039 1366 Neque
3079 1267 3520 1349 multiplicabit
3560 1269 3688 1334 sibi
3742 1289 4001 1348 uxores,
4059 1291 4255 1354 neque
4313 1276 4594 1370 avertetur

2663 1373 2966 1505 â€™3,Î¾á½²Î¹á¾¶á¼´á¿–
3011 1355 3627 1523 á¼²á½²á¿—á¿–Îµá¿—á¿‡á¿“á¿“á½²Î±á¾­
3640 1356 4595 1527 â€œá¼”á½²á¼”á½²â€™á¼”á½³á¼·â€á¼’Î¹á¿—Î¿Ïá¿—â€Î¶á¿–á¿‘á¿—Ï‰á½·.á½½á¿–Îµá¼¶Îµ

2664 1527 2799 1602 sui,
2843 1530 2990 1591 tuuc
3032 1525 3331 1592 describet
3369 1526 3494 1593 sibi
3536 1527 3859 1608 exemplar
3902 1528 4056 1610 á¼±ÎµÏá½°Ï‚
4106 1528 4299 1594 huius
4342 1530 4410 1593 iu
4449 1528 4597 1594 volu-

2662 1611 2844 1691 mine,
2891 1633 2934 1676 a
2975 1617 3295 1693 conspectu
3337 1614 3721 1679 sacerdotum
3763 1619 3821 1678 et
3841 1612 4226 1680 Levitarum.
4300 1615 4399 1681 19.
4436 1614 4596 1680 Erit-

2661 1717 2780 1780 que
2822 1698 2999 1779 apud
3019 1719 3178 1782 eum,
3225 1703 3282 1764 et
3325 1699 3475 1783 leyet
3516 1700 3586 1765 in
3620 1721 3687 1764 eo
3721 1701 3959 1765 cunctis
3992 1700 4209 1767 diebus
4239 1702 4403 1765 vitae
4434 1721 4598 1766 suae.-

2663 1788 2734 1847 ut
2775 1782 3006 1850 scilicet
3049 1783 3253 1850 discat
3294 1786 3509 1851 timere
3552 1785 3849 1852 Iebovam
3890 1784 4103 1851 Deum
4144 1807 4339 1852 suum
4356 1838 4370 1863 ,
4423 1790 4475 1852 et
4511 1786 4597 1852 ob-

2662 1889 2916 1935 servare
2964 1870 3178 1935 omnia
3220 1869 3405 1936 verba
3461 1871 3615 1955 leyis
3655 1872 3879 1951 huius,
3939 1877 4121 1954 atque
4175 1877 4411 1938 statuta
4450 1872 4597 1952 baec,

2664 1959 2734 2019 ut
2772 1955 2973 2036 faciat
3015 1976 3109 2022 ea.
3198 1956 3301 2022 20.
3355 1957 3454 2022 Ne
3494 1957 3759 2025 elevetur
3796 1977 3902 2024 cor
3944 1959 4084 2024 eius
4138 1978 4337 2038 super
4384 1958 4599 2041 fratres

2663 2041 2891 2122 ipsius,
2937 2061 3130 2123 neque
3172 2042 3430 2109 declinet
3471 2064 3513 2109 a
3543 2049 3879 2126 praecepto
3921 2045 4007 2110 ad
4050 2044 4342 2110 dextram
4384 2050 4490 2109 aut
4526 2043 4602 2109 ad

2664 2128 3022 2207 sinistram,
3057 2133 3129 2192 ut
3161 2133 3446 2213 proroyet
3487 2130 3623 2195 dies
3665 2132 3736 2196 in
3776 2149 3963 2212 reqno
4005 2149 4121 2196 suo
4136 2155 4156 2194 .Î‡
4210 2131 4350 2212 ipse
4402 2136 4458 2197 et
4491 2130 4604 2212 filii

2663 2214 2802 2278 eius
2844 2214 2916 2279 in
2957 2214 3158 2279 medio
3201 2213 3487 2281 Israelis.

2846 2384 2943 2450 14.
3019 2385 3228 2467 Quum
3291 2386 3616 2470 inor-essue
3672 2385 3897 2469 fueris.
4007 2387 4156 2452 Hoc
4226 2388 4372 2453 loeo
4438 2387 4603 2453 Deus

2668 2470 3085 2537 commendat
3106 2493 3383 2555 regnum
3410 2472 3810 2539 sacerdotale
3831 2473 4021 2540 cuius
4056 2473 4208 2539 alibi
4232 2475 4313 2540 fit
4355 2474 4602 2538 mentio.

2668 2557 2842 2622 Nam
2911 2558 3064 2640 quia
3130 2557 3298 2642 regii
3352 2559 3636 2623 nominis
3695 2560 4008 2644 splendor
4064 2568 4326 2643 poterat
4395 2580 4604 2625 eorum

2669 2643 2887 2708 oculos
2940 2645 3414 2728 perstringere,
3477 2656 3549 2710 ut
3600 2643 4141 2712 obliviscerentur
4184 2647 4407 2712 Deum
4451 2647 4606 2711 inter

2672 2732 2846 2812 ipsos
2882 2738 3105 2793 tenere
3149 2750 3480 2794 summum
3527 2731 3786 2813 imperii
3831 2731 4144 2816 gradum,
4202 2743 4463 2797 mature
4504 2731 4604 2796 adÎ‡

2673 2827 3056 2880 monentur:
3101 2816 3371 2880 minime
3415 2836 3693 2899 aequum
3741 2839 3883 2884 esse
3927 2832 4004 2883 ut
4067 2838 4269 2903 regno
4335 2817 4605 2884 hominis

2672 2902 2965 2966 mortalis
3018 2901 3358 2967 minuatur
3400 2900 3530 2966 Dei
3586 2904 3909 2970 maiestas.
3996 2904 4079 2970 In
4124 2926 4419 2981 summa,
4478 2905 4606 2971 Deo

2672 2987 3012 3053 subiicitur
3058 2990 3238 3073 regia
3283 2997 3601 3073 potestas:
3650 3000 3719 3054 et
3762 3013 3950 3078 reges
3996 2991 4120 3076 ipsi
4153 2999 4605 3059 consecrantur

2671 3075 2737 3138 in
2787 3076 2926 3140 eius
2962 3073 3362 3158 obsequium,
3407 3097 3492 3139 ne
3537 3078 3816 3160 populus
3856 3098 4144 3161 unquam
4188 3079 4603 3161 profaneseatâ€š

2672 3161 3144 3244 qualiscunque
3210 3161 3558 3246 contigeritÎ‡
3624 3166 3914 3229 mutatio.
4019 3165 4164 3229 Etsi
4221 3174 4441 3229 autem
4499 3164 4606 3229 sub

2673 3247 2998 3312 iudicibus
3045 3246 3274 3330 religio
3317 3269 3512 3330 saepe
3554 3248 3679 3313 fuit
3719 3248 4154 3332 pessundata:
4217 3272 4351 3315 non
4399 3262 4607 3315 tamen

2672 3334 2789 3398 abs
2835 3354 2907 3397 re
2952 3332 3057 3397 lex
3104 3333 3446 3414 peculiaris
3492 3333 3572 3399 de
3617 3336 3883 3418 regibus
3906 3337 4039 3401 lata
4083 3346 4207 3402 est:
4255 3337 4415 3420 quia
4456 3335 4606 3400 nihil

2670 3419 2884 3504 magis
2930 3419 3213 3501 proclive
3257 3440 3452 3503 quam
3497 3429 3571 3484 ut
3626 3432 3929 3488 terrenae
3987 3442 4262 3504 pompae
4326 3421 4605 3487 homines

2671 3525 2710 3568 a
2765 3507 3007 3588 pietate
3065 3502 3413 3570 abducant.
3503 3507 3866 3590 Postquam
3929 3519 4226 3574 tenemus
4286 3508 4420 3573 Dei
4475 3529 4607 3573 conÎ‡

2671 3591 2922 3670 silium,
2986 3612 3158 3656 nune
3210 3591 3508 3674 singulas
3569 3605 3792 3676 partes
3862 3592 4232 3677 expendere
4290 3594 4606 3661 convenit.

2672 3677 2998 3742 Praeterit
3042 3674 3239 3761 (sicut
3283 3677 3447 3763 dixi)
3507 3689 3717 3743 totum
3757 3680 4046 3745 medium
4108 3690 4373 3762 tempus
4418 3700 4608 3764 usque

2672 3761 2754 3827 ad
2802 3762 3063 3826 initium
3112 3764 3331 3847 regni:
3386 3764 3542 3845 quia
3601 3763 3762 3831 hacc
3820 3768 4079 3832 novitas
4136 3765 4290 3848 plus
4352 3765 4607 3850 periculi

2672 3869 2894 3915 secum
2942 3846 3208 3913 ferebat.
3298 3847 3703 3932 Quantisper
3755 3851 3929 3916 enim
3977 3852 4410 3935 praefuerunt
4463 3850 4610 3916 iudiÎ‡

2673 3956 2811 4001 ces:
2859 3934 3120 3999 diversa
3164 3936 3412 4019 species
3457 3938 3800 4021 regiminis
3843 3958 3954 4003 eos
3998 3937 4352 4021 separabat
4395 3960 4436 4004 a
4477 3958 4610 4022 pro-

2673 4022 2843 4087 fanis
2886 4020 3210 4104 gentibus.
3280 4020 3533 4088 Omnes
3577 4023 3864 4106 undique
3888 4024 4087 4089 vicini
4130 4023 4404 4108 regibus
4441 4044 4609 4107 pareÎ‡

2677 4107 2857 4172 bant:
2938 4107 3117 4173 Deus
3182 4105 3427 4173 iudices
3497 4130 3580 4173 ex
3640 4109 3857 4178 media
3916 4110 4103 4192 plebe
4165 4109 4611 4193 praeficiendo,

2676 4214 2934 4274 semper
2976 4194 3324 4259 eminebat.
3411 4192 3542 4260 Ubi
3588 4205 3808 4259 autem
3854 4207 4208 4278 coeperunt
4261 4196 4396 4261 sibi
4440 4216 4614 4280 reges

2678 4279 3026 4362 asciscere,
3081 4278 3175 4344 sic
3220 4280 3528 4362 permixti
3592 4280 3862 4345 fuerunt
3916 4282 4225 4367 gentibus
4285 4291 4362 4347 ut
4422 4280 4613 4349 facilis

2678 4375 2851 4430 esset
2892 4365 3113 4447 lapsus
3156 4363 3238 4429 ad
3283 4365 3447 4430 alias
3481 4368 3902 4449 corruptelas.
3969 4368 4124 4450 lpsa
4168 4369 4347 4433 enim
4395 4368 4612 4433 similiÎ‡

2681 4451 2839 4516 tudo
2898 4451 3163 4534 propius
3219 4471 3329 4517 eos
3383 4452 3747 4518 coniunxit.
3851 4452 4001 4534 Qua
4070 4455 4328 4520 ratione
4386 4453 4611 4521 diserte

2682 4537 3094 4619 exprimitur:
3146 4538 3324 4602 Dum
3368 4538 3732 4604 constitues
3775 4560 3973 4623 super
4018 4549 4084 4604 te
4126 4560 4377 4624 regem,
4423 4544 4614 4607 instar

2681 4623 2973 4689 omnium
3041 4624 3342 4707 gentium
3406 4644 3570 4707 quae
3635 4636 3790 4689 sunt
3867 4645 3987 4708 per
4065 4627 4381 4693 circuitus
4458 4639 4609 4693 tuos.

2682 4708 3029 4792 Significat
3069 4711 3242 4775 enim
3268 4707 3452 4776 Deus
3473 4711 3848 4793 exemplum
3884 4711 4202 4794 gentium,
4247 4733 4614 4796 perversam

2679 4796 2814 4860 illis
2859 4796 2995 4860 fore
3039 4795 3446 4873 illecebram,
3493 4805 3568 4860 ut
3611 4817 3834 4881 regem
3891 4808 4234 4880 appetant,
4291 4809 4491 4881 atque
4531 4800 4613 4863 ita

2682 4882 3049 4947 communis
3093 4882 3180 4946 sit
3230 4883 3298 4946 in
3357 4891 3687 4963 posterum
3755 4880 4069 4962 conditi0â€š
4137 4905 4304 4966 quae
4363 4883 4611 4951 coelesti

2682 4966 2943 5032 decreto
2989 4967 3300 5033 distincta
3344 4968 3577 5032 fuerat.
3645 4968 3948 5051 Denique
3983 4969 4115 5034 iam
4138 4968 4401 5053 oblique
4445 4970 4610 5035 dam-

2682 5064 2876 5117 natur
2919 5073 3144 5117 eorum
3190 5054 3626 5118 contumacia:
3673 5074 3877 5137 quum
3900 5054 4083 5120 Deus
4127 5055 4267 5121 fore
4305 5055 4611 5139 praedicit

2682 5152 2760 5202 ut
2804 5158 3077 5206 excusso.
3120 5141 3273 5222 iugo
3334 5138 3699 5205 lasciviant.
3790 5138 4006 5205 Sicuti
4063 5142 4259 5205 etiam
4317 5143 4607 5225 contigit:

2680 5223 2838 5307 quia
2880 5224 3222 5306 repudiato
3269 5222 3609 5303 Samuele,
3655 5225 4060 5293 tumultuose
4103 5247 4325 5311 regem
4368 5228 4611 5314 flagitaÎ‡

2685 5319 2861 5374 runt.
2951 5309 3101 5391 Qua
3145 5311 3212 5374 in
3273 5331 3346 5375 re
3390 5309 3543 5376 alibi
3599 5314 4016 5395 conqueritur
4059 5314 4242 5379 Deus
4295 5334 4370 5380 se
4427 5315 4611 5380 fuisse
