4867 6150
576 434 700 499 155

570 625 673 691 sit.
739 624 885 688 Iam
931 645 1083 689 vero
1129 632 1201 688 ut
1244 625 1559 690 sciremus
1603 622 2024 705 conspicuum
2072 622 2270 687 fuisse
2316 623 2509 686 mira-

572 711 823 789 culum,
889 710 1442 775 circumstantiam
1519 710 1828 791 temporis
1894 707 2205 772 adscribit
2268 709 2505 774 Moses.

572 797 755 864 Dicit
797 796 974 860 enim
1021 804 1178 861 tunc
1221 796 1316 860 ita
1359 794 1653 860 illuxisse
1712 804 1785 858 ut
1830 793 2027 876 plena
2068 794 2184 858 lux
2230 815 2366 859 rem
2417 802 2511 859 to-

571 891 705 947 tam
762 881 1133 947 ostenderet
1184 881 1618 965 spectantium
1679 879 1902 947 oculis.
1952 879 2201 946 ·Nocte
2244 879 2507 963 quidem

569 976 989 1034 coacervatae
1032 966 1291 1032 fuerant
1337 989 1571 1050 aquae,
1617 964 1733 1033 sed
1777 964 2082 1031 columna
2123 967 2297 1049 ignis
2342 986 2509 1049 quae

566 1052 856 1138 fulgebat
899 1051 1072 1137 apud
1114 1052 1470 1130 Israelitas,
1536 1052 1792 1136 illisque
1838 1051 2012 1116 viam
2080 1052 2505 1130 monstrabat,

571 1159 703 1205 non
747 1138 1117 1221 patiebatur
1159 1139 1504 1205 obscurum
1572 1159 1713 1203 esse
1760 1136 1888 1202 Dei
1933 1138 2335 1203 beneficium.
2427 1137 2507 1202 In

573 1224 917 1309 Aegyptiis
963 1224 1222 1290 diversa
1263 1224 1395 1289 fuit
1438 1224 1631 1289 ratio:
1690 1223 1911 1307 itaque
1956 1221 2247 1288 interdiu
2292 1223 2507 1306 perire

572 1311 876 1394 oportuit,
937 1319 1000 1374 et
1060 1311 1141 1376 ab
1198 1310 1342 1393 ipso
1408 1311 1542 1376 sole
1585 1330 1811 1375 eorum
1852 1309 2193 1374 interitum
2238 1308 2506 1391 produci

572 1405 728 1461 ante
798 1395 1039 1461 oculos.
1145 1396 1289 1460 Hoc
1354 1396 1553 1461 etiam
1617 1395 1700 1460 ad
1769 1394 2137 1460 testandam
2198 1395 2326 1459 Dei
2392 1416 2506 1478 po-

571 1484 843 1548 tentiam
890 1480 1064 1558 facit,
1133 1479 1307 1564 quod
1352 1482 1505 1546 dum
1549 1482 1778 1565 fugere
1822 1482 2038 1546 conati
2081 1493 2267 1561 sunt,
2326 1479 2507 1546 Deus

570 1570 741 1652 ipsos
798 1566 1016 1649 palam
1059 1566 1352 1650 impulit,
1423 1588 1497 1633 ac
1553 1569 1608 1633 si
1653 1566 1804 1631 data
1861 1589 2057 1651 opera
2099 1588 2169 1632 se
2214 1568 2506 1632 submer-

616 1664 819 1720 erent.

570 1676 614 1739 g
738 1740 842 1804 28.
887 1739 976 1804 Et
1036 1740 1354 1805 redeuntes
1418 1759 1636 1822 aquae.
1750 1739 1878 1803 Hie
1941 1760 2191 1822 quoque
2258 1738 2508 1804 duobus

569 1826 869 1891 versibus
952 1826 1362 1908 persequitur
1433 1824 1708 1890 eandem
1795 1826 2189 1890 sententiam
2270 1825 2509 1891 Moses.

569 1911 788 1994 Quam
833 1911 1056 1995 putide
1101 1910 1457 1976 Manethon
1515 1922 1580 1976 et
1630 1911 1879 1975 similes
1927 1911 2005 1976 de
2057 1911 2281 1995 populi
2325 1911 2508 1976 exitu

567 1997 836 2062 fabulati
882 1998 1045 2073 sint,
1113 2019 1193 2062 ex
1253 1996 1532 2080 Iosepho
1598 2006 1660 2060 et
1708 1996 1992 2062 Eusebio
2046 1997 2092 2060 li
2142 2007 2268 2062 uet.
2359 1998 2508 2063 Etsi

566 2092 784 2148 autem
832 2104 946 2166 per
990 2103 1214 2148 eorum
1261 2082 1601 2148 mendacia
1636 2091 1907 2147 conatus
1950 2092 2053 2147 est
2131 2094 2285 2147 atan
2321 2089 2505 2148 tene-

567 2169 716 2234 bras
754 2169 1059 2235 inducere
1105 2189 1325 2234 sacrae
1372 2168 1700 2246 historiae,
1747 2178 1882 2233 tam
1927 2169 2106 2234 fatua
2149 2177 2249 2234 est
2284 2177 2507 2233 tamen

566 2276 792 2320 eorum
836 2255 1100 2320 vanitas
1143 2263 1218 2319 ut
1253 2254 1649 2319 refutatione
1686 2277 1816 2319 non
1861 2254 2171 2338 indigeat.
2219 2255 2507 2338 Tempus

564 2342 780 2424 ipsum
835 2339 1005 2424 quod
1059 2339 1430 2416 observant,
1481 2339 1640 2405 satis
1692 2341 1989 2424 coarguit
2041 2362 2268 2405 eorum
2313 2341 2507 2405 insci-

566 2427 748 2492 tiatn.
797 2426 1051 2491 Verum
1096 2427 1340 2509 optime
1389 2426 1565 2491 Deus
1614 2427 1799 2492 nobis
1844 2426 2191 2505 consuluit,
2236 2427 2345 2509 qui
2377 2449 2510 2492 ser-

566 2535 726 2578 vum
766 2534 955 2578 suum
983 2512 1215 2577 Mosen
1250 2511 1649 2577 liberationis
1688 2512 2080 2589 ministrum,
2123 2512 2326 2578 voluit
2352 2534 2509 2578 eun-

569 2597 715 2662 dem
754 2598 850 2663 rei
886 2605 1108 2681 gestae
1144 2619 1285 2663 esse
1321 2605 1552 2663 testem
1590 2606 1655 2662 et
1689 2619 2098 2681 praeconem,
2144 2606 2209 2662 et
2244 2598 2506 2682 quidem

569 2684 741 2767 apud
800 2704 907 2749 eos
951 2683 1064 2766 qui
1107 2682 1309 2748 oculis
1364 2684 1502 2749 suis
1544 2685 1763 2748 omnia
1807 2684 2247 2768 inspexerant,
2286 2693 2351 2749 et
2393 2684 2509 2768 qui

569 2791 686 2853 pro
730 2789 848 2834 sua
890 2769 1271 2851 pervicacia,
1317 2791 1519 2853 quum
1564 2777 1699 2833 tam
1744 2791 2013 2836 severus
2057 2779 2231 2836 esset
2275 2781 2506 2835 contra

569 2858 743 2940 ipsos
787 2875 1034 2930 censor,
1082 2875 1417 2938 nunquam
1464 2855 1638 2938 passi
1673 2865 1890 2921 essent
1924 2856 2162 2921 falsum
2198 2877 2316 2939 pro
2353 2877 2508 2922 vero

569 2943 832 3007 iactare.
890 2939 1107 3020 Quum
1156 2960 1312 3023 ergo
1357 2941 1546 3005 firma
1570 2942 1626 3005 ei
1671 2949 1737 3005 et
1779 2942 2049 3007 indubia
2093 2949 2351 3007 constet
2393 2963 2507 3008 au·

572 3028 818 3107 toritas,
863 3036 1117 3091 tantum
1154 3037 1451 3093 notemus
1487 3027 1627 3094 eius
1663 3028 2026 3094 consilium.
2120 3027 2327 3095 Sicuti
2387 3029 2508 3096 hoc

570 3113 707 3180 loco
752 3112 1039 3179 breviter
1101 3120 1328 3177 narrat
1384 3135 1464 3178 ex
1516 3114 1767 3198 ingenti
1809 3115 2172 3180 Pharaonis
2218 3116 2510 3180 exercitu

573 3222 705 3265 non
770 3199 970 3264 fuisse
1036 3218 1403 3282 quenquam
1463 3200 1828 3280 residuum,
1890 3201 2224 3267 Israelitas
2290 3213 2508 3267 autem

570 3306 796 3351 omnes
841 3284 921 3349 ad
968 3305 1175 3349 unum
1211 3283 1550 3350 transiisse
1584 3286 1801 3351 salvos
1836 3287 2004 3352 sicco
2041 3286 2232 3368 pede:
2284 3287 2510 3353 baculo

572 3371 782 3438 Mosis
847 3391 1050 3454 aquas
1094 3377 1399 3435 naturam
1444 3383 1764 3449 mutasse,
1833 3381 1908 3436 ut
1965 3373 2207 3438 solidae
2260 3382 2511 3438 starent

573 3467 878 3539 tanquam
940 3456 1139 3520 muri:
1202 3455 1427 3520 eodem
1490 3456 1716 3522 baculo
1775 3458 1971 3523 fuisse
2028 3480 2259 3524 rursus
2308 3460 2511 3541 lique-

573 3544 797 3622 factae,
836 3550 907 3607 ut
944 3548 1213 3624 repente
1250 3540 1601 3607 obruerent
1654 3545 2027 3627 Aegyptios.
2116 3544 2302 3610 Haec
2340 3566 2514 3611 com-

573 3630 826 3713 paratio
887 3628 1100 3710 palam
1157 3627 1442 3693 ostendit
1501 3628 1624 3695 hoc
1681 3629 2068 3694 inusitatum
2128 3630 2326 3695 fuisse
2385 3629 2514 3695 Dei

569 3736 753 3799 opus.
842 3713 1011 3778 Nam
1068 3713 1237 3795 quod
1288 3712 1367 3778 de
1417 3715 1599 3778 fluxu
1646 3723 1713 3779 et
1748 3718 2005 3782 refluxu
2042 3717 2224 3782 sinus
2270 3717 2514 3781 arabici

554 3800 809 3883 -nugati
853 3809 1005 3863 sunt
1050 3798 1312 3881 quidam
1364 3800 1615 3882 profani
1661 3802 2030 3884 scriptores,
2092 3824 2207 3884 per
2250 3827 2318 3867 se
2363 3825 2515 3868 con-

572 3886 747 3953 cidit.
830 3884 1060 3967 Itaque
1111 3906 1190 3948 ex
1240 3886 1684 3967 superioribus
1720 3889 1952 3952 merito
1987 3887 2253 3953 tandem
2297 3889 2515 3969 infert,

572 3971 912 4039 Israelitas
960 3969 1195 4036 vidisse
1241 3981 1569 4054 potentem
1615 3994 1884 4039 manum
1931 3975 2088 4053 Dei,
2154 3996 2321 4057 quae
2381 3975 2515 4042 illic

568 4080 640 4125 se
680 4064 1077 4124 exseruerat.

739 4144 841 4209 31.
888 4142 974 4207 Et
1016 4143 1175 4208 vidit
1220 4142 1444 4207 Israel.
1535 4143 1891 4226 Postquam
1952 4143 2118 4208 dixit
2174 4145 2511 4212 Israelitas

574 4229 813 4295 vidisse
857 4237 1065 4293 strata
1116 4229 1179 4292 in
1219 4227 1435 4292 littore
1471 4229 1822 4309 cadavera,
1871 4230 1998 4294 iam
2038 4230 2238 4312 addit,
2284 4233 2353 4296 in
2400 4233 2510 4298 illo

571 4313 936 4399 spectaculo
973 4314 1355 4398 apparuisse
1379 4313 1506 4379 Dei
1545 4336 1833 4394 manum,
1872 4316 1993 4381 hoc
2031 4326 2131 4381 est
2160 4319 2507 4385 virtutem:

574 4402 726 4486 quia
769 4400 1031 4483 cognitu
1079 4400 1338 4466 difficile
1390 4423 1515 4465 non
1568 4414 1709 4465 erat
1759 4401 1894 4466 irae
1931 4411 1995 4467 et
2032 4405 2284 4485 paterni
2329 4426 2509 4469 amo-

574 4489 665 4552 ris
710 4487 1093 4563 discrimen,
1151 4486 1322 4569 quod
1383 4495 1518 4551 tam
1575 4486 1959 4553 mirabiliter
2016 4499 2340 4555 servasset
2382 4492 2507 4555 im-

573 4573 808 4639 bellem
868 4572 1127 4637 turbam
1187 4583 1253 4635 et
1318 4574 1677 4637 exercitum
1735 4574 1945 4639 modis
2009 4575 2312 4642 omnibus
2379 4578 2507 4642 for-

572 4658 946 4724 midabilem
1026 4658 1225 4721 maris
1303 4661 1562 4743 gurgite
1640 4659 2019 4743 absorptum
2097 4659 2504 4744 perdidisset.

571 4746 725 4810 Non
793 4743 906 4808 abs
973 4766 1044 4808 re
1108 4743 1311 4826 igitur
1373 4744 1589 4810 Moses
1655 4746 1760 4811 hic
1827 4745 2086 4811 tandem
2156 4748 2504 4827 concludit,

570 4831 987 4913 conspicuam
1046 4828 1246 4894 fuisse
1306 4832 1374 4892 in
1433 4829 1815 4897 liberatione
1874 4834 2093 4915 populi
2160 4834 2504 4900 coelestem

570 4915 951 5003 potentiam.
1040 4915 1277 4979 Postea
1322 4915 1517 4993 addit,
1566 4938 1696 4981 non
1737 4919 1876 4983 sine
1921 4920 2134 4985 fructu
2170 4920 2505 4988 Israelitas

572 5002 811 5070 vidisse
857 5000 980 5066 Dei
1028 5020 1327 5065 manum:
1386 5003 1536 5085 quia
1592 5023 1740 5068 eum
1800 5005 2191 5084 timuerunt,
2250 5006 2504 5090 ipsique

567 5087 985 5155 crediderunt
1040 5094 1104 5150 et
1163 5086 1338 5151 Mosi
1396 5108 1587 5153 servo
1646 5091 1804 5155 eius.
1940 5092 2167 5156 Timor
2223 5092 2332 5159 hic
2383 5115 2503 5177 pro

570 5173 940 5242 reverentia
974 5174 1228 5255 capitur
1265 5194 1427 5256 quae
1463 5174 1775 5258 populum
1809 5178 2132 5243 continuit
2164 5179 2237 5243 in
2272 5181 2502 5248 officio.

570 5262 800 5344 Neque
857 5259 1030 5325 enim
1102 5266 1286 5323 metu
1354 5260 1567 5325 solum
1644 5263 1807 5325 tacti
1877 5277 2066 5342 sunt,
2121 5264 2232 5328 sed
2302 5268 2501 5332 etiam

569 5345 835 5413 adducti
899 5355 975 5410 ut
1039 5365 1108 5408 se
1173 5345 1347 5424 Deo,
1413 5347 1598 5413 cuius
1663 5347 2020 5413 bonitatem
2085 5350 2374 5417 suaviter
2439 5363 2505 5419 et

1739 432 2480 500 COMMENTARIUS
2527 432 2625 497 IN
2671 430 2969 497 EXODI
3010 431 3206 497 OAP.
3251 431 3405 496 XV.

4429 430 4540 496 156

2612 620 2896 687 iucunde
2920 621 3179 703 experti
3215 621 3496 697 fuerant,
3538 618 3928 686 addicerent.
3991 618 4134 684 Etsi
4170 625 4385 684 autem
4417 639 4541 684 non

2612 708 2929 772 diuturna
2973 708 3096 771 fnit
3137 705 3300 772 haec
3346 706 3570 789 pietas,
3619 706 3850 771 saltem
3898 705 3966 769 in
4014 705 4299 771 maxima
4344 713 4538 787 parte,

2609 792 2918 858 credibile
2983 800 3207 857 tamen
3273 804 3374 858 est
3429 792 3498 855 in
3559 791 3779 873 paucis
3845 789 4231 873 quibusdam
4298 790 4540 856 radices

2609 880 2850 963 egisse:
2913 880 3063 961 quia
3118 900 3376 961 semper
3433 877 3764 942 residuum
3818 875 3943 941 fuit
4001 874 4258 960 aliquod
4302 896 4541 953 semen,

2610 987 2730 1031 nec
2811 965 2981 1048 apud
3056 986 3283 1029 omnes
3349 964 3609 1047 penitus
3675 964 3998 1027 exstincta
4065 963 4186 1027 fuit
4254 962 4543 1028 beneficii

2610 1052 2941 1116 memoria.
2988 1051 3207 1116 Verbo
3232 1049 3558 1115 Credendi
3587 1049 3998 1132 praecipuam
4022 1048 4272 1113 timoris
4293 1057 4540 1131 partem

2611 1138 2826 1202 notari
2869 1137 3206 1211 existimo,
3255 1158 3329 1200 ac
3374 1135 3736 1218 expositive
3781 1132 4073 1199 additum
4118 1136 4540 1216 interpretor:

2611 1246 2685 1289 ac
2744 1223 2801 1287 si
2857 1222 3101 1287 dictum
3161 1234 3361 1298 esset,
3422 1221 3739 1286 reveritos
3800 1220 3998 1284 fuisse
4044 1221 4290 1284 Deum:
4352 1218 4542 1302 idque

2609 1318 2917 1375 testatum
2943 1309 3187 1385 fecisse,
3213 1309 3362 1391 quia
3384 1307 3511 1371 fide
3535 1305 3820 1389 amplexi
3844 1307 3979 1369 sint
4000 1306 4138 1371 eius
4163 1303 4541 1384 doctrinam,

2610 1404 2676 1460 et
2715 1395 2885 1460 Mosi
2928 1394 3301 1459 obedienter
3343 1414 3414 1458 se
3457 1393 3868 1459 subiecerint.
3935 1391 4080 1457 Hoc
4122 1392 4358 1458 affectu
4405 1412 4545 1474 pas-

2609 1482 2732 1546 sim
2771 1501 2999 1545 omnes
3034 1481 3232 1546 fuisse
3268 1476 3591 1562 praeditos
3628 1479 4052 1561 interpretor:
4093 1479 4242 1560 quia
4263 1477 4545 1562 cognitio

2610 1587 2846 1632 manus
2889 1565 3016 1631 Dei
3065 1565 3144 1631 ad
3191 1565 3571 1649 obsequium
3616 1585 3727 1629 eos
3771 1563 3984 1643 flexit,
4052 1573 4126 1628 ut
4186 1565 4396 1647 magis
4449 1584 4545 1627 es-

2609 1662 2752 1719 sent
2808 1653 3113 1736 morigeri
3172 1674 3246 1719 ac
3306 1651 3576 1730 docileS,
3636 1660 3702 1716 et
3746 1648 3827 1714 ad
3887 1648 4287 1731 sequendum
4339 1650 4545 1713 Deum

2611 1740 2819 1822 magis
2855 1738 3181 1822 propensi.
3251 1736 3385 1804 Sed
3429 1736 3536 1802 hic
3572 1737 3764 1802 ardor
3810 1734 4000 1818 paulo
4045 1745 4192 1819 post
4226 1736 4295 1799 in
4322 1733 4547 1799 maiori

2612 1836 2794 1908 parte
2838 1824 3143 1904 evanuit,
3203 1832 3278 1888 ut
3339 1823 3548 1889 solent
3604 1821 3933 1906 praesenti
3990 1831 4246 1886 tantum
4307 1821 4546 1885 intuitu

2610 1911 2799 1977 affici.
2846 1909 3236 1993 Quanquam
3276 1910 3523 1973 retineo
3560 1908 3730 1990 quod
3770 1929 3978 1989 nuper
4014 1907 4169 1985 dixi,
4209 1907 4276 1972 in
4316 1908 4547 1990 exiguo

2611 1998 2827 2080 aliquo
2902 2016 3175 2061 numero
3244 1995 3526 2077 viguisse
3596 1994 3721 2059 Dei
3787 2003 4035 2058 metum
4098 2013 4289 2075 quem
4353 1990 4548 2057 semel

2611 2105 2693 2148 ex
2730 2104 2928 2148 sensu
2952 2083 3205 2165 gratiae
3227 2083 3369 2146 eius
3408 2089 3857 2163 conceperant.
3929 2079 4194 2144 Interea
4230 2079 4549 2144 discamus

2611 2192 2692 2234 ex
2732 2168 2855 2234 hoc
2903 2168 3068 2243 loce,
3117 2188 3454 2250 nunquam
3497 2188 3650 2232 vere
3695 2179 3760 2231 et
3806 2168 3928 2230 rite
3972 2165 4096 2230 coli
4141 2164 4364 2230 Deum
4409 2165 4550 2231 abs-

2610 2276 2733 2338 que
2756 2254 2912 2319 fide:
2962 2254 3116 2338 quia
3139 2252 3565 2319 incredulitas
3603 2273 3893 2318 crassum
3931 2252 4071 2317 eius
4107 2259 4548 2334 contemptum

2611 2339 2846 2425 prodit.
2929 2342 3027 2405 Ac
3061 2339 3486 2423 quantumvis
3526 2338 3770 2402 iactent
3805 2338 4184 2424 hypocritae
4220 2359 4290 2402 se
4328 2356 4548 2401 omnes

2612 2428 2860 2510 species
2917 2426 3238 2491 honorum
3283 2427 3350 2490 in
3391 2423 3609 2489 Deum
3654 2445 4036 2507 congerere,
4093 2423 4548 2507 gravissimam

2613 2522 2831 2578 tamen
2897 2510 3362 2578 contumeliam
3417 2511 3748 2594 irrogant,
3809 2510 4003 2575 fidem
4069 2513 4208 2574 eius
4272 2508 4548 2574 oraculis

2613 2598 3001 2682 abrogando.
3050 2598 3197 2662 Non
3246 2597 3360 2663 abs
3407 2618 3476 2661 re
3520 2606 3734 2661 autem
3783 2595 4199 2679 coniungitur
4241 2595 4387 2660 Deo
4414 2595 4548 2659 Mo-

2613 2708 2716 2751 ses
2760 2685 2872 2767 qui
2917 2684 3162 2750 electus
3207 2682 3423 2748 fuerat
3467 2683 3766 2747 minister
3817 2682 3896 2747 ad
3943 2679 4303 2765 regendum
4353 2702 4548 2765 popu-

2612 2771 2767 2837 lum.
2856 2771 3000 2835 Etsi
3047 2769 3221 2834 enim
3282 2768 3473 2833 claris
3517 2769 3725 2852 signis
3768 2789 3837 2832 se
3883 2766 4006 2832 Dei
4048 2769 4359 2833 maiestas
4408 2786 4548 2849 pro-

2612 2856 2872 2931 ferebat,
2916 2852 3172 2921 medius
3208 2864 3426 2919 tamen
3468 2868 3606 2919 erat
3634 2855 3867 2931 Moses,
3905 2875 3989 2918 ex
4025 2856 4206 2920 cuius
4243 2875 4357 2918 ore
4383 2852 4547 2918 vole·

2611 2944 2724 3010 bat
2759 2942 2942 3007 Deus
2988 2941 3190 3007 verba
3233 2963 3352 3006 sua
3403 2940 3632 3005 audiri.
3722 2940 3828 3005 Ita
3870 2960 4002 3005 non
4048 2940 4264 3022 potuit
4310 2937 4548 3021 despici

2613 3039 2880 3096 sanctus
2923 3028 3061 3109 vir,
3127 3028 3285 3111 quin
3332 3037 3751 3111 respueretur
3795 3028 3996 3110 ipsius
4044 3025 4170 3091 Dei
4216 3027 4544 3092 autoritas.

2613 3115 2811 3182 Utilis
2867 3115 3022 3180 hinc
3082 3114 3413 3197 colligitur
3471 3112 3798 3191 doctrina,
3865 3113 4117 3196 quoties
4183 3114 4374 3178 Deus
4441 3132 4548 3195 per

2616 3203 2914 3267 homines
2973 3202 3244 3267 verbum
3304 3222 3491 3265 suum
3551 3199 3737 3265 nobis
3795 3198 4119 3282 proponit,
4187 3220 4322 3263 non
4368 3217 4546 3263 secus

2615 3288 2972 3354 audiendos
3006 3308 3147 3353 esse
3182 3286 3292 3370 qui
3340 3285 3622 3350 fideliter
3664 3284 3972 3350 mandata
4016 3286 4156 3350 eius
4197 3285 4544 3368 perferunt,

2615 3397 2689 3441 ac
2713 3375 2766 3440 si
2811 3374 3022 3457 palam
3069 3374 3206 3456 ipse
3229 3395 3265 3437 e
3300 3373 3478 3438 coelo
3515 3370 3946 3437 descenderet.
3989 3371 4174 3436 Haec
4212 3367 4548 3434 ministerii

2614 3459 3090 3526 commendatio
3148 3458 3309 3524 satis
3365 3479 3689 3540 superque
3748 3458 3967 3523 valere
4016 3458 4206 3523 debet
4250 3455 4336 3521 ad
4382 3457 4548 3521 refu-

2616 3544 2884 3612 tandam
2927 3566 3148 3611 eorum
3198 3544 3533 3610 vesaniam
3580 3544 3690 3626 qui
3735 3553 4077 3609 externam
4123 3542 4308 3609 verbi
4368 3561 4549 3625 prae·

2617 3632 3005 3697 dicationem
3052 3651 3169 3714 pro
3215 3629 3418 3695 nihilo
3463 3628 3725 3695 ducunt.
3776 3631 3921 3695 Hoc
3966 3651 4121 3714 ergo
4158 3628 4547 3712 principium

2617 3726 2989 3800 teneamus,
3050 3737 3182 3781 non
3246 3717 3407 3782 alios
3452 3716 3712 3781 obedire
3758 3717 3901 3782 Deo
3948 3716 4072 3781 nisi
4118 3716 4229 3798 qui
4271 3712 4546 3798 prophe-

2617 3816 2716 3869 tas
2761 3804 2841 3869 ab
2887 3825 2962 3868 eo
3006 3804 3236 3868 missos
3282 3802 3630 3886 recipiunt:
3687 3803 3840 3884 quia
3886 3804 4064 3868 nefas
4109 3810 4208 3866 est
4248 3817 4545 3885 separare

2615 3912 2779 3973 quae
2848 3889 2956 3954 ille
3026 3889 3383 3954 coniunxit.
3497 3888 3640 3954 Hoc
3698 3887 3871 3953 idem
3931 3888 4172 3954 clarius
4229 3885 4548 3971 expressit

2616 3976 2918 4041 Christus
2972 3974 3080 4041 his
3142 3975 3389 4040 verbis:
3450 3977 3559 4056 qui
3622 3996 3735 4039 vos
3792 3974 4003 4054 audit,
4050 3996 4154 4038 me
4211 3974 4423 4038 audit:
4488 3979 4548 4035 et

2616 4062 2730 4145 qui
2778 4084 2888 4127 vos
2935 4061 3160 4141 reiicit,
3206 4083 3311 4125 me
3354 4060 3567 4125 reiicit
3606 4059 3794 4146 (Mat.
3846 4062 3945 4141 10,
3987 4058 4117 4146 40).
4201 4058 4544 4125 Caeterum

2614 4147 2784 4231 quod
2833 4168 2999 4231 papa
3043 4169 3187 4213 cum
3235 4145 3473 4213 foetido
3517 4168 3635 4212 suo
3680 4148 3849 4211 clero
3909 4147 4030 4214 hoc
4077 4145 4158 4211 ad
4203 4166 4272 4211 se
4331 4142 4544 4220 trahit,

2614 4234 2801 4318 quasi
2845 4233 3205 4299 audiendus
3262 4236 3350 4299 sit
3393 4231 3503 4297 ubi
3562 4232 3856 4298 obtendit
3899 4232 4028 4297 Dei
4070 4252 4339 4309 nomen,
4410 4229 4545 4314 plus

2612 4341 2805 4402 quam
2830 4318 3150 4386 insulsum
3188 4328 3305 4384 est.
3349 4319 3522 4383 Nam
3566 4317 3666 4405 (ut
3712 4317 3920 4384 multa
3953 4339 4122 4402 quae
4157 4318 4226 4382 in
4266 4316 4544 4382 medium

2611 4407 2846 4472 afferre
2890 4407 3118 4471 liceret
3161 4404 3437 4491 taceam)
3473 4416 3625 4470 ante
3660 4406 3879 4470 omnia
3915 4425 4175 4470 necesse
4210 4404 4338 4468 erit
4373 4410 4446 4468 ut
4480 4418 4543 4467 se

2609 4490 2737 4557 Dei
2782 4514 3045 4557 servum
3083 4492 3344 4574 probet:
3403 4513 3442 4557 a
3478 4512 3604 4574 quo
3642 4491 3894 4556 utinam
3941 4513 4071 4556 non
4109 4492 4199 4554 ita
4234 4499 4405 4556 esset
4448 4509 4543 4551 re-

2609 4587 2843 4643 motus.
2933 4579 3163 4661 Neque
3222 4578 3398 4642 enim
3460 4579 3588 4641 alia
3645 4579 3900 4642 ratione
3958 4576 4266 4641 laudatur
4325 4572 4540 4659 populi

2608 4663 2974 4816 ‘'begiffntia
3018 4657 3145 4730 nisi
3189 4661 3361 4748 quod
3407 4664 3548 4729 Deo
3609 4674 3674 4728 et
3718 4663 4109 4729 coniunctim
4158 4683 4351 4728 servo
4409 4661 4542 4725 eius

2605 4771 2714 4817 cre
2762 4751 2782 4814 i
2830 4753 2900 4816 it.

3320 5090 3624 5157 CAPUT
3676 5092 3829 5157 XV.

2780 5265 2837 5331 1.
2892 5265 3066 5330 Tunc
3108 5263 3322 5328 cecinit
3355 5262 3567 5328 Moses
3610 5268 3667 5328 et
3695 5261 3825 5343 filii
3848 5262 4057 5328 Israel
4097 5262 4403 5328 canticum
4436 5260 4537 5324 hoo

2609 5349 2886 5427 Iehovae,
2952 5356 3008 5416 et
3068 5349 3396 5416 dixerunt.-
3465 5348 3739 5415 Cantaba
3803 5346 4080 5426 Ιθήουαε,
4146 5348 4438 5432 quoniam
4475 5363 4535 5410 se
