4867 6150
312 441 360 505 ’7
368 439 450 505 13

1824 437 2019 506 NON
2020 436 2161 505 ΠΜ
2205 435 2859 504 PRAEOEPTUM.

4213 439 4341 506 714

1621 837 1713 931 N
1715 834 2092 933 ONUM
2144 834 3051 932 PRAECEPTUM.

960 1139 1094 1206 EX
1138 1138 1434 1206 EXODI
1477 1139 1639 1207 XX.

510 1316 611 1382 16.
674 1312 822 1381 Non
872 1312 1039 1380 dices
1076 1311 1381 1378 adversus
1415 1312 1790 1394 proximum
1820 1314 2000 1375 tuum
2041 1308 2285 1390 falsum

331 1402 750 1472 tesmonium
776 1398 848 1486 ¹).

1021 1689 1154 1754 EX
1196 1689 1469 1755 DEUT.
1514 1689 1597 1754 V.

504 1864 607 1929 20.
679 1861 826 1927 Non
887 1863 1057 1928 dices
1116 1862 1187 1926 im
1240 1861 1612 1943 proximum
1653 1866 1833 1926 tuum
1884 1861 2129 1944 falsum
2170 1867 2290 1926 tes-

323 1952 671 2017 timonium.

501 2103 633 2169 Hic
675 2100 864 2167 Deus
908 2100 1224 2183 cuiusque
1266 2101 1482 2167 famae
1521 2106 1588 2166 et
1631 2099 2097 2167 existimationi
2143 2118 2294 2164 con-

322 2189 518 2268 sulit,
562 2209 648 2253 ne
708 2187 854 2272 quis
898 2185 1245 2252 calumniis
1289 2193 1357 2251 et
1398 2186 1585 2253 falsis
1628 2185 2012 2253 criminibus
2055 2186 2290 2250 imme-

321 2275 456 2343 rito
500 2284 836 2359 gravetur.
923 2272 1179 2337 Eadem
1224 2282 1444 2337 tamen
1491 2283 1591 2339 est
1647 2272 2057 2358 synecdoche
2092 2291 2288 2353 quam

323 2359 806 2428 observandam
872 2379 1015 2424 esse
1080 2356 1393 2423 admonui
1456 2358 1528 2423 in
1590 2358 2036 2443 superioribus
2100 2377 2292 2440 prae«

325 2448 568 2531 ceptis:
625 2444 778 2528 quia
833 2445 956 2510 sub
1015 2464 1148 2508 uno
1208 2444 1419 2527 capite
1476 2443 1668 2528 plura
1725 2445 1912 2511 Deus
1969 2442 2290 2528 complec-

326 2536 514 2599 titur.
603 2530 798 2612 Quod
840 2528 924 2594 ad
968 2528 1173 2596 verba
1208 2536 1480 2612 spectat,
1527 2532 1683 2613 quia
1728 2545 1815 2609 ’m
1853 2530 2118 2615 proprie
2158 2538 2290 2594 tes·

325 2628 468 2685 tem
507 2618 864 2703 significat:
932 2615 1014 2680 ad
1045 2615 1319 2681 verbum
1354 2614 1487 2699 legi
1522 2623 1768 2700 potest:
1824 2617 1977 2682 Non
2020 2635 2291 2699 respon-

327 2705 516 2771 debis
575 2702 766 2769 testis
828 2700 1035 2767 falsus
1100 2708 1334 2768 contra
1397 2703 1771 2785 proximum
1838 2710 2064 2768 tuum:
2130 2708 2291 2767 tunc

324 2812 493 2857 vero
536 2780 988 2856 subaudienda
1026 2787 1155 2850 erit
1212 2788 1540 2871 particula
1581 2787 1706 2867 Ut,
1767 2810 1964 2871 quam
2018 2786 2288 2853 inserui.

324 2876 607 2961 Frigido
651 2874 830 2941 enim
875 2881 1220 2956 exponunt
1253 2873 1544 2939 Hebraei
1587 2874 1863 2939 vocandi
1900 2892 2090 2940 casu:
2137 2872 2290 2937 Non

325 2962 621 3046 loquaris
655 2981 696 3025 o
731 2960 919 3025 testis
962 2957 1268 3023 mendax.
1325 2958 1720 3043 Quanquam
1766 2967 1988 3025 autem
2027 2957 2292 3025 videtur

323 3057 594 3116 tantum
629 3046 815 3112 Deus
849 3044 1227 3129 praecipere
1261 3066 1345 3110 ne
1380 3046 1523 3129 quis
1560 3045 1976 3130 opprimendi
2011 3044 2293 3111 insontis

328 3154 532 3203 causa
563 3135 634 3198 in
669 3133 882 3197 forum
919 3131 1222 3215 prodeat,
1269 3139 1337 3197 et
1388 3130 1643 3215 publice
1687 3145 1918 3199 contra
1961 3154 2113 3197 eum
2159 3144 2294 3196 tes-

331 3229 546 3287 tetur:
593 3226 844 3285 certum
892 3224 1116 3282 tamen
1169 3224 1271 3283 est
1304 3216 1504 3283 falsas
1539 3238 1768 3284 omnes
1802 3218 2293 3284 criminationes

333 3304 645 3373 interdici
686 3302 991 3369 fidelibus
1008 3353 1026 3382 ,
1081 3323 1204 3368 nec
1247 3313 1504 3368 tantum
1551 3324 1718 3388 quae
1769 3315 2176 3389 sparguntur
2218 3304 2290 3367 in

332 3391 639 3474 compitis
696 3400 763 3455 et
805 3388 1094 3455 circulis:
1156 3388 1269 3454 sed
1327 3410 1494 3473 quae
1552 3390 1622 3454 in
1675 3391 1953 3474 privatis
2003 3388 2290 3467 aedibus,

334 3478 732 3559 secretisque
767 3475 1029 3559 angulis
1066 3475 1418 3559 agitantur.
1469 3474 1851 3541 Absurdum
1886 3476 2062 3542 enim
2099 3482 2291 3552 esset,

333 3584 538 3648 quum
581 3568 734 3628 ante
775 3560 1138 3626 ostenderit
1175 3561 1359 3627 Deus
1403 3561 1528 3627 sibi
1573 3583 1769 3628 curae
1812 3582 1957 3627 esse
1999 3562 2290 3626 omnium

334 3651 654 3727 fortunas,
679 3648 943 3727 famam,
971 3666 1140 3729 quae
1163 3646 1358 3733 longe
1380 3649 1730 3729 pretiosior
1751 3656 1870 3726 est,
1901 3646 2292 3731 neglexisse.

336 3737 747 3817 Quocunque
790 3733 1013 3815 itaque
1049 3731 1242 3797 modo
1278 3735 1617 3815 proximos
1653 3734 2012 3813 laedamus,
2046 3732 2294 3797 iniuste

334 3844 444 3889 eos
500 3818 908 3897 infamando,
982 3838 1202 3883 coram
1267 3820 1409 3884 Deo
1469 3839 1816 3885 censemur
1871 3818 2023 3884 falsi
2069 3825 2290 3884 testes.

331 3907 480 3973 Iam
545 3927 586 3971 a
656 3903 1097 3988 prohibitione
1171 3903 1254 3969 ad
1323 3917 1745 3988 praeceptum
1824 3905 2293 3970 affirmativum

335 3993 529 4059 debet
573 3991 895 4056 transitus
937 3990 1101 4055 fieri.
1190 3990 1421 4073 Neque
1470 3994 1646 4055 enim
1692 3993 1851 4056 satis
1907 3991 2107 4055 fuerit
2162 3989 2292 4055 lin-

333 4099 535 4162 guam
577 4077 880 4143 fraenare
924 4095 1011 4141 ne
1052 4075 1551 4155 maledicamus,
1597 4077 1727 4143 nisi
1767 4076 2043 4142 humani
2085 4077 2291 4142 simus

337 4173 412 4230 et
473 4164 665 4247 aequi
728 4182 889 4246 erga
949 4162 1318 4245 proximos,
1386 4160 1776 4247 candidique
1841 4161 2160 4229 factorum
2227 4170 2295 4227 et

341 4249 667 4317 dictorum
723 4249 1148 4331 interpretes:
1215 4269 1338 4314 nec
1393 4248 1578 4314 falsis
1628 4249 1884 4331 probris
1901 4297 1919 4328 ,
1969 4257 2290 4332 quantum

338 4336 415 4401 in
479 4336 672 4401 nobis
736 4343 866 4413 est,
934 4335 1194 4399 onerari
1260 4335 1576 4400 sinamus.
1665 4333 1856 4400 Adde
1916 4332 2087 4418 quod
2154 4355 2290 4399 non

339 4429 602 4488 tantum
630 4420 907 4487 crimina
933 4427 1113 4486 vetat
1134 4418 1320 4485 Deus
1349 4422 1602 4504 fingere
1622 4419 1939 4487 adversus
1963 4419 2291 4500 innoxios,

339 4507 455 4574 sed
501 4508 698 4572 etiam
733 4505 975 4589 probra
1009 4516 1076 4572 et
1108 4505 1409 4571 sinistros
1443 4526 1776 4571 sermones
1808 4507 2058 4573 iactare
2090 4505 2295 4570 male·

339 4593 634 4660 volentia
696 4591 801 4658 vel
858 4591 1024 4658 odio.
1110 4589 1376 4677 Dignus
1441 4591 1571 4656 erit
1633 4592 1907 4658 fortasse
1972 4592 2295 4676 quispiam

339 4679 453 4763 qui
509 4677 685 4744 male
727 4674 983 4757 audiat,
1042 4686 1109 4744 et
1150 4677 1273 4744 hoc
1310 4675 1415 4743 vel
1459 4676 1627 4742 illud
1678 4678 1925 4744 crimen
1979 4685 2137 4743 vere
2181 4699 2296 4742 ex·

340 4763 826 4849 probi-abimus:
890 4784 1113 4829 verum
1173 4764 1230 4829 si
1286 4763 1653 4831 convicium
1708 4761 1979 4828 ebulliat
2034 4784 2120 4828 ex
2163 4765 2295 4830 ira-

342 4850 621 4919 cundiae
672 4850 960 4927 fervore,
1017 4849 1125 4916 vel
1182 4850 1507 4916 accusatio
1565 4870 1652 4914 ex
1706 4849 1999 4935 maligno
2058 4849 2296 4916 affectu

342 4947 683 5003 nascatur:
728 4936 973 5001 frustra
1006 4937 1483 5013 excusabimus,
1528 4935 1789 5002 nonnisi
1826 4955 1987 5001 vera
2019 4936 2299 5001 crimina

343 5044 464 5090 nos
497 5020 865 5107 protulisse.
911 5019 1087 5102 Quia
1121 5021 1236 5088 ubi
1270 5022 1429 5088 dicit
1462 5021 1728 5089 Solomo
1771 5018 1999 5108 (Prov.
2046 5021 2148 5102 10,
2187 5020 2298 5108 12)

342 5109 687 5176 caritatem
723 5106 981 5192 operire
1014 5106 1227 5173 multa
1262 5115 1549 5191 peccata,
1594 5107 1815 5175 odium
1863 5128 2017 5175 vero
2054 5108 2298 5192 probra

513 5297 574 5366 1)
605 5296 684 5351 In
717 5296 965 5365 marye'ne
978 5316 995 5347 .·
1031 5294 1158 5363 Vel,
1192 5309 1303 5349 non
1325 5294 1571 5365 loqueris
1594 5301 1787 5351 contra
1812 5295 2122 5366 proximum
2140 5303 2295 5351 tuum

337 5371 408 5422 nt
438 5368 600 5422 testis
633 5364 917 5420 mendacii.

2388 1139 2726 1222 detegere:
2765 1144 3079 1222 tanquam
3123 1137 3341 1205 fidelis
3384 1137 3582 1204 huius
3627 1138 3957 1223 praecepti
3999 1138 4350 1222 interpres,

2388 1224 2717 1309 significat
2760 1244 2893 1288 non
2939 1224 3132 1290 aliter
3164 1246 3204 1290 a
3237 1224 3525 1291 falsitate
3560 1245 3681 1290 nos
3726 1246 3868 1292 esse
3911 1244 4112 1308 puros
4148 1245 4348 1308 quam

2388 1311 2444 1377 si
2490 1310 2675 1377 salva
2718 1310 3040 1393 proximis
3085 1331 3205 1377 sua
3247 1311 3646 1377 existimatio
3690 1331 3809 1394 per
3863 1331 3986 1377 nos
4045 1319 4346 1377 maneat:

2389 1397 2545 1481 quia
2579 1396 2636 1462 si
2692 1395 3098 1463 obtrectandi
3141 1396 3346 1463 libido
3400 1398 3739 1463 caritatem
3774 1395 4009 1476 violat,
4050 1396 4183 1481 legi
4219 1396 4351 1463 Dei

2389 1481 2799 1548 adversatur.
2887 1481 2971 1546 In
3039 1503 3298 1549 summa
3364 1480 3723 1548 tenendum
3788 1490 3890 1549 est
3960 1482 4067 1549 his
4129 1482 4349 1549 verbis

2391 1568 2677 1633 fraenari
2703 1588 2963 1633 omnem
2992 1568 3086 1634 lin
3137 1590 3258 1634 uae
3285 1569 3732 1647 virulentiam,
3768 1590 3935 1652 quae
3958 1566 4040 1633 ad
4069 1568 4351 1635 dedecus

2391 1653 2708 1719 fratribus
2753 1673 3073 1739 aspergen
3122 1676 3234 1720 um
3281 1654 3523 1720 tendit:
3570 1676 3833 1721 omnem
3868 1675 4127 1739 quoque
4160 1663 4350 1737 petu-

2390 1740 2668 1805 lantiam
2713 1761 2842 1824 qua
2884 1740 3208 1806 laceratur
3250 1739 3491 1807 bonum
3537 1760 3761 1806 eorum
3805 1762 4077 1807 nomen:
4123 1761 4351 1807 omnes

2393 1826 2899 1893 obtrectationes
2958 1846 3126 1910 quae
3168 1827 3275 1895 vel
3326 1849 3409 1893 ex
3466 1827 3712 1907 livore,
3779 1826 3885 1894 vel
3951 1848 4035 1893 ex
4099 1825 4352 1892 invidia

2393 1921 2464 1978 et
2520 1911 2991 1992 aemulatione,
3055 1912 3159 1979 vel
3220 1912 3349 1978 alio
3404 1913 3692 1995 quolibet
3754 1933 4064 1996 perverso
4109 1912 4351 1979 affectu

2391 2006 2685 2062 manant.
2751 1997 3054 2082 Longius
3097 1999 3298 2064 etiam
3346 1998 3648 2083 progredi
3691 2006 3967 2082 oportet,
4013 2020 4098 2064 ne
4136 1998 4351 2082 suspi-

2394 2083 2551 2149 ciosi
2595 2084 2817 2162 simus,
2866 2083 2970 2148 vel
3017 2085 3217 2149 etiam
3263 2085 3461 2150 nimis
3504 2085 3744 2150 curiosi
3787 2085 3860 2149 in
3905 2085 4084 2150 vitiis
4129 2084 4351 2151 obser-

2394 2168 2663 2234 vandis:
2718 2170 2874 2253 quia
2916 2170 3114 2236 nimis
3160 2171 3358 2236 anxia
3420 2170 3756 2253 inquisitio
3822 2169 4351 2235 malevolentiam

2393 2254 2614 2339 prodit
2634 2306 2649 2333 ,
2733 2256 2836 2319 vel
2895 2264 3072 2321 certe
3137 2257 3636 2342 malignitatem.
3727 2255 3899 2320 Nam
3966 2256 4023 2321 si
4089 2254 4351 2323 dilectio

2394 2363 2529 2406 non
2573 2348 2676 2407 est
2718 2341 3023 2425 suspicax
3042 2392 3058 2421 ,
3119 2344 3230 2427 qui
3279 2342 3359 2407 de
3402 2341 3611 2407 nihilo
3655 2341 3765 2408 vel
3805 2341 4062 2408 levibus
4105 2342 4354 2408 coniec-

2392 2428 2560 2493 turis
2622 2428 3001 2512 proximum
3067 2426 3370 2509 damnat,
3433 2427 3542 2495 vel
3609 2427 3690 2493 de
3756 2447 3834 2493 eo
3898 2427 4071 2493 male
4127 2427 4351 2505 sentit,

2392 2513 2595 2579 huius
2639 2515 2967 2598 praecepti
3013 2512 3192 2579 haud
3235 2512 3430 2581 dubie
3472 2520 3922 2599 transgressor
3965 2521 4085 2579 est.
4169 2512 4353 2578 Hinc

2394 2600 2722 2683 sequitur,
2782 2597 3181 2665 claudendas
3249 2621 3391 2666 esse
3436 2619 3628 2666 aures
3693 2599 3874 2667 falsis
3939 2599 4353 2665 obtrectatio-

2394 2684 2617 2751 nibus:
2699 2685 2854 2769 quia
2917 2685 3193 2767 perinde
3256 2686 3327 2751 in
3391 2687 3668 2751 fratrem
3749 2686 4033 2751 iniurius
4092 2693 4196 2752 est
4239 2683 4355 2768 qui

2394 2772 2695 2837 sinistros
2739 2770 2820 2836 de
2862 2791 2941 2837 eo
2984 2792 3321 2837 sermones
3360 2771 3596 2855 cupide
3638 2769 3928 2836 admittit
3944 2822 3960 2852 ,
4001 2770 4193 2837 sicuti
4237 2769 4354 2853 qui

2392 2857 2690 2941 linguam
2772 2857 3017 2923 exserit
3080 2857 3165 2922 ad
3236 2854 3781 2923 maledicendum.
3869 2857 4080 2924 Porro
4145 2876 4348 2940 quam

2396 2943 2765 3009 necessaria
2822 2944 2911 3008 sit
2968 2943 3131 3008 haec
3188 2941 3486 3008 doctrina
3501 2993 3517 3022 ,
3577 2944 3850 3027 quisque
3906 2962 4027 3008 suo
4082 2941 4351 3027 ingenio

2396 3032 2715 3096 aestimet.
2791 3028 2927 3095 Vix
2970 3028 3145 3095 enim
3193 3030 3592 3096 centesimus
3637 3029 4000 3115 reperietur
4043 3029 4156 3112 qui
4199 3027 4353 3094 alio-

2395 3136 2548 3180 rum
2617 3115 2834 3182 famae
2901 3117 2997 3180 ita
3064 3116 3423 3182 clementer
3487 3123 3748 3197 parcat,
3804 3123 3885 3180 ut
3940 3115 4066 3181 sibi
4130 3115 4352 3197 cupiat

2395 3201 2595 3268 etiam
2648 3203 2719 3266 in
2778 3200 3141 3267 manifestis
3189 3202 3374 3267 vitiis
3428 3201 3709 3286 ignosci:
3769 3200 3906 3266 imo
3962 3200 4350 3267 obtrectatio

2395 3287 2515 3352 zeli
2562 3294 2631 3352 et
2672 3287 3043 3353 severitatis
3100 3294 3447 3373 praetextu
3504 3306 3697 3370 saepe
3753 3284 4082 3353 laudatur.
4172 3286 4352 3350 Hinc

2395 3375 2474 3438 fit
2518 3381 2594 3437 ut
2635 3374 2878 3440 sanctis
2922 3394 3175 3456 quoque
3220 3394 3291 3440 se
3333 3372 3628 3439 insinuet
3671 3373 3794 3440 hoc
3837 3373 4070 3439 vitium
4092 3423 4108 3450 ,
4158 3385 4353 3455 atque

2396 3457 2668 3543 obrepat
2725 3460 2996 3525 virtutis
3059 3461 3342 3525 nomine.
3431 3459 3539 3525 Ad
3602 3459 3798 3538 haec,
3861 3458 4023 3525 facit
4083 3458 4353 3539 linguae

2395 3545 2762 3624 lubricitas,
2806 3555 2881 3610 ut
2921 3546 3067 3610 leve
3119 3553 3427 3628 putemus
3474 3544 3814 3625 delictum,
3859 3543 4102 3611 lethale
4158 3543 4352 3609 dede·

2400 3631 2572 3697 coris
2629 3631 2873 3696 vulnus
2922 3631 3110 3696 fratri
3162 3631 3495 3716 infligere,
3553 3630 3659 3697 cui
3712 3643 3935 3696 tamen
3992 3630 4203 3715 pluris
4252 3637 4355 3695 est

2401 3738 2522 3783 sua
2589 3717 2952 3782 aestimatio
3018 3737 3213 3800 quam
3286 3719 3443 3786 vita.
3533 3715 3814 3783 Summa
3884 3724 4012 3796 est,
4079 3725 4153 3781 ut
4217 3735 4354 3780 non

2396 3803 2622 3868 minus
2662 3803 2734 3867 in
2792 3801 3072 3869 candore
3115 3814 3182 3867 et
3234 3800 3641 3870 obtrectandi
3700 3802 4104 3868 abstinentia
4155 3821 4351 3886 quam

2398 3890 2470 3953 in
2514 3887 2663 3955 aliis
2706 3888 2939 3956 officiis
2974 3888 3319 3955 caritatem
3365 3896 3652 3956 nostram
3693 3895 4031 3955 testemur.

2823 4281 3332 4350 EXPOSI'I'IO
3378 4281 3925 4348 PRAEOEP'PI.

2980 4403 3113 4469 Ex
3156 4400 3463 4468 EXODI
3503 4401 3773 4468 XXIII.

2574 4573 2633 4639 1.
2708 4572 2859 4640 Non
2899 4575 3211 4655 suscipies
3251 4594 3451 4640 vocem
3484 4573 3815 4654 mendacii,
3852 4591 4043 4656 neque
4077 4571 4354 4638 adiicias

2397 4661 3143 4742 manumtuamimpio
3208 4659 3989 4726 asistestismendax.
4076 4658 4136 4723 2.
4206 4656 4353 4722 Non

2398 4747 2531 4813 eris
2559 4750 2707 4830 post
2747 4746 2971 4813 multos
3012 4747 3098 4812 ad
3139 4747 3333 4827 mala,
3374 4765 3567 4828 neque
3598 4744 3994 4828 respondebis
4034 4743 4104 4809 in
4136 4762 4351 4824 causa,

2399 4838 2472 4898 ut
2511 4832 2775 4901 declinet·
2805 4837 2954 4917 post
2993 4832 3221 4899 multos
3262 4831 3350 4898 ad
3378 4832 3876 4914 parvm-tendum.

2919 5124 3055 5191 EX
3096 5122 3431 5190 EODEM
3473 5121 3831 5190 OAPITE.

2572 5261 2632 5328 7.
2680 5260 2746 5327 A
2793 5257 3922 5344 sermonemendaciilonfflaberis:
3978 5255 4356 5323 necoccides

2394 5348 2772 5417 innocentem
2838 5351 2895 5413 et
2934 5345 3203 5413 iustum.-
3263 5346 3418 5429 quia
3471 5366 3594 5412 non
3653 5342 4003 5426 iustificabo
4064 5342 4352 5426 impium.
