4867 6150
565 460 699 527 455

567 647 681 715 vel
724 645 1181 730 privilegium,
1234 643 1404 728 quod
1451 645 1753 710 observet
1795 651 1928 708 tota
1979 643 2248 708 Aharon
2311 653 2528 726 poste-

575 735 755 799 ritas.
837 730 988 812 Qua
1032 729 1111 795 de
1154 752 1226 795 re
1271 740 1495 794 tamen
1540 751 1672 795 non
1717 729 2011 814 litigab0,
2047 730 2099 794 si
2190 729 2294 796 uis
2340 730 2531 794 aliter

577 819 840 884 sentiat.
910 819 1006 882 At
1039 828 1216 883 certe
1250 836 1377 899 quo
1414 815 1625 900 magis
1659 817 1728 880 in
1766 836 1842 882 eo
1887 814 2158 899 splende
2205 825 2273 880 at
2317 816 2530 899 figura

576 903 851 982 Christi,
896 903 1107 967 maior
1149 903 1347 967 etiam
1387 910 1454 967 et
1496 902 1844 985 perfectior
1888 902 2202 968 sanctitas
2238 901 2528 984 conspici

581 989 875 1056 debebat.
962 989 1115 1055 Huc
1159 996 1375 1053 autem
1423 988 1758 1070 spectabat
1802 987 2173 1066 adstrictio,
2238 997 2312 1052 ut
2358 1007 2530 1052 uxor

579 1097 711 1141 non
758 1075 956 1140 alium
1003 1075 1219 1138 virum
1264 1084 1563 1158 experta,
1607 1072 2074 1140 verecundiam
2123 1073 2261 1139 loco
2304 1073 2418 1138 illo
2463 1081 2532 1138 et

576 1161 786 1246 gradu
831 1160 998 1226 sacri
1044 1160 1309 1225 honoris
1355 1159 1619 1244 dignam
1667 1180 1825 1243 prae
1876 1181 1946 1225 se
1980 1161 2200 1224 ferret.
2269 1159 2347 1225 Si
2383 1158 2530 1243 quis

576 1246 854 1327 obiiciat,
898 1244 1273 1327 absurdum,
1318 1245 1428 1310 vel
1471 1247 1688 1311 minus
1733 1243 2036 1312 decorum
2085 1246 2288 1311 fuisse
2323 1245 2527 1311 vetuli

577 1332 935 1398 sacerdotis
995 1331 1369 1416 coniugium
1437 1352 1586 1397 cum
1660 1332 1914 1415 puella,
1998 1331 2233 1397 deinde
2299 1330 2529 1398 multis

574 1417 1007 1485 incommodis
1065 1417 1459 1483 subiectum:
1515 1418 1913 1501 respondeo,
1974 1417 2153 1503 leges
2211 1418 2527 1501 speciales

577 1504 675 1568 ita
742 1502 977 1569 debere
1042 1503 1319 1586 exponi,
1387 1523 1471 1568 ne
1535 1512 1836 1589 pugnent
1901 1524 2050 1568 cum
2109 1503 2528 1589 generalibus

576 1588 940 1674 principiis.
1023 1587 1099 1655 Si
1136 1610 1339 1655 senex
1376 1587 1741 1672 decrepitus
1776 1589 2194 1656 iuvenculam
2240 1597 2526 1674 appetat,

580 1676 827 1759 turpis,
904 1684 972 1740 et
1035 1674 1340 1760 pudenda
1406 1675 1530 1740 erit
1594 1675 1829 1756 libido,
1897 1675 2132 1740 deinde
2196 1674 2531 1741 fraudabit

581 1781 782 1845 quam
841 1758 1051 1826 ducet.
1139 1761 1319 1826 Hinc
1377 1760 1643 1826 tandem
1697 1768 2001 1827 nascetur
2059 1762 2414 1848 zelotypia,
2461 1769 2531 1826 et

580 1847 822 1912 misera
866 1848 1197 1927 anxietas,
1241 1846 1352 1911 vel
1394 1847 1614 1912 stultis
1657 1847 1923 1931 ineptiis
1967 1868 2253 1913 amorem
2299 1847 2530 1914 uxoris

578 1931 887 2011 fovendo,
951 1953 1212 1997 omnem
1272 1932 1620 2017 gravitatis
1676 1953 1904 1999 curam
1963 1933 2241 1999 abiiciet.
2330 1934 2526 1999 Hanc

577 2038 652 2082 re
746 2019 913 2098 lam,
970 2039 1133 2102 quae
1179 2040 1218 2084 a
1260 2026 1498 2084 natura
1541 2028 1610 2084 et
1660 2041 1856 2089 sensu
1918 2017 2232 2097 dictatur,
2295 2020 2527 2084 violari

579 2040 795 2169 ηοῗιῖἰῒ.
839 2103 1043 2182 Deus,
1091 2125 1289 2187 quum
1337 2103 1657 2170 sacerdoti
1702 2126 1834 2169 non
1878 2106 2178 2189 permisit
2219 2105 2346 2170 nisi
2392 2107 2527 2170 vir-

579 2191 804 2275 ginem
850 2187 1121 2270 ducere,
1166 2189 1281 2255 sed
1325 2190 1548 2256 habita
1593 2191 1828 2257 aetatis
1874 2191 2157 2269 ratione,
2214 2190 2525 2275 pudorem

580 2286 644 2341 et
684 2275 1098 2341 honestatem
1136 2277 1386 2341 servari
1430 2275 1639 2341 voluit
1682 2277 1754 2341 in
1799 2277 2120 2363 coniugio,
2166 2291 2245 2342 ut
2287 2277 2342 2343 si
2387 2299 2531 2362 pro-

577 2371 809 2428 vectae
854 2362 1088 2426 aetatis
1131 2372 1303 2428 esset
1346 2362 1663 2444 sacerdos,
1710 2363 2033 2448 virginem
2079 2364 2405 2447 acciperet
2449 2363 2529 2428 ab

580 2447 772 2513 annis
816 2448 953 2513 suis
1001 2468 1130 2512 non
1177 2448 1451 2512 nimium
1498 2457 1851 2514 remotam:
1896 2450 1951 2514 si
1988 2458 2208 2514 autem
2245 2448 2531 2516 caducus

583 2542 790 2611 esset,
853 2554 928 2598 ac
988 2533 1120 2598 iam
1174 2540 1443 2618 propter
1491 2535 1744 2601 senium
1805 2535 2025 2601 minus
2067 2534 2338 2601 idoneus
2383 2556 2533 2601 con-

583 2619 797 2704 iugio,
859 2618 965 2683 lex
1011 2618 1091 2683 de
1134 2619 1396 2704 virgine
1440 2619 1768 2699 ducenda,
1816 2621 2188 2686 exhortatio
2232 2630 2401 2688 esset
2447 2620 2531 2686 ad

582 2705 969 2770 caelibatum
996 2705 1212 2788 potius
1238 2726 1430 2790 quam
1457 2716 1532 2770 ut
1559 2726 1629 2771 se
1653 2706 2018 2789 implicaret
2039 2707 2267 2773 multis
2295 2707 2529 2773 moles-

582 2790 714 2870 tiis,
761 2798 828 2855 et
871 2792 1163 2856 omnium
1209 2791 1494 2857 ludibrio
1538 2801 1913 2875 exponeret.

755 2876 815 2942 9.
865 2875 1050 2942 Filia
1090 2876 1363 2943 hominis
1395 2877 1749 2943 sacerdotis.
1819 2877 2186 2944 Moderatio
2233 2885 2298 2944 et
2341 2878 2534 2945 casti-

582 2970 685 3027 tas
722 2960 802 3026 ad
840 2962 1042 3028 filiam
1081 2983 1339 3046 quoque
1375 2963 1784 3029 extenditur:
1824 2984 1900 3031 ac
1934 2984 2054 3049 per
2076 2963 2529 3045 synecdochen

578 3048 702 3114 sub
748 3069 882 3114 una
926 3049 1139 3133 specie
1185 3048 1768 3135 comprehenditur
1810 3065 1992 3117 recta
2037 3049 2413 3135 disciplina,
2459 3060 2533 3116 ut

584 3133 667 3198 ad
711 3135 982 3200 virtutis
1025 3134 1316 3201 studium
1375 3143 1443 3201 et
1496 3136 1806 3202 honestos
1861 3137 2260 3221 pudicosque
2317 3158 2535 3204 mores

581 3220 845 3285 formati
901 3221 1037 3286 sint
1093 3221 1303 3287 liberi.
1391 3221 1695 3288 Edicitur
1751 3231 1969 3288 autem
2030 3225 2250 3309 gravis
2308 3243 2536 3307 poena,

583 3307 639 3372 si
683 3306 821 3370 filia
864 3305 1219 3373 sacerdotis
1262 3315 1546 3373 scortata
1587 3307 1805 3387 fuerit,
1851 3309 2007 3393 quia
2049 3330 2195 3376 cum
2241 3309 2537 3375 libidinis

584 3392 836 3482 flagitio
901 3393 1323 3459 coniunctum
1389 3403 1532 3458 erat
1589 3394 2028 3477 sacrilegium.
2135 3394 2343 3462 Porro
2400 3416 2534 3460 non

581 3476 734 3542 leve
778 3478 1022 3543 crimen
1069 3487 1187 3558 est,
1233 3479 1589 3544 sacrarium
1621 3478 1748 3544 Dei
1792 3481 2058 3546 violare.
2126 3480 2270 3545 Iam
2316 3482 2370 3547 si
2407 3481 2538 3547 tale

586 3562 866 3629 dedecus
912 3564 1251 3630 tolerasset
1294 3564 1594 3631 sacerdos
1638 3566 1707 3631 in
1752 3567 1891 3632 filia
1909 3615 1923 3640 ‚
1980 3588 2212 3650 parum
2270 3587 2540 3634 severus

579 3645 818 3714 fuisset
842 3649 1081 3715 vindex
1120 3650 1415 3716 eiusdem
1450 3651 1877 3734 turpitudinis
1913 3654 1981 3717 in
2018 3655 2369 3732 extraneis,
2407 3654 2539 3718 imo

586 3733 754 3799 liber
799 3756 926 3799 non
975 3735 1224 3802 fuisset.
1248 3735 1332 3802 ad
1375 3736 1707 3820 punienda
1747 3739 2022 3818 scelera,
2081 3738 2214 3804 nisi
2263 3762 2302 3804 a
2348 3738 2540 3805 domo

587 3840 711 3885 sua
754 3821 1012 3886 initium
1059 3822 1338 3888 fecisset.

1207 4113 1341 4179 EX
1383 4114 1689 4180 LEVIT.
1732 4113 1932 4181 XXI.

765 4249 865 4314 16.
936 4249 1265 4334 Loquutus
1329 4257 1418 4318 est
1483 4250 1715 4316 Iehova
1783 4252 1871 4318 ad
1935 4250 2188 4332 Mosen,
2256 4253 2544 4320 dicendo:

593 4333 694 4399 17.
741 4333 1021 4416 Loquere
1075 4338 1161 4404 ad
1204 4337 1499 4417 Aharon,
1557 4337 1850 4403 dicendo.-
1923 4337 2043 4403 Vir
2092 4359 2125 4403 e
2166 4340 2399 4405 semine
2439 4345 2544 4405 tuo

577 4439 704 4502 per
760 4425 989 4487 aetates
1044 4443 1230 4502 suas,
1291 4425 1363 4488 in
1406 4443 1529 4506 quo
1566 4423 1765 4506 fuerit
1801 4423 2083 4503 macula,
2141 4444 2263 4490 non
2305 4426 2546 4493 accedet

589 4510 662 4570 ut
716 4505 934 4606 offerat
959 4529 1195 4591 panem
1242 4509 1369 4576 Dei
1412 4510 1536 4575 sui.
1629 4509 1736 4612 18..
1784 4509 2028 4592 Quippe
2067 4509 2287 4576 nunus
2326 4513 2430 4577 vir
2472 4514 2542 4577 in

589 4610 712 4741 3²35
753 4590 1307 4758 {mmcdx
1352 4597 1772 4764 ᾕέῖω
1811 4616 2095 4747 {aa
2118 4595 2542 4767 :adm

585 4762 784 4845 suem
824 4764 1111 4845 fractwra
1155 4766 1375 4849 pedis,
1428 4768 1524 4832 vel
1572 4768 1860 4849 fractura
1903 4787 2166 4833 manus.-
2201 4843 2205 4847 Δ
2254 4767 2356 4834 20.
2404 4771 2543 4836 Aut

582 4847 889 4933 fithom,
933 4855 1043 4914 aut
1077 4851 1308 4934 lippus,
1354 4858 1468 4917 aut
1499 4856 1614 4935 qui
1655 4853 1893 4919 habebit
1932 4853 2248 4919 maculam
2288 4856 2360 4920 in
2403 4876 2538 4921 ocu-

590 4934 650 5001 lo
702 4955 816 5000 suo
832 4986 846 5008 ‚
908 4940 1022 5000 aut
1066 4938 1168 5001 cui
1217 4938 1412 5019 fuerit
1467 4938 1704 5005 scabies
1755 4940 1853 5004 vel
1894 4940 2211 5023 impeti90,
2274 4946 2390 5006 aut
2429 4943 2567 5025 qwi¹

586 5026 886 5186 „w
924 5022 2142 5190 cemma..
2178 5045 2410 5178 ...m
2341 5028 2541 5179 Ἢ

589 5192 966 5274 offerendum
1022 5194 1358 5262 oblaaones
1415 5201 1655 5279 mattas
1697 5196 1985 5277 Iehovoe,
2046 5199 2119 5263 in
2172 5217 2292 5280 quo
2342 5200 2538 5281 fuerit

585 5279 837 5345 macula
851 5331 867 5360 ,
924 5300 1044 5345 non
1101 5281 1340 5346 accedet
1394 5282 1479 5346 ad
1535 5283 1914 5364 offerendum
1955 5303 2194 5365 panem
2237 5281 2365 5349 Dei
2405 5287 2530 5352 sui.

586 5363 692 5429 22.
745 5364 981 5431 Panem
1009 5368 1258 5449 quidem
1281 5366 1407 5432 Dei
1441 5369 1547 5432 sui
1590 5388 1622 5432 e
1664 5369 2095 5435 sanctitatibus
2135 5371 2533 5437 sanctitatum

1966 454 2478 524 SECUNDUM
2536 454 3183 525 PRAEOEPTUM.

4431 454 4540 522 456

2633 649 2689 709 et
2740 665 2772 709 e
2814 644 3051 710 sanctis
3092 644 3369 710 comedet.
3459 643 3561 709 23.
3609 643 3812 726 Atqui-
3851 642 4028 708 intra
4069 641 4271 707 velum
4310 663 4423 709 non
4458 645 4541 711 in·

2627 730 2975 815 qredietur,
3035 735 3092 795 et
3143 730 3228 795 ad
3284 729 3485 796 altare
3525 750 3648 794 non
3689 728 3960 794 accedet:
4010 728 4166 811 quia
4204 729 4435 794 macula
4470 737 4545 797 est

2630 816 2703 881 in
2744 837 2844 897 ec,
2899 836 2978 881 ne
3008 814 3253 898 pothone
3291 817 3661 881 sanctuaria
3703 834 3876 881 mea.-
3916 815 4210 896 quoniam
4252 834 4352 899 eye
4392 814 4544 882 leho-

2630 923 2719 1054 2:
2753 900 4546 1070 ffmwcfflsmcswfflc

2809 1159 2911 1224 17.
2958 1158 3240 1242 Loquere
3296 1160 3384 1226 ad
3425 1158 3708 1225 Mamm.
3797 1157 3931 1223 Hic
3982 1165 4287 1223 arcentur
4340 1157 4416 1223 ab
4469 1158 4548 1224 al-

2631 1245 2757 1309 tari
2830 1244 3196 1311 sacerdotes
3254 1245 3326 1310 in
3396 1244 3634 1329 quibus
3689 1243 3931 1309 vitium
3988 1243 4250 1327 aliquod
4293 1246 4551 1329 corporis

2630 1330 2833 1396 suerit
2889 1330 3198 1397 notabile.
3298 1330 3451 1397 Non
3506 1330 3832 1414 inquiram
3892 1329 4203 1395 subtilius
4261 1329 4340 1395 de
4393 1329 4553 1397 vitiis

2631 1437 2798 1500 quae
2855 1417 3075 1483 Moses
3130 1423 3631 1495 commemorat,
3689 1415 3995 1500 quoniam
4055 1415 4283 1481 eadem
4324 1415 4428 1482 hic
4467 1438 4553 1481 re·

2632 1503 2786 1587 gula
2842 1501 3128 1568 traditur
3172 1524 3334 1586 quae
3379 1511 3607 1586 postea
3648 1502 3721 1567 in
3765 1501 4135 1582 sacrificiis,
4238 1522 4357 1566 uae
4393 1501 4555 1568 nulla

2631 1589 2869 1654 offerre
2924 1588 3108 1654 licuit
3151 1590 3277 1654 nisi
3322 1588 3602 1674 integra.
3691 1588 3865 1653 Nam
3909 1522 4234 1671 quidquidl
4274 1588 4553 1653 vitiosum

2631 1686 2775 1742 erat
2810 1675 2918 1741 vel
2962 1676 3287 1754 mutilum,
3337 1696 3408 1739 re
3454 1674 3708 1740 udiavit
3753 1675 3937 1739 Deus
3981 1682 4058 1738 ut
4098 1675 4342 1739 scirent
4366 1674 4556 1738 Israe-

2631 1760 2788 1826 litae
2848 1760 3097 1829 nullam
3158 1760 3399 1844 expian
3447 1761 3504 1827 is
3550 1761 3831 1844 peccatis
3877 1760 4211 1825 victimam
4259 1758 4557 1838 sufficere,

2630 1848 2762 1912 nisi
2797 1847 2866 1911 in
2904 1866 3032 1931 qua
3066 1855 3358 1912 exstaret
3392 1867 3649 1912 summa
3683 1845 4019 1929 perfectio:
4060 1867 4228 1929 quae
4262 1847 4334 1909 in
4367 1867 4555 1912 sacer·

2632 1933 2781 1999 dote
2838 1934 3074 1998 merito
3127 1933 3515 2017 requiritur:
3575 1932 3684 2015 qui
3728 1929 4047 1997 mediator
4096 1932 4220 1997 Dei
4262 1941 4329 1997 et
4370 1932 4558 1997 homi·

2631 2041 2791 2084 num
2838 2040 2980 2084 esse
3024 2040 3159 2084 non
3203 2018 3450 2103 potuit,
3506 2018 3635 2082 nisi
3678 2017 3761 2082 ab
3804 2019 3984 2083 omni
4027 2016 4175 2083 labe
4220 2026 4558 2101 exemptus.

2633 2105 2841 2170 Porro
2897 2103 3185 2171 tenenda
3239 2117 3337 2170 est
3397 2125 3605 2187 anago
3652 2124 3689 2169 e
3748 2102 3829 2169 ab
3884 2104 4179 2169 externis
4223 2104 4452 2188 figuris
4490 2102 4563 2169 ad

2633 2190 3061 2274 spiritualem,
3106 2211 3270 2274 quae
3314 2191 3384 2255 in
3426 2189 3567 2257 solo
3662 2189 3872 2254 hristo
3914 2190 4056 2267 fuit,
4102 2190 4561 2273 perfectionem.

2633 2278 2980 2343 Defectum
3018 2276 3270 2342 nullum
3318 2276 3492 2342 ferre
3534 2276 3750 2359 potuit
3771 2275 3955 2341 Deus
4001 2276 4068 2339 in
4114 2275 4561 2341 sacerdotibus.

2635 2363 2954 2446 Sequitur
2986 2384 3170 2447 ergo,
3217 2361 3730 2446 exspectandum
3776 2362 3976 2427 fuisse
4021 2360 4362 2446 angelicae
4404 2363 4561 2446 puri·

2636 2449 2787 2514 tatis
2832 2449 3187 2526 hominem,
3233 2449 3344 2532 qui
3382 2448 3598 2513 Deum
3644 2447 3892 2513 mundo
3938 2447 4412 2513 reconciliaret.
4473 2446 4564 2512 Ita

2635 2536 2924 2619 corporis
3004 2535 3163 2600 vitia
3221 2554 3388 2618 quae
3444 2534 3553 2599 hic
3608 2542 4070 2612 numerantur,
4144 2533 4228 2598 ad
4292 2535 4565 2600 animum

2635 2621 2994 2686 transferre
3036 2621 3360 2687 convenit.
3430 2618 3693 2686 Oblatio
3738 2618 3925 2702 panis
3969 2641 4087 2703 per
4127 2619 4565 2706 synecdochen

2635 2706 2923 2790 reliquas
2957 2706 3431 2791 complectitur,
3475 2713 3544 2770 et
3580 2713 3786 2769 totum
3825 2705 4106 2790 legalem
4142 2705 4413 2786 cultum,
4458 2726 4566 2791 quo

2638 2793 2887 2860 vicibus
2956 2792 3254 2859 solebant
3312 2792 3582 2876 defungi
3636 2791 4020 2858 sacerdotes.
4126 2791 4337 2874 quue
4394 2790 4565 2876 paulo

2635 2888 2784 2964 post
2841 2879 3236 2944 confirmant
3290 2878 3498 2944 Mosis
3560 2877 3792 2956 verba,
3861 2877 3973 2943 ubi
4030 2886 4296 2961 praeter
4352 2897 4567 2962 panem

2637 2985 2866 3031 omnes
2922 2965 3166 3049 ignitas
3211 2963 3574 3029 oblationes
3618 2971 4102 3028 commemorat.
4194 2964 4379 3029 Alibi
4423 2963 4565 3030 vidi·

2636 3073 2784 3119 mus
2822 3050 3148 3135 prohiberi
3185 3071 3224 3116 a
3267 3048 3628 3117 sanctuarii
3672 3070 3937 3116 accessu
3980 3049 4293 3135 vulgares
4336 3069 4568 3135 quoque

2639 3137 2956 3220 homines,
3000 3137 3112 3221 qui
3149 3137 3499 3203 confractis
3539 3145 3764 3201 essent
3798 3136 4159 3219 testiculis‚‘
4185 3158 4276 3202 ne
4318 3138 4391 3203 in
4433 3136 4567 3202 atri-

2639 3245 2755 3289 um
2791 3224 3053 3307 quidem
3096 3222 3330 3308 pedem
3370 3224 3723 3288 inferrent:
3767 3221 3881 3287 sed
3916 3221 4222 3305 specialis
4268 3224 4338 3289 in
4384 3244 4571 3291 sacer-

2639 3308 2899 3376 dotibus
2941 3309 3109 3374 ratio
3153 3310 3295 3387 fuit,
3346 3330 3428 3374 ne
3471 3307 3919 3375 sanctuarium
3967 3309 4103 3374 suis
4148 3309 4337 3375 vitiis
4378 3307 4568 3393 inqui·

2641 3407 2897 3461 narent.
2984 3395 3164 3461 Hinc
3235 3403 3508 3479 apparet
3572 3414 3765 3477 quam
3829 3394 4199 3461 necessaria
4257 3397 4344 3461 sit
4404 3393 4570 3461 nobis

2642 3481 2897 3548 Christi
2934 3481 3344 3548 intercessio:
3382 3481 3537 3563 quia
3571 3481 3698 3544 nisi
3735 3479 3961 3546 sordes
3999 3489 4261 3546 nostras
4297 3482 4572 3547 ablueret

2639 3568 2927 3652 perfecta
2984 3568 3125 3633 eius
3169 3565 3551 3633 mundities:
3617 3565 3797 3631 nulla
3841 3566 4079 3631 oblatio
4124 3588 4164 3631 a
4208 3568 4400 3634 nobis
4441 3586 4572 3652 pro-

2643 3654 2815 3719 diret
2850 3655 2982 3719 nisi
3024 3651 3367 3718 immunda
3409 3661 3475 3717 et
3522 3652 3779 3717 foetida.
3846 3652 3993 3717 Imo
4038 3661 4270 3718 notatu
4320 3655 4572 3738 dignum

2641 3748 2771 3820 est,
2819 3738 3108 3823 quolibet
3150 3738 3408 3804 defectu
3456 3746 3572 3804 aut
3616 3737 3774 3802 vitio
3816 3738 4017 3822 pollui
4062 3737 4186 3803 Dei
4236 3737 4575 3806 sanctuari·

2643 3846 2773 3891 um.
2860 3825 3057 3893 Unde
3099 3825 3429 3908 sequitur,
3475 3821 3781 3908 quidquid
3828 3844 3868 3887 a
3911 3844 3980 3889 se
4022 3823 4186 3908 ipsis
4232 3826 4575 3893 obtrudunt

2643 3911 2943 3977 homines
2983 3912 3161 3991 Deo,
3213 3909 3682 3993 profanationis
3728 3909 4055 3975 damnari:
4103 3922 4365 3978 tantum
4410 3913 4573 3978 abest

2642 4007 2714 4063 ut
2761 3998 2888 4063 Dei
2928 3997 3137 4081 ipsius
3179 3995 3472 4062 favorem
3517 3996 3652 4060 ullo
3696 3995 3932 4061 merito
3973 3997 4094 4062 sibi
4141 3999 4505 4064 concilient.

2813 4084 2919 4150 22.
2970 4083 3209 4149 Panem
3263 4083 3513 4166 quidem
3555 4080 3683 4148 Dei
3725 4082 3849 4148 sui.
3941 4082 4287 4148 Permittit
4330 4083 4570 4168 quidem

2642 4170 2980 4237 sacrificiis
3026 4169 3198 4234 vesci
3216 4219 3231 4247 ‚
3279 4167 3431 4251 quia
3476 4176 3741 4252 propter
3783 4166 3932 4233 illos
3976 4178 4258 4235 naturae
4302 4169 4571 4236 defectus

2641 4254 2825 4322 nulla
2868 4254 3316 4321 immundities
3358 4275 3470 4320 eos
3515 4274 3552 4318 a
3595 4254 3798 4320 sacris
3842 4255 4054 4337 epulis
4097 4265 4340 4322 arceat.
4420 4257 4571 4321 'l'an-

2642 4350 2785 4408 tum
2844 4350 3157 4408 vetantur
3213 4360 3530 4424 apparere
3574 4361 3794 4406 coram
3839 4340 3968 4406 Dei
4012 4352 4364 4423 conspectu
4409 4339 4573 4427 quasi

2641 4426 3030 4494 mediatores
3088 4427 3168 4491 ad
3215 4447 3365 4491 eum
3410 4426 3825 4510 placandum.
3917 4427 4137 4510 Atque
4179 4425 4293 4495 hic
4333 4450 4402 4494 se
4444 4447 4571 4513 pro-

2642 4514 2741 4579 dit
2780 4515 3011 4598 legalis
3055 4512 3272 4579 cultus
3315 4513 3691 4578 infirmitas:
3746 4511 3901 4594 quia
3942 4512 4111 4577 nihil
4154 4515 4430 4597 reperiri
4472 4532 4568 4597 po·

2641 4600 2772 4665 tuit
2831 4601 3006 4665 inter
3060 4599 3360 4665 homines
3420 4597 3591 4682 quod
3646 4599 3993 4665 veritatem
4047 4599 4317 4681 penitus
4372 4598 4568 4682 expri-

2639 4695 2866 4753 meret.
2956 4685 3179 4767 Quum
3240 4706 3396 4769 ergo
3445 4684 3783 4749 hominum
3830 4683 3995 4750 vitia
4037 4704 4143 4749 res
4186 4688 4569 4762 coniunctas,

2640 4772 2953 4838 honorem
2999 4781 3064 4837 et
3120 4793 3319 4850 onus,
3379 4770 3673 4836 dividere
3718 4777 4006 4854 cogeret,
4072 4769 4228 4838 hinc
4271 4767 4570 4838 admoniti

2638 4859 2910 4924 fuerunt
2949 4857 3322 4933 Israelitae‚
3379 4857 3579 4922 alium
3633 4855 4035 4922 sacerdotem
4097 4857 4219 4923 sibi
4274 4856 4568 4942 promitti,

2636 4946 2741 5009 cui
2795 4946 2877 5011 ad
2922 4965 3150 5009 omnes
3193 4945 3512 5008 virtutum
3559 4950 3625 5008 et
3666 4940 4086 5028 perfectionis
4132 4965 4438 5010 numeros
4478 4942 4565 5006 ni·

2637 5030 2731 5094 hil
2777 5032 3049 5097 deesset.
3132 5028 3424 5094 Tandem
3474 5030 3705 5095 recitat
3752 5028 3977 5093 Moses
4022 5049 4092 5094 se
4141 5029 4263 5095 Dei
4312 5027 4565 5095 manda·

2636 5123 2703 5180 ta
2749 5117 3126 5200 pertulisse,
3188 5135 3320 5180 non
3366 5112 3558 5180 modo
3613 5113 3694 5180 ad
3739 5113 4014 5178 Aharon
4073 5123 4140 5179 et
4199 5117 4338 5182 eius
4396 5115 4562 5188 filios,

2635 5202 2752 5268 sed
2811 5202 2892 5268 ad
2940 5212 3145 5266 totum
3191 5199 3388 5266 simul
3435 5200 3778 5285 populum:
3839 5206 3913 5263 ut
3955 5201 4267 5268 minimus
4313 5202 4563 5286 quisque

2635 5308 2671 5351 e
2707 5289 2895 5370 plebe
2932 5307 3165 5354 censor
3200 5305 3343 5354 esse
3378 5296 3616 5370 posset,
3653 5287 3710 5352 si
3758 5284 3913 5369 quid
3959 5287 4329 5354 sacerdotes
4372 5286 4563 5353 delin-

2632 5383 2928 5458 querent.
