<?xml version="1.0" encoding="UTF-8"?>
<!DOCTYPE html PUBLIC "-//W3C//DTD XHTML 1.0 Transitional//EN"
    "http://www.w3.org/TR/xhtml1/DTD/xhtml1-transitional.dtd">
<html xmlns="http://www.w3.org/1999/xhtml" xml:lang="en" lang="en">
 <head>
  <title>
</title>
<meta http-equiv="Content-Type" content="text/html;charset=utf-8" />
  <meta name='ocr-system' content='tesseract 3.04.00' />
  <meta name='ocr-capabilities' content='ocr_page ocr_carea ocr_par ocr_line ocrx_word'/>
</head>
<body>
  <div class='ocr_page' id='page_1' title='image "./ioanniscalvinio04unkngoog_0352.png"; bbox 0 0 4867 6150; ppageno 0'>
   <div class='ocr_carea' id='block_1_1' title="bbox 544 409 674 477">
    <p class='ocr_par' dir='ltr' id='par_1_1' title="bbox 544 409 674 477">
     <span class='ocr_line' id='line_1_1' title="bbox 544 409 674 477; baseline -0.015 0"><span class='ocrx_word' id='word_1_1' title='bbox 544 409 674 477; x_wconf 80' lang='lat'><strong>675</strong></span> 
     </span>
    </p>
   </div>
   <div class='ocr_carea' id='block_1_2' title="bbox 537 598 2510 753">
    <p class='ocr_par' dir='ltr' id='par_1_2' title="bbox 537 598 2510 753">
     <span class='ocr_line' id='line_1_2' title="bbox 537 598 2510 750; baseline 0 -85"><span class='ocrx_word' id='word_1_2' title='bbox 537 599 945 750; x_wconf 42' lang='lat' dir='ltr'><strong>huid-essent</strong></span> <span class='ocrx_word' id='word_1_3' title='bbox 999 601 1070 665; x_wconf 92' lang='lat' dir='ltr'><strong>in</strong></span> <span class='ocrx_word' id='word_1_4' title='bbox 1121 603 1460 685; x_wconf 82' lang='lat' dir='ltr'><strong>Aegypte,</strong></span> <span class='ocrx_word' id='word_1_5' title='bbox 1516 599 1928 684; x_wconf 79' lang='lat' dir='ltr'><strong>indiguerint</strong></span> <span class='ocrx_word' id='word_1_6' title='bbox 1979 598 2198 664; x_wconf 87' lang='lat' dir='ltr'><strong>aliena</strong></span> <span class='ocrx_word' id='word_1_7' title='bbox 2251 598 2510 665; x_wconf 87' lang='lat' dir='ltr'><strong>miseri-</strong></span> 
     </span>
     <span class='ocr_line' id='line_1_3' title="bbox 541 705 792 753; baseline 0.004 -1"><span class='ocrx_word' id='word_1_8' title='bbox 541 705 664 753; x_wconf 78' lang='lat' dir='ltr'><strong>cor</strong></span> <span class='ocrx_word' id='word_1_9' title='bbox 707 708 792 753; x_wconf 75' lang='lat' dir='ltr'><strong>ia.</strong></span> 
     </span>
    </p>
   </div>
   <div class='ocr_carea' id='block_1_3' title="bbox 535 975 2511 1372">
    <p class='ocr_par' dir='ltr' id='par_1_3' title="bbox 535 975 2511 1372">
     <span class='ocr_line' id='line_1_4' title="bbox 1179 975 1896 1044; baseline -0.003 0"><span class='ocrx_word' id='word_1_10' title='bbox 1179 977 1312 1044; x_wconf 80' lang='lat' dir='ltr'><strong>EX</strong></span> <span class='ocrx_word' id='word_1_11' title='bbox 1355 976 1661 1043; x_wconf 81' lang='lat' dir='ltr'>LEVI&#39;P.</span> <span class='ocrx_word' id='word_1_12' title='bbox 1696 975 1896 1043; x_wconf 87' lang='lat' dir='ltr'>XIX.</span> 
     </span>
     <span class='ocr_line' id='line_1_5' title="bbox 724 1113 2511 1198; baseline 0 -19"><span class='ocrx_word' id='word_1_13' title='bbox 724 1113 826 1182; x_wconf 81' lang='grc'><strong>35.</strong></span> <span class='ocrx_word' id='word_1_14' title='bbox 899 1115 1048 1181; x_wconf 72' lang='lat' dir='ltr'><strong>Nou</strong></span> <span class='ocrx_word' id='word_1_15' title='bbox 1085 1115 1337 1198; x_wconf 79' lang='lat' dir='ltr'><strong>facietis</strong></span> <span class='ocrx_word' id='word_1_16' title='bbox 1385 1116 1785 1197; x_wconf 77' lang='lat' dir='ltr'><strong>iniquitatem</strong></span> <span class='ocrx_word' id='word_1_17' title='bbox 1841 1116 1915 1179; x_wconf 78' lang='lat' dir='ltr'><strong>iu</strong></span> <span class='ocrx_word' id='word_1_18' title='bbox 1972 1115 2209 1182; x_wconf 81' lang='lat' dir='ltr'><strong>iudicio</strong></span> <span class='ocrx_word' id='word_1_19' title='bbox 2223 1164 2240 1194; x_wconf 94' lang='lat'><strong>,</strong></span> <span class='ocrx_word' id='word_1_20' title='bbox 2297 1115 2366 1179; x_wconf 78' lang='lat' dir='ltr'><strong>in</strong></span> <span class='ocrx_word' id='word_1_21' title='bbox 2416 1114 2511 1180; x_wconf 79' lang='lat' dir='ltr'><strong>di·</strong></span> 
     </span>
     <span class='ocr_line' id='line_1_6' title="bbox 547 1200 2507 1283; baseline -0.001 -15"><span class='ocrx_word' id='word_1_22' title='bbox 547 1202 890 1281; x_wconf 75' lang='lat' dir='ltr'><strong><em>mensione,</em></strong></span> <span class='ocrx_word' id='word_1_23' title='bbox 946 1203 1017 1266; x_wconf 81' lang='lat' dir='ltr'><strong>in</strong></span> <span class='ocrx_word' id='word_1_24' title='bbox 1049 1202 1326 1283; x_wconf 80' lang='lat' dir='ltr'><strong>pondere</strong></span> <span class='ocrx_word' id='word_1_25' title='bbox 1367 1205 1423 1266; x_wconf 89' lang='lat' dir='ltr'><strong>et</strong></span> <span class='ocrx_word' id='word_1_26' title='bbox 1468 1222 1780 1268; x_wconf 76' lang='lat' dir='ltr'><strong>mensura.</strong></span> <span class='ocrx_word' id='word_1_27' title='bbox 1870 1200 1974 1266; x_wconf 84' lang='lat'><strong>36.</strong></span> <span class='ocrx_word' id='word_1_28' title='bbox 2024 1200 2272 1268; x_wconf 81' lang='lat' dir='ltr'><strong>Statera</strong></span> <span class='ocrx_word' id='word_1_29' title='bbox 2318 1201 2507 1281; x_wconf 85' lang='lat' dir='ltr'><strong>iusta,</strong></span> 
     </span>
     <span class='ocr_line' id='line_1_7' title="bbox 535 1286 2510 1372; baseline -0.002 -17"><span class='ocrx_word' id='word_1_30' title='bbox 535 1288 834 1372; x_wconf 75' lang='lat' dir='ltr'><strong>pondera</strong></span> <span class='ocrx_word' id='word_1_31' title='bbox 874 1288 1066 1368; x_wconf 84' lang='lat' dir='ltr'><strong>iusta,</strong></span> <span class='ocrx_word' id='word_1_32' title='bbox 1117 1287 1278 1372; x_wconf 77' lang='lat' dir='ltr'><strong>epha</strong></span> <span class='ocrx_word' id='word_1_33' title='bbox 1321 1288 1577 1368; x_wconf 85' lang='lat' dir='ltr'><strong>iustum,</strong></span> <span class='ocrx_word' id='word_1_34' title='bbox 1636 1293 1692 1353; x_wconf 86' lang='lat' dir='ltr'><strong>et</strong></span> <span class='ocrx_word' id='word_1_35' title='bbox 1732 1287 1843 1352; x_wconf 75' lang='lat' dir='ltr'><strong>hin</strong></span> <span class='ocrx_word' id='word_1_36' title='bbox 1882 1288 2121 1353; x_wconf 84' lang='lat' dir='ltr'><strong>iustum</strong></span> <span class='ocrx_word' id='word_1_37' title='bbox 2165 1287 2283 1353; x_wconf 80' lang='lat' dir='ltr'><strong>erit</strong></span> <span class='ocrx_word' id='word_1_38' title='bbox 2321 1286 2510 1352; x_wconf 78' lang='lat' dir='ltr'><strong>vobis.</strong></span> 
     </span>
    </p>
   </div>
   <div class='ocr_carea' id='block_1_4' title="bbox 1173 1571 1880 1641">
    <p class='ocr_par' dir='ltr' id='par_1_4' title="bbox 1173 1571 1880 1641">
     <span class='ocr_line' id='line_1_8' title="bbox 1173 1571 1880 1641; baseline 0.001 -2"><span class='ocrx_word' id='word_1_39' title='bbox 1173 1574 1306 1639; x_wconf 80' lang='lat' dir='ltr'><strong>EX</strong></span> <span class='ocrx_word' id='word_1_40' title='bbox 1348 1574 1618 1641; x_wconf 83' lang='lat' dir='ltr'>DEU&#39;P.</span> <span class='ocrx_word' id='word_1_41' title='bbox 1663 1571 1880 1640; x_wconf 87' lang='lat' dir='ltr'>XXV.</span> 
     </span>
    </p>
   </div>
   <div class='ocr_carea' id='block_1_5' title="bbox 546 1711 2515 2396">
    <p class='ocr_par' dir='ltr' id='par_1_5' title="bbox 546 1711 2515 2396">
     <span class='ocr_line' id='line_1_9' title="bbox 725 1711 2510 1799; baseline 0.002 -20"><span class='ocrx_word' id='word_1_42' title='bbox 725 1712 827 1779; x_wconf 88' lang='lat'><strong>13.</strong></span> <span class='ocrx_word' id='word_1_43' title='bbox 899 1711 1047 1777; x_wconf 74' lang='lat' dir='ltr'><strong>Nou</strong></span> <span class='ocrx_word' id='word_1_44' title='bbox 1081 1713 1204 1777; x_wconf 84' lang='lat' dir='ltr'><strong>erit</strong></span> <span class='ocrx_word' id='word_1_45' title='bbox 1243 1711 1357 1777; x_wconf 82' lang='lat' dir='ltr'><strong>tibi</strong></span> <span class='ocrx_word' id='word_1_46' title='bbox 1415 1712 1488 1777; x_wconf 83' lang='lat' dir='ltr'><strong>iu</strong></span> <span class='ocrx_word' id='word_1_47' title='bbox 1541 1712 1786 1779; x_wconf 85' lang='lat' dir='ltr'><strong>sacculo</strong></span> <span class='ocrx_word' id='word_1_48' title='bbox 1826 1718 1930 1778; x_wconf 84' lang='lat' dir='ltr'><strong>tuo</strong></span> <span class='ocrx_word' id='word_1_49' title='bbox 1959 1716 2216 1795; x_wconf 77' lang='lat' dir='ltr'><strong>pondus</strong></span> <span class='ocrx_word' id='word_1_50' title='bbox 2259 1721 2317 1781; x_wconf 82' lang='lat' dir='ltr'><strong>et</strong></span> <span class='ocrx_word' id='word_1_51' title='bbox 2344 1737 2510 1799; x_wconf 83' lang='lat' dir='ltr'><strong>pou·</strong></span> 
     </span>
     <span class='ocr_line' id='line_1_10' title="bbox 548 1797 2512 1880; baseline 0.002 -15"><span class='ocrx_word' id='word_1_52' title='bbox 548 1798 708 1880; x_wconf 77' lang='lat' dir='ltr'><strong>dus,</strong></span> <span class='ocrx_word' id='word_1_53' title='bbox 751 1799 967 1865; x_wconf 86' lang='lat' dir='ltr'><strong>maius</strong></span> <span class='ocrx_word' id='word_1_54' title='bbox 999 1803 1054 1864; x_wconf 84' lang='lat' dir='ltr'><strong>et</strong></span> <span class='ocrx_word' id='word_1_55' title='bbox 1096 1799 1337 1863; x_wconf 78' lang='lat' dir='ltr'><strong>miuus:</strong></span> <span class='ocrx_word' id='word_1_56' title='bbox 1383 1797 1483 1863; x_wconf 89' lang='lat'><strong>14.</strong></span> <span class='ocrx_word' id='word_1_57' title='bbox 1554 1798 1700 1863; x_wconf 78' lang='lat' dir='ltr'><strong>Non</strong></span> <span class='ocrx_word' id='word_1_58' title='bbox 1746 1800 1870 1864; x_wconf 77' lang='lat' dir='ltr'><strong>erit</strong></span> <span class='ocrx_word' id='word_1_59' title='bbox 1909 1801 2022 1865; x_wconf 78' lang='lat' dir='ltr'><strong>tibi</strong></span> <span class='ocrx_word' id='word_1_60' title='bbox 2065 1802 2135 1867; x_wconf 80' lang='lat' dir='ltr'><strong>in</strong></span> <span class='ocrx_word' id='word_1_61' title='bbox 2179 1802 2356 1868; x_wconf 82' lang='lat' dir='ltr'><strong>domo</strong></span> <span class='ocrx_word' id='word_1_62' title='bbox 2399 1808 2512 1869; x_wconf 82' lang='lat' dir='ltr'><strong>tua</strong></span> 
     </span>
     <span class='ocr_line' id='line_1_11' title="bbox 546 1885 2515 1970; baseline 0.002 -19"><span class='ocrx_word' id='word_1_63' title='bbox 546 1885 799 1951; x_wconf 76' lang='lat' dir='ltr'><strong>modius</strong></span> <span class='ocrx_word' id='word_1_64' title='bbox 841 1889 898 1950; x_wconf 89' lang='lat' dir='ltr'><strong>et</strong></span> <span class='ocrx_word' id='word_1_65' title='bbox 938 1885 1202 1964; x_wconf 84' lang='lat' dir='ltr'><strong>modius,</strong></span> <span class='ocrx_word' id='word_1_66' title='bbox 1245 1886 1452 1949; x_wconf 84' lang='lat' dir='ltr'><strong>maior</strong></span> <span class='ocrx_word' id='word_1_67' title='bbox 1493 1888 1548 1949; x_wconf 81' lang='lat' dir='ltr'><strong>et</strong></span> <span class='ocrx_word' id='word_1_68' title='bbox 1589 1886 1814 1951; x_wconf 79' lang='lat' dir='ltr'><strong>minor.</strong></span> <span class='ocrx_word' id='word_1_69' title='bbox 1907 1886 2005 1951; x_wconf 86' lang='lat'><strong>15.</strong></span> <span class='ocrx_word' id='word_1_70' title='bbox 2080 1887 2341 1954; x_wconf 79' lang='lat' dir='ltr'><strong>Pondus</strong></span> <span class='ocrx_word' id='word_1_71' title='bbox 2365 1909 2515 1970; x_wconf 85' lang='lat' dir='ltr'><strong>per-</strong></span> 
     </span>
     <span class='ocr_line' id='line_1_12' title="bbox 547 1969 2514 2056; baseline 0.002 -19"><span class='ocrx_word' id='word_1_72' title='bbox 547 1971 782 2056; x_wconf 79' lang='lat' dir='ltr'><strong>fectum</strong></span> <span class='ocrx_word' id='word_1_73' title='bbox 819 1977 878 2036; x_wconf 87' lang='lat' dir='ltr'><strong>et</strong></span> <span class='ocrx_word' id='word_1_74' title='bbox 919 1972 1156 2036; x_wconf 85' lang='lat' dir='ltr'><strong>iustum</strong></span> <span class='ocrx_word' id='word_1_75' title='bbox 1198 1971 1315 2035; x_wconf 82' lang='lat' dir='ltr'><strong>erit</strong></span> <span class='ocrx_word' id='word_1_76' title='bbox 1359 1969 1504 2047; x_wconf 82' lang='lat' dir='ltr'><strong>tibi,</strong></span> <span class='ocrx_word' id='word_1_77' title='bbox 1562 1971 1814 2036; x_wconf 81' lang='lat' dir='ltr'><strong>modius</strong></span> <span class='ocrx_word' id='word_1_78' title='bbox 1841 1972 2163 2054; x_wconf 79' lang='lat' dir='ltr'><strong>perfectus</strong></span> <span class='ocrx_word' id='word_1_79' title='bbox 2207 1980 2263 2039; x_wconf 84' lang='lat' dir='ltr'><strong>et</strong></span> <span class='ocrx_word' id='word_1_80' title='bbox 2302 1976 2514 2041; x_wconf 87' lang='lat' dir='ltr'><strong>iustus</strong></span> 
     </span>
     <span class='ocr_line' id='line_1_13' title="bbox 549 2056 2512 2142; baseline 0.002 -19"><span class='ocrx_word' id='word_1_81' title='bbox 549 2057 670 2123; x_wconf 81' lang='lat' dir='ltr'><strong>erit</strong></span> <span class='ocrx_word' id='word_1_82' title='bbox 726 2058 841 2123; x_wconf 82' lang='lat' dir='ltr'><strong>tibi</strong></span> <span class='ocrx_word' id='word_1_83' title='bbox 855 2107 871 2136; x_wconf 94' lang='lat'>‚</span> <span class='ocrx_word' id='word_1_84' title='bbox 930 2061 998 2121; x_wconf 85' lang='lat' dir='ltr'><strong>ut</strong></span> <span class='ocrx_word' id='word_1_85' title='bbox 1030 2077 1329 2139; x_wconf 65' lang='lat' dir='ltr'><strong>prov-oyes</strong></span> <span class='ocrx_word' id='word_1_86' title='bbox 1370 2056 1507 2121; x_wconf 81' lang='lat' dir='ltr'><strong>dies</strong></span> <span class='ocrx_word' id='word_1_87' title='bbox 1592 2062 1732 2122; x_wconf 88' lang='lat' dir='ltr'><strong>tuos</strong></span> <span class='ocrx_word' id='word_1_88' title='bbox 1787 2078 1977 2140; x_wconf 86' lang='lat' dir='ltr'><strong>super</strong></span> <span class='ocrx_word' id='word_1_89' title='bbox 2029 2063 2262 2125; x_wconf 79' lang='lat' dir='ltr'><strong>terram</strong></span> <span class='ocrx_word' id='word_1_90' title='bbox 2318 2082 2512 2142; x_wconf 78' lang='lat' dir='ltr'><strong>quam</strong></span> 
     </span>
     <span class='ocr_line' id='line_1_14' title="bbox 552 2140 2512 2226; baseline 0.003 -19"><span class='ocrx_word' id='word_1_91' title='bbox 552 2141 782 2209; x_wconf 79' lang='lat' dir='ltr'><strong>lehova</strong></span> <span class='ocrx_word' id='word_1_92' title='bbox 846 2140 1029 2208; x_wconf 88' lang='lat' dir='ltr'><strong>Deus</strong></span> <span class='ocrx_word' id='word_1_93' title='bbox 1092 2148 1245 2208; x_wconf 66' lang='lat' dir='ltr'><strong>ttius</strong></span> <span class='ocrx_word' id='word_1_94' title='bbox 1308 2142 1418 2207; x_wconf 81' lang='lat' dir='ltr'><strong>dat</strong></span> <span class='ocrx_word' id='word_1_95' title='bbox 1494 2141 1625 2207; x_wconf 82' lang='lat' dir='ltr'><strong>tibi.</strong></span> <span class='ocrx_word' id='word_1_96' title='bbox 1721 2143 1821 2209; x_wconf 85' lang='lat'><strong>16.</strong></span> <span class='ocrx_word' id='word_1_97' title='bbox 1902 2145 2072 2226; x_wconf 75' lang='lat' dir='ltr'><strong>Quia</strong></span> <span class='ocrx_word' id='word_1_98' title='bbox 2133 2145 2512 2212; x_wconf 75' lang='lat' dir='ltr'><strong><em>abominatio</em></strong></span> 
     </span>
     <span class='ocr_line' id='line_1_15' title="bbox 551 2228 2508 2315; baseline 0.003 -21"><span class='ocrx_word' id='word_1_99' title='bbox 551 2228 820 2296; x_wconf 75' lang='lat' dir='ltr'><strong>Iehovae</strong></span> <span class='ocrx_word' id='word_1_100' title='bbox 864 2228 992 2294; x_wconf 90' lang='lat' dir='ltr'><strong>Dei</strong></span> <span class='ocrx_word' id='word_1_101' title='bbox 1056 2228 1154 2293; x_wconf 85' lang='lat' dir='ltr'><strong>tui</strong></span> <span class='ocrx_word' id='word_1_102' title='bbox 1192 2234 1281 2292; x_wconf 82' lang='lat' dir='ltr'><strong>est</strong></span> <span class='ocrx_word' id='word_1_103' title='bbox 1322 2230 1676 2311; x_wconf 74' lang='lat' dir='ltr'><strong><em>quicunque</em></strong></span> <span class='ocrx_word' id='word_1_104' title='bbox 1713 2230 1870 2311; x_wconf 79' lang='lat' dir='ltr'><strong>facit</strong></span> <span class='ocrx_word' id='word_1_105' title='bbox 1911 2229 2090 2310; x_wconf 79' lang='lat' dir='ltr'><strong>haec,</strong></span> <span class='ocrx_word' id='word_1_106' title='bbox 2147 2234 2354 2298; x_wconf 81' lang='lat' dir='ltr'><strong>omnis</strong></span> <span class='ocrx_word' id='word_1_107' title='bbox 2405 2234 2508 2315; x_wconf 78' lang='lat' dir='ltr'><strong>fa·</strong></span> 
     </span>
     <span class='ocr_line' id='line_1_16' title="bbox 547 2314 1173 2396; baseline -0.002 -15"><span class='ocrx_word' id='word_1_108' title='bbox 547 2316 716 2381; x_wconf 76' lang='lat' dir='ltr'><strong>ciens</strong></span> <span class='ocrx_word' id='word_1_109' title='bbox 757 2314 1173 2396; x_wconf 63' lang='lat' dir='ltr'><strong>miquitatem.</strong></span> 
     </span>
    </p>
   </div>
   <div class='ocr_carea' id='block_1_6' title="bbox 463 2483 2522 5238">
    <p class='ocr_par' dir='ltr' id='par_1_6' title="bbox 463 2483 2522 5238">
     <span class='ocr_line' id='line_1_17' title="bbox 723 2483 2510 2569; baseline 0.002 -19"><span class='ocrx_word' id='word_1_110' title='bbox 723 2485 947 2551; x_wconf 87' lang='lat' dir='ltr'><strong>Levit.</strong></span> <span class='ocrx_word' id='word_1_111' title='bbox 1014 2485 1116 2562; x_wconf 88' lang='lat'><strong>19,</strong></span> <span class='ocrx_word' id='word_1_112' title='bbox 1196 2483 1299 2552; x_wconf 86' lang='lat'><strong>35.</strong></span> <span class='ocrx_word' id='word_1_113' title='bbox 1385 2486 1533 2551; x_wconf 79' lang='lat' dir='ltr'><strong>Non</strong></span> <span class='ocrx_word' id='word_1_114' title='bbox 1605 2487 1853 2568; x_wconf 83' lang='lat' dir='ltr'><strong>facietis</strong></span> <span class='ocrx_word' id='word_1_115' title='bbox 1926 2487 2342 2569; x_wconf 50' lang='lat' dir='ltr'><strong>inmuitatem.</strong></span> <span class='ocrx_word' id='word_1_116' title='bbox 2432 2487 2510 2554; x_wconf 79' lang='lat' dir='ltr'><strong>Si</strong></span> 
     </span>
     <span class='ocr_line' id='line_1_18' title="bbox 548 2569 2509 2658; baseline 0.002 -22"><span class='ocrx_word' id='word_1_117' title='bbox 548 2569 861 2637; x_wconf 91' lang='lat' dir='ltr'><strong>iudicium</strong></span> <span class='ocrx_word' id='word_1_118' title='bbox 908 2572 1136 2636; x_wconf 90' lang='lat' dir='ltr'><strong>stricte</strong></span> <span class='ocrx_word' id='word_1_119' title='bbox 1189 2571 1493 2654; x_wconf 87' lang='lat' dir='ltr'><strong>accipias,</strong></span> <span class='ocrx_word' id='word_1_120' title='bbox 1550 2572 1828 2653; x_wconf 86' lang='lat' dir='ltr'><strong>speciale</strong></span> <span class='ocrx_word' id='word_1_121' title='bbox 1884 2573 2009 2638; x_wconf 91' lang='lat' dir='ltr'><strong>erit</strong></span> <span class='ocrx_word' id='word_1_122' title='bbox 2066 2584 2509 2658; x_wconf 88' lang='lat' dir='ltr'><strong>praeceptum,</strong></span> 
     </span>
     <span class='ocr_line' id='line_1_19' title="bbox 548 2656 2508 2744; baseline 0.003 -24"><span class='ocrx_word' id='word_1_123' title='bbox 548 2666 627 2721; x_wconf 90' lang='lat' dir='ltr'><strong>ut</strong></span> <span class='ocrx_word' id='word_1_124' title='bbox 669 2657 919 2721; x_wconf 90' lang='lat' dir='ltr'><strong>iudices</strong></span> <span class='ocrx_word' id='word_1_125' title='bbox 961 2656 1246 2722; x_wconf 89' lang='lat' dir='ltr'><strong>fideliter</strong></span> <span class='ocrx_word' id='word_1_126' title='bbox 1288 2657 1519 2739; x_wconf 91' lang='lat' dir='ltr'><strong>cuique</strong></span> <span class='ocrx_word' id='word_1_127' title='bbox 1562 2658 1665 2724; x_wconf 90' lang='lat' dir='ltr'><strong>ius</strong></span> <span class='ocrx_word' id='word_1_128' title='bbox 1710 2679 1906 2723; x_wconf 90' lang='lat' dir='ltr'><strong>suum</strong></span> <span class='ocrx_word' id='word_1_129' title='bbox 1952 2656 2248 2735; x_wconf 83' lang='lat' dir='ltr'><strong>reddant,</strong></span> <span class='ocrx_word' id='word_1_130' title='bbox 2295 2681 2508 2744; x_wconf 85' lang='lat' dir='ltr'><strong>neque</strong></span> 
     </span>
     <span class='ocr_line' id='line_1_20' title="bbox 548 2741 2511 2829; baseline 0.001 -20"><span class='ocrx_word' id='word_1_131' title='bbox 548 2751 855 2809; x_wconf 88' lang='lat' dir='ltr'><strong>evertant</strong></span> <span class='ocrx_word' id='word_1_132' title='bbox 896 2741 1100 2809; x_wconf 90' lang='lat' dir='ltr'><strong>bonas</strong></span> <span class='ocrx_word' id='word_1_133' title='bbox 1144 2765 1377 2810; x_wconf 86' lang='lat' dir='ltr'><strong>causas</strong></span> <span class='ocrx_word' id='word_1_134' title='bbox 1420 2742 1647 2808; x_wconf 87' lang='lat' dir='ltr'><strong>favore</strong></span> <span class='ocrx_word' id='word_1_135' title='bbox 1697 2744 1796 2809; x_wconf 87' lang='lat' dir='ltr'><strong>vel</strong></span> <span class='ocrx_word' id='word_1_136' title='bbox 1840 2744 2007 2810; x_wconf 92' lang='lat' dir='ltr'><strong>odio.</strong></span> <span class='ocrx_word' id='word_1_137' title='bbox 2055 2745 2305 2810; x_wconf 89' lang='lat' dir='ltr'><strong>Verum</strong></span> <span class='ocrx_word' id='word_1_138' title='bbox 2353 2748 2511 2829; x_wconf 87' lang='lat' dir='ltr'><strong>quia</strong></span> 
     </span>
     <span class='ocr_line' id='line_1_21' title="bbox 550 2830 2507 2916; baseline 0.002 -22"><span class='ocrx_word' id='word_1_139' title='bbox 550 2849 790 2894; x_wconf 90' lang='lat' dir='ltr'><strong>nomen</strong></span> <span class='ocrx_word' id='word_1_140' title='bbox 855 2840 1059 2897; x_wconf 60' lang='lat' dir='ltr'><strong>mmm</strong></span> <span class='ocrx_word' id='word_1_141' title='bbox 1125 2850 1243 2913; x_wconf 88' lang='lat' dir='ltr'><strong>pro</strong></span> <span class='ocrx_word' id='word_1_142' title='bbox 1311 2830 1701 2895; x_wconf 86' lang='lat' dir='ltr'><strong>rectitudine</strong></span> <span class='ocrx_word' id='word_1_143' title='bbox 1767 2851 1960 2913; x_wconf 88' lang='lat' dir='ltr'><strong>saepe</strong></span> <span class='ocrx_word' id='word_1_144' title='bbox 2025 2830 2318 2916; x_wconf 85' lang='lat' dir='ltr'><strong>capitur,</strong></span> <span class='ocrx_word' id='word_1_145' title='bbox 2376 2853 2507 2897; x_wconf 90' lang='lat' dir='ltr'><strong>non</strong></span> 
     </span>
     <span class='ocr_line' id='line_1_22' title="bbox 463 2915 2507 3001; baseline -0 -16"><span class='ocrx_word' id='word_1_146' title='bbox 463 2968 482 2985; x_wconf 44' lang='grc' dir='ltr'><em>Ι</em></span> <span class='ocrx_word' id='word_1_147' title='bbox 548 2915 723 2981; x_wconf 89' lang='lat' dir='ltr'><strong>male</strong></span> <span class='ocrx_word' id='word_1_148' title='bbox 767 2917 1135 2994; x_wconf 86' lang='lat' dir='ltr'><strong>conveniet,</strong></span> <span class='ocrx_word' id='word_1_149' title='bbox 1178 2918 1253 2980; x_wconf 89' lang='lat' dir='ltr'><strong>in</strong></span> <span class='ocrx_word' id='word_1_150' title='bbox 1296 2928 1540 2999; x_wconf 87' lang='lat' dir='ltr'><strong>genere</strong></span> <span class='ocrx_word' id='word_1_151' title='bbox 1586 2915 1887 2981; x_wconf 89' lang='lat' dir='ltr'><strong>damnari</strong></span> <span class='ocrx_word' id='word_1_152' title='bbox 1929 2938 2158 2982; x_wconf 90' lang='lat' dir='ltr'><strong>omnes</strong></span> <span class='ocrx_word' id='word_1_153' title='bbox 2198 2918 2507 3001; x_wconf 90' lang='lat' dir='ltr'><strong>iniquita-</strong></span> 
     </span>
     <span class='ocr_line' id='line_1_23' title="bbox 551 2999 2508 3087; baseline 0.002 -21"><span class='ocrx_word' id='word_1_154' title='bbox 551 3011 651 3067; x_wconf 90' lang='lat' dir='ltr'><strong>tes</strong></span> <span class='ocrx_word' id='word_1_155' title='bbox 727 2999 1095 3087; x_wconf 77' lang='lat' dir='ltr'>integritati</span> <span class='ocrx_word' id='word_1_156' title='bbox 1161 3001 1558 3067; x_wconf 87' lang='lat' dir='ltr'><strong>contrarias:</strong></span> <span class='ocrx_word' id='word_1_157' title='bbox 1627 3001 1865 3067; x_wconf 90' lang='lat' dir='ltr'><strong>deinde</strong></span> <span class='ocrx_word' id='word_1_158' title='bbox 1938 3002 2020 3068; x_wconf 88' lang='lat' dir='ltr'><strong>ad</strong></span> <span class='ocrx_word' id='word_1_159' title='bbox 2087 3004 2338 3087; x_wconf 90' lang='lat' dir='ltr'><strong>species</strong></span> <span class='ocrx_word' id='word_1_160' title='bbox 2396 3005 2508 3068; x_wconf 88' lang='lat' dir='ltr'><strong>de·</strong></span> 
     </span>
     <span class='ocr_line' id='line_1_24' title="bbox 550 3087 2507 3172; baseline 0 -17"><span class='ocrx_word' id='word_1_161' title='bbox 550 3087 795 3162; x_wconf 88' lang='lat' dir='ltr'><strong>scendi,</strong></span> <span class='ocrx_word' id='word_1_162' title='bbox 842 3110 1005 3172; x_wconf 89' lang='lat' dir='ltr'><strong>quas</strong></span> <span class='ocrx_word' id='word_1_163' title='bbox 1041 3089 1246 3154; x_wconf 89' lang='lat' dir='ltr'><strong>altero</strong></span> <span class='ocrx_word' id='word_1_164' title='bbox 1273 3088 1414 3155; x_wconf 94' lang='lat' dir='ltr'><strong>loco</strong></span> <span class='ocrx_word' id='word_1_165' title='bbox 1458 3092 1907 3172; x_wconf 79' lang='lat' dir='ltr'>prosequitur:</span> <span class='ocrx_word' id='word_1_166' title='bbox 1952 3089 2065 3155; x_wconf 89' lang='lat' dir='ltr'><strong>ubi</strong></span> <span class='ocrx_word' id='word_1_167' title='bbox 2105 3088 2283 3156; x_wconf 85' lang='lat' dir='ltr'><strong>furta</strong></span> <span class='ocrx_word' id='word_1_168' title='bbox 2325 3111 2507 3156; x_wconf 90' lang='lat' dir='ltr'><strong>eom-</strong></span> 
     </span>
     <span class='ocr_line' id='line_1_25' title="bbox 551 3175 2508 3260; baseline 0.001 -20"><span class='ocrx_word' id='word_1_169' title='bbox 551 3184 876 3240; x_wconf 87' lang='lat' dir='ltr'><strong>memorat</strong></span> <span class='ocrx_word' id='word_1_170' title='bbox 920 3197 1076 3259; x_wconf 86' lang='lat' dir='ltr'><strong>prae</strong></span> <span class='ocrx_word' id='word_1_171' title='bbox 1122 3175 1265 3240; x_wconf 88' lang='lat' dir='ltr'><strong>aliis</strong></span> <span class='ocrx_word' id='word_1_172' title='bbox 1312 3175 1599 3240; x_wconf 85' lang='lat' dir='ltr'><strong>maxime</strong></span> <span class='ocrx_word' id='word_1_173' title='bbox 1635 3176 1852 3251; x_wconf 82' lang='lat' dir='ltr'><strong>noxia,</strong></span> <span class='ocrx_word' id='word_1_174' title='bbox 1899 3184 1965 3241; x_wconf 89' lang='lat' dir='ltr'><strong>et</strong></span> <span class='ocrx_word' id='word_1_175' title='bbox 2003 3195 2169 3260; x_wconf 90' lang='lat' dir='ltr'><strong>quae</strong></span> <span class='ocrx_word' id='word_1_176' title='bbox 2221 3197 2508 3242; x_wconf 77' lang='lat' dir='ltr'><strong>crassam</strong></span> 
     </span>
     <span class='ocr_line' id='line_1_26' title="bbox 550 3259 2509 3346; baseline 0.001 -20"><span class='ocrx_word' id='word_1_177' title='bbox 550 3259 795 3345; x_wconf 88' lang='lat' dir='ltr'><strong>publici</strong></span> <span class='ocrx_word' id='word_1_178' title='bbox 837 3261 1000 3327; x_wconf 90' lang='lat' dir='ltr'><strong>iuris</strong></span> <span class='ocrx_word' id='word_1_179' title='bbox 1042 3259 1467 3327; x_wconf 78' lang='lat' dir='ltr'><strong>violationem</strong></span> <span class='ocrx_word' id='word_1_180' title='bbox 1511 3281 1734 3327; x_wconf 90' lang='lat' dir='ltr'><strong>secum</strong></span> <span class='ocrx_word' id='word_1_181' title='bbox 1775 3261 2068 3328; x_wconf 87' lang='lat' dir='ltr'><strong>trahant.</strong></span> <span class='ocrx_word' id='word_1_182' title='bbox 2156 3261 2509 3346; x_wconf 83' lang='lat' dir='ltr'><strong>Corruptio</strong></span> 
     </span>
     <span class='ocr_line' id='line_1_27' title="bbox 555 3346 2505 3429; baseline 0.001 -17"><span class='ocrx_word' id='word_1_183' title='bbox 555 3348 731 3412; x_wconf 90' lang='lat' dir='ltr'><strong>enim</strong></span> <span class='ocrx_word' id='word_1_184' title='bbox 789 3368 955 3429; x_wconf 89' lang='lat' dir='ltr'><strong>quae</strong></span> <span class='ocrx_word' id='word_1_185' title='bbox 1014 3346 1096 3412; x_wconf 91' lang='lat' dir='ltr'><strong>ad</strong></span> <span class='ocrx_word' id='word_1_186' title='bbox 1142 3346 1500 3412; x_wconf 89' lang='lat' dir='ltr'><strong>evertenda</strong></span> <span class='ocrx_word' id='word_1_187' title='bbox 1543 3346 1785 3413; x_wconf 89' lang='lat' dir='ltr'><strong>iudicia</strong></span> <span class='ocrx_word' id='word_1_188' title='bbox 1831 3347 2042 3413; x_wconf 89' lang='lat' dir='ltr'><strong>tendit</strong></span> <span class='ocrx_word' id='word_1_189' title='bbox 2092 3348 2194 3413; x_wconf 89' lang='lat' dir='ltr'><strong>vel</strong></span> <span class='ocrx_word' id='word_1_190' title='bbox 2239 3350 2505 3414; x_wconf 88' lang='lat' dir='ltr'><strong>rectitu-</strong></span> 
     </span>
     <span class='ocr_line' id='line_1_28' title="bbox 554 3432 2513 3534; baseline 0.001 -36"><span class='ocrx_word' id='word_1_191' title='bbox 554 3432 776 3498; x_wconf 82' lang='lat' dir='ltr'><strong>dinem</strong></span> <span class='ocrx_word' id='word_1_192' title='bbox 882 3432 1321 3510; x_wconf 85' lang='lat' dir='ltr'><strong>abefactando‚</strong></span> <span class='ocrx_word' id='word_1_193' title='bbox 1369 3442 1741 3498; x_wconf 90' lang='lat' dir='ltr'><strong>contractus</strong></span> <span class='ocrx_word' id='word_1_194' title='bbox 1785 3454 2013 3499; x_wconf 90' lang='lat' dir='ltr'><strong>omnes</strong></span> <span class='ocrx_word' id='word_1_195' title='bbox 2057 3432 2299 3534; x_wconf 86' lang='lat' dir='ltr'><strong>vitiat]‚</strong></span> <span class='ocrx_word' id='word_1_196' title='bbox 2344 3433 2513 3499; x_wconf 89' lang='lat' dir='ltr'><strong>nihil</strong></span> 
     </span>
     <span class='ocr_line' id='line_1_29' title="bbox 554 3518 2512 3603; baseline 0 -19"><span class='ocrx_word' id='word_1_197' title='bbox 554 3519 873 3603; x_wconf 81' lang='lat' dir='ltr'><strong>relinqult</strong></span> <span class='ocrx_word' id='word_1_198' title='bbox 929 3519 1217 3586; x_wconf 87' lang='lat' dir='ltr'><strong>salvum:</strong></span> <span class='ocrx_word' id='word_1_199' title='bbox 1273 3518 1528 3584; x_wconf 88' lang='lat' dir='ltr'><strong>falsitas</strong></span> <span class='ocrx_word' id='word_1_200' title='bbox 1584 3529 1803 3585; x_wconf 88' lang='lat' dir='ltr'><strong>autem</strong></span> <span class='ocrx_word' id='word_1_201' title='bbox 1861 3520 1935 3584; x_wconf 92' lang='lat' dir='ltr'><strong>in</strong></span> <span class='ocrx_word' id='word_1_202' title='bbox 1989 3520 2384 3603; x_wconf 78' lang='lat' dir='ltr'><strong>ponderibus</strong></span> <span class='ocrx_word' id='word_1_203' title='bbox 2445 3529 2512 3585; x_wconf 92' lang='lat' dir='ltr'><strong>et</strong></span> 
     </span>
     <span class='ocr_line' id='line_1_30' title="bbox 555 3604 2517 3689; baseline 0 -19"><span class='ocrx_word' id='word_1_204' title='bbox 555 3604 885 3671; x_wconf 74' lang='lat' dir='ltr'><strong>mensuris</strong></span> <span class='ocrx_word' id='word_1_205' title='bbox 919 3625 1156 3670; x_wconf 86' lang='lat' dir='ltr'><strong>omnes</strong></span> <span class='ocrx_word' id='word_1_206' title='bbox 1184 3605 1512 3689; x_wconf 84' lang='lat' dir='ltr'><strong>legitimas</strong></span> <span class='ocrx_word' id='word_1_207' title='bbox 1546 3605 1978 3671; x_wconf 89' lang='lat' dir='ltr'><strong>contrahendi</strong></span> <span class='ocrx_word' id='word_1_208' title='bbox 2016 3606 2304 3671; x_wconf 89' lang='lat' dir='ltr'><strong>rationes</strong></span> <span class='ocrx_word' id='word_1_209' title='bbox 2340 3605 2517 3672; x_wconf 90' lang='lat' dir='ltr'><strong>tollit</strong></span> 
     </span>
     <span class='ocr_line' id='line_1_31' title="bbox 561 3690 2511 3774; baseline 0 -17"><span class='ocrx_word' id='word_1_210' title='bbox 561 3702 627 3757; x_wconf 86' lang='lat' dir='ltr'><strong>et</strong></span> <span class='ocrx_word' id='word_1_211' title='bbox 669 3691 903 3757; x_wconf 81' lang='lat' dir='ltr'><strong>abolet.</strong></span> <span class='ocrx_word' id='word_1_212' title='bbox 949 3690 1158 3756; x_wconf 91' lang='lat' dir='ltr'><strong>Porro</strong></span> <span class='ocrx_word' id='word_1_213' title='bbox 1202 3704 1510 3774; x_wconf 88' lang='lat' dir='ltr'><strong>corrupto</strong></span> <span class='ocrx_word' id='word_1_214' title='bbox 1554 3690 1885 3757; x_wconf 90' lang='lat' dir='ltr'><strong>vendendi</strong></span> <span class='ocrx_word' id='word_1_215' title='bbox 1930 3701 1997 3757; x_wconf 89' lang='lat' dir='ltr'><strong>et</strong></span> <span class='ocrx_word' id='word_1_216' title='bbox 2041 3692 2302 3757; x_wconf 89' lang='lat' dir='ltr'><strong>emendi</strong></span> <span class='ocrx_word' id='word_1_217' title='bbox 2346 3693 2511 3772; x_wconf 91' lang='lat' dir='ltr'><strong>iure,</strong></span> 
     </span>
     <span class='ocr_line' id='line_1_32' title="bbox 562 3776 2513 3861; baseline 0 -19"><span class='ocrx_word' id='word_1_218' title='bbox 562 3776 1038 3861; x_wconf 88' lang='lat' dir='ltr'><strong>quodammodo</strong></span> <span class='ocrx_word' id='word_1_219' title='bbox 1062 3777 1418 3860; x_wconf 88' lang='lat' dir='ltr'><strong>dissipatur</strong></span> <span class='ocrx_word' id='word_1_220' title='bbox 1455 3776 1795 3842; x_wconf 86' lang='lat' dir='ltr'><strong>hominum</strong></span> <span class='ocrx_word' id='word_1_221' title='bbox 1835 3778 2127 3855; x_wconf 86' lang='lat' dir='ltr'><strong>societas,</strong></span> <span class='ocrx_word' id='word_1_222' title='bbox 2169 3787 2242 3843; x_wconf 92' lang='lat' dir='ltr'><strong>ut</strong></span> <span class='ocrx_word' id='word_1_223' title='bbox 2275 3799 2513 3860; x_wconf 84' lang='lat' dir='ltr'><strong>pamm</strong></span> 
     </span>
     <span class='ocr_line' id='line_1_33' title="bbox 562 3863 2515 3946; baseline 0.001 -19"><span class='ocrx_word' id='word_1_224' title='bbox 562 3863 826 3929; x_wconf 88' lang='lat' dir='ltr'><strong>differat</strong></span> <span class='ocrx_word' id='word_1_225' title='bbox 878 3863 991 3946; x_wconf 90' lang='lat' dir='ltr'><strong>qui</strong></span> <span class='ocrx_word' id='word_1_226' title='bbox 1048 3863 1117 3927; x_wconf 92' lang='lat' dir='ltr'><strong>in</strong></span> <span class='ocrx_word' id='word_1_227' title='bbox 1178 3863 1574 3945; x_wconf 83' lang='lat' dir='ltr'><strong>aequalitate</strong></span> <span class='ocrx_word' id='word_1_228' title='bbox 1628 3864 1937 3946; x_wconf 90' lang='lat' dir='ltr'><strong>ponderis</strong></span> <span class='ocrx_word' id='word_1_229' title='bbox 1996 3864 2103 3931; x_wconf 91' lang='lat' dir='ltr'><strong>vel</strong></span> <span class='ocrx_word' id='word_1_230' title='bbox 2161 3885 2515 3929; x_wconf 89' lang='lat' dir='ltr'><strong>mensurae</strong></span> 
     </span>
     <span class='ocr_line' id='line_1_34' title="bbox 562 3949 2512 4033; baseline 0.001 -19"><span class='ocrx_word' id='word_1_231' title='bbox 562 3949 764 4029; x_wconf 79' lang='lat' dir='ltr'><strong>fallit,</strong></span> <span class='ocrx_word' id='word_1_232' title='bbox 830 3949 913 4014; x_wconf 90' lang='lat' dir='ltr'><strong>ab</strong></span> <span class='ocrx_word' id='word_1_233' title='bbox 978 3970 1053 4014; x_wconf 92' lang='lat' dir='ltr'><strong>eo</strong></span> <span class='ocrx_word' id='word_1_234' title='bbox 1119 3951 1229 4031; x_wconf 92' lang='lat' dir='ltr'><strong>qui</strong></span> <span class='ocrx_word' id='word_1_235' title='bbox 1307 3949 1620 4033; x_wconf 88' lang='lat' dir='ltr'><strong>supponit</strong></span> <span class='ocrx_word' id='word_1_236' title='bbox 1701 3970 2004 4014; x_wconf 90' lang='lat' dir='ltr'><strong>nummos</strong></span> <span class='ocrx_word' id='word_1_237' title='bbox 2081 3950 2512 4015; x_wconf 89' lang='lat' dir='ltr'><strong>adulterinos.</strong></span> 
     </span>
     <span class='ocr_line' id='line_1_35' title="bbox 563 4034 2512 4119; baseline 0.001 -19"><span class='ocrx_word' id='word_1_238' title='bbox 563 4034 784 4117; x_wconf 77' lang='lat' dir='ltr'><strong>Quare</strong></span> <span class='ocrx_word' id='word_1_239' title='bbox 862 4035 1038 4100; x_wconf 90' lang='lat' dir='ltr'><strong>inter</strong></span> <span class='ocrx_word' id='word_1_240' title='bbox 1125 4035 1423 4100; x_wconf 84' lang='lat' dir='ltr'><strong>falsarios</strong></span> <span class='ocrx_word' id='word_1_241' title='bbox 1500 4045 1891 4100; x_wconf 87' lang='lat' dir='ltr'><strong>numeratur</strong></span> <span class='ocrx_word' id='word_1_242' title='bbox 1972 4036 2084 4119; x_wconf 89' lang='lat' dir='ltr'><strong>qui</strong></span> <span class='ocrx_word' id='word_1_243' title='bbox 2167 4056 2512 4102; x_wconf 83' lang='lat' dir='ltr'><strong>mensuras</strong></span> 
     </span>
     <span class='ocr_line' id='line_1_36' title="bbox 561 4119 2518 4205; baseline -0.001 -18"><span class='ocrx_word' id='word_1_244' title='bbox 561 4122 819 4205; x_wconf 86' lang='lat' dir='ltr'><strong>publice</strong></span> <span class='ocrx_word' id='word_1_245' title='bbox 862 4122 1206 4204; x_wconf 82' lang='lat' dir='ltr'><strong>probatas,</strong></span> <span class='ocrx_word' id='word_1_246' title='bbox 1253 4122 1422 4196; x_wconf 89' lang='lat' dir='ltr'><strong>vini,</strong></span> <span class='ocrx_word' id='word_1_247' title='bbox 1467 4119 1780 4186; x_wconf 85' lang='lat' dir='ltr'><strong>frumenti</strong></span> <span class='ocrx_word' id='word_1_248' title='bbox 1802 4172 1819 4200; x_wconf 93' lang='lat'><strong>,</strong></span> <span class='ocrx_word' id='word_1_249' title='bbox 1868 4121 1971 4186; x_wconf 88' lang='lat' dir='ltr'><strong>vel</strong></span> <span class='ocrx_word' id='word_1_250' title='bbox 2027 4121 2124 4187; x_wconf 89' lang='lat' dir='ltr'><strong>rei</strong></span> <span class='ocrx_word' id='word_1_251' title='bbox 2167 4122 2518 4188; x_wconf 91' lang='lat' dir='ltr'><strong>cuiuslibet</strong></span> 
     </span>
     <span class='ocr_line' id='line_1_37' title="bbox 561 4205 2515 4290; baseline -0.001 -18"><span class='ocrx_word' id='word_1_252' title='bbox 561 4209 958 4290; x_wconf 74' lang='lat' dir='ltr'><strong>corruperit,</strong></span> <span class='ocrx_word' id='word_1_253' title='bbox 1008 4208 1149 4272; x_wconf 88' lang='lat' dir='ltr'><strong>sive</strong></span> <span class='ocrx_word' id='word_1_254' title='bbox 1199 4217 1453 4289; x_wconf 84' lang='lat' dir='ltr'><strong>emptor</strong></span> <span class='ocrx_word' id='word_1_255' title='bbox 1498 4206 1637 4272; x_wconf 86' lang='lat' dir='ltr'><strong>sive</strong></span> <span class='ocrx_word' id='word_1_256' title='bbox 1695 4205 2015 4272; x_wconf 87' lang='lat' dir='ltr'><strong>venditor.</strong></span> <span class='ocrx_word' id='word_1_257' title='bbox 2110 4210 2205 4273; x_wconf 85' lang='lat' dir='ltr'><strong>Ac</strong></span> <span class='ocrx_word' id='word_1_258' title='bbox 2262 4207 2330 4271; x_wconf 90' lang='lat' dir='ltr'><strong>in</strong></span> <span class='ocrx_word' id='word_1_259' title='bbox 2392 4207 2515 4272; x_wconf 89' lang='lat' dir='ltr'><strong>du-</strong></span> 
     </span>
     <span class='ocr_line' id='line_1_38' title="bbox 564 4293 2516 4377; baseline 0.001 -21"><span class='ocrx_word' id='word_1_260' title='bbox 564 4293 745 4377; x_wconf 87' lang='lat' dir='ltr'><strong>plum</strong></span> <span class='ocrx_word' id='word_1_261' title='bbox 806 4293 1063 4377; x_wconf 89' lang='lat' dir='ltr'><strong>quidem</strong></span> <span class='ocrx_word' id='word_1_262' title='bbox 1131 4293 1386 4376; x_wconf 82' lang='lat' dir='ltr'><strong>legibus</strong></span> <span class='ocrx_word' id='word_1_263' title='bbox 1450 4293 1772 4358; x_wconf 88' lang='lat' dir='ltr'><strong>Romanis</strong></span> <span class='ocrx_word' id='word_1_264' title='bbox 1832 4293 2214 4359; x_wconf 88' lang='lat' dir='ltr'><strong>damnatur:</strong></span> <span class='ocrx_word' id='word_1_265' title='bbox 2280 4315 2516 4358; x_wconf 91' lang='lat' dir='ltr'><strong>verum</strong></span> 
     </span>
     <span class='ocr_line' id='line_1_39' title="bbox 567 4377 2519 4465; baseline 0.001 -22"><span class='ocrx_word' id='word_1_266' title='bbox 567 4379 826 4444; x_wconf 88' lang='lat' dir='ltr'><strong>decreto</strong></span> <span class='ocrx_word' id='word_1_267' title='bbox 868 4400 987 4445; x_wconf 91' lang='lat' dir='ltr'><strong>suo</strong></span> <span class='ocrx_word' id='word_1_268' title='bbox 1036 4379 1371 4444; x_wconf 87' lang='lat' dir='ltr'><strong>Adrianus</strong></span> <span class='ocrx_word' id='word_1_269' title='bbox 1415 4381 1485 4443; x_wconf 94' lang='lat' dir='ltr'><strong>in</strong></span> <span class='ocrx_word' id='word_1_270' title='bbox 1528 4379 1813 4444; x_wconf 87' lang='lat' dir='ltr'><strong>insulam</strong></span> <span class='ocrx_word' id='word_1_271' title='bbox 1858 4378 2109 4464; x_wconf 86' lang='lat' dir='ltr'><strong>relegat</strong></span> <span class='ocrx_word' id='word_1_272' title='bbox 2133 4377 2200 4465; x_wconf 80' lang='grc'><strong>1).</strong></span> <span class='ocrx_word' id='word_1_273' title='bbox 2292 4377 2519 4460; x_wconf 77' lang='lat' dir='ltr'><strong>Quare</strong></span> 
     </span>
     <span class='ocr_line' id='line_1_40' title="bbox 566 4463 2521 4549; baseline 0.001 -20"><span class='ocrx_word' id='word_1_274' title='bbox 566 4485 698 4530; x_wconf 86' lang='lat' dir='ltr'><strong>non</strong></span> <span class='ocrx_word' id='word_1_275' title='bbox 738 4465 853 4530; x_wconf 89' lang='lat' dir='ltr'><strong>abs</strong></span> <span class='ocrx_word' id='word_1_276' title='bbox 889 4487 959 4531; x_wconf 90' lang='lat' dir='ltr'><strong>re</strong></span> <span class='ocrx_word' id='word_1_277' title='bbox 995 4465 1234 4530; x_wconf 87' lang='lat' dir='ltr'><strong>iterum</strong></span> <span class='ocrx_word' id='word_1_278' title='bbox 1272 4464 1550 4531; x_wconf 88' lang='lat' dir='ltr'><strong>eandem</strong></span> <span class='ocrx_word' id='word_1_279' title='bbox 1573 4466 1967 4530; x_wconf 88' lang='lat' dir='ltr'><strong>sententiam</strong></span> <span class='ocrx_word' id='word_1_280' title='bbox 1993 4466 2230 4549; x_wconf 87' lang='lat' dir='ltr'><strong>repetit</strong></span> <span class='ocrx_word' id='word_1_281' title='bbox 2255 4463 2521 4532; x_wconf 85' lang='lat' dir='ltr'><strong>Solomo</strong></span> 
     </span>
     <span class='ocr_line' id='line_1_41' title="bbox 567 4547 2516 4639; baseline 0 -23"><span class='ocrx_word' id='word_1_282' title='bbox 567 4547 793 4636; x_wconf 65' lang='lat' dir='ltr'><strong>(Prow</strong></span> <span class='ocrx_word' id='word_1_283' title='bbox 839 4550 955 4628; x_wconf 89' lang='grc'><strong>20,</strong></span> <span class='ocrx_word' id='word_1_284' title='bbox 1005 4549 1144 4639; x_wconf 84' lang='grc'>10),</span> <span class='ocrx_word' id='word_1_285' title='bbox 1191 4571 1320 4635; x_wconf 90' lang='lat' dir='ltr'><strong>quo</strong></span> <span class='ocrx_word' id='word_1_286' title='bbox 1360 4550 1597 4616; x_wconf 87' lang='lat' dir='ltr'><strong>melius</strong></span> <span class='ocrx_word' id='word_1_287' title='bbox 1629 4572 1773 4617; x_wconf 90' lang='lat' dir='ltr'><strong>eam</strong></span> <span class='ocrx_word' id='word_1_288' title='bbox 1822 4550 2064 4634; x_wconf 87' lang='lat' dir='ltr'><strong>defigat</strong></span> <span class='ocrx_word' id='word_1_289' title='bbox 2106 4553 2173 4615; x_wconf 92' lang='lat' dir='ltr'><strong>in</strong></span> <span class='ocrx_word' id='word_1_290' title='bbox 2221 4552 2516 4617; x_wconf 90' lang='lat' dir='ltr'><strong>omnium</strong></span> 
     </span>
     <span class='ocr_line' id='line_1_42' title="bbox 566 4635 2519 4719; baseline -0.002 -14"><span class='ocrx_word' id='word_1_291' title='bbox 566 4635 893 4705; x_wconf 76' lang='lat' dir='ltr'><strong>cordibus,</strong></span> <span class='ocrx_word' id='word_1_292' title='bbox 981 4636 1125 4702; x_wconf 86' lang='lat' dir='ltr'><strong>Etsi</strong></span> <span class='ocrx_word' id='word_1_293' title='bbox 1186 4648 1405 4703; x_wconf 88' lang='lat' dir='ltr'><strong>autem</strong></span> <span class='ocrx_word' id='word_1_294' title='bbox 1464 4638 1668 4719; x_wconf 88' lang='lat' dir='ltr'><strong>pestis</strong></span> <span class='ocrx_word' id='word_1_295' title='bbox 1719 4637 1882 4702; x_wconf 87' lang='lat' dir='ltr'><strong>haec</strong></span> <span class='ocrx_word' id='word_1_296' title='bbox 1929 4636 2197 4702; x_wconf 89' lang='lat' dir='ltr'><strong>minime</strong></span> <span class='ocrx_word' id='word_1_297' title='bbox 2242 4636 2519 4702; x_wconf 82' lang='lat' dir='ltr'><strong>ferenda</strong></span> 
     </span>
     <span class='ocr_line' id='line_1_43' title="bbox 567 4721 2518 4803; baseline -0.001 -15"><span class='ocrx_word' id='word_1_298' title='bbox 567 4733 698 4799; x_wconf 90' lang='lat' dir='ltr'><strong>est,</strong></span> <span class='ocrx_word' id='word_1_299' title='bbox 762 4721 876 4788; x_wconf 88' lang='lat' dir='ltr'><strong>sed</strong></span> <span class='ocrx_word' id='word_1_300' title='bbox 921 4723 1158 4787; x_wconf 87' lang='lat' dir='ltr'><strong>acriter</strong></span> <span class='ocrx_word' id='word_1_301' title='bbox 1207 4724 1642 4803; x_wconf 77' lang='lat' dir='ltr'><strong>vendicanda,</strong></span> <span class='ocrx_word' id='word_1_302' title='bbox 1702 4722 1886 4789; x_wconf 89' lang='lat' dir='ltr'><strong>Deus</strong></span> <span class='ocrx_word' id='word_1_303' title='bbox 1944 4732 2198 4802; x_wconf 88' lang='lat' dir='ltr'><strong>tamen,</strong></span> <span class='ocrx_word' id='word_1_304' title='bbox 2258 4723 2518 4789; x_wconf 88' lang='lat' dir='ltr'><strong>etiamsi</strong></span> 
     </span>
     <span class='ocr_line' id='line_1_44' title="bbox 564 4807 2521 4892; baseline -0.001 -16"><span class='ocrx_word' id='word_1_305' title='bbox 564 4817 828 4876; x_wconf 90' lang='lat' dir='ltr'><strong>cessent</strong></span> <span class='ocrx_word' id='word_1_306' title='bbox 861 4807 1084 4892; x_wconf 86' lang='lat' dir='ltr'><strong>legum</strong></span> <span class='ocrx_word' id='word_1_307' title='bbox 1119 4830 1381 4892; x_wconf 89' lang='lat' dir='ltr'><strong>poenae,</strong></span> <span class='ocrx_word' id='word_1_308' title='bbox 1419 4812 1847 4877; x_wconf 87' lang='lat' dir='ltr'><strong>conscientias</strong></span> <span class='ocrx_word' id='word_1_309' title='bbox 1886 4812 1966 4875; x_wconf 88' lang='lat' dir='ltr'><strong>ad</strong></span> <span class='ocrx_word' id='word_1_310' title='bbox 1997 4808 2286 4874; x_wconf 87' lang='lat' dir='ltr'><strong>tribunal</strong></span> <span class='ocrx_word' id='word_1_311' title='bbox 2324 4830 2521 4874; x_wconf 89' lang='lat' dir='ltr'><strong>suum</strong></span> 
     </span>
     <span class='ocr_line' id='line_1_45' title="bbox 563 4893 2517 4980; baseline 0.001 -20"><span class='ocrx_word' id='word_1_312' title='bbox 563 4903 863 4962; x_wconf 85' lang='lat' dir='ltr'><strong>revocat:</strong></span> <span class='ocrx_word' id='word_1_313' title='bbox 925 4893 1125 4977; x_wconf 89' lang='lat' dir='ltr'><strong>idque</strong></span> <span class='ocrx_word' id='word_1_314' title='bbox 1203 4906 1338 4960; x_wconf 89' lang='lat' dir='ltr'><strong>tam</strong></span> <span class='ocrx_word' id='word_1_315' title='bbox 1404 4896 1847 4977; x_wconf 90' lang='lat' dir='ltr'><strong>promittendo</strong></span> <span class='ocrx_word' id='word_1_316' title='bbox 1911 4917 2107 4980; x_wconf 86' lang='lat' dir='ltr'><strong>quam</strong></span> <span class='ocrx_word' id='word_1_317' title='bbox 2183 4895 2517 4961; x_wconf 87' lang='lat' dir='ltr'><strong>minando.</strong></span> 
     </span>
     <span class='ocr_line' id='line_1_46' title="bbox 565 4980 2518 5066; baseline -0.001 -19"><span class='ocrx_word' id='word_1_318' title='bbox 565 4980 840 5048; x_wconf 89' lang='lat' dir='ltr'><strong>Pondus</strong></span> <span class='ocrx_word' id='word_1_319' title='bbox 891 5001 1205 5063; x_wconf 86' lang='lat' dir='ltr'><strong>aequum,</strong></span> <span class='ocrx_word' id='word_1_320' title='bbox 1271 4981 1512 5063; x_wconf 87' lang='lat' dir='ltr'><strong>inquit,</strong></span> <span class='ocrx_word' id='word_1_321' title='bbox 1578 4993 1646 5046; x_wconf 93' lang='lat' dir='ltr'><strong>et</strong></span> <span class='ocrx_word' id='word_1_322' title='bbox 1702 4983 1877 5047; x_wconf 89' lang='lat' dir='ltr'><strong>iusta</strong></span> <span class='ocrx_word' id='word_1_323' title='bbox 1931 5003 2238 5049; x_wconf 88' lang='lat' dir='ltr'><strong>mensura</strong></span> <span class='ocrx_word' id='word_1_324' title='bbox 2295 5002 2518 5066; x_wconf 89' lang='lat' dir='ltr'><strong>proro-</strong></span> 
     </span>
     <span class='ocr_line' id='line_1_47' title="bbox 568 5067 2521 5152; baseline -0.001 -19"><span class='ocrx_word' id='word_1_325' title='bbox 568 5068 821 5152; x_wconf 85' lang='lat' dir='ltr'><strong>gabunt</strong></span> <span class='ocrx_word' id='word_1_326' title='bbox 875 5067 1125 5131; x_wconf 88' lang='lat' dir='ltr'><strong>homini</strong></span> <span class='ocrx_word' id='word_1_327' title='bbox 1185 5068 1422 5130; x_wconf 88' lang='lat' dir='ltr'><strong>vitam:</strong></span> <span class='ocrx_word' id='word_1_328' title='bbox 1491 5069 1599 5149; x_wconf 91' lang='lat' dir='ltr'><strong>qui</strong></span> <span class='ocrx_word' id='word_1_329' title='bbox 1658 5088 1819 5132; x_wconf 79' lang='lat' dir='ltr'><strong>vero</strong></span> <span class='ocrx_word' id='word_1_330' title='bbox 1874 5068 1946 5131; x_wconf 90' lang='lat' dir='ltr'><strong>in</strong></span> <span class='ocrx_word' id='word_1_331' title='bbox 2003 5067 2107 5134; x_wconf 88' lang='lat' dir='ltr'><strong>his</strong></span> <span class='ocrx_word' id='word_1_332' title='bbox 2175 5069 2521 5152; x_wconf 84' lang='lat' dir='ltr'><strong>deceperit,</strong></span> 
     </span>
     <span class='ocr_line' id='line_1_48' title="bbox 568 5152 2522 5238; baseline -0.001 -19"><span class='ocrx_word' id='word_1_333' title='bbox 568 5153 966 5219; x_wconf 85' lang='lat' dir='ltr'><strong>abominatio</strong></span> <span class='ocrx_word' id='word_1_334' title='bbox 1011 5161 1113 5218; x_wconf 90' lang='lat' dir='ltr'><strong>est</strong></span> <span class='ocrx_word' id='word_1_335' title='bbox 1154 5171 1370 5219; x_wconf 88' lang='lat' dir='ltr'><strong>coram</strong></span> <span class='ocrx_word' id='word_1_336' title='bbox 1415 5174 1538 5217; x_wconf 89' lang='lat' dir='ltr'><strong>me.</strong></span> <span class='ocrx_word' id='word_1_337' title='bbox 1620 5152 1988 5238; x_wconf 89' lang='lat' dir='ltr'><strong>Improprie</strong></span> <span class='ocrx_word' id='word_1_338' title='bbox 2022 5153 2282 5237; x_wconf 89' lang='lat' dir='ltr'><strong>quidem</strong></span> <span class='ocrx_word' id='word_1_339' title='bbox 2328 5154 2522 5218; x_wconf 89' lang='lat' dir='ltr'><strong>iustis</strong></span> 
     </span>
    </p>
   </div>
   <div class='ocr_carea' id='block_1_7' title="bbox 567 5277 982 5288">
    <p class='ocr_par' dir='ltr' id='par_1_7' title="bbox 567 5277 982 5288">
     <span class='ocr_line' id='line_1_49' title="bbox 567 5277 982 5288; baseline 0 0"><span class='ocrx_word' id='word_1_340' title='bbox 567 5277 982 5288; x_wconf 95' lang='lat' dir='ltr'><strong> </strong></span> 
     </span>
    </p>
   </div>
   <div class='ocr_carea' id='block_1_8' title="bbox 744 5338 1948 5414">
    <p class='ocr_par' dir='ltr' id='par_1_8' title="bbox 744 5338 1948 5414">
     <span class='ocr_line' id='line_1_50' title="bbox 744 5338 1948 5414; baseline -0.002 -17"><span class='ocrx_word' id='word_1_341' title='bbox 744 5344 801 5414; x_wconf 93' lang='lat'><strong>1)</strong></span> <span class='ocrx_word' id='word_1_342' title='bbox 839 5342 1132 5397; x_wconf 77' lang='lat' dir='ltr'><strong>Modestia.</strong></span> <span class='ocrx_word' id='word_1_343' title='bbox 1167 5342 1237 5395; x_wconf 84' lang='lat' dir='ltr'><strong>ad</strong></span> <span class='ocrx_word' id='word_1_344' title='bbox 1272 5341 1448 5410; x_wconf 79' lang='lat' dir='ltr'><strong>legem</strong></span> <span class='ocrx_word' id='word_1_345' title='bbox 1485 5338 1642 5393; x_wconf 87' lang='lat' dir='ltr'><strong>Corn.</strong></span> <span class='ocrx_word' id='word_1_346' title='bbox 1680 5340 1748 5393; x_wconf 89' lang='lat' dir='ltr'><strong>de</strong></span> <span class='ocrx_word' id='word_1_347' title='bbox 1782 5340 1948 5394; x_wconf 73' lang='lat' dir='ltr'><strong>falsis.</strong></span> 
     </span>
    </p>
   </div>
   <div class='ocr_carea' id='block_1_9' title="bbox 1985 408 3134 478">
    <p class='ocr_par' dir='ltr' id='par_1_9' title="bbox 1985 408 3134 478">
     <span class='ocr_line' id='line_1_51' title="bbox 1985 408 3134 478; baseline -0.001 0"><span class='ocrx_word' id='word_1_348' title='bbox 1985 410 2440 478; x_wconf 77' lang='lat' dir='ltr'><strong>OCTAVUM</strong></span> <span class='ocrx_word' id='word_1_349' title='bbox 2485 408 3134 478; x_wconf 80' lang='lat' dir='ltr'>PRAEOEP&#39;I&#39;UM.</span> 
     </span>
    </p>
   </div>
   <div class='ocr_carea' id='block_1_10' title="bbox 2550 621 2588 5383">
    <p class='ocr_par' dir='ltr' id='par_1_10' title="bbox 2550 621 2588 5383">
     <span class='ocr_line' id='line_1_52' title="bbox 2550 621 2588 5383; baseline 0 0"><span class='ocrx_word' id='word_1_350' title='bbox 2550 621 2588 5383; x_wconf 95' lang='lat' dir='ltr'><strong> </strong></span> 
     </span>
    </p>
   </div>
   <div class='ocr_carea' id='block_1_11' title="bbox 4424 408 4534 477">
    <p class='ocr_par' dir='ltr' id='par_1_11' title="bbox 4424 408 4534 477">
     <span class='ocr_line' id='line_1_53' title="bbox 4424 408 4534 477; baseline 0.036 -4"><span class='ocrx_word' id='word_1_351' title='bbox 4424 408 4534 477; x_wconf 77' lang='lat'><strong>6⁷6</strong></span> 
     </span>
    </p>
   </div>
   <div class='ocr_carea' id='block_1_12' title="bbox 2611 596 4555 1613">
    <p class='ocr_par' dir='ltr' id='par_1_12' title="bbox 2611 596 4555 1613">
     <span class='ocr_line' id='line_1_54' title="bbox 2611 596 4538 685; baseline -0.001 -19"><span class='ocrx_word' id='word_1_352' title='bbox 2611 599 3008 685; x_wconf 89' lang='lat' dir='ltr'><strong>ponderibus</strong></span> <span class='ocrx_word' id='word_1_353' title='bbox 3040 610 3106 665; x_wconf 85' lang='lat' dir='ltr'><strong>et</strong></span> <span class='ocrx_word' id='word_1_354' title='bbox 3134 599 3460 665; x_wconf 85' lang='lat' dir='ltr'><strong>mensuris</strong></span> <span class='ocrx_word' id='word_1_355' title='bbox 3496 596 3888 664; x_wconf 79' lang='lat' dir='ltr'><strong>adscribitur</strong></span> <span class='ocrx_word' id='word_1_356' title='bbox 3920 597 4097 663; x_wconf 88' lang='lat' dir='ltr'><strong>vitae</strong></span> <span class='ocrx_word' id='word_1_357' title='bbox 4132 596 4538 667; x_wconf 84' lang='lat' dir='ltr'><strong>diuturnitas:</strong></span> 
     </span>
     <span class='ocr_line' id='line_1_55' title="bbox 2615 683 4540 770; baseline -0.001 -19"><span class='ocrx_word' id='word_1_358' title='bbox 2615 687 2728 752; x_wconf 89' lang='lat' dir='ltr'><strong>sed</strong></span> <span class='ocrx_word' id='word_1_359' title='bbox 2773 688 2924 770; x_wconf 92' lang='lat' dir='ltr'><strong>quia</strong></span> <span class='ocrx_word' id='word_1_360' title='bbox 2967 687 3155 751; x_wconf 89' lang='lat' dir='ltr'><strong>avari</strong></span> <span class='ocrx_word' id='word_1_361' title='bbox 3198 685 3470 769; x_wconf 89' lang='lat' dir='ltr'><strong>impium</strong></span> <span class='ocrx_word' id='word_1_362' title='bbox 3517 685 3772 750; x_wconf 89' lang='lat' dir='ltr'><strong>lucrum</strong></span> <span class='ocrx_word' id='word_1_363' title='bbox 3819 683 4177 767; x_wconf 88' lang='lat' dir='ltr'><strong>captand0,</strong></span> <span class='ocrx_word' id='word_1_364' title='bbox 4226 684 4416 751; x_wconf 88' lang='lat' dir='ltr'><strong>nimis</strong></span> <span class='ocrx_word' id='word_1_365' title='bbox 4456 696 4540 750; x_wconf 83' lang='lat' dir='ltr'><strong>at·</strong></span> 
     </span>
     <span class='ocr_line' id='line_1_56' title="bbox 2617 768 4543 847; baseline 0.001 -10"><span class='ocrx_word' id='word_1_366' title='bbox 2617 773 2786 838; x_wconf 89' lang='lat' dir='ltr'><strong>tenti</strong></span> <span class='ocrx_word' id='word_1_367' title='bbox 2832 782 2990 837; x_wconf 91' lang='lat' dir='ltr'><strong>sunt</strong></span> <span class='ocrx_word' id='word_1_368' title='bbox 3044 772 3126 837; x_wconf 91' lang='lat' dir='ltr'><strong>ad</strong></span> <span class='ocrx_word' id='word_1_369' title='bbox 3171 770 3482 838; x_wconf 90' lang='lat' dir='ltr'><strong>caducam</strong></span> <span class='ocrx_word' id='word_1_370' title='bbox 3529 770 3701 835; x_wconf 89' lang='lat' dir='ltr'><strong>hanc</strong></span> <span class='ocrx_word' id='word_1_371' title='bbox 3758 770 3964 835; x_wconf 88' lang='lat' dir='ltr'><strong>vitam</strong></span> <span class='ocrx_word' id='word_1_372' title='bbox 3987 821 4002 847; x_wconf 92' lang='lat'>‚</span> <span class='ocrx_word' id='word_1_373' title='bbox 4048 768 4234 835; x_wconf 90' lang='lat' dir='ltr'><strong>Deus</strong></span> <span class='ocrx_word' id='word_1_374' title='bbox 4278 778 4354 836; x_wconf 92' lang='lat' dir='ltr'><strong>ut</strong></span> <span class='ocrx_word' id='word_1_375' title='bbox 4409 792 4543 838; x_wconf 86' lang='lat' dir='ltr'><strong>suos</strong></span> 
     </span>
     <span class='ocr_line' id='line_1_57' title="bbox 2614 854 4542 941; baseline -0.001 -17"><span class='ocrx_word' id='word_1_376' title='bbox 2614 881 2653 924; x_wconf 88' lang='lat' dir='ltr'><strong>a</strong></span> <span class='ocrx_word' id='word_1_377' title='bbox 2688 878 2878 924; x_wconf 89' lang='lat' dir='ltr'><strong>caeca</strong></span> <span class='ocrx_word' id='word_1_378' title='bbox 2913 859 3029 923; x_wconf 87' lang='lat' dir='ltr'><strong>illa</strong></span> <span class='ocrx_word' id='word_1_379' title='bbox 3062 867 3128 922; x_wconf 89' lang='lat' dir='ltr'><strong>et</strong></span> <span class='ocrx_word' id='word_1_380' title='bbox 3163 858 3501 941; x_wconf 89' lang='lat' dir='ltr'><strong>praecipiti</strong></span> <span class='ocrx_word' id='word_1_381' title='bbox 3538 856 3896 939; x_wconf 88' lang='lat' dir='ltr'><strong>cupiditate</strong></span> <span class='ocrx_word' id='word_1_382' title='bbox 3933 854 4255 936; x_wconf 86' lang='lat' dir='ltr'><strong>retrahat,</strong></span> <span class='ocrx_word' id='word_1_383' title='bbox 4298 855 4542 939; x_wconf 79' lang='lat' dir='ltr'><strong>longam</strong></span> 
     </span>
     <span class='ocr_line' id='line_1_58' title="bbox 2615 942 4547 1028; baseline 0 -19"><span class='ocrx_word' id='word_1_384' title='bbox 2615 945 2820 1010; x_wconf 89' lang='lat' dir='ltr'><strong>vitam</strong></span> <span class='ocrx_word' id='word_1_385' title='bbox 2857 944 3198 1028; x_wconf 89' lang='lat' dir='ltr'><strong>promittit,</strong></span> <span class='ocrx_word' id='word_1_386' title='bbox 3244 945 3298 1009; x_wconf 89' lang='lat' dir='ltr'><strong>si</strong></span> <span class='ocrx_word' id='word_1_387' title='bbox 3341 964 3381 1008; x_wconf 92' lang='lat' dir='ltr'><strong>a</strong></span> <span class='ocrx_word' id='word_1_388' title='bbox 3416 942 3563 1007; x_wconf 91' lang='lat' dir='ltr'><strong>dolo</strong></span> <span class='ocrx_word' id='word_1_389' title='bbox 3610 943 3781 1007; x_wconf 89' lang='lat' dir='ltr'><strong>malo</strong></span> <span class='ocrx_word' id='word_1_390' title='bbox 3827 953 3890 1007; x_wconf 89' lang='lat' dir='ltr'><strong>et</strong></span> <span class='ocrx_word' id='word_1_391' title='bbox 3935 962 4244 1027; x_wconf 89' lang='lat' dir='ltr'><strong>perverso</strong></span> <span class='ocrx_word' id='word_1_392' title='bbox 4288 952 4547 1024; x_wconf 87' lang='lat' dir='ltr'><strong>quaestu</strong></span> 
     </span>
     <span class='ocr_line' id='line_1_59' title="bbox 2615 1029 4549 1111; baseline -0.001 -16"><span class='ocrx_word' id='word_1_393' title='bbox 2615 1031 2739 1096; x_wconf 91' lang='lat' dir='ltr'><strong>sibi</strong></span> <span class='ocrx_word' id='word_1_394' title='bbox 2797 1043 3090 1096; x_wconf 88' lang='lat' dir='ltr'><strong>caveant.</strong></span> <span class='ocrx_word' id='word_1_395' title='bbox 3203 1030 3552 1095; x_wconf 80' lang='lat' dir='ltr'><strong>Caeterum</strong></span> <span class='ocrx_word' id='word_1_396' title='bbox 3609 1050 3692 1093; x_wconf 81' lang='lat' dir='ltr'><strong>ex</strong></span> <span class='ocrx_word' id='word_1_397' title='bbox 3746 1030 3877 1094; x_wconf 88' lang='lat' dir='ltr'><strong>fine</strong></span> <span class='ocrx_word' id='word_1_398' title='bbox 3929 1029 4376 1111; x_wconf 86' lang='lat' dir='ltr'><strong>cognoscitur,</strong></span> <span class='ocrx_word' id='word_1_399' title='bbox 4430 1050 4549 1094; x_wconf 90' lang='lat' dir='ltr'><strong>non</strong></span> 
     </span>
     <span class='ocr_line' id='line_1_60' title="bbox 2616 1112 4550 1198; baseline -0.001 -17"><span class='ocrx_word' id='word_1_400' title='bbox 2616 1117 2808 1182; x_wconf 90' lang='lat' dir='ltr'><strong>modo</strong></span> <span class='ocrx_word' id='word_1_401' title='bbox 2861 1118 2932 1181; x_wconf 93' lang='lat' dir='ltr'><strong>in</strong></span> <span class='ocrx_word' id='word_1_402' title='bbox 2990 1138 3120 1181; x_wconf 88' lang='lat' dir='ltr'><strong>una</strong></span> <span class='ocrx_word' id='word_1_403' title='bbox 3177 1117 3301 1182; x_wconf 89' lang='lat' dir='ltr'><strong>hac</strong></span> <span class='ocrx_word' id='word_1_404' title='bbox 3344 1126 3560 1198; x_wconf 88' lang='lat' dir='ltr'><strong>parte,</strong></span> <span class='ocrx_word' id='word_1_405' title='bbox 3620 1114 3737 1180; x_wconf 90' lang='lat' dir='ltr'><strong>sed</strong></span> <span class='ocrx_word' id='word_1_406' title='bbox 3790 1115 3864 1179; x_wconf 91' lang='lat' dir='ltr'><strong>in</strong></span> <span class='ocrx_word' id='word_1_407' title='bbox 3928 1112 4226 1178; x_wconf 91' lang='lat' dir='ltr'><strong>omnibus</strong></span> <span class='ocrx_word' id='word_1_408' title='bbox 4286 1115 4550 1198; x_wconf 81' lang='lat' dir='ltr'><strong>negotiis</strong></span> 
     </span>
     <span class='ocr_line' id='line_1_61' title="bbox 2615 1196 4548 1283; baseline -0.001 -16"><span class='ocrx_word' id='word_1_409' title='bbox 2615 1203 2911 1267; x_wconf 86' lang='lat' dir='ltr'><strong>damnari</strong></span> <span class='ocrx_word' id='word_1_410' title='bbox 2957 1202 3249 1268; x_wconf 80' lang='lat' dir='ltr'><strong>fallacias</strong></span> <span class='ocrx_word' id='word_1_411' title='bbox 3283 1222 3511 1267; x_wconf 90' lang='lat' dir='ltr'><strong>omnes</strong></span> <span class='ocrx_word' id='word_1_412' title='bbox 3546 1200 3781 1283; x_wconf 90' lang='lat' dir='ltr'><strong>quibus</strong></span> <span class='ocrx_word' id='word_1_413' title='bbox 3823 1200 4107 1283; x_wconf 84' lang='lat' dir='ltr'><strong>proximi</strong></span> <span class='ocrx_word' id='word_1_414' title='bbox 4152 1196 4548 1266; x_wconf 85' lang='lat' dir='ltr'><strong>fraudantur.</strong></span> 
     </span>
     <span class='ocr_line' id='line_1_62' title="bbox 2618 1284 4554 1371; baseline -0.002 -17"><span class='ocrx_word' id='word_1_415' title='bbox 2618 1289 2974 1371; x_wconf 84' lang='lat' dir='ltr'><strong>Postquam</strong></span> <span class='ocrx_word' id='word_1_416' title='bbox 3039 1290 3214 1354; x_wconf 89' lang='lat' dir='ltr'><strong>enim</strong></span> <span class='ocrx_word' id='word_1_417' title='bbox 3284 1286 3451 1352; x_wconf 81' lang='lat' dir='ltr'><strong>dixit</strong></span> <span class='ocrx_word' id='word_1_418' title='bbox 3517 1286 3732 1352; x_wconf 89' lang='lat' dir='ltr'><strong>Deum</strong></span> <span class='ocrx_word' id='word_1_419' title='bbox 3801 1285 4165 1351; x_wconf 89' lang='lat' dir='ltr'><strong>abominari</strong></span> <span class='ocrx_word' id='word_1_420' title='bbox 4229 1287 4341 1369; x_wconf 88' lang='lat' dir='ltr'><strong>qui</strong></span> <span class='ocrx_word' id='word_1_421' title='bbox 4406 1284 4554 1351; x_wconf 88' lang='lat' dir='ltr'><strong>haec</strong></span> 
     </span>
     <span class='ocr_line' id='line_1_63' title="bbox 2615 1369 4553 1458; baseline 0.001 -20"><span class='ocrx_word' id='word_1_422' title='bbox 2615 1375 2893 1451; x_wconf 88' lang='lat' dir='ltr'><strong>faciunt,</strong></span> <span class='ocrx_word' id='word_1_423' title='bbox 2958 1396 3111 1439; x_wconf 81' lang='lat' dir='ltr'><strong>mox</strong></span> <span class='ocrx_word' id='word_1_424' title='bbox 3177 1372 3547 1458; x_wconf 76' lang='lat' dir='ltr'><strong>explicandi</strong></span> <span class='ocrx_word' id='word_1_425' title='bbox 3621 1392 3820 1438; x_wconf 88' lang='lat' dir='ltr'><strong>causa</strong></span> <span class='ocrx_word' id='word_1_426' title='bbox 3870 1371 4163 1437; x_wconf 83' lang='lat' dir='ltr'><strong>subiicit:</strong></span> <span class='ocrx_word' id='word_1_427' title='bbox 4255 1369 4553 1455; x_wconf 77' lang='lat' dir='ltr'><strong>Quisquis</strong></span> 
     </span>
     <span class='ocr_line' id='line_1_64' title="bbox 2613 1457 4555 1544; baseline -0.002 -19"><span class='ocrx_word' id='word_1_428' title='bbox 2613 1460 2767 1526; x_wconf 86' lang='lat' dir='ltr'><strong>facit</strong></span> <span class='ocrx_word' id='word_1_429' title='bbox 2810 1462 3246 1544; x_wconf 89' lang='lat' dir='ltr'><strong>iniquitatem.</strong></span> <span class='ocrx_word' id='word_1_430' title='bbox 3326 1458 3644 1525; x_wconf 87' lang='lat' dir='ltr'><strong>Videmus</strong></span> <span class='ocrx_word' id='word_1_431' title='bbox 3690 1480 3865 1542; x_wconf 81' lang='lat' dir='ltr'><strong>ergo,</strong></span> <span class='ocrx_word' id='word_1_432' title='bbox 3910 1469 3985 1523; x_wconf 90' lang='lat' dir='ltr'><strong>ut</strong></span> <span class='ocrx_word' id='word_1_433' title='bbox 4027 1457 4219 1523; x_wconf 90' lang='lat' dir='ltr'><strong>malis</strong></span> <span class='ocrx_word' id='word_1_434' title='bbox 4265 1459 4555 1523; x_wconf 86' lang='lat' dir='ltr'><strong>omnibus</strong></span> 
     </span>
     <span class='ocr_line' id='line_1_65' title="bbox 2615 1546 3967 1613; baseline -0.003 -1"><span class='ocrx_word' id='word_1_435' title='bbox 2615 1557 2681 1612; x_wconf 86' lang='lat' dir='ltr'><strong>et</strong></span> <span class='ocrx_word' id='word_1_436' title='bbox 2724 1547 2972 1612; x_wconf 88' lang='lat' dir='ltr'><strong>illicitis</strong></span> <span class='ocrx_word' id='word_1_437' title='bbox 3016 1546 3314 1613; x_wconf 89' lang='lat' dir='ltr'><strong>lucrandi</strong></span> <span class='ocrx_word' id='word_1_438' title='bbox 3359 1546 3609 1612; x_wconf 87' lang='lat' dir='ltr'><strong>artibus</strong></span> <span class='ocrx_word' id='word_1_439' title='bbox 3651 1556 3967 1611; x_wconf 88' lang='lat' dir='ltr'><strong>occurrat.</strong></span> 
     </span>
    </p>
   </div>
   <div class='ocr_carea' id='block_1_13' title="bbox 3249 1902 3930 1973">
    <p class='ocr_par' dir='ltr' id='par_1_13' title="bbox 3249 1902 3930 1973">
     <span class='ocr_line' id='line_1_66' title="bbox 3249 1902 3930 1973; baseline 0 -2"><span class='ocrx_word' id='word_1_440' title='bbox 3249 1906 3381 1971; x_wconf 87' lang='lat' dir='ltr'><strong>EX</strong></span> <span class='ocrx_word' id='word_1_441' title='bbox 3432 1906 3698 1973; x_wconf 80' lang='lat' dir='ltr'>DEUT.</span> <span class='ocrx_word' id='word_1_442' title='bbox 3745 1902 3930 1971; x_wconf 85' lang='lat' dir='ltr'>XIX.</span> 
     </span>
    </p>
   </div>
   <div class='ocr_carea' id='block_1_14' title="bbox 2604 2075 4563 2420">
    <p class='ocr_par' dir='ltr' id='par_1_14' title="bbox 2604 2075 4563 2420">
     <span class='ocr_line' id='line_1_67' title="bbox 2791 2075 4560 2161; baseline -0.003 -18"><span class='ocrx_word' id='word_1_443' title='bbox 2791 2079 2891 2145; x_wconf 87' lang='lat'><strong>14.</strong></span> <span class='ocrx_word' id='word_1_444' title='bbox 2964 2078 3112 2145; x_wconf 80' lang='lat' dir='ltr'><strong>Non</strong></span> <span class='ocrx_word' id='word_1_445' title='bbox 3152 2078 3498 2161; x_wconf 67' lang='lat' dir='ltr'><strong>transferes</strong></span> <span class='ocrx_word' id='word_1_446' title='bbox 3554 2077 3890 2142; x_wconf 79' lang='lat' dir='ltr'><strong>teminum</strong></span> <span class='ocrx_word' id='word_1_447' title='bbox 3920 2075 4213 2158; x_wconf 74' lang='lat' dir='ltr'><strong>proximi</strong></span> <span class='ocrx_word' id='word_1_448' title='bbox 4257 2076 4357 2139; x_wconf 83' lang='lat' dir='ltr'><strong>tui</strong></span> <span class='ocrx_word' id='word_1_449' title='bbox 4397 2093 4560 2156; x_wconf 76' lang='lat' dir='ltr'><strong>quem</strong></span> 
     </span>
     <span class='ocr_line' id='line_1_68' title="bbox 2608 2160 4562 2247; baseline -0.003 -17"><span class='ocrx_word' id='word_1_450' title='bbox 2608 2165 2891 2247; x_wconf 71' lang='lat' dir='ltr'><strong>finierint</strong></span> <span class='ocrx_word' id='word_1_451' title='bbox 2932 2166 3207 2230; x_wconf 82' lang='lat' dir='ltr'><strong>maiores</strong></span> <span class='ocrx_word' id='word_1_452' title='bbox 3245 2166 3316 2229; x_wconf 80' lang='lat' dir='ltr'><strong>iu</strong></span> <span class='ocrx_word' id='word_1_453' title='bbox 3359 2163 3735 2229; x_wconf 76' lang='lat' dir='ltr'><strong>haereditate</strong></span> <span class='ocrx_word' id='word_1_454' title='bbox 3774 2168 3904 2240; x_wconf 82' lang='lat' dir='ltr'><strong>tua,</strong></span> <span class='ocrx_word' id='word_1_455' title='bbox 3949 2181 4139 2245; x_wconf 78' lang='lat' dir='ltr'><strong>quam</strong></span> <span class='ocrx_word' id='word_1_456' title='bbox 4192 2160 4562 2226; x_wconf 80' lang='lat' dir='ltr'><strong>haereditate</strong></span> 
     </span>
     <span class='ocr_line' id='line_1_69' title="bbox 2614 2244 4563 2334; baseline -0.004 -17"><span class='ocrx_word' id='word_1_457' title='bbox 2614 2254 2885 2334; x_wconf 78' lang='lat' dir='ltr'><strong>accipies</strong></span> <span class='ocrx_word' id='word_1_458' title='bbox 2928 2252 2995 2315; x_wconf 83' lang='lat' dir='ltr'><strong>in</strong></span> <span class='ocrx_word' id='word_1_459' title='bbox 3041 2256 3209 2317; x_wconf 81' lang='lat' dir='ltr'><strong>terra</strong></span> <span class='ocrx_word' id='word_1_460' title='bbox 3252 2271 3444 2333; x_wconf 79' lang='lat' dir='ltr'><strong>quam</strong></span> <span class='ocrx_word' id='word_1_461' title='bbox 3487 2248 3719 2315; x_wconf 73' lang='lat' dir='ltr'><strong>Iehova</strong></span> <span class='ocrx_word' id='word_1_462' title='bbox 3761 2248 3945 2316; x_wconf 90' lang='lat' dir='ltr'><strong>Deus</strong></span> <span class='ocrx_word' id='word_1_463' title='bbox 4002 2253 4148 2312; x_wconf 86' lang='lat' dir='ltr'><strong>tuus</strong></span> <span class='ocrx_word' id='word_1_464' title='bbox 4184 2248 4301 2313; x_wconf 79' lang='lat' dir='ltr'><strong>dat</strong></span> <span class='ocrx_word' id='word_1_465' title='bbox 4357 2244 4465 2311; x_wconf 83' lang='lat' dir='ltr'><strong>tibi</strong></span> <span class='ocrx_word' id='word_1_466' title='bbox 4502 2249 4563 2311; x_wconf 80' lang='lat' dir='ltr'><strong>ut</strong></span> 
     </span>
     <span class='ocr_line' id='line_1_70' title="bbox 2604 2338 3139 2420; baseline 0 -17"><span class='ocrx_word' id='word_1_467' title='bbox 2604 2338 2941 2420; x_wconf 76' lang='lat' dir='ltr'><strong>possideas</strong></span> <span class='ocrx_word' id='word_1_468' title='bbox 2981 2358 3139 2403; x_wconf 87' lang='lat' dir='ltr'><strong>eam.</strong></span> 
     </span>
    </p>
   </div>
   <div class='ocr_carea' id='block_1_15' title="bbox 2613 2502 4563 3624">
    <p class='ocr_par' dir='ltr' id='par_1_15' title="bbox 2613 2502 4563 3624">
     <span class='ocr_line' id='line_1_71' title="bbox 2785 2502 4561 2591; baseline -0.003 -17"><span class='ocrx_word' id='word_1_469' title='bbox 2785 2508 2916 2574; x_wconf 89' lang='lat' dir='ltr'><strong>Hic</strong></span> <span class='ocrx_word' id='word_1_470' title='bbox 2961 2510 3313 2576; x_wconf 86' lang='lat' dir='ltr'><strong>damnatur</strong></span> <span class='ocrx_word' id='word_1_471' title='bbox 3356 2508 3516 2572; x_wconf 87' lang='lat' dir='ltr'><strong>furti</strong></span> <span class='ocrx_word' id='word_1_472' title='bbox 3556 2528 3767 2591; x_wconf 82' lang='lat' dir='ltr'><strong>genus</strong></span> <span class='ocrx_word' id='word_1_473' title='bbox 3816 2505 3986 2589; x_wconf 91' lang='lat' dir='ltr'><strong>qued</strong></span> <span class='ocrx_word' id='word_1_474' title='bbox 4045 2525 4280 2570; x_wconf 89' lang='lat' dir='ltr'><strong>severe</strong></span> <span class='ocrx_word' id='word_1_475' title='bbox 4337 2502 4561 2569; x_wconf 86' lang='lat' dir='ltr'><strong>Roma-</strong></span> 
     </span>
     <span class='ocr_line' id='line_1_72' title="bbox 2615 2590 4561 2679; baseline -0.004 -19"><span class='ocrx_word' id='word_1_476' title='bbox 2615 2594 2719 2661; x_wconf 82' lang='lat' dir='ltr'><strong>nis</strong></span> <span class='ocrx_word' id='word_1_477' title='bbox 2777 2595 3034 2679; x_wconf 84' lang='lat' dir='ltr'><strong>legibus</strong></span> <span class='ocrx_word' id='word_1_478' title='bbox 3095 2594 3497 2660; x_wconf 88' lang='lat' dir='ltr'><strong>vindicatum</strong></span> <span class='ocrx_word' id='word_1_479' title='bbox 3548 2607 3664 2659; x_wconf 89' lang='lat' dir='ltr'><strong>est.</strong></span> <span class='ocrx_word' id='word_1_480' title='bbox 3755 2592 3923 2656; x_wconf 90' lang='lat' dir='ltr'><strong>Nam</strong></span> <span class='ocrx_word' id='word_1_481' title='bbox 3972 2603 4046 2654; x_wconf 91' lang='lat' dir='ltr'><strong>ut</strong></span> <span class='ocrx_word' id='word_1_482' title='bbox 4087 2600 4274 2656; x_wconf 88' lang='lat' dir='ltr'><strong>certa</strong></span> <span class='ocrx_word' id='word_1_483' title='bbox 4319 2592 4407 2657; x_wconf 87' lang='lat' dir='ltr'><strong>sit</strong></span> <span class='ocrx_word' id='word_1_484' title='bbox 4448 2590 4561 2654; x_wconf 91' lang='lat' dir='ltr'><strong>cui-</strong></span> 
     </span>
     <span class='ocr_line' id='line_1_73' title="bbox 2615 2676 4562 2765; baseline -0.004 -19"><span class='ocrx_word' id='word_1_485' title='bbox 2615 2694 2740 2764; x_wconf 77' lang='lat' dir='ltr'><strong>que</strong></span> <span class='ocrx_word' id='word_1_486' title='bbox 2797 2704 2917 2748; x_wconf 85' lang='lat' dir='ltr'><strong>sua</strong></span> <span class='ocrx_word' id='word_1_487' title='bbox 2966 2682 3313 2765; x_wconf 90' lang='lat' dir='ltr'><strong>possessi0‚</strong></span> <span class='ocrx_word' id='word_1_488' title='bbox 3373 2681 3685 2744; x_wconf 89' lang='lat' dir='ltr'><strong>terminos</strong></span> <span class='ocrx_word' id='word_1_489' title='bbox 3732 2676 4037 2744; x_wconf 88' lang='lat' dir='ltr'><strong>finiendis</strong></span> <span class='ocrx_word' id='word_1_490' title='bbox 4092 2677 4275 2761; x_wconf 85' lang='lat' dir='ltr'><strong>agris</strong></span> <span class='ocrx_word' id='word_1_491' title='bbox 4334 2678 4562 2760; x_wconf 86' lang='lat' dir='ltr'><strong>positos</strong></span> 
     </span>
     <span class='ocr_line' id='line_1_74' title="bbox 2614 2760 4560 2849; baseline -0.004 -17"><span class='ocrx_word' id='word_1_492' title='bbox 2614 2789 2883 2834; x_wconf 90' lang='lat' dir='ltr'><strong>manere</strong></span> <span class='ocrx_word' id='word_1_493' title='bbox 2947 2768 3225 2833; x_wconf 88' lang='lat' dir='ltr'><strong>intactos</strong></span> <span class='ocrx_word' id='word_1_494' title='bbox 3283 2776 3570 2849; x_wconf 90' lang='lat' dir='ltr'><strong>oportet,</strong></span> <span class='ocrx_word' id='word_1_495' title='bbox 3640 2787 3717 2831; x_wconf 90' lang='lat' dir='ltr'><strong>ac</strong></span> <span class='ocrx_word' id='word_1_496' title='bbox 3766 2766 3822 2829; x_wconf 89' lang='lat' dir='ltr'><strong>si</strong></span> <span class='ocrx_word' id='word_1_497' title='bbox 3887 2764 4057 2830; x_wconf 88' lang='lat' dir='ltr'><strong>sacri</strong></span> <span class='ocrx_word' id='word_1_498' title='bbox 4105 2776 4353 2829; x_wconf 90' lang='lat' dir='ltr'><strong>essent.</strong></span> <span class='ocrx_word' id='word_1_499' title='bbox 4440 2760 4560 2842; x_wconf 81' lang='lat' dir='ltr'><strong>Qui</strong></span> 
     </span>
     <span class='ocr_line' id='line_1_75' title="bbox 2615 2847 4562 2930; baseline -0.003 -12"><span class='ocrx_word' id='word_1_500' title='bbox 2615 2855 2967 2918; x_wconf 89' lang='lat' dir='ltr'><strong>terminum</strong></span> <span class='ocrx_word' id='word_1_501' title='bbox 3007 2852 3454 2918; x_wconf 85' lang='lat' dir='ltr'><strong>fraudulenter</strong></span> <span class='ocrx_word' id='word_1_502' title='bbox 3488 2850 3734 2930; x_wconf 84' lang='lat' dir='ltr'><strong>avellit,</strong></span> <span class='ocrx_word' id='word_1_503' title='bbox 3773 2850 3895 2916; x_wconf 87' lang='lat' dir='ltr'><strong>hoc</strong></span> <span class='ocrx_word' id='word_1_504' title='bbox 3940 2870 4073 2914; x_wconf 92' lang='lat' dir='ltr'><strong>uno</strong></span> <span class='ocrx_word' id='word_1_505' title='bbox 4108 2849 4383 2915; x_wconf 87' lang='lat' dir='ltr'><strong>sceleris</strong></span> <span class='ocrx_word' id='word_1_506' title='bbox 4417 2847 4562 2914; x_wconf 84' lang='lat' dir='ltr'><strong>satis</strong></span> 
     </span>
     <span class='ocr_line' id='line_1_76' title="bbox 2613 2935 4557 3022; baseline -0.005 -16"><span class='ocrx_word' id='word_1_507' title='bbox 2613 2941 2958 3006; x_wconf 89' lang='lat' dir='ltr'><strong>convictus</strong></span> <span class='ocrx_word' id='word_1_508' title='bbox 3001 2951 3128 3018; x_wconf 90' lang='lat' dir='ltr'><strong>est,</strong></span> <span class='ocrx_word' id='word_1_509' title='bbox 3191 2938 3361 3022; x_wconf 91' lang='lat' dir='ltr'><strong>quod</strong></span> <span class='ocrx_word' id='word_1_510' title='bbox 3421 2936 3763 3002; x_wconf 89' lang='lat' dir='ltr'><strong>dominum</strong></span> <span class='ocrx_word' id='word_1_511' title='bbox 3798 2935 4169 3020; x_wconf 86' lang='lat' dir='ltr'><strong>legitimum</strong></span> <span class='ocrx_word' id='word_1_512' title='bbox 4216 2957 4310 3000; x_wconf 82' lang='lat' dir='ltr'><strong>ex</strong></span> <span class='ocrx_word' id='word_1_513' title='bbox 4354 2937 4557 3017; x_wconf 88' lang='lat' dir='ltr'><strong>quieta</strong></span> 
     </span>
     <span class='ocr_line' id='line_1_77' title="bbox 2616 3018 4561 3111; baseline -0.003 -20"><span class='ocrx_word' id='word_1_514' title='bbox 2616 3026 2760 3111; x_wconf 86' lang='lat' dir='ltr'><strong>agri</strong></span> <span class='ocrx_word' id='word_1_515' title='bbox 2804 3027 3209 3111; x_wconf 89' lang='lat' dir='ltr'><strong>possessione</strong></span> <span class='ocrx_word' id='word_1_516' title='bbox 3255 3024 3588 3091; x_wconf 89' lang='lat' dir='ltr'><strong>deturbat:</strong></span> <span class='ocrx_word' id='word_1_517' title='bbox 3642 3025 3752 3106; x_wconf 91' lang='lat' dir='ltr'><strong>qui</strong></span> <span class='ocrx_word' id='word_1_518' title='bbox 3814 3043 3968 3089; x_wconf 89' lang='lat' dir='ltr'><strong>vero</strong></span> <span class='ocrx_word' id='word_1_519' title='bbox 4027 3030 4237 3088; x_wconf 87' lang='lat' dir='ltr'><strong>metas</strong></span> <span class='ocrx_word' id='word_1_520' title='bbox 4287 3022 4430 3108; x_wconf 85' lang='lat' dir='ltr'><strong>agri</strong></span> <span class='ocrx_word' id='word_1_521' title='bbox 4470 3018 4561 3085; x_wconf 88' lang='lat' dir='ltr'><strong>sui</strong></span> 
     </span>
     <span class='ocr_line' id='line_1_78' title="bbox 2615 3108 4559 3194; baseline -0.005 -16"><span class='ocrx_word' id='word_1_522' title='bbox 2615 3133 2765 3178; x_wconf 92' lang='lat' dir='ltr'><strong>cum</strong></span> <span class='ocrx_word' id='word_1_523' title='bbox 2833 3112 3106 3178; x_wconf 88' lang='lat' dir='ltr'><strong>alterius</strong></span> <span class='ocrx_word' id='word_1_524' title='bbox 3173 3111 3514 3194; x_wconf 86' lang='lat' dir='ltr'><strong>dispendio</strong></span> <span class='ocrx_word' id='word_1_525' title='bbox 3586 3111 3850 3194; x_wconf 89' lang='lat' dir='ltr'><strong>longius</strong></span> <span class='ocrx_word' id='word_1_526' title='bbox 3928 3108 4261 3192; x_wconf 88' lang='lat' dir='ltr'><strong>producit,</strong></span> <span class='ocrx_word' id='word_1_527' title='bbox 4331 3109 4559 3174; x_wconf 88' lang='lat' dir='ltr'><strong>crimen</strong></span> 
     </span>
     <span class='ocr_line' id='line_1_79' title="bbox 2617 3194 4561 3282; baseline -0.003 -20"><span class='ocrx_word' id='word_1_528' title='bbox 2617 3198 2940 3282; x_wconf 89' lang='lat' dir='ltr'><strong>duplicat,</strong></span> <span class='ocrx_word' id='word_1_529' title='bbox 3023 3198 3307 3264; x_wconf 85' lang='lat' dir='ltr'><strong>falsitate</strong></span> <span class='ocrx_word' id='word_1_530' title='bbox 3382 3197 3631 3262; x_wconf 87' lang='lat' dir='ltr'><strong>furtum</strong></span> <span class='ocrx_word' id='word_1_531' title='bbox 3712 3195 4012 3279; x_wconf 80' lang='lat' dir='ltr'><strong>tegendo,</strong></span> <span class='ocrx_word' id='word_1_532' title='bbox 4110 3194 4305 3260; x_wconf 89' lang='lat' dir='ltr'><strong>Unde</strong></span> <span class='ocrx_word' id='word_1_533' title='bbox 4380 3194 4561 3259; x_wconf 81' lang='lat' dir='ltr'><strong>etiam</strong></span> 
     </span>
     <span class='ocr_line' id='line_1_80' title="bbox 2615 3280 4560 3369; baseline -0.004 -20"><span class='ocrx_word' id='word_1_534' title='bbox 2615 3284 2981 3369; x_wconf 86' lang='lat' dir='ltr'><strong>colligitur,</strong></span> <span class='ocrx_word' id='word_1_535' title='bbox 3048 3286 3224 3349; x_wconf 84' lang='lat' dir='ltr'><strong>fures</strong></span> <span class='ocrx_word' id='word_1_536' title='bbox 3290 3305 3434 3348; x_wconf 89' lang='lat' dir='ltr'><strong>esse</strong></span> <span class='ocrx_word' id='word_1_537' title='bbox 3488 3304 3623 3348; x_wconf 91' lang='lat' dir='ltr'><strong>non</strong></span> <span class='ocrx_word' id='word_1_538' title='bbox 3682 3282 3873 3345; x_wconf 90' lang='lat' dir='ltr'><strong>modo</strong></span> <span class='ocrx_word' id='word_1_539' title='bbox 3923 3281 4031 3364; x_wconf 89' lang='lat' dir='ltr'><strong>qui</strong></span> <span class='ocrx_word' id='word_1_540' title='bbox 4088 3302 4230 3346; x_wconf 90' lang='lat' dir='ltr'><strong>rem</strong></span> <span class='ocrx_word' id='word_1_541' title='bbox 4295 3280 4560 3345; x_wconf 85' lang='lat' dir='ltr'><strong>alienam</strong></span> 
     </span>
     <span class='ocr_line' id='line_1_81' title="bbox 2614 3362 4563 3453; baseline -0.004 -19"><span class='ocrx_word' id='word_1_542' title='bbox 2614 3391 2814 3436; x_wconf 88' lang='lat' dir='ltr'><strong>manu</strong></span> <span class='ocrx_word' id='word_1_543' title='bbox 2861 3372 3197 3448; x_wconf 85' lang='lat' dir='ltr'><strong>auferunt,</strong></span> <span class='ocrx_word' id='word_1_544' title='bbox 3249 3370 3363 3453; x_wconf 89' lang='lat' dir='ltr'><strong>qui</strong></span> <span class='ocrx_word' id='word_1_545' title='bbox 3410 3369 3754 3452; x_wconf 89' lang='lat' dir='ltr'><strong>pecuniam</strong></span> <span class='ocrx_word' id='word_1_546' title='bbox 3800 3367 4047 3433; x_wconf 91' lang='lat' dir='ltr'><strong>tollunt</strong></span> <span class='ocrx_word' id='word_1_547' title='bbox 4095 3389 4180 3432; x_wconf 83' lang='lat' dir='ltr'><strong>ex</strong></span> <span class='ocrx_word' id='word_1_548' title='bbox 4225 3387 4419 3444; x_wconf 88' lang='lat' dir='ltr'><strong>area,</strong></span> <span class='ocrx_word' id='word_1_549' title='bbox 4470 3362 4563 3428; x_wconf 91' lang='lat' dir='ltr'><strong>vel</strong></span> 
     </span>
     <span class='ocr_line' id='line_1_82' title="bbox 2614 3451 4561 3537; baseline -0.003 -16"><span class='ocrx_word' id='word_1_550' title='bbox 2614 3477 2698 3521; x_wconf 84' lang='lat' dir='ltr'><strong>ex</strong></span> <span class='ocrx_word' id='word_1_551' title='bbox 2743 3455 2926 3522; x_wconf 92' lang='lat' dir='ltr'><strong>cellis</strong></span> <span class='ocrx_word' id='word_1_552' title='bbox 2956 3471 3036 3521; x_wconf 51' lang='lat' dir='ltr'><strong>¹et</strong></span> <span class='ocrx_word' id='word_1_553' title='bbox 3079 3455 3331 3521; x_wconf 90' lang='lat' dir='ltr'><strong>horreis</strong></span> <span class='ocrx_word' id='word_1_554' title='bbox 3374 3454 3808 3537; x_wconf 88' lang='lat' dir='ltr'><strong>praedantur,</strong></span> <span class='ocrx_word' id='word_1_555' title='bbox 3857 3452 3973 3519; x_wconf 89' lang='lat' dir='ltr'><strong>sed</strong></span> <span class='ocrx_word' id='word_1_556' title='bbox 4017 3454 4218 3517; x_wconf 89' lang='lat' dir='ltr'><strong>etiam</strong></span> <span class='ocrx_word' id='word_1_557' title='bbox 4267 3452 4382 3536; x_wconf 91' lang='lat' dir='ltr'><strong>qui</strong></span> <span class='ocrx_word' id='word_1_558' title='bbox 4425 3451 4561 3515; x_wconf 84' lang='lat' dir='ltr'><strong>fun·</strong></span> 
     </span>
     <span class='ocr_line' id='line_1_83' title="bbox 2615 3542 3697 3624; baseline -0.003 -17"><span class='ocrx_word' id='word_1_559' title='bbox 2615 3542 2731 3608; x_wconf 88' lang='lat' dir='ltr'><strong>dos</strong></span> <span class='ocrx_word' id='word_1_560' title='bbox 2775 3542 3023 3609; x_wconf 89' lang='lat' dir='ltr'><strong>alienos</strong></span> <span class='ocrx_word' id='word_1_561' title='bbox 3064 3542 3309 3608; x_wconf 88' lang='lat' dir='ltr'><strong>iniuste</strong></span> <span class='ocrx_word' id='word_1_562' title='bbox 3354 3550 3697 3624; x_wconf 90' lang='lat' dir='ltr'><strong>occupant.</strong></span> 
     </span>
    </p>
   </div>
   <div class='ocr_carea' id='block_1_16' title="bbox 3218 3916 3973 3984">
    <p class='ocr_par' dir='ltr' id='par_1_16' title="bbox 3218 3916 3973 3984">
     <span class='ocr_line' id='line_1_84' title="bbox 3218 3916 3973 3984; baseline -0.004 0"><span class='ocrx_word' id='word_1_563' title='bbox 3218 3916 3354 3984; x_wconf 85' lang='lat' dir='ltr'><strong>EX</strong></span> <span class='ocrx_word' id='word_1_564' title='bbox 3395 3916 3699 3983; x_wconf 84' lang='lat' dir='ltr'>EXODI</span> <span class='ocrx_word' id='word_1_565' title='bbox 3742 3916 3973 3981; x_wconf 91' lang='lat' dir='ltr'>XXII.</span> 
     </span>
    </p>
   </div>
   <div class='ocr_carea' id='block_1_17' title="bbox 2616 4088 4561 4588">
    <p class='ocr_par' dir='ltr' id='par_1_17' title="bbox 2616 4088 4561 4588">
     <span class='ocr_line' id='line_1_85' title="bbox 2788 4088 4561 4190; baseline -0.004 -34"><span class='ocrx_word' id='word_1_566' title='bbox 2788 4090 2874 4157; x_wconf 93' lang='grc'><strong>26</strong></span> <span class='ocrx_word' id='word_1_567' title='bbox 2900 4088 2965 4190; x_wconf 84' lang='lat'><strong>¹).</strong></span> <span class='ocrx_word' id='word_1_568' title='bbox 3038 4089 3115 4154; x_wconf 85' lang='lat' dir='ltr'><strong>Si</strong></span> <span class='ocrx_word' id='word_1_569' title='bbox 3168 4090 3238 4154; x_wconf 83' lang='lat' dir='ltr'><strong>in</strong></span> <span class='ocrx_word' id='word_1_570' title='bbox 3285 4090 3531 4172; x_wconf 73' lang='lat' dir='ltr'><strong>piyuus</strong></span> <span class='ocrx_word' id='word_1_571' title='bbox 3589 4090 3902 4169; x_wconf 83' lang='lat' dir='ltr'><strong>acceperis</strong></span> <span class='ocrx_word' id='word_1_572' title='bbox 3958 4088 4386 4153; x_wconf 76' lang='lat' dir='ltr'><strong>vestimentum</strong></span> <span class='ocrx_word' id='word_1_573' title='bbox 4432 4101 4561 4181; x_wconf 68' lang='lat' dir='ltr'><strong>prq-</strong></span> 
     </span>
     <span class='ocr_line' id='line_1_86' title="bbox 2616 4171 4558 4264; baseline -0.006 -22"><span class='ocrx_word' id='word_1_574' title='bbox 2616 4177 2781 4242; x_wconf 72' lang='lat' dir='ltr'><strong>:cimi</strong></span> <span class='ocrx_word' id='word_1_575' title='bbox 2836 4183 2963 4250; x_wconf 71' lang='lat' dir='ltr'><strong>tui,</strong></span> <span class='ocrx_word' id='word_1_576' title='bbox 3008 4181 3346 4259; x_wconf 77' lang='lat' dir='ltr'><strong>antequam</strong></span> <span class='ocrx_word' id='word_1_577' title='bbox 3401 4173 3749 4240; x_wconf 80' lang='lat' dir='ltr'><strong>occubuerit</strong></span> <span class='ocrx_word' id='word_1_578' title='bbox 3804 4173 3898 4239; x_wconf 85' lang='lat' dir='ltr'><strong>sol</strong></span> <span class='ocrx_word' id='word_1_579' title='bbox 3937 4174 4227 4239; x_wconf 79' lang='lat' dir='ltr'><strong>restitues</strong></span> <span class='ocrx_word' id='word_1_580' title='bbox 4291 4171 4454 4236; x_wconf 82' lang='lat' dir='ltr'><strong>illud</strong></span> <span class='ocrx_word' id='word_1_581' title='bbox 4490 4189 4558 4264; x_wconf 57' lang='lat' dir='ltr'><strong>eg.</strong></span> 
     </span>
     <span class='ocr_line' id='line_1_87' title="bbox 2618 4257 4557 4345; baseline -0.004 -17"><span class='ocrx_word' id='word_1_582' title='bbox 2618 4263 2721 4328; x_wconf 84' lang='lat'><strong>27.</strong></span> <span class='ocrx_word' id='word_1_583' title='bbox 2771 4264 2936 4344; x_wconf 78' lang='lat' dir='ltr'><strong>Quia</strong></span> <span class='ocrx_word' id='word_1_584' title='bbox 2968 4263 3181 4345; x_wconf 87' lang='lat' dir='ltr'><strong>ipsum</strong></span> <span class='ocrx_word' id='word_1_585' title='bbox 3215 4261 3421 4326; x_wconf 86' lang='lat' dir='ltr'><strong>solum</strong></span> <span class='ocrx_word' id='word_1_586' title='bbox 3442 4265 3529 4324; x_wconf 87' lang='lat' dir='ltr'><strong>est</strong></span> <span class='ocrx_word' id='word_1_587' title='bbox 3549 4260 3995 4342; x_wconf 76' lang='lat' dir='ltr'><strong>operimentum</strong></span> <span class='ocrx_word' id='word_1_588' title='bbox 4023 4261 4177 4334; x_wconf 85' lang='lat' dir='ltr'><strong>eius,</strong></span> <span class='ocrx_word' id='word_1_589' title='bbox 4215 4257 4385 4322; x_wconf 82' lang='lat' dir='ltr'><strong>illud</strong></span> <span class='ocrx_word' id='word_1_590' title='bbox 4402 4259 4557 4320; x_wconf 66' lang='lat' dir='ltr'><strong>vests-</strong></span> 
     </span>
     <span class='ocr_line' id='line_1_88' title="bbox 2618 4342 4561 4427; baseline -0.004 -13"><span class='ocrx_word' id='word_1_591' title='bbox 2618 4354 2890 4414; x_wconf 79' lang='lat' dir='ltr'><strong>meutum</strong></span> <span class='ocrx_word' id='word_1_592' title='bbox 2952 4349 3090 4413; x_wconf 87' lang='lat' dir='ltr'><strong>eius</strong></span> <span class='ocrx_word' id='word_1_593' title='bbox 3146 4353 3238 4413; x_wconf 87' lang='lat' dir='ltr'><strong>est</strong></span> <span class='ocrx_word' id='word_1_594' title='bbox 3292 4347 3419 4413; x_wconf 85' lang='lat' dir='ltr'><strong>cuti</strong></span> <span class='ocrx_word' id='word_1_595' title='bbox 3470 4366 3626 4412; x_wconf 87' lang='lat' dir='ltr'><strong>suae</strong></span> <span class='ocrx_word' id='word_1_596' title='bbox 3679 4347 3750 4411; x_wconf 81' lang='lat' dir='ltr'><strong>in</strong></span> <span class='ocrx_word' id='word_1_597' title='bbox 3805 4366 3924 4427; x_wconf 77' lang='lat' dir='ltr'><strong>quo</strong></span> <span class='ocrx_word' id='word_1_598' title='bbox 3979 4344 4285 4420; x_wconf 76' lang='lat' dir='ltr'><strong>dormiat,</strong></span> <span class='ocrx_word' id='word_1_599' title='bbox 4351 4348 4408 4407; x_wconf 86' lang='lat' dir='ltr'><strong>et</strong></span> <span class='ocrx_word' id='word_1_600' title='bbox 4458 4342 4561 4405; x_wconf 69' lang='lat' dir='ltr'><strong>ent</strong></span> 
     </span>
     <span class='ocr_line' id='line_1_89' title="bbox 2619 4431 4561 4516; baseline -0.004 -17"><span class='ocrx_word' id='word_1_601' title='bbox 2619 4455 2814 4516; x_wconf 75' lang='lat' dir='ltr'><strong>quum</strong></span> <span class='ocrx_word' id='word_1_602' title='bbox 2854 4435 3216 4501; x_wconf 78' lang='lat' dir='ltr'><strong>clamaverit</strong></span> <span class='ocrx_word' id='word_1_603' title='bbox 3274 4434 3361 4499; x_wconf 76' lang='lat' dir='ltr'><strong>ad</strong></span> <span class='ocrx_word' id='word_1_604' title='bbox 3416 4453 3541 4512; x_wconf 87' lang='lat' dir='ltr'><strong>me,</strong></span> <span class='ocrx_word' id='word_1_605' title='bbox 3598 4436 3746 4498; x_wconf 76' lang='lat' dir='ltr'><strong>tuuc</strong></span> <span class='ocrx_word' id='word_1_606' title='bbox 3795 4431 4167 4497; x_wconf 76' lang='lat' dir='ltr'><strong>exaudiam.-</strong></span> <span class='ocrx_word' id='word_1_607' title='bbox 4220 4449 4365 4495; x_wconf 83' lang='lat' dir='ltr'><strong>sum</strong></span> <span class='ocrx_word' id='word_1_608' title='bbox 4415 4443 4561 4492; x_wconf 72' lang='lat' dir='ltr'><strong>enm</strong></span> 
     </span>
     <span class='ocr_line' id='line_1_90' title="bbox 2618 4540 2990 4588; baseline 0 -2"><span class='ocrx_word' id='word_1_609' title='bbox 2618 4540 2990 4588; x_wconf 73' lang='lat' dir='ltr'><strong>misericors.</strong></span> 
     </span>
    </p>
   </div>
   <div class='ocr_carea' id='block_1_18' title="bbox 3216 4876 3981 4943">
    <p class='ocr_par' dir='ltr' id='par_1_18' title="bbox 3216 4876 3981 4943">
     <span class='ocr_line' id='line_1_91' title="bbox 3216 4876 3981 4943; baseline 0.003 -2"><span class='ocrx_word' id='word_1_610' title='bbox 3216 4876 3348 4942; x_wconf 86' lang='lat' dir='ltr'><strong>EX</strong></span> <span class='ocrx_word' id='word_1_611' title='bbox 3401 4877 3672 4943; x_wconf 83' lang='lat' dir='ltr'>DEU&#39;P.</span> <span class='ocrx_word' id='word_1_612' title='bbox 3716 4876 3981 4943; x_wconf 84' lang='lat' dir='ltr'>XXIV.</span> 
     </span>
    </p>
   </div>
   <div class='ocr_carea' id='block_1_19' title="bbox 2620 5047 4557 5220">
    <p class='ocr_par' dir='ltr' id='par_1_19' title="bbox 2620 5047 4557 5220">
     <span class='ocr_line' id='line_1_92' title="bbox 2798 5047 4557 5132; baseline -0.003 -16"><span class='ocrx_word' id='word_1_613' title='bbox 2798 5051 2860 5116; x_wconf 88' lang='grc'><strong>6.</strong></span> <span class='ocrx_word' id='word_1_614' title='bbox 2927 5048 3073 5116; x_wconf 79' lang='lat' dir='ltr'><strong>Non</strong></span> <span class='ocrx_word' id='word_1_615' title='bbox 3115 5048 3375 5130; x_wconf 77' lang='lat' dir='ltr'><strong>accipiet</strong></span> <span class='ocrx_word' id='word_1_616' title='bbox 3415 5049 3754 5131; x_wconf 76' lang='lat' dir='ltr'><strong>quisquam</strong></span> <span class='ocrx_word' id='word_1_617' title='bbox 3798 5069 3924 5130; x_wconf 84' lang='lat' dir='ltr'><strong>pro</strong></span> <span class='ocrx_word' id='word_1_618' title='bbox 3955 5049 4223 5132; x_wconf 73' lang='lat' dir='ltr'><strong>piynore</strong></span> <span class='ocrx_word' id='word_1_619' title='bbox 4252 5053 4474 5113; x_wconf 67' lang='lat' dir='ltr'><strong>oudam</strong></span> <span class='ocrx_word' id='word_1_620' title='bbox 4507 5047 4557 5110; x_wconf 72' lang='lat' dir='ltr'><strong>et</strong></span> 
     </span>
     <span class='ocr_line' id='line_1_93' title="bbox 2620 5134 4425 5220; baseline -0.003 -16"><span class='ocrx_word' id='word_1_621' title='bbox 2620 5137 2921 5215; x_wconf 80' lang='lat' dir='ltr'><strong>catillum,</strong></span> <span class='ocrx_word' id='word_1_622' title='bbox 2963 5135 3118 5217; x_wconf 80' lang='lat' dir='ltr'><strong>quia</strong></span> <span class='ocrx_word' id='word_1_623' title='bbox 3159 5135 3442 5199; x_wconf 83' lang='lat' dir='ltr'><strong>animam</strong></span> <span class='ocrx_word' id='word_1_624' title='bbox 3486 5134 3625 5216; x_wconf 87' lang='lat' dir='ltr'><strong>ipse</strong></span> <span class='ocrx_word' id='word_1_625' title='bbox 3671 5136 3971 5216; x_wconf 83' lang='lat' dir='ltr'><strong>acciperet</strong></span> <span class='ocrx_word' id='word_1_626' title='bbox 3997 5154 4125 5215; x_wconf 76' lang='lat' dir='ltr'><strong>pro</strong></span> <span class='ocrx_word' id='word_1_627' title='bbox 4146 5136 4425 5220; x_wconf 75' lang='lat' dir='ltr'><strong>piynore.</strong></span> 
     </span>
    </p>
   </div>
   <div class='ocr_carea' id='block_1_20' title="bbox 2624 5277 3037 5286">
    <p class='ocr_par' dir='ltr' id='par_1_20' title="bbox 2624 5277 3037 5286">
     <span class='ocr_line' id='line_1_94' title="bbox 2624 5277 3037 5286; baseline 0 864"><span class='ocrx_word' id='word_1_628' title='bbox 2624 5277 3037 5286; x_wconf 95' lang='lat' dir='ltr'><strong> </strong></span> 
     </span>
    </p>
   </div>
   <div class='ocr_carea' id='block_1_21' title="bbox 2720 5337 3303 5410">
    <p class='ocr_par' dir='ltr' id='par_1_21' title="bbox 2720 5337 3303 5410">
     <span class='ocr_line' id='line_1_95' title="bbox 2720 5337 3303 5410; baseline 0 -17"><span class='ocrx_word' id='word_1_629' title='bbox 2720 5349 2729 5358; x_wconf 87' lang='grc'><em>“</em></span> <span class='ocrx_word' id='word_1_630' title='bbox 2802 5340 2861 5410; x_wconf 88' lang='grc'><strong>1)</strong></span> <span class='ocrx_word' id='word_1_631' title='bbox 2896 5338 3057 5394; x_wconf 88' lang='lat' dir='ltr'><strong>Hebr.</strong></span> <span class='ocrx_word' id='word_1_632' title='bbox 3095 5338 3183 5394; x_wconf 79' lang='lat'><strong>25.</strong></span> <span class='ocrx_word' id='word_1_633' title='bbox 3216 5337 3303 5393; x_wconf 79' lang='grc'><strong>26.</strong></span> 
     </span>
    </p>
   </div>
   <div class='ocr_carea' id='block_1_22' title="bbox 4783 5 4835 6052">
    <p class='ocr_par' dir='ltr' id='par_1_22' title="bbox 4783 5 4835 6052">
     <span class='ocr_line' id='line_1_96' title="bbox 4783 5 4835 6052; baseline 0 0"><span class='ocrx_word' id='word_1_634' title='bbox 4783 5 4835 6052; x_wconf 95' lang='lat' dir='ltr'><strong> </strong></span> 
     </span>
    </p>
   </div>
  </div>
 </body>
</html>
