4867 6150
306 500 491 611 41·

488 691 586 757 10.
649 690 803 756 Veni
845 691 1074 774 itaque.
1164 693 1524 776 Postquam
1562 713 1826 758 servum
1873 713 2096 772 suum,
2141 711 2271 776 quo

309 797 384 843 se
429 777 713 843 alacrius
757 774 839 841 ad
883 798 1047 861 opus
1090 779 1479 863 accingeret,
1525 778 2063 863 promissionibus
2084 775 2271 844 Deus

309 863 663 942 instruxit,
717 885 894 929 nunc
937 861 1122 928 addit
1163 865 1493 944 mandata,
1553 886 1832 949 eumque
1889 865 1970 929 ad
2028 885 2269 930 munus

309 949 417 1017 cui
464 948 831 1015 destinatus
873 959 975 1015 est
1012 950 1388 1016 obeundum
1423 960 1628 1018 vocat.
1697 955 1915 1033 Atque
1952 950 2113 1016 haec
2152 969 2268 1033 op-

313 1037 476 1100 tima
520 1044 625 1101 est
667 1033 748 1099 ad
793 1035 1078 1101 officium
1122 1036 1460 1102 animandi
1502 1038 1687 1116 ratio,
1743 1038 1853 1102 ubi
1901 1037 2085 1101 Deus
2127 1057 2267 1101 cer-

318 1123 511 1187 tiores
573 1121 653 1186 de
713 1141 1026 1204 prospero
1084 1143 1393 1189 successu
1438 1123 1657 1188 reddit
1700 1123 1814 1206 qui
1860 1122 2268 1188 dubitatione

312 1229 547 1292 segnes
611 1205 850 1289 alioqui
918 1218 1155 1273 essent.
1267 1208 1440 1274 Nam
1498 1209 1620 1276 etsi
1680 1207 2081 1292 simplicibus
2138 1207 2265 1273 Dei

309 1294 508 1360 iussis
575 1293 819 1375 absque
863 1292 1298 1360 haesitatione
1342 1308 1409 1359 et
1452 1315 1638 1359 mora
1679 1293 2263 1378 obtemperandum

310 1388 444 1445 cst:
490 1378 785 1444 tarditati
830 1388 1051 1444 tamen
1090 1390 1352 1446 nostrae
1394 1381 1738 1446 consulere
1786 1380 2013 1447 volens
2036 1430 2053 1460 ,
2114 1401 2261 1463 pro-

312 1465 518 1530 mittit
559 1486 690 1530 non
737 1485 941 1530 vanos
985 1465 1123 1532 fore
1182 1489 1302 1534 nec
1360 1467 1626 1533 inutiles
1670 1476 1928 1533 nostros
1971 1476 2259 1532 conatus.

311 1550 405 1617 Et
446 1560 621 1617 certe
662 1549 787 1617 hoc
831 1551 1135 1619 omnibus
1190 1553 1579 1619 naturaliter
1622 1561 1724 1619 est
1765 1553 2133 1636 ingenitum
2190 1565 2263 1616 ut

309 1634 552 1703 fiducia
588 1637 884 1722 prosperi
928 1638 1149 1704 exitus
1193 1637 1276 1704 ad
1336 1637 1662 1723 agendum
1707 1638 2083 1704 incitentur.
2171 1639 2262 1703 Ac

354 1722 599 1804 roinde,
643 1723 948 1806 quamvis
992 1724 1177 1791 Deus
1221 1725 1552 1790 interdum
1596 1745 1821 1790 servos
1865 1744 2050 1803 suos,
2111 1744 2259 1808 pro·

439 1809 561 1875 dae
614 1810 904 1893 ipsorum
961 1809 1367 1876 obedientiae
1428 1831 1655 1889 causa,
1715 1830 1829 1894 spe
1880 1810 2262 1890 destituens,

301 1896 595 1980 praecise
638 1893 859 1961 iubeat
901 1894 1025 1961 hoc
1068 1895 1178 1963 vel
1221 1895 1384 1962 illud
1429 1896 1676 1962 facere:
1732 1896 1992 1979 saepius
2034 1905 2261 1961 tamen

304 1981 564 2048 felicem
632 1992 946 2047 eventum
1011 1981 1410 2067 pollicendo,
1467 1984 1946 2049 cunctationem
2010 1982 2258 2047 eximit.

303 2065 422 2135 Sic
467 2067 671 2152 igitur
728 2087 904 2134 nunc
953 2087 1069 2151 spe
1126 2062 1598 2152 redemptionis
1647 2068 1983 2153 proposita
2026 2068 2258 2133 Mosen

300 2152 389 2219 ad
432 2153 612 2219 iussa
655 2152 1071 2237 exsequenda
1105 2157 1334 2221 erexit.
1402 2152 1560 2221 Ideo
1602 2154 1833 2237 copula
1878 2155 1946 2218 in
1983 2155 2263 2237 particu-

299 2238 439 2304 lam
506 2237 828 2305 illativam
895 2240 1136 2306 resolvi
1202 2240 1427 2307 debet:
1508 2241 1665 2324 quia
1729 2262 1768 2305 a
1831 2239 2261 2323 promissione

299 2322 484 2391 haud
529 2325 724 2391 dubie
768 2326 1006 2408 pendet
1047 2326 1432 2393 mandatum
1469 2340 1533 2391 61
1580 2327 1845 2392 vocatio.

482 2412 581 2476 11.
636 2412 793 2493 Quis
812 2433 956 2478 sum
990 2433 1111 2497 eqo,
1181 2412 1375 2494 Quod
1411 2412 1875 2480 imbecillitatis
1911 2432 2069 2477 suae
2104 2432 2258 2477 con-

302 2497 495 2575 scius,
541 2519 611 2562 se
657 2519 791 2563 non
828 2519 970 2565 6886
991 2499 1297 2564 idoneum
1333 2496 1702 2582 respondet,
1747 2508 1943 2581 atque
1979 2498 2073 2564 ita
2110 2518 2258 2580 pro-

299 2583 589 2649 vinciam
635 2582 988 2663 detrectat,
1055 2583 1348 2650 nondum
1405 2584 1885 2650 inobedientiae
1942 2584 2085 2648 fieri
2142 2604 2257 2667 po-

300 2676 436 2735 test
478 2690 648 2735 reus.
739 2669 1156 2754 Comparatio
1200 2672 1342 2736 eius
1386 2692 1533 2738 cum
1579 2671 1926 2736 Pharaone
1974 2669 2259 2755 augebat

296 2754 649 2823 recusandi
693 2765 1128 2840 praetextum.
1217 2756 1578 2823 Modestiae
1621 2758 1843 2839 itaque
1885 2770 1953 2822 et
1997 2755 2258 2821 humili-

295 2841 461 2908 tatis
522 2839 777 2908 videtur
843 2862 984 2909 esse
1040 2842 1202 2909 haec
1262 2843 1615 2910 excusatio.
1703 2843 1849 2927 Ego
1903 2851 2077 2909 certe
2120 2862 2252 2908 non

294 2927 498 2993 modo
542 2927 731 3011 culpa
774 2949 1025 3009 vacare,
1070 2928 1183 2994 sed
1229 2927 1422 2995 laude
1467 2926 1736 3012 dignam
1779 2948 1920 2994 esse
1955 2929 2251 2995 arbitror.

292 3013 442 3082 Nec
501 3013 715 3081 obstat
773 3014 949 3099 quod
1005 3014 1225 3082 Deum
1283 3015 1408 3083 sibi
1465 3025 1763 3082 autorem
1821 3013 2068 3082 sciebat
2111 3035 2254 3081 esse

294 3110 438 3166 tam
496 3100 685 3167 ardui
739 3102 972 3184 operis.
1061 3103 1350 3168 Miratur
1404 3103 1613 3181 enim,
1679 3100 1941 3185 quando
1996 3100 2069 3166 in
2123 3099 2254 3166 Dei

293 3207 503 3253 manu
546 3195 643 3253 tot
686 3196 845 3253 sunt
888 3188 1113 3269 millia,
1157 3208 1287 3253 non
1332 3187 1535 3253 alium
1578 3189 1796 3270 potius
1842 3188 2056 3271 deligi.
2120 3185 2251 3253 Sed

293 3274 433 3340 alia
479 3274 774 3339 nascitur
817 3275 1122 3358 quaesti0,
1189 3296 1306 3341 cur
1349 3296 1525 3340 nunc
1569 3274 1794 3339 timide
1837 3274 2137 3339 sufficere
2181 3294 2252 3338 se

291 3368 501 3442 neget
565 3360 646 3424 ad
717 3359 1130 3426 liberandum
1206 3360 1549 3444 populum,
1638 3361 1749 3442 qui
1816 3359 2253 3444 quadraginta

288 3459 456 3512 ante
499 3447 690 3511 annis
746 3444 906 3511 adeo
959 3455 1304 3531 promptus
1358 3446 1571 3512 fuerat
1612 3446 1682 3511 in
1726 3444 2076 3512 occidendo
2120 3445 2251 3510 Ae-

334 3531 563 3617 yptio:
631 3530 787 3596 dum
834 3532 1169 3598 vocatione
1212 3532 1338 3598 Dei
1380 3532 1591 3597 fretus
1636 3543 1770 3598 tam
1815 3530 2253 3615 periculosum

286 3554 557 3685 §acinus
602 3638 802 3683 ausus
845 3629 963 3684 est.
1052 3616 1372 3703 Vigorem
1433 3619 1644 3702 ipsius
1688 3619 1871 3683 senio
1917 3617 2252 3683 refrixisse

316 3705 521 3771 sicuti
565 3704 954 3769 naturaliter
1000 3703 1233 3770 fervidi
1275 3712 1435 3769 sunt
1473 3705 1762 3785 iuvenes,
1804 3715 1987 3770 aetas
2028 3712 2251 3770 autem

359 3790 375 3804 ⁰
475 3809 510 3855 s
552 3799 619 3854 et
660 3789 1147 3857 cunctationem
1190 3788 1408 3877 affert)
1442 3788 1776 3873 probabile
1811 3811 1942 3855 non
1964 3788 2250 3855 videtur.

294 3874 440 3945 Sed
505 3875 634 3941 alio
700 3876 863 3943 vitio
929 3875 1256 3943 laborasse
1322 3886 1622 3959 apparet,
1690 3875 1859 3959 quod
1930 3875 2249 3959 principio

289 3984 431 4028 non
477 3962 638 4026 satis
681 3983 750 4027 se
793 3963 1011 4045 ipsum
1057 3962 1417 4041 excutiens,
1464 3983 1674 4044 neque
1718 3961 2061 4029 facultates
2097 3984 2250 4027 suas

289 4047 400 4116 vel
451 4047 693 4132 negotii
737 4047 1256 4134 magnitudinem
1301 4048 1673 4128 aestimans,
1718 4046 2057 4114 confestim
2100 4068 2250 4132 pro-

288 4134 573 4218 peravit.
674 4130 1065 4218 Quanquam
1125 4142 1347 4200 autem
1412 4133 1607 4199 laude
1670 4132 1875 4219 digna
1939 4143 2039 4198 est
2100 4134 2251 4199 talis

292 4219 650 4298 festinatio,
696 4241 893 4304 saepe
917 4231 1136 4287 tamen
1180 4219 1254 4284 in
1298 4219 1511 4285 medio
1533 4241 1731 4286 cursu
1769 4219 2002 4299 deficit,
2025 4240 2249 4303 quem·

291 4304 649 4371 admodum
729 4307 983 4373 fructus
1060 4325 1402 4390 praecoces
1479 4305 1586 4372 vel
1652 4305 1734 4371 ad
1802 4307 2250 4373 maturitatem

294 4412 431 4457 non
478 4392 892 4475 perveniunt,
949 4392 1060 4458 vel
1104 4413 1234 4458 non
1272 4392 1383 4457 diu
1429 4401 1836 4475 permanent.
1928 4391 2253 4473 Quamvis

293 4499 457 4563 ergo
501 4497 857 4560 generosae
912 4478 1153 4544 indolis
1195 4479 1527 4561 specimen
1584 4478 1962 4561 praebuerit
2015 4479 2254 4558 Moses,

293 4583 506 4647 quum
584 4561 729 4630 Deo
809 4585 993 4630 suam
1066 4584 1331 4647 operam
1419 4564 1813 4630 festinanter
1897 4563 2250 4648 impendit:

293 4648 590 4736 nondum
649 4659 873 4717 tamen
931 4672 1009 4717 ea
1062 4650 1426 4716 constantia
1469 4651 1829 4716 instructus
1887 4659 2032 4716 erat
2086 4671 2252 4734 quae

291 4758 450 4802 eum
504 4735 589 4800 ad
648 4737 849 4802 finem
909 4758 1116 4820 usque
1169 4733 1453 4803 fulciret:
1530 4737 1682 4819 quia
1738 4735 1901 4802 fides
1955 4757 2122 4819 quae
2179 4738 2248 4801 in

294 4823 440 4887 eius
486 4820 679 4887 corde
721 4822 1013 4901 florebat,
1058 4822 1348 4888 nondum
1395 4831 1619 4906 egerat
1659 4823 1820 4888 satis
1855 4820 2249 4906 profundam

294 4907 605 4984 radicem,
653 4927 772 4972 nec
804 4909 946 4992 ipse
988 4909 1252 4991 penitus
1286 4908 1784 4975 examinaverat
1816 4907 1975 4991 quid
2009 4917 2249 4990 posset.

296 4994 535 5076 Itaque
577 4995 646 5058 in
705 5014 847 5058 rem
950 5008 1317 5061 raesentem
1373 4993 1695 5061 adductus
1753 4993 2072 5077 trepidat,
2137 4996 2249 5077 qui

298 5079 684 5146 difficultate
749 5017 1042 5146 nomfum
1115 5091 1458 5164 perspecta
1523 5081 1738 5146 fuerat
1801 5079 2249 5147 confidentior.

293 5164 406 5231 Ita
464 5164 754 5249 quotidie
827 5187 980 5245 nos,
1057 5167 1169 5250 qui
1247 5177 1437 5231 extra
1502 5167 1784 5232 telorum
1843 5166 2084 5232 iactum
2154 5167 2250 5231 vi—

299 5251 536 5319 demur
590 5252 777 5318 nobis
826 5254 1025 5336 probe
1081 5252 1385 5330 animati,
1455 5252 1721 5317 tandem
1792 5251 1899 5317 ubi
1957 5252 2250 5318 cominus

297 5338 732 5424 pugnandum
792 5348 894 5405 est
948 5340 1467 5422 expavescimus:
1530 5339 1683 5422 quia
1740 5339 1984 5404 sentire
2027 5339 2154 5403 inci
2205 5341 2248 5402 i-

296 5444 448 5491 mus
491 5424 781 5510 pericula
821 5446 988 5509 quae
1032 5445 1152 5490 nos
1195 5425 1418 5508 procul
1465 5446 1594 5489 non
1639 5423 2011 5491 movebant.
2064 5425 2148 5490 Ni
2206 5426 2269 5489 ’1-

1483 501 2231 571 COMMENTARIUS
2278 502 2379 568 IN
2423 500 2728 569 EXODI
2767 501 2966 568 CAP.
3013 501 3141 567 111.

4239 504 4326 568 42

2374 713 2530 776 ergo
2584 693 2826 757 mirum
2885 694 2942 758 si
2989 692 3244 775 Moses,
3303 690 3416 773 qui
3471 698 3739 774 paratus
3805 691 3887 755 ad
3945 691 4324 775 obsequium

2371 778 2591 843 fuerat
2634 789 2788 843 ante
2831 777 3268 862 quadraginta
3313 797 3537 855 annos,
3584 798 3786 860 seque
3821 776 4086 843 assidue
4131 799 4319 843 exer-

2372 875 2600 931 cuerat
2655 866 2726 928 in
2784 862 2905 930 hoc
2969 873 3192 929 sancto
3237 864 3476 929 affectu
3496 914 3511 941 ,
3581 863 3737 928 dum
3793 864 3865 928 in
3903 883 4169 929 arenam
4213 863 4324 930 de-

2371 950 2684 1016 scendere
2729 948 3013 1028 iubetur,
3060 970 3302 1015 novum
3342 958 3659 1014 terrorem
3704 949 4002 1032 concipit.

2547 1036 2648 1102 12.
2708 1032 2798 1101 Et
2852 1035 3197 1117 respondit.-
3260 1035 3429 1117 Quia
3485 1054 3588 1100 ero
3642 1040 3852 1101 tecum.
3944 1033 4323 1101 Notandum

2369 1121 2572 1204 quod,
2630 1120 2713 1187 ad
2772 1120 3176 1205 superandos
3243 1140 3472 1186 omnes
3541 1131 3756 1187 metus
3812 1130 3879 1186 et
3941 1120 4324 1188 eximendos

2367 1228 2597 1273 omnes
2640 1207 2997 1291 scrupulos,
3043 1206 3246 1271 solam
3290 1208 3430 1291 opis
3473 1229 3631 1273 suae
3673 1207 4111 1290 praesentiam
4134 1206 4323 1274 Deus

2366 1295 2670 1378 opponit,
2726 1315 2802 1360 ac
2846 1294 2901 1358 si
2943 1291 3216 1372 diceret,
3275 1313 3408 1358 non
3450 1292 3698 1358 referre
3762 1294 3910 1376 quis
3956 1294 4043 1358 sit
4083 1293 4324 1374 Moses,

2365 1379 2477 1446 vel
2534 1378 2691 1463 quid
2746 1379 2962 1445 ferant
3020 1380 3159 1444 eius
3216 1378 3419 1445 vires:
3479 1377 3674 1445 modo
3744 1382 3830 1444 sit
3887 1379 4026 1444 eius
4070 1378 4318 1445 ductor.

2338 1464 2628 1546 -Quibus
2670 1464 2891 1532 verbis
2935 1464 3263 1543 docemur,
3307 1465 3480 1532 iusto
3524 1487 3673 1531 eum
3709 1464 3959 1530 honore
4004 1474 4162 1530 tunc
4208 1465 4318 1531 de-

2366 1573 2552 1617 mum
2595 1573 2635 1617 a
2680 1552 2866 1617 nobis
2910 1551 3114 1635 affici,
3171 1551 3284 1617 ubi
3330 1553 3466 1619 solo
3511 1552 3652 1617 eius
3702 1550 3948 1616 auxilio
4004 1551 4317 1630 contenti,

2364 1638 2617 1703 nullam
2684 1636 2962 1703 fiduciae
3020 1638 3361 1704 materiam
3409 1648 3596 1704 extra
3638 1637 3854 1720 ipsum
3910 1637 4316 1721 quaerimus:

2363 1732 2432 1788 et
2476 1722 2635 1788 dum
2681 1744 2803 1790 nos
2846 1723 3071 1788 turbat
3111 1727 3376 1808 propria
3417 1722 3847 1799 imbecillitas,
3892 1723 4052 1787 satis
4095 1730 4318 1788 tamen

2365 1807 2682 1875 habemus
2726 1830 2765 1873 a
2808 1818 2993 1895 parte
3036 1820 3264 1876 nostra
3303 1812 3523 1895 ipsum
3567 1820 3761 1875 stare.
3821 1808 3999 1873 Hinc
4034 1808 4320 1874 celebres

2362 1895 2517 1961 11186
2580 1906 2960 1962 sanctorum
3023 1918 3236 1963 voces.
3350 1895 3428 1964 Si
3496 1895 3913 1962 ambulavero
3977 1896 4045 1958 in
4103 1893 4318 1959 medio

2363 1981 2636 2048 umbrae
2679 1983 2927 2060 mortis,
2963 2003 3107 2047 non
3153 1982 3395 2049 timebo
3439 1984 3643 2059 mala,
3701 1981 4007 2064 quoniam
4055 1988 4129 2045 tu
4184 2001 4319 2045 me·

2362 2089 2513 2134 cum
2579 2090 2680 2148 es,
2747 2080 2869 2135 etc.
2936 2065 3138 2154 (Psal.
3184 2070 3289 2150 23,
3330 2068 3420 2157 4).
3511 2067 3709 2133 Item:
3758 2067 4087 2132 Dominus
4155 2064 4319 2132 mihi

2364 2153 2656 2236 adiutor,
2715 2176 2850 2219 non
2902 2153 3148 2220 timebo
3198 2154 3355 2238 quid
3424 2155 3621 2220 faciat
3676 2152 3840 2218 mihi
3896 2172 4047 2217 caro
4112 2150 4316 2238 (Psal.

2362 2239 2469 2321 56,
2509 2240 2551 2307 5
2583 2293 2595 2305 .
2664 2239 2865 2305 Item:
2912 2239 2987 2306 Si
3026 2261 3133 2306 me
3166 2242 3723 2307 circumsteterint
3758 2238 3970 2304 millia
4004 2238 4315 2318 hostium,

2361 2328 2533 2393 confi
2581 2348 2688 2392 am
2766 2324 2969 2413 (Psal.
3033 2326 3094 2404 3,
3140 2326 3226 2415 7).
3313 2328 3512 2393 Item:
3583 2324 3657 2393 Si
3701 2326 3887 2391 Deus
3930 2345 4049 2408 pro
4106 2324 4317 2408 nobis,

2360 2413 2506 2495 quis
2549 2421 2779 2478 contra
2820 2433 2940 2478 1168
2982 2409 3200 2497 (Rom.
3248 2414 3308 2494 8,
3345 2412 3496 2501 31)?
3563 2412 3723 2478 Ideo
3765 2419 3843 2478 ut
3884 2411 4155 2493 quisque
4199 2430 4316 2493 op-

2359 2499 2519 2564 time
2582 2500 2653 2563 in
2716 2498 2846 2564 fide
2910 2498 3199 2582 profecit,
3266 2500 3380 2566 ubi
3445 2499 3526 2566 ad
3587 2498 3953 2564 maximum
4011 2494 4316 2580 quodque

2359 2584 2708 2651 discrimen
2757 2592 3027 2651 ventum
3074 2593 3208 2665 est,
3274 2584 3405 2651 Dei
3451 2585 3764 2650 virtutem
3806 2581 4128 2648 extollens
4183 2601 4316 2647 una

2359 2671 2690 2753 exsurgit,
2736 2690 2865 2754 quo
2909 2671 3027 2737 toti
3071 2671 3319 2736 mundo
3363 2671 3672 2737 audacter
3713 2669 4007 2735 insultet.
4094 2669 4316 2751 Atque

2360 2755 2515 2823 hinc
2557 2758 2789 2822 firmus
2825 2766 2890 2821 et
2933 2758 3360 2842 infatigabilis
3404 2757 3807 2823 obedientiae
3844 2764 4051 2833 tenor,
4088 2755 4145 2818 si
4180 2775 4312 2819 vox

2357 2843 2521 2907 haec
2563 2841 2874 2908 radicitus
2918 2842 3126 2908 infixa
3168 2845 3253 2910 sit
3296 2843 3596 2909 cordibus
3640 2842 3905 2922 nostris,
3938 2841 4157 2906 Deum
4193 2859 4311 2904 no-

2356 2928 2460 2995 bis
2500 2929 2749 2994 adesse.
2838 2928 3199 3013 Postquam
3244 2942 3466 2995 autem
3510 2930 3731 2994 iussus
3775 2937 3874 2993 est
3909 2927 4131 2992 Moses
4166 2946 4207 2991 a
4241 2946 4312 2990 se

2357 3015 2500 3099 ipso
2545 3015 2785 3081 mentis
2828 3015 3412 3082 considerationem
3456 3022 3771 3093 avertere,
3817 3023 3892 3079 ut
3925 3013 3997 3078 in
4033 3012 4314 3097 promis-

2358 3122 2508 3166 sum
2564 3103 2689 3168 Dei
2758 3101 3082 3168 auxilium
3140 3123 3366 3168 omnes
3429 3122 3585 3168 suos
3640 3101 3922 3166 intuitus
3979 3098 4308 3183 defigeret,

2357 3189 2548 3272 signo
2611 3188 2812 3256 etiam
2869 3190 3295 3254 confirmatur
3314 3240 3330 3268 ,
3392 3186 3609 3253 triduo
3666 3196 4011 3270 postquam
4063 3183 4312 3268 egressi

2355 3273 2601 3340 fuerint
2644 3295 2728 3339 ex
2772 3276 3076 3359 Aegypto
3119 3273 3479 3352 Israelitae,
3528 3273 4009 3339 sacrificaturos
4051 3268 4196 3335 Deo
4238 3271 4311 3333 in

2355 3367 2581 3426 monte
2643 3359 2887 3426 Horeb.
2987 3360 3262 3427 Videtur
3329 3368 3552 3426 tamen
3616 3359 3887 3424 minime
3952 3364 4105 3440 apta
4169 3374 4314 3421 esse

2355 3448 2466 3511 vel
2510 3456 2877 3530 opportuna
2919 3446 3082 3514 haec
3125 3446 3471 3530 promissio
3513 3447 3701 3512 cuius
3736 3444 4010 3511 effectus
4046 3440 4311 3508 nonnisi

2354 3554 2427 3598 re
2470 3539 2738 3616 peracta
2779 3532 3054 3599 exstitit.
3120 3533 3394 3599 Coactos
3422 3530 3469 3618 ¹)
3511 3553 3764 3610 sensus,
3805 3550 3970 3613 quos
4008 3526 4315 3596 vitandae

2354 3617 2781 3685 absurditatis
2837 3639 3034 3685 causa
3135 3618 3354 3684 uidam
3400 3627 3770 3697 accersunt,
3826 3615 4091 3683 omitto:
4159 3614 4313 3698 quia

2354 3714 2532 3772 recte
2567 3713 2634 3769 et
2676 3702 3034 3788 prudenter
3076 3640 3188 3770 din
3232 3704 3601 3783 observant,
3647 3725 3778 3768 non
3824 3701 4121 3767 inutilem
4169 3720 4315 3766 6886

2355 3812 2478 3857 1166
2522 3811 2760 3856 vanam
2827 3791 3390 3857 confirmationem
3457 3812 3497 3856 a
3551 3789 3759 3875 signis
3935 3784 4312 3865 terioribus,

2352 3878 2540 3945 cuius
2584 3876 2782 3942 etiam
2826 3876 2983 3942 alibi
3028 3888 3384 3942 occurrunt
3422 3874 3741 3959 exempla.
3891 3871 4149 3940 avidcm
4184 3893 4311 3937 un-

2352 3985 2516 4049 gens
2562 3960 2834 4030 Samuel
2891 3963 3212 4046 promittit
3275 3962 3411 4029 fore
3467 3983 3689 4045 regem
3731 3961 3955 4045 populi
4012 3956 4078 4044 (1
4127 3956 4308 4025 Sam.

2355 4052 2459 4130 16,
2486 4049 2568 4114 13
2610 4071 2623 4114 :
2656 4058 2852 4131 atque
2874 4049 2995 4115 hoc
3020 4049 3287 4132 signum
3307 4048 3444 4113 fore
3468 4047 3878 4130 pronunciat,
3904 4043 4309 4129 quodunctio

2354 4137 2508 4202 sita
2597 4156 2693 4202 66.
2740 4135 2878 4200 Β111
2902 4146 2967 4200 61
2985 4133 3199 4200 dubiis
3221 4134 3480 4200 casibus
3514 4131 3898 4199 bellandum
3940 4131 4085 4209 fuit,
4122 4136 4310 4195 ante-

2354 4243 2549 4307 quam
2577 4222 2698 4287 hoc
2722 4221 2914 4306 signo
2946 4220 3276 4286 frueretur
3308 4217 3560 4287 David:
3587 4240 3801 4303 neque
3835 4226 4056 4283 tamen
4087 4235 4314 4298 super·

2359 4329 2634 4374 vacuum
2672 4307 3060 4385 censebitur,
3097 4307 3250 4390 quia
3272 4325 3390 4372 suo
3414 4315 3704 4388 tempore
3728 4302 4150 4387 comprobata
4183 4300 4312 4366 fuit

2357 4396 2484 4460 Dei
2521 4394 2753 4478 gratia.
2801 4394 2904 4458 De
2927 4393 3242 4459 solvenda
3270 4391 3454 4458 urbis
3489 4390 3826 4456 obsidione
3849 4390 4055 4455 Isaiae
4077 4387 4180 4468 37,
4202 4386 4307 4466 30,

2355 4481 2702 4559 disserens,
2733 4481 2996 4564 signum
3020 4477 3350 4564 adiungit:
3379 4475 3755 4544 Oomedetis
3779 4478 3900 4542 hoc
3921 4493 4114 4552 811116,
4140 4492 4308 4558 quae

2352 4575 2553 4650 ponte
2597 4574 2976 4632 nascentur:
3022 4565 3229 4631 altero
3272 4584 3442 4646 quae
3485 4582 3567 4628 ex
3612 4571 3848 4646 sponte
3889 4560 4309 4634 nascentibus

2352 4652 2861 4736 pullulaverint:
2928 4651 3121 4715 tertio
3180 4671 3351 4715 anno
3423 4647 3861 4728 seminabitis,
3929 4644 4311 4730 plantabitis

2356 4741 2599 4819 vineas,
2665 4745 2734 4802 et
2768 4736 3120 4804 comedetis
3161 4735 3471 4801 fructum.
3559 4733 3832 4801 Dictum
3893 4732 4021 4798 fuit
4073 4730 4310 4797 Ioanni

2353 4825 2705 4909 baptistae,
2771 4844 2969 4908 super
3011 4842 3203 4905 quem
3250 4819 3495 4887 videris
3538 4821 3837 4903 spiritum
3895 4817 4310 4896 descendere,

2357 4912 2463 4975 hic
2506 4918 2607 4976 est
2651 4910 2762 4993 qui
2805 4909 3093 4994 baptizat
3145 4908 3213 4971 in
3272 4907 3511 4991 spiritu
3556 4918 3623 4970 et
3667 4907 3803 4991 igni
3849 4903 4019 4990 (Ioh.
4068 4905 4126 4982 1,
4171 4902 4302 4989 33).

2350 4994 2559 5079 Atqui
2601 5007 2947 5077 antequam
3001 4995 3263 5079 signum
3309 4992 3474 5058 illud
3517 4992 3947 5075 conspiceret,
4005 4992 4138 5054 iam
4197 5009 4302 5053 co·

2353 5091 2674 5166 gnoverat
2730 5081 3072 5147 Christum
3129 5100 3271 5146 esse
3324 5080 3532 5145 filium
3591 5079 3736 5144 Dei.
3840 5077 4070 5159 Neque
4128 5076 4305 5139 enim

2352 5188 2506 5232 eum
2550 5167 2843 5232 latebant
2886 5166 3230 5249 utriusque
3272 5165 3569 5249 parentis
3614 5164 3946 5230 vaticinia.
4016 5161 4148 5227 Sed
4195 5158 4305 5225 ab·

2352 5253 2626 5319 surdum
2675 5274 2803 5318 non
2850 5265 2968 5332 est,
3029 5251 3226 5319 fidem
3287 5270 3455 5335 quae
3498 5251 3565 5314 iu
3614 5251 3816 5316 verbo
3860 5247 4138 5313 fundata
4182 5257 4301 5323 est,

2493 5439 2553 5526 1)
2591 5439 2855 5511 Princeps
2868 5463 2883 5494 .-
2919 5441 3168 5495 Cunctos.
