<?xml version="1.0" encoding="UTF-8"?>
<!DOCTYPE html PUBLIC "-//W3C//DTD XHTML 1.0 Transitional//EN"
    "http://www.w3.org/TR/xhtml1/DTD/xhtml1-transitional.dtd">
<html xmlns="http://www.w3.org/1999/xhtml" xml:lang="en" lang="en">
 <head>
  <title>
</title>
<meta http-equiv="Content-Type" content="text/html;charset=utf-8" />
  <meta name='ocr-system' content='tesseract 3.04.00' />
  <meta name='ocr-capabilities' content='ocr_page ocr_carea ocr_par ocr_line ocrx_word'/>
</head>
<body>
  <div class='ocr_page' id='page_1' title='image "./ioanniscalvinio04unkngoog_0207.png"; bbox 0 0 4867 6150; ppageno 0'>
   <div class='ocr_carea' id='block_1_1' title="bbox 385 454 514 521">
    <p class='ocr_par' dir='ltr' id='par_1_1' title="bbox 385 454 514 521">
     <span class='ocr_line' id='line_1_1' title="bbox 385 454 514 521; baseline 0.016 -2"><span class='ocrx_word' id='word_1_1' title='bbox 385 454 514 521; x_wconf 85' lang='lat'><strong>389</strong></span> 
     </span>
    </p>
   </div>
   <div class='ocr_carea' id='block_1_2' title="bbox 381 642 2335 1848">
    <p class='ocr_par' dir='ltr' id='par_1_2' title="bbox 381 642 2335 1848">
     <span class='ocr_line' id='line_1_2' title="bbox 386 642 2325 728; baseline 0 -19"><span class='ocrx_word' id='word_1_2' title='bbox 386 644 517 709; x_wconf 90' lang='lat' dir='ltr'><strong>Dei</strong></span> <span class='ocrx_word' id='word_1_3' title='bbox 560 644 812 710; x_wconf 88' lang='lat' dir='ltr'><strong>oculos:</strong></span> <span class='ocrx_word' id='word_1_4' title='bbox 856 644 991 711; x_wconf 90' lang='lat' dir='ltr'><strong>imo</strong></span> <span class='ocrx_word' id='word_1_5' title='bbox 1039 644 1200 709; x_wconf 90' lang='lat' dir='ltr'><strong>nihil</strong></span> <span class='ocrx_word' id='word_1_6' title='bbox 1248 654 1351 710; x_wconf 86' lang='lat' dir='ltr'><strong>est</strong></span> <span class='ocrx_word' id='word_1_7' title='bbox 1392 652 1524 711; x_wconf 89' lang='lat' dir='ltr'><strong>tam</strong></span> <span class='ocrx_word' id='word_1_8' title='bbox 1553 642 1931 728; x_wconf 75' lang='lat' dir='ltr'><strong>‘insipidum</strong></span> <span class='ocrx_word' id='word_1_9' title='bbox 1977 645 2153 728; x_wconf 88' lang='lat' dir='ltr'><strong>quod</strong></span> <span class='ocrx_word' id='word_1_10' title='bbox 2195 665 2325 711; x_wconf 91' lang='lat' dir='ltr'><strong>non</strong></span> 
     </span>
     <span class='ocr_line' id='line_1_3' title="bbox 385 729 2330 816; baseline -0.001 -20"><span class='ocrx_word' id='word_1_11' title='bbox 385 730 594 796; x_wconf 85' lang='lat' dir='ltr'><strong>velint</strong></span> <span class='ocrx_word' id='word_1_12' title='bbox 650 732 731 796; x_wconf 86' lang='lat' dir='ltr'><strong>ab</strong></span> <span class='ocrx_word' id='word_1_13' title='bbox 790 732 932 814; x_wconf 89' lang='lat' dir='ltr'><strong>ipso</strong></span> <span class='ocrx_word' id='word_1_14' title='bbox 984 731 1250 816; x_wconf 90' lang='lat' dir='ltr'><strong>probari</strong></span> <span class='ocrx_word' id='word_1_15' title='bbox 1307 739 1373 795; x_wconf 92' lang='lat' dir='ltr'><strong>et</strong></span> <span class='ocrx_word' id='word_1_16' title='bbox 1431 740 1647 795; x_wconf 88' lang='lat' dir='ltr'><strong>ratum</strong></span> <span class='ocrx_word' id='word_1_17' title='bbox 1703 729 1949 796; x_wconf 88' lang='lat' dir='ltr'><strong>haberi.</strong></span> <span class='ocrx_word' id='word_1_18' title='bbox 2039 730 2229 813; x_wconf 81' lang='lat' dir='ltr'><strong>Quod</strong></span> <span class='ocrx_word' id='word_1_19' title='bbox 2274 732 2330 796; x_wconf 88' lang='lat' dir='ltr'><strong>si</strong></span> 
     </span>
     <span class='ocr_line' id='line_1_4' title="bbox 385 814 2329 902; baseline 0.001 -21"><span class='ocrx_word' id='word_1_20' title='bbox 385 817 718 896; x_wconf 87' lang='lat' dir='ltr'><strong>obiicitur,</strong></span> <span class='ocrx_word' id='word_1_21' title='bbox 781 817 1115 882; x_wconf 89' lang='lat' dir='ltr'><strong>meliorem</strong></span> <span class='ocrx_word' id='word_1_22' title='bbox 1161 837 1303 887; x_wconf 82' lang='lat' dir='ltr'><strong>esse</strong></span> <span class='ocrx_word' id='word_1_23' title='bbox 1348 814 1779 881; x_wconf 78' lang='lat' dir='ltr'><strong>obedientiam</strong></span> <span class='ocrx_word' id='word_1_24' title='bbox 1830 818 2146 897; x_wconf 85' lang='lat' dir='ltr'><strong>victimis,</strong></span> <span class='ocrx_word' id='word_1_25' title='bbox 2191 818 2329 902; x_wconf 80' lang='lat' dir='ltr'><strong>cly-</strong></span> 
     </span>
     <span class='ocr_line' id='line_1_5' title="bbox 383 901 2331 988; baseline 0 -20"><span class='ocrx_word' id='word_1_26' title='bbox 383 924 578 987; x_wconf 89' lang='lat' dir='ltr'><strong>peum</strong></span> <span class='ocrx_word' id='word_1_27' title='bbox 639 910 982 988; x_wconf 88' lang='lat' dir='ltr'><strong>opponunt</strong></span> <span class='ocrx_word' id='word_1_28' title='bbox 1037 903 1243 968; x_wconf 87' lang='lat' dir='ltr'><strong>bonae</strong></span> <span class='ocrx_word' id='word_1_29' title='bbox 1285 902 1702 967; x_wconf 89' lang='lat' dir='ltr'><strong>intentionis:</strong></span> <span class='ocrx_word' id='word_1_30' title='bbox 1762 922 1838 968; x_wconf 90' lang='lat' dir='ltr'><strong>ac</strong></span> <span class='ocrx_word' id='word_1_31' title='bbox 1881 904 1937 968; x_wconf 91' lang='lat' dir='ltr'><strong>si</strong></span> <span class='ocrx_word' id='word_1_32' title='bbox 1983 901 2127 968; x_wconf 94' lang='lat' dir='ltr'><strong>Deo</strong></span> <span class='ocrx_word' id='word_1_33' title='bbox 2171 904 2331 968; x_wconf 90' lang='lat' dir='ltr'><strong>libe-</strong></span> 
     </span>
     <span class='ocr_line' id='line_1_6' title="bbox 383 988 2330 1072; baseline -0.001 -19"><span class='ocrx_word' id='word_1_34' title='bbox 383 1010 531 1054; x_wconf 89' lang='lat' dir='ltr'><strong>rum</strong></span> <span class='ocrx_word' id='word_1_35' title='bbox 591 1010 725 1054; x_wconf 90' lang='lat' dir='ltr'><strong>non</strong></span> <span class='ocrx_word' id='word_1_36' title='bbox 783 997 955 1055; x_wconf 89' lang='lat' dir='ltr'><strong>esset</strong></span> <span class='ocrx_word' id='word_1_37' title='bbox 997 988 1346 1072; x_wconf 88' lang='lat' dir='ltr'><strong>repudiare</strong></span> <span class='ocrx_word' id='word_1_38' title='bbox 1391 988 1558 1070; x_wconf 93' lang='lat' dir='ltr'><strong>quod</strong></span> <span class='ocrx_word' id='word_1_39' title='bbox 1606 990 1666 1053; x_wconf 90' lang='lat' dir='ltr'><strong>ei</strong></span> <span class='ocrx_word' id='word_1_40' title='bbox 1711 988 1916 1054; x_wconf 83' lang='lat' dir='ltr'><strong>stulte</strong></span> <span class='ocrx_word' id='word_1_41' title='bbox 1956 988 2330 1054; x_wconf 85' lang='lat' dir='ltr'><strong>obtrudunt.</strong></span> 
     </span>
     <span class='ocr_line' id='line_1_7' title="bbox 385 1073 2330 1160; baseline -0.002 -18"><span class='ocrx_word' id='word_1_42' title='bbox 385 1074 583 1142; x_wconf 83' lang='lat' dir='ltr'><strong>Certe</strong></span> <span class='ocrx_word' id='word_1_43' title='bbox 628 1074 1112 1141; x_wconf 87' lang='lat' dir='ltr'><strong>inconsiderato</strong></span> <span class='ocrx_word' id='word_1_44' title='bbox 1153 1096 1273 1140; x_wconf 84' lang='lat' dir='ltr'><strong>suo</strong></span> <span class='ocrx_word' id='word_1_45' title='bbox 1318 1073 1454 1139; x_wconf 84' lang='lat' dir='ltr'><strong>zelo</strong></span> <span class='ocrx_word' id='word_1_46' title='bbox 1498 1075 1921 1157; x_wconf 76' lang='lat' dir='ltr'><strong>pertinaciter</strong></span> <span class='ocrx_word' id='word_1_47' title='bbox 1965 1075 2330 1160; x_wconf 82' lang='lat' dir='ltr'><strong>indulgent,</strong></span> 
     </span>
     <span class='ocr_line' id='line_1_8' title="bbox 383 1160 2331 1245; baseline 0 -20"><span class='ocrx_word' id='word_1_48' title='bbox 383 1167 461 1225; x_wconf 86' lang='lat' dir='ltr'><strong>ut</strong></span> <span class='ocrx_word' id='word_1_49' title='bbox 518 1162 627 1227; x_wconf 84' lang='lat' dir='ltr'><strong>vix</strong></span> <span class='ocrx_word' id='word_1_50' title='bbox 687 1161 902 1227; x_wconf 89' lang='lat' dir='ltr'><strong>levem</strong></span> <span class='ocrx_word' id='word_1_51' title='bbox 948 1160 1206 1243; x_wconf 90' lang='lat' dir='ltr'><strong>culpam</strong></span> <span class='ocrx_word' id='word_1_52' title='bbox 1251 1160 1317 1225; x_wconf 92' lang='lat' dir='ltr'><strong>in</strong></span> <span class='ocrx_word' id='word_1_53' title='bbox 1365 1181 1442 1225; x_wconf 93' lang='lat' dir='ltr'><strong>eo</strong></span> <span class='ocrx_word' id='word_1_54' title='bbox 1486 1170 1860 1245; x_wconf 87' lang='lat' dir='ltr'><strong>agnoscant.</strong></span> <span class='ocrx_word' id='word_1_55' title='bbox 1950 1161 2157 1245; x_wconf 84' lang='lat' dir='ltr'><strong>Atqui</strong></span> <span class='ocrx_word' id='word_1_56' title='bbox 2200 1161 2331 1227; x_wconf 88' lang='lat' dir='ltr'><strong>cla·</strong></span> 
     </span>
     <span class='ocr_line' id='line_1_9' title="bbox 381 1245 2332 1331; baseline -0.001 -19"><span class='ocrx_word' id='word_1_57' title='bbox 381 1255 524 1312; x_wconf 88' lang='lat' dir='ltr'><strong>mat</strong></span> <span class='ocrx_word' id='word_1_58' title='bbox 568 1268 652 1313; x_wconf 84' lang='lat' dir='ltr'><strong>ex</strong></span> <span class='ocrx_word' id='word_1_59' title='bbox 696 1246 990 1331; x_wconf 90' lang='lat' dir='ltr'><strong>opposito</strong></span> <span class='ocrx_word' id='word_1_60' title='bbox 1034 1245 1240 1323; x_wconf 91' lang='lat' dir='ltr'><strong>Deus,</strong></span> <span class='ocrx_word' id='word_1_61' title='bbox 1283 1254 1618 1330; x_wconf 85' lang='lat' dir='ltr'><strong>apostatas</strong></span> <span class='ocrx_word' id='word_1_62' title='bbox 1662 1267 1804 1313; x_wconf 87' lang='lat' dir='ltr'><strong>esse</strong></span> <span class='ocrx_word' id='word_1_63' title='bbox 1847 1247 2217 1331; x_wconf 89' lang='lat' dir='ltr'><strong>quicunque</strong></span> <span class='ocrx_word' id='word_1_64' title='bbox 2262 1267 2332 1312; x_wconf 92' lang='lat' dir='ltr'><strong>se</strong></span> 
     </span>
     <span class='ocr_line' id='line_1_10' title="bbox 381 1330 2332 1416; baseline 0.001 -18"><span class='ocrx_word' id='word_1_65' title='bbox 381 1354 515 1398; x_wconf 86' lang='lat' dir='ltr'><strong>non</strong></span> <span class='ocrx_word' id='word_1_66' title='bbox 553 1333 891 1398; x_wconf 87' lang='lat' dir='ltr'><strong>continent</strong></span> <span class='ocrx_word' id='word_1_67' title='bbox 925 1334 996 1398; x_wconf 89' lang='lat' dir='ltr'><strong>in</strong></span> <span class='ocrx_word' id='word_1_68' title='bbox 1030 1332 1455 1415; x_wconf 82' lang='lat' dir='ltr'><strong>simplicitate</strong></span> <span class='ocrx_word' id='word_1_69' title='bbox 1490 1332 1673 1416; x_wconf 87' lang='lat' dir='ltr'><strong>legis.</strong></span> <span class='ocrx_word' id='word_1_70' title='bbox 1740 1330 2026 1398; x_wconf 87' lang='lat' dir='ltr'><strong>Additur</strong></span> <span class='ocrx_word' id='word_1_71' title='bbox 2069 1353 2332 1399; x_wconf 83' lang='lat' dir='ltr'><strong>rursum</strong></span> 
     </span>
     <span class='ocr_line' id='line_1_11' title="bbox 382 1417 2333 1500; baseline -0.002 -14"><span class='ocrx_word' id='word_1_72' title='bbox 382 1420 836 1500; x_wconf 85' lang='lat' dir='ltr'><strong>comminatio,</strong></span> <span class='ocrx_word' id='word_1_73' title='bbox 897 1420 1111 1484; x_wconf 90' lang='lat' dir='ltr'><strong>Deum</strong></span> <span class='ocrx_word' id='word_1_74' title='bbox 1171 1419 1308 1484; x_wconf 85' lang='lat' dir='ltr'><strong>fore</strong></span> <span class='ocrx_word' id='word_1_75' title='bbox 1354 1417 1581 1484; x_wconf 83' lang='lat' dir='ltr'><strong>violati</strong></span> <span class='ocrx_word' id='word_1_76' title='bbox 1624 1419 1724 1484; x_wconf 91' lang='lat' dir='ltr'><strong>sui</strong></span> <span class='ocrx_word' id='word_1_77' title='bbox 1769 1419 1986 1485; x_wconf 90' lang='lat' dir='ltr'><strong>cultus</strong></span> <span class='ocrx_word' id='word_1_78' title='bbox 2031 1420 2333 1499; x_wconf 89' lang='lat' dir='ltr'><strong>ultorem,</strong></span> 
     </span>
     <span class='ocr_line' id='line_1_12' title="bbox 383 1504 2335 1589; baseline -0.001 -19"><span class='ocrx_word' id='word_1_79' title='bbox 383 1515 758 1589; x_wconf 85' lang='lat' dir='ltr'><strong>terramque</strong></span> <span class='ocrx_word' id='word_1_80' title='bbox 802 1504 1339 1585; x_wconf 86' lang='lat' dir='ltr'><strong>maledicturum,</strong></span> <span class='ocrx_word' id='word_1_81' title='bbox 1384 1504 1592 1569; x_wconf 90' lang='lat' dir='ltr'><strong>donec</strong></span> <span class='ocrx_word' id='word_1_82' title='bbox 1635 1505 1808 1570; x_wconf 90' lang='lat' dir='ltr'><strong>fame</strong></span> <span class='ocrx_word' id='word_1_83' title='bbox 1852 1513 1921 1570; x_wconf 89' lang='lat' dir='ltr'><strong>et</strong></span> <span class='ocrx_word' id='word_1_84' title='bbox 1964 1505 2184 1571; x_wconf 91' lang='lat' dir='ltr'><strong>inedia</strong></span> <span class='ocrx_word' id='word_1_85' title='bbox 2225 1526 2335 1570; x_wconf 93' lang='lat' dir='ltr'><strong>eos</strong></span> 
     </span>
     <span class='ocr_line' id='line_1_13' title="bbox 382 1590 2335 1675; baseline -0.002 -16"><span class='ocrx_word' id='word_1_86' title='bbox 382 1592 711 1659; x_wconf 83' lang='lat' dir='ltr'><strong>conficiat:</strong></span> <span class='ocrx_word' id='word_1_87' title='bbox 761 1590 1040 1673; x_wconf 89' lang='lat' dir='ltr'><strong>denique</strong></span> <span class='ocrx_word' id='word_1_88' title='bbox 1098 1591 1493 1675; x_wconf 74' lang='lat' dir='ltr'><strong>pronunciat</strong></span> <span class='ocrx_word' id='word_1_89' title='bbox 1536 1592 1863 1672; x_wconf 86' lang='lat' dir='ltr'><strong>perituros</strong></span> <span class='ocrx_word' id='word_1_90' title='bbox 1908 1613 1990 1657; x_wconf 83' lang='lat' dir='ltr'><strong>ex</strong></span> <span class='ocrx_word' id='word_1_91' title='bbox 2035 1612 2114 1656; x_wconf 92' lang='lat' dir='ltr'><strong>ea</strong></span> <span class='ocrx_word' id='word_1_92' title='bbox 2157 1599 2335 1656; x_wconf 89' lang='lat' dir='ltr'><strong>terra</strong></span> 
     </span>
     <span class='ocr_line' id='line_1_14' title="bbox 384 1676 2335 1761; baseline 0.001 -19"><span class='ocrx_word' id='word_1_93' title='bbox 384 1698 581 1761; x_wconf 90' lang='lat' dir='ltr'><strong>quam</strong></span> <span class='ocrx_word' id='word_1_94' title='bbox 628 1678 809 1742; x_wconf 91' lang='lat' dir='ltr'><strong>Deus</strong></span> <span class='ocrx_word' id='word_1_95' title='bbox 865 1679 934 1742; x_wconf 91' lang='lat' dir='ltr'><strong>in</strong></span> <span class='ocrx_word' id='word_1_96' title='bbox 980 1677 1158 1742; x_wconf 87' lang='lat' dir='ltr'><strong>hunc</strong></span> <span class='ocrx_word' id='word_1_97' title='bbox 1205 1678 1402 1742; x_wconf 84' lang='lat' dir='ltr'><strong>finem</strong></span> <span class='ocrx_word' id='word_1_98' title='bbox 1447 1677 1607 1760; x_wconf 90' lang='lat' dir='ltr'><strong>ipsis</strong></span> <span class='ocrx_word' id='word_1_99' title='bbox 1652 1677 2041 1761; x_wconf 86' lang='lat' dir='ltr'><strong>promiserat</strong></span> <span class='ocrx_word' id='word_1_100' title='bbox 2083 1686 2157 1742; x_wconf 91' lang='lat' dir='ltr'><strong>ut</strong></span> <span class='ocrx_word' id='word_1_101' title='bbox 2200 1676 2335 1744; x_wconf 87' lang='lat' dir='ltr'><strong>illic</strong></span> 
     </span>
     <span class='ocr_line' id='line_1_15' title="bbox 383 1763 2302 1848; baseline -0.003 -19"><span class='ocrx_word' id='word_1_102' title='bbox 383 1785 550 1848; x_wconf 91' lang='lat' dir='ltr'><strong>pure</strong></span> <span class='ocrx_word' id='word_1_103' title='bbox 593 1763 1031 1830; x_wconf 72' lang='lat' dir='ltr'><strong>invocaretur.</strong></span> <span class='ocrx_word' id='word_1_104' title='bbox 2295 1814 2302 1823; x_wconf 96' lang='lat'><strong>.</strong></span> 
     </span>
    </p>
   </div>
   <div class='ocr_carea' id='block_1_3' title="bbox 1017 2069 1707 2138">
    <p class='ocr_par' dir='ltr' id='par_1_3' title="bbox 1017 2069 1707 2138">
     <span class='ocr_line' id='line_1_16' title="bbox 1017 2069 1707 2138; baseline 0 -1"><span class='ocrx_word' id='word_1_105' title='bbox 1017 2072 1147 2137; x_wconf 85' lang='lat' dir='ltr'><strong>EX</strong></span> <span class='ocrx_word' id='word_1_106' title='bbox 1192 2069 1464 2138; x_wconf 78' lang='lat' dir='ltr'><strong>DEU&#39;P.</strong></span> <span class='ocrx_word' id='word_1_107' title='bbox 1511 2069 1707 2137; x_wconf 85' lang='lat' dir='ltr'><strong>XVI.</strong></span> 
     </span>
    </p>
   </div>
   <div class='ocr_carea' id='block_1_4' title="bbox 383 2196 2339 2395">
    <p class='ocr_par' dir='ltr' id='par_1_4' title="bbox 383 2196 2339 2395">
     <span class='ocr_line' id='line_1_17' title="bbox 487 2196 2339 2327; baseline 0.001 -18"><span class='ocrx_word' id='word_1_108' title='bbox 487 2196 497 2207; x_wconf 86' lang='lat'>-</span> <span class='ocrx_word' id='word_1_109' title='bbox 554 2244 657 2309; x_wconf 91' lang='grc'><strong>22.</strong></span> <span class='ocrx_word' id='word_1_110' title='bbox 709 2243 856 2308; x_wconf 84' lang='lat' dir='ltr'><strong>Non</strong></span> <span class='ocrx_word' id='word_1_111' title='bbox 888 2244 1088 2327; x_wconf 73' lang='lat' dir='ltr'><strong>eriyes</strong></span> <span class='ocrx_word' id='word_1_112' title='bbox 1129 2243 1243 2308; x_wconf 73' lang='lat' dir='ltr'><strong>tibi</strong></span> <span class='ocrx_word' id='word_1_113' title='bbox 1282 2248 1592 2309; x_wconf 79' lang='lat' dir='ltr'><strong>statuam:</strong></span> <span class='ocrx_word' id='word_1_114' title='bbox 1633 2244 1800 2325; x_wconf 77' lang='lat' dir='ltr'><strong>qnod</strong></span> <span class='ocrx_word' id='word_1_115' title='bbox 1841 2244 1983 2310; x_wconf 87' lang='lat' dir='ltr'><strong>odio</strong></span> <span class='ocrx_word' id='word_1_116' title='bbox 2025 2243 2200 2310; x_wconf 76' lang='lat' dir='ltr'><strong>habet</strong></span> <span class='ocrx_word' id='word_1_117' title='bbox 2239 2245 2339 2310; x_wconf 82' lang='lat' dir='ltr'><strong>Ie-</strong></span> 
     </span>
     <span class='ocr_line' id='line_1_18' title="bbox 383 2329 1116 2395; baseline -0.004 0"><span class='ocrx_word' id='word_1_118' title='bbox 383 2329 544 2395; x_wconf 75' lang='lat' dir='ltr'><strong>bova</strong></span> <span class='ocrx_word' id='word_1_119' title='bbox 586 2329 771 2395; x_wconf 73' lang='lat' dir='ltr'><strong>Deae</strong></span> <span class='ocrx_word' id='word_1_120' title='bbox 812 2333 980 2394; x_wconf 76' lang='lat' dir='ltr'><strong>tuas.</strong></span> <span class='ocrx_word' id='word_1_121' title='bbox 1111 2334 1116 2339; x_wconf 87' lang='lat'>&#39;</span> 
     </span>
    </p>
   </div>
   <div class='ocr_carea' id='block_1_5' title="bbox 954 2618 1744 2687">
    <p class='ocr_par' dir='ltr' id='par_1_5' title="bbox 954 2618 1744 2687">
     <span class='ocr_line' id='line_1_19' title="bbox 954 2618 1744 2687; baseline 0.003 -2"><span class='ocrx_word' id='word_1_122' title='bbox 954 2620 1085 2685; x_wconf 82' lang='lat' dir='ltr'><strong>EX</strong></span> <span class='ocrx_word' id='word_1_123' title='bbox 1132 2618 1428 2687; x_wconf 82' lang='lat' dir='ltr'>EXODI</span> <span class='ocrx_word' id='word_1_124' title='bbox 1473 2620 1744 2687; x_wconf 87' lang='lat' dir='ltr'>XXIII.</span> 
     </span>
    </p>
   </div>
   <div class='ocr_carea' id='block_1_6' title="bbox 382 2791 2332 2961">
    <p class='ocr_par' dir='ltr' id='par_1_6' title="bbox 382 2791 2332 2961">
     <span class='ocr_line' id='line_1_20' title="bbox 555 2791 2332 2876; baseline 0.002 -19"><span class='ocrx_word' id='word_1_125' title='bbox 555 2792 660 2859; x_wconf 85' lang='lat'><strong>24.</strong></span> <span class='ocrx_word' id='word_1_126' title='bbox 711 2792 857 2858; x_wconf 89' lang='lat' dir='ltr'><strong>Non</strong></span> <span class='ocrx_word' id='word_1_127' title='bbox 910 2791 1212 2858; x_wconf 79' lang='lat' dir='ltr'><strong>adorabis</strong></span> <span class='ocrx_word' id='word_1_128' title='bbox 1268 2791 1412 2857; x_wconf 79' lang='lat' dir='ltr'><strong>deos</strong></span> <span class='ocrx_word' id='word_1_129' title='bbox 1465 2812 1705 2872; x_wconf 76' lang='lat' dir='ltr'><strong>eornm,</strong></span> <span class='ocrx_word' id='word_1_130' title='bbox 1765 2812 1962 2876; x_wconf 76' lang='lat' dir='ltr'><strong>neque</strong></span> <span class='ocrx_word' id='word_1_131' title='bbox 2016 2792 2173 2858; x_wconf 76' lang='lat' dir='ltr'><strong>coles</strong></span> <span class='ocrx_word' id='word_1_132' title='bbox 2211 2812 2332 2873; x_wconf 75' lang='lat' dir='ltr'><strong>eos,</strong></span> 
     </span>
     <span class='ocr_line' id='line_1_21' title="bbox 382 2878 1698 2961; baseline 0 -16"><span class='ocrx_word' id='word_1_133' title='bbox 382 2899 576 2961; x_wconf 76' lang='lat' dir='ltr'><strong>neque</strong></span> <span class='ocrx_word' id='word_1_134' title='bbox 613 2879 814 2961; x_wconf 78' lang='lat' dir='ltr'><strong>facies</strong></span> <span class='ocrx_word' id='word_1_135' title='bbox 853 2878 1191 2945; x_wconf 78' lang='lat' dir='ltr'><strong>secundam</strong></span> <span class='ocrx_word' id='word_1_136' title='bbox 1233 2898 1425 2959; x_wconf 84' lang='lat' dir='ltr'><strong>opera</strong></span> <span class='ocrx_word' id='word_1_137' title='bbox 1468 2898 1698 2945; x_wconf 71' lang='lat' dir='ltr'><strong>commi.</strong></span> 
     </span>
    </p>
   </div>
   <div class='ocr_carea' id='block_1_7' title="bbox 377 3048 2338 5443">
    <p class='ocr_par' dir='ltr' id='par_1_7' title="bbox 377 3048 2336 4168">
     <span class='ocr_line' id='line_1_22' title="bbox 555 3048 2332 3137; baseline -0.001 -20"><span class='ocrx_word' id='word_1_138' title='bbox 555 3050 660 3117; x_wconf 88' lang='grc'><strong>22.</strong></span> <span class='ocrx_word' id='word_1_139' title='bbox 712 3050 857 3116; x_wconf 83' lang='lat' dir='ltr'><strong>Non</strong></span> <span class='ocrx_word' id='word_1_140' title='bbox 901 3049 1116 3135; x_wconf 75' lang='lat' dir='ltr'><strong>eriyes.</strong></span> <span class='ocrx_word' id='word_1_141' title='bbox 1187 3048 1363 3116; x_wconf 87' lang='lat' dir='ltr'><strong>Hinc</strong></span> <span class='ocrx_word' id='word_1_142' title='bbox 1406 3051 1602 3117; x_wconf 81' lang='lat' dir='ltr'><strong>etiam</strong></span> <span class='ocrx_word' id='word_1_143' title='bbox 1650 3049 1891 3116; x_wconf 86' lang='lat' dir='ltr'><strong>clarius</strong></span> <span class='ocrx_word' id='word_1_144' title='bbox 1933 3050 2142 3137; x_wconf 88' lang='lat' dir='ltr'><strong>liquet</strong></span> <span class='ocrx_word' id='word_1_145' title='bbox 2177 3049 2332 3136; x_wconf 87' lang='lat' dir='ltr'><strong>quid</strong></span> 
     </span>
     <span class='ocr_line' id='line_1_23' title="bbox 381 3136 2330 3222; baseline -0.001 -18"><span class='ocrx_word' id='word_1_146' title='bbox 381 3138 511 3205; x_wconf 89' lang='lat' dir='ltr'><strong>sibi</strong></span> <span class='ocrx_word' id='word_1_147' title='bbox 550 3138 729 3216; x_wconf 81' lang='lat' dir='ltr'><strong>velit,</strong></span> <span class='ocrx_word' id='word_1_148' title='bbox 774 3143 841 3201; x_wconf 91' lang='lat' dir='ltr'><strong>et</strong></span> <span class='ocrx_word' id='word_1_149' title='bbox 877 3157 1190 3220; x_wconf 81' lang='lat' dir='ltr'><strong>quorsum</strong></span> <span class='ocrx_word' id='word_1_150' title='bbox 1227 3136 1455 3201; x_wconf 88' lang='lat' dir='ltr'><strong>tendat</strong></span> <span class='ocrx_word' id='word_1_151' title='bbox 1495 3136 1854 3203; x_wconf 89' lang='lat' dir='ltr'><strong>secundum</strong></span> <span class='ocrx_word' id='word_1_152' title='bbox 1893 3149 2330 3222; x_wconf 89' lang='lat' dir='ltr'><strong>praeceptum.</strong></span> 
     </span>
     <span class='ocr_line' id='line_1_24' title="bbox 379 3220 2332 3310; baseline 0.001 -22"><span class='ocrx_word' id='word_1_153' title='bbox 379 3224 565 3290; x_wconf 86' lang='lat' dir='ltr'><strong>Alibi</strong></span> <span class='ocrx_word' id='word_1_154' title='bbox 623 3224 804 3288; x_wconf 89' lang='lat' dir='ltr'><strong>iubet</strong></span> <span class='ocrx_word' id='word_1_155' title='bbox 848 3225 1029 3287; x_wconf 89' lang='lat' dir='ltr'><strong>Deus</strong></span> <span class='ocrx_word' id='word_1_156' title='bbox 1086 3220 1189 3309; x_wconf 92' lang='lat' dir='ltr'><strong>(ut</strong></span> <span class='ocrx_word' id='word_1_157' title='bbox 1235 3223 1451 3300; x_wconf 81' lang='lat' dir='ltr'><strong>visum</strong></span> <span class='ocrx_word' id='word_1_158' title='bbox 1496 3221 1624 3310; x_wconf 89' lang='lat' dir='ltr'><strong>est)</strong></span> <span class='ocrx_word' id='word_1_159' title='bbox 1668 3231 1924 3290; x_wconf 85' lang='lat' dir='ltr'><strong>statuas</strong></span> <span class='ocrx_word' id='word_1_160' title='bbox 1967 3226 2062 3289; x_wconf 91' lang='lat' dir='ltr'><strong>eri</strong></span> <span class='ocrx_word' id='word_1_161' title='bbox 2112 3247 2221 3290; x_wconf 94' lang='lat' dir='ltr'><strong>ere</strong></span> <span class='ocrx_word' id='word_1_162' title='bbox 2265 3225 2332 3289; x_wconf 90' lang='lat' dir='ltr'><strong>in</strong></span> 
     </span>
     <span class='ocr_line' id='line_1_25' title="bbox 380 3306 2335 3394; baseline 0.001 -18"><span class='ocrx_word' id='word_1_163' title='bbox 380 3324 596 3376; x_wconf 83' lang='lat' dir='ltr'><strong>terrac</strong></span> <span class='ocrx_word' id='word_1_164' title='bbox 643 3309 901 3384; x_wconf 84' lang='lat' dir='ltr'><strong>finibus,</strong></span> <span class='ocrx_word' id='word_1_165' title='bbox 947 3306 1060 3373; x_wconf 92' lang='lat' dir='ltr'><strong>ubi</strong></span> <span class='ocrx_word' id='word_1_166' title='bbox 1104 3309 1430 3374; x_wconf 79' lang='lat' dir='ltr'><strong>scribatur</strong></span> <span class='ocrx_word' id='word_1_167' title='bbox 1473 3330 1733 3375; x_wconf 87' lang='lat' dir='ltr'><strong>summa</strong></span> <span class='ocrx_word' id='word_1_168' title='bbox 1776 3309 1960 3394; x_wconf 89' lang='lat' dir='ltr'><strong>legis.</strong></span> <span class='ocrx_word' id='word_1_169' title='bbox 2118 3309 2335 3377; x_wconf 88' lang='lat' dir='ltr'><strong>idetur</strong></span> 
     </span>
     <span class='ocr_line' id='line_1_26' title="bbox 378 3394 2334 3481; baseline 0.001 -20"><span class='ocrx_word' id='word_1_170' title='bbox 378 3398 453 3461; x_wconf 91' lang='lat' dir='ltr'><strong>in</strong></span> <span class='ocrx_word' id='word_1_171' title='bbox 512 3396 793 3480; x_wconf 84' lang='lat' dir='ltr'><strong>speciem</strong></span> <span class='ocrx_word' id='word_1_172' title='bbox 852 3414 1145 3478; x_wconf 82' lang='lat' dir='ltr'><strong>pugnare</strong></span> <span class='ocrx_word' id='word_1_173' title='bbox 1202 3395 1364 3461; x_wconf 87' lang='lat' dir='ltr'><strong>haec</strong></span> <span class='ocrx_word' id='word_1_174' title='bbox 1409 3394 1793 3479; x_wconf 85' lang='lat' dir='ltr'><strong>prohibitio:</strong></span> <span class='ocrx_word' id='word_1_175' title='bbox 1840 3408 1906 3461; x_wconf 87' lang='lat' dir='ltr'><strong>et</strong></span> <span class='ocrx_word' id='word_1_176' title='bbox 1948 3405 2126 3462; x_wconf 92' lang='lat' dir='ltr'><strong>certe</strong></span> <span class='ocrx_word' id='word_1_177' title='bbox 2169 3418 2334 3481; x_wconf 82' lang='lat' dir='ltr'><strong>pug-</strong></span> 
     </span>
     <span class='ocr_line' id='line_1_27' title="bbox 380 3480 2333 3568; baseline 0.001 -21"><span class='ocrx_word' id='word_1_178' title='bbox 380 3492 575 3547; x_wconf 87' lang='lat' dir='ltr'><strong>naret</strong></span> <span class='ocrx_word' id='word_1_179' title='bbox 632 3482 761 3545; x_wconf 86' lang='lat' dir='ltr'><strong>nisi</strong></span> <span class='ocrx_word' id='word_1_180' title='bbox 818 3490 1103 3545; x_wconf 89' lang='lat' dir='ltr'><strong>statuam</strong></span> <span class='ocrx_word' id='word_1_181' title='bbox 1161 3480 1440 3565; x_wconf 89' lang='lat' dir='ltr'><strong>accipias</strong></span> <span class='ocrx_word' id='word_1_182' title='bbox 1494 3503 1613 3565; x_wconf 91' lang='lat' dir='ltr'><strong>pro</strong></span> <span class='ocrx_word' id='word_1_183' title='bbox 1664 3481 1881 3546; x_wconf 83' lang='lat' dir='ltr'><strong>fallaci</strong></span> <span class='ocrx_word' id='word_1_184' title='bbox 1926 3481 2055 3547; x_wconf 91' lang='lat' dir='ltr'><strong>Dei</strong></span> <span class='ocrx_word' id='word_1_185' title='bbox 2096 3483 2333 3568; x_wconf 86' lang='lat' dir='ltr'><strong>effigie,</strong></span> 
     </span>
     <span class='ocr_line' id='line_1_28' title="bbox 382 3565 2333 3651; baseline 0.001 -19"><span class='ocrx_word' id='word_1_186' title='bbox 382 3567 540 3633; x_wconf 87' lang='lat' dir='ltr'><strong>dum</strong></span> <span class='ocrx_word' id='word_1_187' title='bbox 561 3566 859 3633; x_wconf 86' lang='lat' dir='ltr'><strong>hominos</strong></span> <span class='ocrx_word' id='word_1_188' title='bbox 883 3566 1100 3649; x_wconf 84' lang='lat' dir='ltr'><strong>ipsum</strong></span> <span class='ocrx_word' id='word_1_189' title='bbox 1137 3565 1257 3631; x_wconf 89' lang='lat' dir='ltr'><strong>sibi</strong></span> <span class='ocrx_word' id='word_1_190' title='bbox 1296 3588 1676 3650; x_wconf 89' lang='lat' dir='ltr'><strong>corporeum</strong></span> <span class='ocrx_word' id='word_1_191' title='bbox 1716 3578 2120 3651; x_wconf 88' lang='lat' dir='ltr'><strong>proponunt:</strong></span> <span class='ocrx_word' id='word_1_192' title='bbox 2159 3568 2333 3633; x_wconf 88' lang='lat' dir='ltr'><strong>ideo-</strong></span> 
     </span>
     <span class='ocr_line' id='line_1_29' title="bbox 377 3652 2335 3738; baseline 0.001 -20"><span class='ocrx_word' id='word_1_193' title='bbox 377 3674 508 3738; x_wconf 90' lang='lat' dir='ltr'><strong>que</strong></span> <span class='ocrx_word' id='word_1_194' title='bbox 553 3652 848 3731; x_wconf 81' lang='lat' dir='ltr'><strong>additur,</strong></span> <span class='ocrx_word' id='word_1_195' title='bbox 893 3655 1111 3736; x_wconf 88' lang='lat' dir='ltr'><strong>ipsum</strong></span> <span class='ocrx_word' id='word_1_196' title='bbox 1157 3652 1324 3719; x_wconf 86' lang='lat' dir='ltr'><strong>tales</strong></span> <span class='ocrx_word' id='word_1_197' title='bbox 1368 3666 1622 3719; x_wconf 84' lang='lat' dir='ltr'><strong>statuas</strong></span> <span class='ocrx_word' id='word_1_198' title='bbox 1666 3653 2048 3721; x_wconf 87' lang='lat' dir='ltr'><strong>abominari.</strong></span> <span class='ocrx_word' id='word_1_199' title='bbox 2137 3655 2335 3720; x_wconf 89' lang='lat' dir='ltr'><strong>Rela-</strong></span> 
     </span>
     <span class='ocr_line' id='line_1_30' title="bbox 381 3739 2336 3824; baseline 0.001 -21"><span class='ocrx_word' id='word_1_200' title='bbox 381 3741 594 3804; x_wconf 83' lang='lat' dir='ltr'><strong>tivum</strong></span> <span class='ocrx_word' id='word_1_201' title='bbox 642 3748 859 3804; x_wconf 90' lang='lat' dir='ltr'><strong>tamen</strong></span> <span class='ocrx_word' id='word_1_202' title='bbox 904 3739 971 3803; x_wconf 91' lang='lat' dir='ltr'><strong>in</strong></span> <span class='ocrx_word' id='word_1_203' title='bbox 1021 3751 1252 3803; x_wconf 89' lang='lat' dir='ltr'><strong>neutro</strong></span> <span class='ocrx_word' id='word_1_204' title='bbox 1299 3760 1542 3824; x_wconf 83' lang='lat' dir='ltr'><strong>genere</strong></span> <span class='ocrx_word' id='word_1_205' title='bbox 1584 3749 1842 3805; x_wconf 83' lang='lat' dir='ltr'><strong>vertere</strong></span> <span class='ocrx_word' id='word_1_206' title='bbox 1885 3741 2164 3824; x_wconf 76' lang='lat' dir='ltr'><strong>placuit,</strong></span> <span class='ocrx_word' id='word_1_207' title='bbox 2210 3761 2336 3824; x_wconf 93' lang='lat' dir='ltr'><strong>quo</strong></span> 
     </span>
     <span class='ocr_line' id='line_1_31' title="bbox 381 3824 2332 3909; baseline 0.001 -20"><span class='ocrx_word' id='word_1_208' title='bbox 381 3827 640 3909; x_wconf 82' lang='lat' dir='ltr'><strong>plenior</strong></span> <span class='ocrx_word' id='word_1_209' title='bbox 683 3835 856 3890; x_wconf 87' lang='lat' dir='ltr'><strong>esset</strong></span> <span class='ocrx_word' id='word_1_210' title='bbox 899 3826 1257 3890; x_wconf 87' lang='lat' dir='ltr'><strong>sententia:</strong></span> <span class='ocrx_word' id='word_1_211' title='bbox 1306 3846 1544 3909; x_wconf 88' lang='lat' dir='ltr'><strong>nempe</strong></span> <span class='ocrx_word' id='word_1_212' title='bbox 1588 3824 1733 3890; x_wconf 94' lang='lat' dir='ltr'><strong>Deo</strong></span> <span class='ocrx_word' id='word_1_213' title='bbox 1779 3825 2332 3892; x_wconf 78' lang='lat' dir='ltr'><strong>abominationem</strong></span> 
     </span>
     <span class='ocr_line' id='line_1_32' title="bbox 381 3910 2336 3996; baseline 0 -18"><span class='ocrx_word' id='word_1_214' title='bbox 381 3933 547 3992; x_wconf 87' lang='lat' dir='ltr'><strong>esse,</strong></span> <span class='ocrx_word' id='word_1_215' title='bbox 593 3913 844 3996; x_wconf 89' lang='lat' dir='ltr'><strong>erigere</strong></span> <span class='ocrx_word' id='word_1_216' title='bbox 879 3919 1161 3976; x_wconf 90' lang='lat' dir='ltr'><strong>statuas:</strong></span> <span class='ocrx_word' id='word_1_217' title='bbox 1209 3913 1362 3995; x_wconf 88' lang='lat' dir='ltr'><strong>quia</strong></span> <span class='ocrx_word' id='word_1_218' title='bbox 1397 3912 1521 3977; x_wconf 90' lang='lat' dir='ltr'><strong>hoc</strong></span> <span class='ocrx_word' id='word_1_219' title='bbox 1557 3910 1748 3975; x_wconf 90' lang='lat' dir='ltr'><strong>modo</strong></span> <span class='ocrx_word' id='word_1_220' title='bbox 1785 3911 2154 3977; x_wconf 87' lang='lat' dir='ltr'><strong>detrahitur</strong></span> <span class='ocrx_word' id='word_1_221' title='bbox 2198 3913 2336 3978; x_wconf 89' lang='lat' dir='ltr'><strong>eius</strong></span> 
     </span>
     <span class='ocr_line' id='line_1_33' title="bbox 381 3997 2334 4084; baseline 0.001 -21"><span class='ocrx_word' id='word_1_222' title='bbox 381 3998 668 4084; x_wconf 86' lang='lat' dir='ltr'><strong>gloriae,</strong></span> <span class='ocrx_word' id='word_1_223' title='bbox 705 3997 863 4061; x_wconf 89' lang='lat' dir='ltr'><strong>dum</strong></span> <span class='ocrx_word' id='word_1_224' title='bbox 900 3998 968 4061; x_wconf 93' lang='lat' dir='ltr'><strong>in</strong></span> <span class='ocrx_word' id='word_1_225' title='bbox 1008 4018 1244 4080; x_wconf 80' lang='lat' dir='ltr'><strong>corpus</strong></span> <span class='ocrx_word' id='word_1_226' title='bbox 1282 3999 1824 4082; x_wconf 86' lang='lat' dir='ltr'><strong>transfiguratur,</strong></span> <span class='ocrx_word' id='word_1_227' title='bbox 1885 3998 1989 4063; x_wconf 86' lang='lat' dir='ltr'><strong>vel</strong></span> <span class='ocrx_word' id='word_1_228' title='bbox 2034 4018 2334 4082; x_wconf 89' lang='lat' dir='ltr'><strong>corpore-</strong></span> 
     </span>
     <span class='ocr_line' id='line_1_34' title="bbox 383 4082 2300 4168; baseline 0.001 -19"><span class='ocrx_word' id='word_1_229' title='bbox 383 4106 498 4149; x_wconf 91' lang='lat' dir='ltr'><strong>um</strong></span> <span class='ocrx_word' id='word_1_230' title='bbox 544 4082 786 4167; x_wconf 89' lang='lat' dir='ltr'><strong>aliquid</strong></span> <span class='ocrx_word' id='word_1_231' title='bbox 834 4084 1144 4148; x_wconf 88' lang='lat' dir='ltr'><strong>miscetur</strong></span> <span class='ocrx_word' id='word_1_232' title='bbox 1187 4083 1516 4168; x_wconf 85' lang='lat' dir='ltr'><strong>spirituali</strong></span> <span class='ocrx_word' id='word_1_233' title='bbox 1561 4084 1701 4148; x_wconf 89' lang='lat' dir='ltr'><strong>eius</strong></span> <span class='ocrx_word' id='word_1_234' title='bbox 1747 4094 2041 4150; x_wconf 90' lang='lat' dir='ltr'><strong>naturae.</strong></span> <span class='ocrx_word' id='word_1_235' title='bbox 2295 4149 2300 4164; x_wconf 75' lang='lat'>‚</span> 
     </span>
    </p>

    <p class='ocr_par' dir='ltr' id='par_1_8' title="bbox 380 4167 2338 5443">
     <span class='ocr_line' id='line_1_35' title="bbox 557 4167 2334 4252; baseline 0.001 -18"><span class='ocrx_word' id='word_1_236' title='bbox 557 4170 661 4235; x_wconf 88' lang='grc'><strong>24.</strong></span> <span class='ocrx_word' id='word_1_237' title='bbox 724 4167 872 4234; x_wconf 87' lang='lat' dir='ltr'><strong>Non</strong></span> <span class='ocrx_word' id='word_1_238' title='bbox 924 4169 1221 4235; x_wconf 77' lang='lat' dir='ltr'><strong>adorabis</strong></span> <span class='ocrx_word' id='word_1_239' title='bbox 1277 4170 1423 4235; x_wconf 80' lang='lat' dir='ltr'><strong>deos</strong></span> <span class='ocrx_word' id='word_1_240' title='bbox 1471 4190 1700 4236; x_wconf 79' lang='lat' dir='ltr'><strong>eorum.</strong></span> <span class='ocrx_word' id='word_1_241' title='bbox 1791 4170 2057 4252; x_wconf 86' lang='lat' dir='ltr'><strong>Repetit</strong></span> <span class='ocrx_word' id='word_1_242' title='bbox 2116 4169 2334 4236; x_wconf 85' lang='lat' dir='ltr'><strong>Moses</strong></span> 
     </span>
     <span class='ocr_line' id='line_1_36' title="bbox 383 4254 2333 4341; baseline -0.001 -19"><span class='ocrx_word' id='word_1_243' title='bbox 383 4254 562 4341; x_wconf 88' lang='lat' dir='ltr'><strong>quod</strong></span> <span class='ocrx_word' id='word_1_244' title='bbox 605 4254 1048 4321; x_wconf 86' lang='lat' dir='ltr'><strong>antedictum</strong></span> <span class='ocrx_word' id='word_1_245' title='bbox 1094 4269 1210 4332; x_wconf 89' lang='lat' dir='ltr'><strong>est,</strong></span> <span class='ocrx_word' id='word_1_246' title='bbox 1258 4256 1506 4320; x_wconf 89' lang='lat' dir='ltr'><strong>cultum</strong></span> <span class='ocrx_word' id='word_1_247' title='bbox 1535 4254 1666 4321; x_wconf 91' lang='lat' dir='ltr'><strong>Dei</strong></span> <span class='ocrx_word' id='word_1_248' title='bbox 1712 4256 2144 4339; x_wconf 89' lang='lat' dir='ltr'><strong>separandum</strong></span> <span class='ocrx_word' id='word_1_249' title='bbox 2189 4277 2333 4322; x_wconf 87' lang='lat' dir='ltr'><strong>esse</strong></span> 
     </span>
     <span class='ocr_line' id='line_1_37' title="bbox 382 4341 2331 4425; baseline -0.001 -17"><span class='ocrx_word' id='word_1_250' title='bbox 382 4363 426 4408; x_wconf 88' lang='lat' dir='ltr'><strong>a</strong></span> <span class='ocrx_word' id='word_1_251' title='bbox 482 4343 734 4408; x_wconf 85' lang='lat' dir='ltr'><strong>cunctis</strong></span> <span class='ocrx_word' id='word_1_252' title='bbox 778 4344 1075 4425; x_wconf 85' lang='lat' dir='ltr'><strong>gentium</strong></span> <span class='ocrx_word' id='word_1_253' title='bbox 1121 4341 1708 4424; x_wconf 88' lang='lat' dir='ltr'><strong>superstitionibus.</strong></span> <span class='ocrx_word' id='word_1_254' title='bbox 1798 4342 1942 4408; x_wconf 89' lang='lat' dir='ltr'><strong>Hoc</strong></span> <span class='ocrx_word' id='word_1_255' title='bbox 1999 4343 2179 4408; x_wconf 91' lang='lat' dir='ltr'><strong>enim</strong></span> <span class='ocrx_word' id='word_1_256' title='bbox 2238 4342 2331 4407; x_wconf 86' lang='lat' dir='ltr'><strong>vi-</strong></span> 
     </span>
     <span class='ocr_line' id='line_1_38' title="bbox 385 4426 2333 4512; baseline -0.002 -18"><span class='ocrx_word' id='word_1_257' title='bbox 385 4428 555 4494; x_wconf 82' lang='lat' dir='ltr'><strong>tium</strong></span> <span class='ocrx_word' id='word_1_258' title='bbox 581 4429 823 4511; x_wconf 87' lang='lat' dir='ltr'><strong>passim</strong></span> <span class='ocrx_word' id='word_1_259' title='bbox 846 4436 1214 4512; x_wconf 82' lang='lat' dir='ltr'><strong>grassatum</strong></span> <span class='ocrx_word' id='word_1_260' title='bbox 1254 4426 1403 4507; x_wconf 90' lang='lat' dir='ltr'><strong>fuit,</strong></span> <span class='ocrx_word' id='word_1_261' title='bbox 1443 4437 1516 4492; x_wconf 92' lang='lat' dir='ltr'><strong>ut</strong></span> <span class='ocrx_word' id='word_1_262' title='bbox 1551 4427 1873 4494; x_wconf 89' lang='lat' dir='ltr'><strong>increduli</strong></span> <span class='ocrx_word' id='word_1_263' title='bbox 1911 4428 2333 4494; x_wconf 87' lang='lat' dir='ltr'><strong>detraherent</strong></span> 
     </span>
     <span class='ocr_line' id='line_1_39' title="bbox 380 4513 2331 4599; baseline -0.001 -20"><span class='ocrx_word' id='word_1_264' title='bbox 380 4514 604 4599; x_wconf 86' lang='lat' dir='ltr'><strong>potius</strong></span> <span class='ocrx_word' id='word_1_265' title='bbox 645 4513 727 4580; x_wconf 88' lang='lat' dir='ltr'><strong>ad</strong></span> <span class='ocrx_word' id='word_1_266' title='bbox 775 4534 847 4580; x_wconf 90' lang='lat' dir='ltr'><strong>se</strong></span> <span class='ocrx_word' id='word_1_267' title='bbox 892 4514 1111 4579; x_wconf 91' lang='lat' dir='ltr'><strong>Deum</strong></span> <span class='ocrx_word' id='word_1_268' title='bbox 1152 4514 1225 4579; x_wconf 89' lang='lat' dir='ltr'><strong>in</strong></span> <span class='ocrx_word' id='word_1_269' title='bbox 1270 4523 1516 4579; x_wconf 86' lang='lat' dir='ltr'><strong>terram</strong></span> <span class='ocrx_word' id='word_1_270' title='bbox 1561 4535 1756 4597; x_wconf 87' lang='lat' dir='ltr'><strong>quam</strong></span> <span class='ocrx_word' id='word_1_271' title='bbox 1800 4536 2059 4579; x_wconf 88' lang='lat' dir='ltr'><strong>sursum</strong></span> <span class='ocrx_word' id='word_1_272' title='bbox 2105 4536 2331 4580; x_wconf 82' lang='lat' dir='ltr'><strong>ascen-</strong></span> 
     </span>
     <span class='ocr_line' id='line_1_40' title="bbox 384 4598 2329 4685; baseline -0.001 -19"><span class='ocrx_word' id='word_1_273' title='bbox 384 4600 619 4666; x_wconf 88' lang='lat' dir='ltr'><strong>derent</strong></span> <span class='ocrx_word' id='word_1_274' title='bbox 674 4599 756 4666; x_wconf 90' lang='lat' dir='ltr'><strong>ad</strong></span> <span class='ocrx_word' id='word_1_275' title='bbox 804 4601 1024 4685; x_wconf 79' lang='lat' dir='ltr'><strong>ipsum</strong></span> <span class='ocrx_word' id='word_1_276' title='bbox 1068 4598 1533 4683; x_wconf 87' lang='lat' dir='ltr'><strong>quaerendum.</strong></span> <span class='ocrx_word' id='word_1_277' title='bbox 1618 4600 1708 4666; x_wconf 85' lang='lat' dir='ltr'><strong>Et</strong></span> <span class='ocrx_word' id='word_1_278' title='bbox 1751 4600 1874 4665; x_wconf 91' lang='lat' dir='ltr'><strong>hoc</strong></span> <span class='ocrx_word' id='word_1_279' title='bbox 1915 4621 2115 4667; x_wconf 85' lang='lat' dir='ltr'><strong>sensu</strong></span> <span class='ocrx_word' id='word_1_280' title='bbox 2162 4599 2329 4665; x_wconf 86' lang='lat' dir='ltr'><strong>dixi-</strong></span> 
     </span>
     <span class='ocr_line' id='line_1_41' title="bbox 383 4685 2330 4771; baseline -0.001 -19"><span class='ocrx_word' id='word_1_281' title='bbox 383 4708 535 4753; x_wconf 88' lang='lat' dir='ltr'><strong>mus</strong></span> <span class='ocrx_word' id='word_1_282' title='bbox 590 4686 767 4752; x_wconf 89' lang='lat' dir='ltr'><strong>idola</strong></span> <span class='ocrx_word' id='word_1_283' title='bbox 823 4686 1044 4752; x_wconf 86' lang='lat' dir='ltr'><strong>vocari</strong></span> <span class='ocrx_word' id='word_1_284' title='bbox 1102 4685 1289 4753; x_wconf 87' lang='lat' dir='ltr'><strong>deos:</strong></span> <span class='ocrx_word' id='word_1_285' title='bbox 1349 4687 1502 4771; x_wconf 88' lang='lat' dir='ltr'><strong>quia</strong></span> <span class='ocrx_word' id='word_1_286' title='bbox 1558 4686 1702 4752; x_wconf 90' lang='lat' dir='ltr'><strong>fieri</strong></span> <span class='ocrx_word' id='word_1_287' title='bbox 1747 4708 1877 4752; x_wconf 91' lang='lat' dir='ltr'><strong>non</strong></span> <span class='ocrx_word' id='word_1_288' title='bbox 1922 4695 2137 4771; x_wconf 90' lang='lat' dir='ltr'><strong>potest</strong></span> <span class='ocrx_word' id='word_1_289' title='bbox 2172 4686 2330 4770; x_wconf 89' lang='lat' dir='ltr'><strong>quin</strong></span> 
     </span>
     <span class='ocr_line' id='line_1_42' title="bbox 384 4772 2330 4857; baseline -0.001 -18"><span class='ocrx_word' id='word_1_290' title='bbox 384 4772 793 4855; x_wconf 84' lang='lat' dir='ltr'><strong>corruptibili</strong></span> <span class='ocrx_word' id='word_1_291' title='bbox 874 4772 1186 4838; x_wconf 89' lang='lat' dir='ltr'><strong>materiae</strong></span> <span class='ocrx_word' id='word_1_292' title='bbox 1247 4773 1469 4839; x_wconf 90' lang='lat' dir='ltr'><strong>Deum</strong></span> <span class='ocrx_word' id='word_1_293' title='bbox 1535 4772 1763 4857; x_wconf 84' lang='lat' dir='ltr'><strong>affigat</strong></span> <span class='ocrx_word' id='word_1_294' title='bbox 1825 4773 2119 4855; x_wconf 89' lang='lat' dir='ltr'><strong>quisquis</strong></span> <span class='ocrx_word' id='word_1_295' title='bbox 2181 4795 2330 4838; x_wconf 90' lang='lat' dir='ltr'><strong>eum</strong></span> 
     </span>
     <span class='ocr_line' id='line_1_43' title="bbox 384 4856 2332 4944; baseline 0.001 -20"><span class='ocrx_word' id='word_1_296' title='bbox 384 4867 882 4943; x_wconf 83' lang='lat' dir='ltr'><strong>repraesentare</strong></span> <span class='ocrx_word' id='word_1_297' title='bbox 923 4859 1070 4925; x_wconf 81' lang='lat' dir='ltr'><strong>vult</strong></span> <span class='ocrx_word' id='word_1_298' title='bbox 1109 4858 1183 4924; x_wconf 89' lang='lat' dir='ltr'><strong>in</strong></span> <span class='ocrx_word' id='word_1_299' title='bbox 1227 4860 1408 4944; x_wconf 87' lang='lat' dir='ltr'><strong>ligno</strong></span> <span class='ocrx_word' id='word_1_300' title='bbox 1452 4868 1519 4924; x_wconf 90' lang='lat' dir='ltr'><strong>et</strong></span> <span class='ocrx_word' id='word_1_301' title='bbox 1559 4856 1793 4943; x_wconf 88' lang='lat' dir='ltr'><strong>lapide.</strong></span> <span class='ocrx_word' id='word_1_302' title='bbox 1859 4860 1949 4924; x_wconf 85' lang='lat' dir='ltr'><strong>Et</strong></span> <span class='ocrx_word' id='word_1_303' title='bbox 1989 4859 2332 4943; x_wconf 83' lang='lat' dir='ltr'><strong>experien-</strong></span> 
     </span>
     <span class='ocr_line' id='line_1_44' title="bbox 387 4944 2332 5028; baseline 0.001 -19"><span class='ocrx_word' id='word_1_304' title='bbox 387 4944 485 5010; x_wconf 83' lang='lat' dir='ltr'><strong>tia</strong></span> <span class='ocrx_word' id='word_1_305' title='bbox 526 4944 718 5012; x_wconf 87' lang='lat' dir='ltr'><strong>docet</strong></span> <span class='ocrx_word' id='word_1_306' title='bbox 758 4945 998 5028; x_wconf 84' lang='lat' dir='ltr'><strong>impios</strong></span> <span class='ocrx_word' id='word_1_307' title='bbox 1042 4945 1135 5011; x_wconf 88' lang='lat' dir='ltr'><strong>sic</strong></span> <span class='ocrx_word' id='word_1_308' title='bbox 1181 4946 1414 5012; x_wconf 85' lang='lat' dir='ltr'><strong>affixos</strong></span> <span class='ocrx_word' id='word_1_309' title='bbox 1458 4966 1601 5010; x_wconf 86' lang='lat' dir='ltr'><strong>esse</strong></span> <span class='ocrx_word' id='word_1_310' title='bbox 1645 4946 1780 5011; x_wconf 83' lang='lat' dir='ltr'><strong>suis</strong></span> <span class='ocrx_word' id='word_1_311' title='bbox 1823 4944 2035 5022; x_wconf 86' lang='lat' dir='ltr'><strong>idolis,</strong></span> <span class='ocrx_word' id='word_1_312' title='bbox 2081 4953 2157 5010; x_wconf 87' lang='lat' dir='ltr'><strong>ut</strong></span> <span class='ocrx_word' id='word_1_313' title='bbox 2199 4953 2332 5011; x_wconf 87' lang='lat' dir='ltr'><strong>ter-</strong></span> 
     </span>
     <span class='ocr_line' id='line_1_45' title="bbox 387 5030 2335 5115; baseline 0.001 -19"><span class='ocrx_word' id='word_1_314' title='bbox 387 5030 784 5115; x_wconf 77' lang='lat' dir='ltr'><strong>giversando</strong></span> <span class='ocrx_word' id='word_1_315' title='bbox 819 5031 985 5097; x_wconf 91' lang='lat' dir='ltr'><strong>nihil</strong></span> <span class='ocrx_word' id='word_1_316' title='bbox 1018 5033 1381 5115; x_wconf 86' lang='lat' dir='ltr'><strong>proficiant,</strong></span> <span class='ocrx_word' id='word_1_317' title='bbox 1427 5033 1586 5096; x_wconf 91' lang='lat' dir='ltr'><strong>dum</strong></span> <span class='ocrx_word' id='word_1_318' title='bbox 1622 5041 1981 5097; x_wconf 87' lang='lat' dir='ltr'><strong>causantur</strong></span> <span class='ocrx_word' id='word_1_319' title='bbox 2015 5032 2142 5098; x_wconf 90' lang='lat' dir='ltr'><strong>hoo</strong></span> <span class='ocrx_word' id='word_1_320' title='bbox 2182 5032 2335 5097; x_wconf 82' lang='lat' dir='ltr'><strong>sub-</strong></span> 
     </span>
     <span class='ocr_line' id='line_1_46' title="bbox 389 5115 2337 5187; baseline 0 -5"><span class='ocrx_word' id='word_1_321' title='bbox 389 5115 627 5183; x_wconf 82' lang='lat' dir='ltr'><strong>sidium</strong></span> <span class='ocrx_word' id='word_1_322' title='bbox 686 5137 845 5183; x_wconf 90' lang='lat' dir='ltr'><strong>suae</strong></span> <span class='ocrx_word' id='word_1_323' title='bbox 897 5116 1169 5184; x_wconf 86' lang='lat' dir='ltr'><strong>ruditati</strong></span> <span class='ocrx_word' id='word_1_324' title='bbox 1230 5118 1674 5185; x_wconf 86' lang='lat' dir='ltr'><strong>necessarium</strong></span> <span class='ocrx_word' id='word_1_325' title='bbox 1740 5138 1900 5185; x_wconf 88' lang='lat' dir='ltr'><strong>esse.</strong></span> <span class='ocrx_word' id='word_1_326' title='bbox 2004 5117 2337 5187; x_wconf 88' lang='lat' dir='ltr'><strong>Particula</strong></span> 
     </span>
     <span class='ocr_line' id='line_1_47' title="bbox 388 5203 2336 5289; baseline 0.001 -20"><span class='ocrx_word' id='word_1_327' title='bbox 388 5224 559 5287; x_wconf 92' lang='lat' dir='ltr'><strong>quae</strong></span> <span class='ocrx_word' id='word_1_328' title='bbox 608 5204 932 5286; x_wconf 88' lang='lat' dir='ltr'><strong>sequitur:</strong></span> <span class='ocrx_word' id='word_1_329' title='bbox 986 5203 1133 5270; x_wconf 88' lang='lat' dir='ltr'><strong>Non</strong></span> <span class='ocrx_word' id='word_1_330' title='bbox 1195 5205 1393 5270; x_wconf 86' lang='lat' dir='ltr'><strong>facies</strong></span> <span class='ocrx_word' id='word_1_331' title='bbox 1443 5204 1801 5270; x_wconf 90' lang='lat' dir='ltr'><strong>secundum</strong></span> <span class='ocrx_word' id='word_1_332' title='bbox 1848 5225 2046 5289; x_wconf 89' lang='lat' dir='ltr'><strong>opera</strong></span> <span class='ocrx_word' id='word_1_333' title='bbox 2087 5226 2336 5284; x_wconf 92' lang='lat' dir='ltr'><strong>eorum,</strong></span> 
     </span>
     <span class='ocr_line' id='line_1_48' title="bbox 389 5289 2338 5370; baseline 0.002 -16"><span class='ocrx_word' id='word_1_334' title='bbox 389 5289 553 5355; x_wconf 86' lang='lat' dir='ltr'><strong>satis</strong></span> <span class='ocrx_word' id='word_1_335' title='bbox 596 5289 1028 5370; x_wconf 89' lang='lat' dir='ltr'><strong>demonstrat,</strong></span> <span class='ocrx_word' id='word_1_336' title='bbox 1073 5291 1194 5356; x_wconf 90' lang='lat' dir='ltr'><strong>sub</strong></span> <span class='ocrx_word' id='word_1_337' title='bbox 1238 5311 1399 5357; x_wconf 83' lang='lat' dir='ltr'><strong>voce</strong></span> <span class='ocrx_word' id='word_1_338' title='bbox 1442 5289 1847 5356; x_wconf 80' lang='lat' dir='ltr'><strong>idololat-riae</strong></span> <span class='ocrx_word' id='word_1_339' title='bbox 1892 5291 2106 5358; x_wconf 89' lang='lat' dir='ltr'><strong>notari</strong></span> <span class='ocrx_word' id='word_1_340' title='bbox 2149 5291 2338 5358; x_wconf 82' lang='lat' dir='ltr'><strong>vitio-</strong></span> 
     </span>
     <span class='ocr_line' id='line_1_49' title="bbox 389 5377 1050 5443; baseline 0.003 -3"><span class='ocrx_word' id='word_1_341' title='bbox 389 5395 499 5441; x_wconf 92' lang='lat' dir='ltr'><strong>sos</strong></span> <span class='ocrx_word' id='word_1_342' title='bbox 544 5396 772 5442; x_wconf 90' lang='lat' dir='ltr'><strong>omnes</strong></span> <span class='ocrx_word' id='word_1_343' title='bbox 813 5377 1050 5443; x_wconf 87' lang='lat' dir='ltr'><strong>cultus.</strong></span> 
     </span>
    </p>
   </div>
   <div class='ocr_carea' id='block_1_8' title="bbox 1779 453 2986 524">
    <p class='ocr_par' dir='ltr' id='par_1_9' title="bbox 1779 453 2986 524">
     <span class='ocr_line' id='line_1_50' title="bbox 1779 453 2986 524; baseline 0.002 -2"><span class='ocrx_word' id='word_1_344' title='bbox 1779 453 2290 524; x_wconf 79' lang='lat' dir='ltr'>SECUNDUM</span> <span class='ocrx_word' id='word_1_345' title='bbox 2336 456 2986 524; x_wconf 83' lang='lat' dir='ltr'><strong>PRAEOEPTUM.</strong></span> 
     </span>
    </p>
   </div>
   <div class='ocr_carea' id='block_1_9' title="bbox 2384 645 2400 5429">
    <p class='ocr_par' dir='ltr' id='par_1_10' title="bbox 2384 645 2400 5429">
     <span class='ocr_line' id='line_1_51' title="bbox 2384 645 2400 5429; baseline 0 0"><span class='ocrx_word' id='word_1_346' title='bbox 2384 645 2400 5429; x_wconf 95' lang='lat' dir='ltr'><strong> </strong></span> 
     </span>
    </p>
   </div>
   <div class='ocr_carea' id='block_1_10' title="bbox 4200 460 4399 531">
    <p class='ocr_par' dir='ltr' id='par_1_11' title="bbox 4200 460 4399 531">
     <span class='ocr_line' id='line_1_52' title="bbox 4200 460 4399 531; baseline -0.025 -1"><span class='ocrx_word' id='word_1_347' title='bbox 4200 460 4399 531; x_wconf 82' lang='lat'>‚390</span> 
     </span>
    </p>
   </div>
   <div class='ocr_carea' id='block_1_11' title="bbox 3092 644 3751 713">
    <p class='ocr_par' dir='ltr' id='par_1_12' title="bbox 3092 644 3751 713">
     <span class='ocr_line' id='line_1_53' title="bbox 3092 644 3751 713; baseline 0 0"><span class='ocrx_word' id='word_1_348' title='bbox 3092 646 3228 713; x_wconf 86' lang='lat' dir='ltr'><strong>EX</strong></span> <span class='ocrx_word' id='word_1_349' title='bbox 3272 644 3540 713; x_wconf 82' lang='lat' dir='ltr'><strong>DEUT.</strong></span> <span class='ocrx_word' id='word_1_350' title='bbox 3586 645 3751 713; x_wconf 88' lang='lat' dir='ltr'>XII.</span> 
     </span>
    </p>
   </div>
   <div class='ocr_carea' id='block_1_12' title="bbox 2426 817 4400 3893">
    <p class='ocr_par' dir='ltr' id='par_1_13' title="bbox 2426 817 4400 3893">
     <span class='ocr_line' id='line_1_54' title="bbox 2606 817 4397 902; baseline 0.002 -19"><span class='ocrx_word' id='word_1_351' title='bbox 2606 818 2666 884; x_wconf 88' lang='lat'><strong>4.</strong></span> <span class='ocrx_word' id='word_1_352' title='bbox 2720 819 2864 885; x_wconf 89' lang='lat' dir='ltr'><strong>Non</strong></span> <span class='ocrx_word' id='word_1_353' title='bbox 2917 818 3173 902; x_wconf 76' lang='lat' dir='ltr'><strong>facietis</strong></span> <span class='ocrx_word' id='word_1_354' title='bbox 3225 820 3319 886; x_wconf 78' lang='lat' dir='ltr'><strong>sie</strong></span> <span class='ocrx_word' id='word_1_355' title='bbox 3363 817 3626 885; x_wconf 78' lang='lat' dir='ltr'><strong>lehovae</strong></span> <span class='ocrx_word' id='word_1_356' title='bbox 3666 818 3803 885; x_wconf 86' lang='lat' dir='ltr'><strong>Deo</strong></span> <span class='ocrx_word' id='word_1_357' title='bbox 3854 824 4068 886; x_wconf 76' lang='lat' dir='ltr'><strong>vestro.</strong></span> <span class='ocrx_word' id='word_1_358' title='bbox 4157 819 4219 886; x_wconf 85' lang='lat'><strong>5.</strong></span> <span class='ocrx_word' id='word_1_359' title='bbox 4270 820 4397 887; x_wconf 85' lang='lat' dir='ltr'><strong>Sed</strong></span> 
     </span>
     <span class='ocr_line' id='line_1_55' title="bbox 2437 903 4392 988; baseline 0.002 -19"><span class='ocrx_word' id='word_1_360' title='bbox 2437 904 2642 970; x_wconf 84' lang='lat' dir='ltr'><strong>locum</strong></span> <span class='ocrx_word' id='word_1_361' title='bbox 2683 926 2864 987; x_wconf 78' lang='lat' dir='ltr'><strong>quem</strong></span> <span class='ocrx_word' id='word_1_362' title='bbox 2906 905 3152 988; x_wconf 72' lang='lat' dir='ltr'><strong>eleqerit</strong></span> <span class='ocrx_word' id='word_1_363' title='bbox 3195 903 3427 971; x_wconf 74' lang='lat' dir='ltr'><strong>Ielzova</strong></span> <span class='ocrx_word' id='word_1_364' title='bbox 3469 904 3652 970; x_wconf 77' lang='lat' dir='ltr'><strong>Dens</strong></span> <span class='ocrx_word' id='word_1_365' title='bbox 3696 910 3889 971; x_wconf 71' lang='lat' dir='ltr'><strong>vester</strong></span> <span class='ocrx_word' id='word_1_366' title='bbox 3926 927 3959 971; x_wconf 91' lang='lat' dir='ltr'><strong>e</strong></span> <span class='ocrx_word' id='word_1_367' title='bbox 4001 907 4238 972; x_wconf 72' lang='lat' dir='ltr'><strong>cunctis</strong></span> <span class='ocrx_word' id='word_1_368' title='bbox 4279 908 4392 973; x_wconf 73' lang='lat' dir='ltr'><strong>tri-</strong></span> 
     </span>
     <span class='ocr_line' id='line_1_56' title="bbox 2437 989 4390 1072; baseline 0.002 -17"><span class='ocrx_word' id='word_1_369' title='bbox 2437 989 2635 1055; x_wconf 78' lang='lat' dir='ltr'><strong>bubus</strong></span> <span class='ocrx_word' id='word_1_370' title='bbox 2677 992 2922 1069; x_wconf 67' lang='lat' dir='ltr'><strong>cestrie,</strong></span> <span class='ocrx_word' id='word_1_371' title='bbox 2967 996 3037 1055; x_wconf 80' lang='lat' dir='ltr'><strong>at</strong></span> <span class='ocrx_word' id='word_1_372' title='bbox 3066 995 3267 1072; x_wconf 85' lang='lat' dir='ltr'><strong>ponat</strong></span> <span class='ocrx_word' id='word_1_373' title='bbox 3308 990 3440 1057; x_wconf 75' lang='lat' dir='ltr'><strong>illic</strong></span> <span class='ocrx_word' id='word_1_374' title='bbox 3481 1011 3703 1057; x_wconf 72' lang='lat' dir='ltr'><strong>nonien</strong></span> <span class='ocrx_word' id='word_1_375' title='bbox 3746 1011 3932 1057; x_wconf 76' lang='lat' dir='ltr'><strong>sunm</strong></span> <span class='ocrx_word' id='word_1_376' title='bbox 3975 993 4061 1058; x_wconf 91' lang='lat' dir='ltr'><strong>ad</strong></span> <span class='ocrx_word' id='word_1_377' title='bbox 4105 991 4390 1058; x_wconf 75' lang='lat' dir='ltr'><strong>habitan·</strong></span> 
     </span>
     <span class='ocr_line' id='line_1_57' title="bbox 2433 1075 4393 1160; baseline 0.002 -18"><span class='ocrx_word' id='word_1_378' title='bbox 2433 1078 2605 1157; x_wconf 80' lang='lat' dir='ltr'><strong>dam,</strong></span> <span class='ocrx_word' id='word_1_379' title='bbox 2650 1077 2980 1158; x_wconf 77' lang='lat' dir='ltr'><strong>quaeretis,</strong></span> <span class='ocrx_word' id='word_1_380' title='bbox 3023 1077 3398 1158; x_wconf 77' lang='lat' dir='ltr'><strong>venietisque</strong></span> <span class='ocrx_word' id='word_1_381' title='bbox 3436 1078 3602 1144; x_wconf 82' lang='lat' dir='ltr'><strong>illuc.</strong></span> <span class='ocrx_word' id='word_1_382' title='bbox 3684 1077 3745 1142; x_wconf 88' lang='lat'><strong>6.</strong></span> <span class='ocrx_word' id='word_1_383' title='bbox 3793 1075 3881 1143; x_wconf 84' lang='lat' dir='ltr'><strong>Et</strong></span> <span class='ocrx_word' id='word_1_384' title='bbox 3925 1079 4199 1160; x_wconf 74' lang='lat' dir='ltr'><strong>afferetis</strong></span> <span class='ocrx_word' id='word_1_385' title='bbox 4240 1078 4393 1146; x_wconf 78' lang='lat' dir='ltr'><strong>illac</strong></span> 
     </span>
     <span class='ocr_line' id='line_1_58' title="bbox 2437 1162 4392 1246; baseline 0.002 -19"><span class='ocrx_word' id='word_1_386' title='bbox 2437 1162 2796 1228; x_wconf 76' lang='lat' dir='ltr'><strong>holocausta</strong></span> <span class='ocrx_word' id='word_1_387' title='bbox 2850 1167 3057 1228; x_wconf 81' lang='lat' dir='ltr'><strong>vestra</strong></span> <span class='ocrx_word' id='word_1_388' title='bbox 3072 1213 3086 1240; x_wconf 93' lang='lat'><strong>,</strong></span> <span class='ocrx_word' id='word_1_389' title='bbox 3139 1162 3459 1243; x_wconf 70' lang='lat' dir='ltr'><strong>sacrificia</strong></span> <span class='ocrx_word' id='word_1_390' title='bbox 3512 1167 3716 1228; x_wconf 73' lang='lat' dir='ltr'><strong>vestra</strong></span> <span class='ocrx_word' id='word_1_391' title='bbox 3733 1212 3747 1236; x_wconf 88' lang='lat'>‚</span> <span class='ocrx_word' id='word_1_392' title='bbox 3806 1163 4078 1230; x_wconf 77' lang='lat' dir='ltr'><strong>decimas</strong></span> <span class='ocrx_word' id='word_1_393' title='bbox 4132 1168 4392 1246; x_wconf 70' lang='lat' dir='ltr'><strong>vestrae,</strong></span> 
     </span>
     <span class='ocr_line' id='line_1_59' title="bbox 2438 1248 4395 1332; baseline 0.003 -20"><span class='ocrx_word' id='word_1_394' title='bbox 2438 1248 2801 1315; x_wconf 77' lang='lat' dir='ltr'><strong>levationem</strong></span> <span class='ocrx_word' id='word_1_395' title='bbox 2846 1268 3077 1314; x_wconf 75' lang='lat' dir='ltr'><strong>manns</strong></span> <span class='ocrx_word' id='word_1_396' title='bbox 3114 1253 3384 1326; x_wconf 78' lang='lat' dir='ltr'><strong>vestrae,</strong></span> <span class='ocrx_word' id='word_1_397' title='bbox 3429 1254 3571 1314; x_wconf 85' lang='lat' dir='ltr'><strong>vota</strong></span> <span class='ocrx_word' id='word_1_398' title='bbox 3612 1255 3837 1328; x_wconf 74' lang='lat' dir='ltr'><strong>vestra,</strong></span> <span class='ocrx_word' id='word_1_399' title='bbox 3880 1254 4255 1332; x_wconf 77' lang='lat' dir='ltr'><strong>spontaneas</strong></span> <span class='ocrx_word' id='word_1_400' title='bbox 4296 1251 4395 1316; x_wconf 92' lang='lat' dir='ltr'><strong>ob·</strong></span> 
     </span>
     <span class='ocr_line' id='line_1_60' title="bbox 2439 1333 4393 1420; baseline 0.001 -20"><span class='ocrx_word' id='word_1_401' title='bbox 2439 1333 2700 1400; x_wconf 72' lang='lat' dir='ltr'><strong>tationes</strong></span> <span class='ocrx_word' id='word_1_402' title='bbox 2754 1339 2993 1401; x_wconf 71' lang='lat' dir='ltr'><strong>vestrae</strong></span> <span class='ocrx_word' id='word_1_403' title='bbox 3008 1387 3023 1414; x_wconf 88' lang='lat'><strong>,</strong></span> <span class='ocrx_word' id='word_1_404' title='bbox 3071 1335 3499 1418; x_wconf 74' lang='lat' dir='ltr'><strong>primoyenita</strong></span> <span class='ocrx_word' id='word_1_405' title='bbox 3551 1339 3975 1400; x_wconf 77' lang='lat' dir='ltr'><strong>armentorum</strong></span> <span class='ocrx_word' id='word_1_406' title='bbox 4030 1342 4393 1420; x_wconf 74' lang='lat' dir='ltr'><strong>vestrorum,</strong></span> 
     </span>
     <span class='ocr_line' id='line_1_61' title="bbox 2438 1418 4395 1503; baseline 0.001 -18"><span class='ocrx_word' id='word_1_407' title='bbox 2438 1425 2498 1485; x_wconf 88' lang='lat' dir='ltr'><strong>et</strong></span> <span class='ocrx_word' id='word_1_408' title='bbox 2518 1419 2839 1501; x_wconf 78' lang='lat' dir='ltr'><strong>pecudum</strong></span> <span class='ocrx_word' id='word_1_409' title='bbox 2857 1425 3225 1486; x_wconf 68' lang='lat' dir='ltr'><strong>vestrarum.</strong></span> <span class='ocrx_word' id='word_1_410' title='bbox 3294 1421 3352 1485; x_wconf 80' lang='lat'><strong>7.</strong></span> <span class='ocrx_word' id='word_1_411' title='bbox 3396 1418 3852 1502; x_wconf 73' lang='lat' dir='ltr'><strong>Comedetisque</strong></span> <span class='ocrx_word' id='word_1_412' title='bbox 3870 1421 3960 1486; x_wconf 83' lang='lat' dir='ltr'><strong>ibi</strong></span> <span class='ocrx_word' id='word_1_413' title='bbox 3981 1421 4053 1487; x_wconf 82' lang='lat' dir='ltr'><strong>in</strong></span> <span class='ocrx_word' id='word_1_414' title='bbox 4073 1427 4395 1503; x_wconf 74' lang='lat' dir='ltr'><strong>conspectu</strong></span> 
     </span>
     <span class='ocr_line' id='line_1_62' title="bbox 2442 1505 4396 1590; baseline 0.003 -19"><span class='ocrx_word' id='word_1_415' title='bbox 2442 1506 2705 1572; x_wconf 76' lang='lat' dir='ltr'><strong>Iebovae</strong></span> <span class='ocrx_word' id='word_1_416' title='bbox 2723 1505 2853 1572; x_wconf 88' lang='lat' dir='ltr'><strong>Dei</strong></span> <span class='ocrx_word' id='word_1_417' title='bbox 2884 1508 3094 1582; x_wconf 77' lang='lat' dir='ltr'><strong>vestri,</strong></span> <span class='ocrx_word' id='word_1_418' title='bbox 3138 1511 3194 1572; x_wconf 82' lang='lat' dir='ltr'><strong>et</strong></span> <span class='ocrx_word' id='word_1_419' title='bbox 3225 1505 3615 1572; x_wconf 79' lang='lat' dir='ltr'><strong>laetabimini</strong></span> <span class='ocrx_word' id='word_1_420' title='bbox 3655 1507 3727 1571; x_wconf 86' lang='lat' dir='ltr'><strong>in</strong></span> <span class='ocrx_word' id='word_1_421' title='bbox 3768 1508 3939 1583; x_wconf 87' lang='lat' dir='ltr'><strong>omni</strong></span> <span class='ocrx_word' id='word_1_422' title='bbox 3981 1507 4396 1590; x_wconf 73' lang='lat' dir='ltr'><strong>applicatione</strong></span> 
     </span>
     <span class='ocr_line' id='line_1_63' title="bbox 2440 1592 4395 1676; baseline 0.002 -20"><span class='ocrx_word' id='word_1_423' title='bbox 2440 1612 2670 1657; x_wconf 78' lang='lat' dir='ltr'><strong>manns</strong></span> <span class='ocrx_word' id='word_1_424' title='bbox 2704 1598 2961 1672; x_wconf 77' lang='lat' dir='ltr'><strong>vestrae,</strong></span> <span class='ocrx_word' id='word_1_425' title='bbox 3004 1612 3112 1658; x_wconf 75' lang='lat' dir='ltr'><strong>vos</strong></span> <span class='ocrx_word' id='word_1_426' title='bbox 3144 1598 3200 1658; x_wconf 88' lang='lat' dir='ltr'><strong>et</strong></span> <span class='ocrx_word' id='word_1_427' title='bbox 3241 1592 3466 1658; x_wconf 72' lang='lat' dir='ltr'><strong>domas</strong></span> <span class='ocrx_word' id='word_1_428' title='bbox 3509 1597 3769 1672; x_wconf 79' lang='lat' dir='ltr'><strong>vestrae,</strong></span> <span class='ocrx_word' id='word_1_429' title='bbox 3807 1592 4037 1676; x_wconf 77' lang='lat' dir='ltr'><strong>quibus</strong></span> <span class='ocrx_word' id='word_1_430' title='bbox 4071 1592 4395 1661; x_wconf 79' lang='lat' dir='ltr'><strong>benedixe-</strong></span> 
     </span>
     <span class='ocr_line' id='line_1_64' title="bbox 2440 1677 4400 1761; baseline 0.003 -20"><span class='ocrx_word' id='word_1_431' title='bbox 2440 1678 2530 1742; x_wconf 83' lang='lat' dir='ltr'><strong>rit</strong></span> <span class='ocrx_word' id='word_1_432' title='bbox 2574 1677 2805 1742; x_wconf 80' lang='lat' dir='ltr'><strong>Iehova</strong></span> <span class='ocrx_word' id='word_1_433' title='bbox 2849 1677 3031 1745; x_wconf 75' lang='lat' dir='ltr'><strong>Deus</strong></span> <span class='ocrx_word' id='word_1_434' title='bbox 3070 1683 3236 1745; x_wconf 76' lang='lat' dir='ltr'><strong>tuas,</strong></span> <span class='ocrx_word' id='word_1_435' title='bbox 3305 1678 3365 1745; x_wconf 87' lang='lat'><strong>8.</strong></span> <span class='ocrx_word' id='word_1_436' title='bbox 3417 1678 3564 1744; x_wconf 84' lang='lat' dir='ltr'><strong>Non</strong></span> <span class='ocrx_word' id='word_1_437' title='bbox 3601 1678 3853 1761; x_wconf 80' lang='lat' dir='ltr'><strong>facietis</strong></span> <span class='ocrx_word' id='word_1_438' title='bbox 3893 1680 4231 1744; x_wconf 79' lang='lat' dir='ltr'><strong>secundum</strong></span> <span class='ocrx_word' id='word_1_439' title='bbox 4273 1700 4400 1746; x_wconf 82' lang='lat' dir='ltr'><strong>om-</strong></span> 
     </span>
     <span class='ocr_line' id='line_1_65' title="bbox 2441 1764 4397 1848; baseline 0.003 -21"><span class='ocrx_word' id='word_1_440' title='bbox 2441 1765 2555 1829; x_wconf 85' lang='lat' dir='ltr'><strong>nia</strong></span> <span class='ocrx_word' id='word_1_441' title='bbox 2612 1784 2771 1846; x_wconf 76' lang='lat' dir='ltr'><strong>quae</strong></span> <span class='ocrx_word' id='word_1_442' title='bbox 2826 1785 2941 1830; x_wconf 75' lang='lat' dir='ltr'><strong>nos</strong></span> <span class='ocrx_word' id='word_1_443' title='bbox 2995 1764 3176 1830; x_wconf 80' lang='lat' dir='ltr'><strong>hodie</strong></span> <span class='ocrx_word' id='word_1_444' title='bbox 3225 1764 3329 1830; x_wconf 79' lang='lat' dir='ltr'><strong>hic</strong></span> <span class='ocrx_word' id='word_1_445' title='bbox 3374 1764 3687 1847; x_wconf 58' lang='lat' dir='ltr'><strong>facientia,</strong></span> <span class='ocrx_word' id='word_1_446' title='bbox 3747 1765 4178 1848; x_wconf 74' lang='lat' dir='ltr'><strong>unusquisque</strong></span> <span class='ocrx_word' id='word_1_447' title='bbox 4235 1767 4397 1848; x_wconf 74' lang='lat' dir='ltr'><strong>quod</strong></span> 
     </span>
     <span class='ocr_line' id='line_1_66' title="bbox 2442 1850 4395 1931; baseline 0.001 -15"><span class='ocrx_word' id='word_1_448' title='bbox 2442 1854 2677 1916; x_wconf 79' lang='lat' dir='ltr'><strong>rectum</strong></span> <span class='ocrx_word' id='word_1_449' title='bbox 2732 1854 2823 1914; x_wconf 76' lang='lat' dir='ltr'><strong>est</strong></span> <span class='ocrx_word' id='word_1_450' title='bbox 2880 1851 2951 1914; x_wconf 85' lang='lat' dir='ltr'><strong>in</strong></span> <span class='ocrx_word' id='word_1_451' title='bbox 3005 1850 3202 1917; x_wconf 77' lang='lat' dir='ltr'><strong>oculis</strong></span> <span class='ocrx_word' id='word_1_452' title='bbox 3242 1851 3400 1916; x_wconf 70' lang='lat' dir='ltr'><strong>sais,</strong></span> <span class='ocrx_word' id='word_1_453' title='bbox 3490 1850 3551 1916; x_wconf 89' lang='lat'><strong>9.</strong></span> <span class='ocrx_word' id='word_1_454' title='bbox 3602 1850 3768 1931; x_wconf 77' lang='lat' dir='ltr'><strong>Quia</strong></span> <span class='ocrx_word' id='word_1_455' title='bbox 3809 1872 3931 1916; x_wconf 89' lang='lat' dir='ltr'><strong>non</strong></span> <span class='ocrx_word' id='word_1_456' title='bbox 3974 1851 4236 1918; x_wconf 70' lang='lat' dir='ltr'><strong>venistis</strong></span> <span class='ocrx_word' id='word_1_457' title='bbox 4279 1852 4395 1917; x_wconf 86' lang='lat' dir='ltr'><strong>ad·</strong></span> 
     </span>
     <span class='ocr_line' id='line_1_67' title="bbox 2442 1934 4396 2019; baseline 0.002 -18"><span class='ocrx_word' id='word_1_458' title='bbox 2442 1936 2562 2001; x_wconf 77' lang='lat' dir='ltr'><strong>hnc</strong></span> <span class='ocrx_word' id='word_1_459' title='bbox 2613 1934 2702 2000; x_wconf 88' lang='lat' dir='ltr'><strong>ad</strong></span> <span class='ocrx_word' id='word_1_460' title='bbox 2757 1938 3031 2018; x_wconf 75' lang='lat' dir='ltr'><strong>requiem</strong></span> <span class='ocrx_word' id='word_1_461' title='bbox 3084 1943 3143 2001; x_wconf 89' lang='lat' dir='ltr'><strong>et</strong></span> <span class='ocrx_word' id='word_1_462' title='bbox 3197 1936 3643 2002; x_wconf 80' lang='lat' dir='ltr'><strong>haereditatem</strong></span> <span class='ocrx_word' id='word_1_463' title='bbox 3695 1958 3883 2019; x_wconf 77' lang='lat' dir='ltr'><strong>quam</strong></span> <span class='ocrx_word' id='word_1_464' title='bbox 3928 1936 4158 2002; x_wconf 79' lang='lat' dir='ltr'><strong>Ielwva</strong></span> <span class='ocrx_word' id='word_1_465' title='bbox 4214 1936 4396 2004; x_wconf 76' lang='lat' dir='ltr'><strong>Deus</strong></span> 
     </span>
     <span class='ocr_line' id='line_1_68' title="bbox 2443 2021 4397 2104; baseline 0.002 -18"><span class='ocrx_word' id='word_1_466' title='bbox 2443 2027 2590 2087; x_wconf 75' lang='lat' dir='ltr'><strong>tans</strong></span> <span class='ocrx_word' id='word_1_467' title='bbox 2624 2022 2735 2087; x_wconf 86' lang='lat' dir='ltr'><strong>dat</strong></span> <span class='ocrx_word' id='word_1_468' title='bbox 2766 2022 2896 2087; x_wconf 85' lang='lat' dir='ltr'><strong>tibi.</strong></span> <span class='ocrx_word' id='word_1_469' title='bbox 2958 2021 3060 2088; x_wconf 90' lang='lat'><strong>10.</strong></span> <span class='ocrx_word' id='word_1_470' title='bbox 3102 2022 3308 2104; x_wconf 74' lang='lat' dir='ltr'><strong>Quum</strong></span> <span class='ocrx_word' id='word_1_471' title='bbox 3350 2043 3495 2087; x_wconf 82' lang='lat' dir='ltr'><strong>vero</strong></span> <span class='ocrx_word' id='word_1_472' title='bbox 3537 2023 3924 2088; x_wconf 58' lang='lat' dir='ltr'><strong>hansieritis</strong></span> <span class='ocrx_word' id='word_1_473' title='bbox 3946 2022 4302 2101; x_wconf 76' lang='lat' dir='ltr'><strong>Iordanem,</strong></span> <span class='ocrx_word' id='word_1_474' title='bbox 4338 2028 4397 2090; x_wconf 81' lang='lat' dir='ltr'><strong>et</strong></span> 
     </span>
     <span class='ocr_line' id='line_1_69' title="bbox 2443 2106 4396 2189; baseline 0.001 -16"><span class='ocrx_word' id='word_1_475' title='bbox 2443 2106 2804 2173; x_wconf 76' lang='lat' dir='ltr'><strong>habitabitis</strong></span> <span class='ocrx_word' id='word_1_476' title='bbox 2856 2108 2924 2172; x_wconf 86' lang='lat' dir='ltr'><strong>in</strong></span> <span class='ocrx_word' id='word_1_477' title='bbox 2979 2112 3150 2180; x_wconf 79' lang='lat' dir='ltr'><strong>terra</strong></span> <span class='ocrx_word' id='word_1_478' title='bbox 3206 2127 3401 2189; x_wconf 78' lang='lat' dir='ltr'><strong>qnam</strong></span> <span class='ocrx_word' id='word_1_479' title='bbox 3444 2106 3675 2174; x_wconf 75' lang='lat' dir='ltr'><strong>Iehova</strong></span> <span class='ocrx_word' id='word_1_480' title='bbox 3717 2106 3899 2174; x_wconf 81' lang='lat' dir='ltr'><strong>Deus</strong></span> <span class='ocrx_word' id='word_1_481' title='bbox 3938 2113 4088 2174; x_wconf 73' lang='lat' dir='ltr'><strong>tuns</strong></span> <span class='ocrx_word' id='word_1_482' title='bbox 4127 2109 4239 2175; x_wconf 81' lang='lat' dir='ltr'><strong>dat</strong></span> <span class='ocrx_word' id='word_1_483' title='bbox 4278 2109 4396 2175; x_wconf 87' lang='lat' dir='ltr'><strong>tibi</strong></span> 
     </span>
     <span class='ocr_line' id='line_1_70' title="bbox 2432 2193 4395 2277; baseline 0.002 -19"><span class='ocrx_word' id='word_1_484' title='bbox 2432 2193 2903 2277; x_wconf 75' lang='lat' dir='ltr'><strong>possidendam,</strong></span> <span class='ocrx_word' id='word_1_485' title='bbox 2946 2198 3002 2258; x_wconf 86' lang='lat' dir='ltr'><strong>et</strong></span> <span class='ocrx_word' id='word_1_486' title='bbox 3036 2194 3309 2274; x_wconf 74' lang='lat' dir='ltr'><strong>requiem</strong></span> <span class='ocrx_word' id='word_1_487' title='bbox 3345 2193 3587 2259; x_wconf 70' lang='lat' dir='ltr'><strong>dederit</strong></span> <span class='ocrx_word' id='word_1_488' title='bbox 3618 2193 3793 2260; x_wconf 78' lang='lat' dir='ltr'><strong>vobis</strong></span> <span class='ocrx_word' id='word_1_489' title='bbox 3826 2193 3904 2259; x_wconf 89' lang='lat' dir='ltr'><strong>ab</strong></span> <span class='ocrx_word' id='word_1_490' title='bbox 3947 2194 4232 2261; x_wconf 76' lang='lat' dir='ltr'><strong>omnibns</strong></span> <span class='ocrx_word' id='word_1_491' title='bbox 4271 2196 4395 2261; x_wconf 84' lang='lat' dir='ltr'><strong>ini-</strong></span> 
     </span>
     <span class='ocr_line' id='line_1_71' title="bbox 2447 2279 4393 2360; baseline 0.002 -16"><span class='ocrx_word' id='word_1_492' title='bbox 2447 2280 2629 2345; x_wconf 83' lang='lat' dir='ltr'><strong>micis</strong></span> <span class='ocrx_word' id='word_1_493' title='bbox 2648 2280 2874 2345; x_wconf 74' lang='lat' dir='ltr'><strong>vestris</strong></span> <span class='ocrx_word' id='word_1_494' title='bbox 2895 2280 2962 2344; x_wconf 87' lang='lat' dir='ltr'><strong>in</strong></span> <span class='ocrx_word' id='word_1_495' title='bbox 2998 2280 3280 2356; x_wconf 74' lang='lat' dir='ltr'><strong>circuitu,</strong></span> <span class='ocrx_word' id='word_1_496' title='bbox 3319 2284 3378 2345; x_wconf 85' lang='lat' dir='ltr'><strong>et</strong></span> <span class='ocrx_word' id='word_1_497' title='bbox 3407 2279 3774 2346; x_wconf 76' lang='lat' dir='ltr'><strong>habitabitis</strong></span> <span class='ocrx_word' id='word_1_498' title='bbox 3802 2300 4032 2360; x_wconf 81' lang='lat' dir='ltr'><strong>secure,</strong></span> <span class='ocrx_word' id='word_1_499' title='bbox 4082 2280 4182 2347; x_wconf 91' lang='grc'><strong>11.</strong></span> <span class='ocrx_word' id='word_1_500' title='bbox 4215 2280 4393 2348; x_wconf 82' lang='lat' dir='ltr'><strong>Tunc</strong></span> 
     </span>
     <span class='ocr_line' id='line_1_72' title="bbox 2447 2365 4393 2449; baseline 0.002 -18"><span class='ocrx_word' id='word_1_501' title='bbox 2447 2365 2532 2431; x_wconf 89' lang='lat' dir='ltr'><strong>ad</strong></span> <span class='ocrx_word' id='word_1_502' title='bbox 2576 2365 2775 2431; x_wconf 78' lang='lat' dir='ltr'><strong>locum</strong></span> <span class='ocrx_word' id='word_1_503' title='bbox 2816 2385 2999 2448; x_wconf 70' lang='lat' dir='ltr'><strong>quem</strong></span> <span class='ocrx_word' id='word_1_504' title='bbox 3039 2365 3287 2449; x_wconf 77' lang='lat' dir='ltr'><strong>eleyerit</strong></span> <span class='ocrx_word' id='word_1_505' title='bbox 3327 2365 3559 2432; x_wconf 80' lang='lat' dir='ltr'><strong>Iehova</strong></span> <span class='ocrx_word' id='word_1_506' title='bbox 3600 2365 3783 2431; x_wconf 76' lang='lat' dir='ltr'><strong>Dens</strong></span> <span class='ocrx_word' id='word_1_507' title='bbox 3821 2372 4047 2445; x_wconf 73' lang='lat' dir='ltr'><strong>vester,</strong></span> <span class='ocrx_word' id='word_1_508' title='bbox 4105 2367 4282 2431; x_wconf 81' lang='lat' dir='ltr'><strong>utin</strong></span> <span class='ocrx_word' id='word_1_509' title='bbox 4324 2387 4393 2434; x_wconf 89' lang='lat' dir='ltr'><strong>co</strong></span> 
     </span>
     <span class='ocr_line' id='line_1_73' title="bbox 2444 2451 4393 2535; baseline 0.002 -19"><span class='ocrx_word' id='word_1_510' title='bbox 2444 2451 2729 2517; x_wconf 76' lang='lat' dir='ltr'><strong>habitare</strong></span> <span class='ocrx_word' id='word_1_511' title='bbox 2779 2452 2978 2534; x_wconf 79' lang='lat' dir='ltr'><strong>faciat</strong></span> <span class='ocrx_word' id='word_1_512' title='bbox 3032 2471 3246 2516; x_wconf 83' lang='lat' dir='ltr'><strong>nomen</strong></span> <span class='ocrx_word' id='word_1_513' title='bbox 3300 2471 3517 2531; x_wconf 64' lang='lat' dir='ltr'><strong>mum,</strong></span> <span class='ocrx_word' id='word_1_514' title='bbox 3590 2453 3914 2519; x_wconf 77' lang='lat' dir='ltr'><strong>adducetis</strong></span> <span class='ocrx_word' id='word_1_515' title='bbox 3965 2454 4176 2518; x_wconf 87' lang='lat' dir='ltr'><strong>omnia</strong></span> <span class='ocrx_word' id='word_1_516' title='bbox 4231 2474 4393 2535; x_wconf 79' lang='lat' dir='ltr'><strong>quae</strong></span> 
     </span>
     <span class='ocr_line' id='line_1_74' title="bbox 2444 2535 4391 2621; baseline 0.001 -18"><span class='ocrx_word' id='word_1_517' title='bbox 2444 2558 2550 2621; x_wconf 75' lang='lat' dir='ltr'><strong>eqo</strong></span> <span class='ocrx_word' id='word_1_518' title='bbox 2572 2538 2902 2619; x_wconf 86' lang='lat' dir='ltr'><strong>praecipio</strong></span> <span class='ocrx_word' id='word_1_519' title='bbox 2935 2537 3120 2617; x_wconf 74' lang='lat' dir='ltr'><strong>vobis,</strong></span> <span class='ocrx_word' id='word_1_520' title='bbox 3162 2535 3514 2604; x_wconf 72' lang='lat' dir='ltr'><strong>holocausta</strong></span> <span class='ocrx_word' id='word_1_521' title='bbox 3545 2542 3769 2614; x_wconf 79' lang='lat' dir='ltr'><strong>vestra,</strong></span> <span class='ocrx_word' id='word_1_522' title='bbox 3812 2539 4128 2621; x_wconf 71' lang='lat' dir='ltr'><strong>sacrificia</strong></span> <span class='ocrx_word' id='word_1_523' title='bbox 4169 2544 4391 2620; x_wconf 78' lang='lat' dir='ltr'><strong>vestra,</strong></span> 
     </span>
     <span class='ocr_line' id='line_1_75' title="bbox 2443 2623 4393 2703; baseline 0 -14"><span class='ocrx_word' id='word_1_524' title='bbox 2443 2624 2716 2689; x_wconf 79' lang='lat' dir='ltr'><strong>decimas</strong></span> <span class='ocrx_word' id='word_1_525' title='bbox 2745 2629 3005 2703; x_wconf 72' lang='lat' dir='ltr'><strong>vestrae,</strong></span> <span class='ocrx_word' id='word_1_526' title='bbox 3049 2623 3446 2689; x_wconf 76' lang='lat' dir='ltr'><strong>elevationem</strong></span> <span class='ocrx_word' id='word_1_527' title='bbox 3488 2644 3720 2690; x_wconf 75' lang='lat' dir='ltr'><strong>manus</strong></span> <span class='ocrx_word' id='word_1_528' title='bbox 3759 2629 4013 2702; x_wconf 67' lang='lat' dir='ltr'><strong>vestrae,</strong></span> <span class='ocrx_word' id='word_1_529' title='bbox 4058 2629 4115 2689; x_wconf 87' lang='lat' dir='ltr'><strong>et</strong></span> <span class='ocrx_word' id='word_1_530' title='bbox 4154 2644 4393 2690; x_wconf 82' lang='lat' dir='ltr'><strong>omnem</strong></span> 
     </span>
     <span class='ocr_line' id='line_1_76' title="bbox 2443 2709 4393 2793; baseline -0.001 -17"><span class='ocrx_word' id='word_1_531' title='bbox 2443 2710 2738 2777; x_wconf 81' lang='lat' dir='ltr'><strong>delectam</strong></span> <span class='ocrx_word' id='word_1_532' title='bbox 2795 2714 3072 2775; x_wconf 80' lang='lat' dir='ltr'><strong>votorum</strong></span> <span class='ocrx_word' id='word_1_533' title='bbox 3127 2714 3473 2775; x_wconf 76' lang='lat' dir='ltr'><strong>vestrorum</strong></span> <span class='ocrx_word' id='word_1_534' title='bbox 3526 2731 3687 2793; x_wconf 76' lang='lat' dir='ltr'><strong>quae</strong></span> <span class='ocrx_word' id='word_1_535' title='bbox 3742 2711 4051 2776; x_wconf 73' lang='lat' dir='ltr'><strong>vovebitis.</strong></span> <span class='ocrx_word' id='word_1_536' title='bbox 4144 2710 4245 2776; x_wconf 85' lang='lat'><strong>12.</strong></span> <span class='ocrx_word' id='word_1_537' title='bbox 4304 2709 4393 2775; x_wconf 85' lang='lat' dir='ltr'><strong>Et</strong></span> 
     </span>
     <span class='ocr_line' id='line_1_77' title="bbox 2444 2793 4390 2878; baseline 0 -16"><span class='ocrx_word' id='word_1_538' title='bbox 2444 2795 2834 2862; x_wconf 76' lang='lat' dir='ltr'><strong>laetabimini</strong></span> <span class='ocrx_word' id='word_1_539' title='bbox 2878 2815 3088 2861; x_wconf 85' lang='lat' dir='ltr'><strong>coram</strong></span> <span class='ocrx_word' id='word_1_540' title='bbox 3133 2793 3364 2861; x_wconf 77' lang='lat' dir='ltr'><strong>Iekova</strong></span> <span class='ocrx_word' id='word_1_541' title='bbox 3410 2794 3544 2860; x_wconf 85' lang='lat' dir='ltr'><strong>Deo</strong></span> <span class='ocrx_word' id='word_1_542' title='bbox 3585 2800 3801 2873; x_wconf 77' lang='lat' dir='ltr'><strong>vestro,</strong></span> <span class='ocrx_word' id='word_1_543' title='bbox 3847 2816 3955 2861; x_wconf 85' lang='lat' dir='ltr'><strong>vos</strong></span> <span class='ocrx_word' id='word_1_544' title='bbox 3996 2800 4052 2860; x_wconf 87' lang='lat' dir='ltr'><strong>et</strong></span> <span class='ocrx_word' id='word_1_545' title='bbox 4088 2796 4216 2878; x_wconf 75' lang='lat' dir='ltr'><strong>filii</strong></span> <span class='ocrx_word' id='word_1_546' title='bbox 4258 2816 4390 2862; x_wconf 72' lang='lat' dir='ltr'><strong>ves-</strong></span> 
     </span>
     <span class='ocr_line' id='line_1_78' title="bbox 2443 2881 4392 2964; baseline 0 -17"><span class='ocrx_word' id='word_1_547' title='bbox 2443 2883 2531 2947; x_wconf 83' lang='lat' dir='ltr'><strong>tri</strong></span> <span class='ocrx_word' id='word_1_548' title='bbox 2544 2931 2559 2956; x_wconf 88' lang='lat'><strong>,</strong></span> <span class='ocrx_word' id='word_1_549' title='bbox 2614 2887 2674 2947; x_wconf 86' lang='lat' dir='ltr'><strong>et</strong></span> <span class='ocrx_word' id='word_1_550' title='bbox 2722 2881 2897 2962; x_wconf 72' lang='lat' dir='ltr'><strong>filiae</strong></span> <span class='ocrx_word' id='word_1_551' title='bbox 2953 2886 3218 2964; x_wconf 83' lang='lat' dir='ltr'><strong>vestrae,</strong></span> <span class='ocrx_word' id='word_1_552' title='bbox 3278 2881 3446 2946; x_wconf 76' lang='lat' dir='ltr'><strong>servi</strong></span> <span class='ocrx_word' id='word_1_553' title='bbox 3488 2882 3675 2946; x_wconf 79' lang='lat' dir='ltr'><strong>vestri</strong></span> <span class='ocrx_word' id='word_1_554' title='bbox 3716 2887 3775 2946; x_wconf 90' lang='lat' dir='ltr'><strong>et</strong></span> <span class='ocrx_word' id='word_1_555' title='bbox 3815 2881 4081 2947; x_wconf 84' lang='lat' dir='ltr'><strong>ancillae</strong></span> <span class='ocrx_word' id='word_1_556' title='bbox 4122 2887 4392 2947; x_wconf 79' lang='lat' dir='ltr'><strong>vestrae.-</strong></span> 
     </span>
     <span class='ocr_line' id='line_1_79' title="bbox 2443 2967 4388 3050; baseline 0.001 -19"><span class='ocrx_word' id='word_1_557' title='bbox 2443 2968 2667 3033; x_wconf 85' lang='lat' dir='ltr'><strong>Levita</strong></span> <span class='ocrx_word' id='word_1_558' title='bbox 2709 2987 2946 3050; x_wconf 77' lang='lat' dir='ltr'><strong>qnoque</strong></span> <span class='ocrx_word' id='word_1_559' title='bbox 2988 2968 3100 3049; x_wconf 80' lang='lat' dir='ltr'><strong>qni</strong></span> <span class='ocrx_word' id='word_1_560' title='bbox 3143 2967 3263 3030; x_wconf 85' lang='lat' dir='ltr'><strong>erit</strong></span> <span class='ocrx_word' id='word_1_561' title='bbox 3300 2967 3474 3031; x_wconf 81' lang='lat' dir='ltr'><strong>intra</strong></span> <span class='ocrx_word' id='word_1_562' title='bbox 3504 2972 3734 3047; x_wconf 79' lang='lat' dir='ltr'><strong>portas</strong></span> <span class='ocrx_word' id='word_1_563' title='bbox 3765 2971 4032 3033; x_wconf 73' lang='lat' dir='ltr'><strong>vestras.-</strong></span> <span class='ocrx_word' id='word_1_564' title='bbox 4073 2970 4227 3048; x_wconf 79' lang='lat' dir='ltr'><strong>quia</strong></span> <span class='ocrx_word' id='word_1_565' title='bbox 4263 2988 4388 3033; x_wconf 86' lang='lat' dir='ltr'><strong>non</strong></span> 
     </span>
     <span class='ocr_line' id='line_1_80' title="bbox 2439 3051 4390 3133; baseline 0.001 -15"><span class='ocrx_word' id='word_1_566' title='bbox 2439 3052 2679 3120; x_wconf 77' lang='lat' dir='ltr'><strong>habebit</strong></span> <span class='ocrx_word' id='word_1_567' title='bbox 2721 3057 2973 3133; x_wconf 84' lang='lat' dir='ltr'><strong>partem</strong></span> <span class='ocrx_word' id='word_1_568' title='bbox 3028 3056 3088 3117; x_wconf 86' lang='lat' dir='ltr'><strong>et</strong></span> <span class='ocrx_word' id='word_1_569' title='bbox 3144 3051 3584 3119; x_wconf 76' lang='lat' dir='ltr'><strong>haereditatem</strong></span> <span class='ocrx_word' id='word_1_570' title='bbox 3639 3052 3967 3120; x_wconf 67' lang='grc' dir='ltr'><strong>υοὸἰεοαηα.</strong></span> <span class='ocrx_word' id='word_1_571' title='bbox 4059 3052 4161 3121; x_wconf 88' lang='grc'><strong>13.</strong></span> <span class='ocrx_word' id='word_1_572' title='bbox 4226 3051 4390 3120; x_wconf 82' lang='lat' dir='ltr'><strong>Cave</strong></span> 
     </span>
     <span class='ocr_line' id='line_1_81' title="bbox 2434 3137 4389 3240; baseline 0.001 -35"><span class='ocrx_word' id='word_1_573' title='bbox 2434 3141 2551 3206; x_wconf 83' lang='lat' dir='ltr'><strong>tibi</strong></span> <span class='ocrx_word' id='word_1_574' title='bbox 2584 3161 2661 3205; x_wconf 91' lang='lat' dir='ltr'><strong>ne</strong></span> <span class='ocrx_word' id='word_1_575' title='bbox 2689 3141 2849 3239; x_wconf 74' lang='lat' dir='ltr'><strong>forte</strong></span> <span class='ocrx_word' id='word_1_576' title='bbox 2881 3139 3107 3221; x_wconf 75' lang='lat' dir='ltr'><strong>offeras</strong></span> <span class='ocrx_word' id='word_1_577' title='bbox 3139 3137 3501 3239; x_wconf 73' lang='lat' dir='ltr'><strong>holocausta</strong></span> <span class='ocrx_word' id='word_1_578' title='bbox 3529 3143 3642 3204; x_wconf 79' lang='lat' dir='ltr'><strong>tua</strong></span> <span class='ocrx_word' id='word_1_579' title='bbox 3674 3140 3746 3204; x_wconf 84' lang='lat' dir='ltr'><strong>in</strong></span> <span class='ocrx_word' id='word_1_580' title='bbox 3779 3141 4002 3239; x_wconf 53' lang='lat' dir='ltr'><strong>quovis</strong></span> <span class='ocrx_word' id='word_1_581' title='bbox 4042 3139 4169 3206; x_wconf 88' lang='lat' dir='ltr'><strong>loco</strong></span> <span class='ocrx_word' id='word_1_582' title='bbox 4209 3160 4389 3240; x_wconf 68' lang='lat' dir='ltr'><strong>quem</strong></span> 
     </span>
     <span class='ocr_line' id='line_1_82' title="bbox 2437 3223 4392 3410; baseline 0.001 -33"><span class='ocrx_word' id='word_1_583' title='bbox 2437 3246 2907 3410; x_wconf 51' lang='lat' dir='ltr'><strong>mm..</strong></span> <span class='ocrx_word' id='word_1_584' title='bbox 2935 3223 3218 3375; x_wconf 49' lang='lat' dir='ltr'><strong>¹223ss</strong></span> <span class='ocrx_word' id='word_1_585' title='bbox 3235 3226 3493 3389; x_wconf 59' lang='lat'><strong>215⁰?</strong></span> <span class='ocrx_word' id='word_1_586' title='bbox 3486 3245 3718 3410; x_wconf 54' lang='lat' dir='ltr'><strong>qm</strong></span> <span class='ocrx_word' id='word_1_587' title='bbox 3742 3224 4282 3393; x_wconf 51' lang='grc' dir='ltr'><strong>ἔέἶέᾙώιῗα,</strong></span> <span class='ocrx_word' id='word_1_588' title='bbox 4320 3246 4392 3378; x_wconf 71' lang='grc' dir='ltr'><strong>’ἑῖ</strong></span> 
     </span>
     <span class='ocr_line' id='line_1_83' title="bbox 2438 3396 4391 3481; baseline -0.001 -16"><span class='ocrx_word' id='word_1_589' title='bbox 2438 3399 2573 3465; x_wconf 85' lang='lat' dir='ltr'><strong>illic</strong></span> <span class='ocrx_word' id='word_1_590' title='bbox 2624 3399 2821 3480; x_wconf 72' lang='lat' dir='ltr'><strong>factes</strong></span> <span class='ocrx_word' id='word_1_591' title='bbox 2873 3418 3035 3481; x_wconf 75' lang='lat' dir='ltr'><strong>qaae</strong></span> <span class='ocrx_word' id='word_1_592' title='bbox 3087 3416 3193 3481; x_wconf 78' lang='lat' dir='ltr'><strong>eyo</strong></span> <span class='ocrx_word' id='word_1_593' title='bbox 3235 3416 3564 3478; x_wconf 67' lang='lat' dir='ltr'><strong>praoetpw</strong></span> <span class='ocrx_word' id='word_1_594' title='bbox 3606 3396 3738 3463; x_wconf 82' lang='lat' dir='ltr'><strong>tibi.</strong></span> <span class='ocrx_word' id='word_1_595' title='bbox 3827 3398 4027 3462; x_wconf 87' lang='lat' dir='ltr'><strong>Item:</strong></span> <span class='ocrx_word' id='word_1_596' title='bbox 4091 3398 4191 3463; x_wconf 79' lang='lat'><strong>17.</strong></span> <span class='ocrx_word' id='word_1_597' title='bbox 4241 3398 4391 3463; x_wconf 86' lang='lat' dir='ltr'><strong>Non</strong></span> 
     </span>
     <span class='ocr_line' id='line_1_84' title="bbox 2426 3483 4387 3572; baseline 0 -23"><span class='ocrx_word' id='word_1_598' title='bbox 2426 3486 2673 3567; x_wconf 79' lang='lat' dir='ltr'><strong>poteris</strong></span> <span class='ocrx_word' id='word_1_599' title='bbox 2714 3486 3020 3572; x_wconf 62' lang='lat' dir='ltr'><strong>comedere</strong></span> <span class='ocrx_word' id='word_1_600' title='bbox 3061 3483 3132 3548; x_wconf 89' lang='lat' dir='ltr'><strong>in</strong></span> <span class='ocrx_word' id='word_1_601' title='bbox 3163 3483 3372 3566; x_wconf 77' lang='lat' dir='ltr'><strong>portis</strong></span> <span class='ocrx_word' id='word_1_602' title='bbox 3415 3483 3545 3549; x_wconf 70' lang='lat' dir='ltr'><strong>tuis</strong></span> <span class='ocrx_word' id='word_1_603' title='bbox 3585 3484 3885 3549; x_wconf 80' lang='lat' dir='ltr'><strong>decimam</strong></span> <span class='ocrx_word' id='word_1_604' title='bbox 3923 3485 4231 3566; x_wconf 80' lang='lat' dir='ltr'><strong>frumenti</strong></span> <span class='ocrx_word' id='word_1_605' title='bbox 4270 3485 4387 3561; x_wconf 78' lang='lat' dir='ltr'><strong>tui,</strong></span> 
     </span>
     <span class='ocr_line' id='line_1_85' title="bbox 2439 3569 4390 3653; baseline 0 -18"><span class='ocrx_word' id='word_1_606' title='bbox 2439 3572 2575 3635; x_wconf 82' lang='lat' dir='ltr'><strong>vini</strong></span> <span class='ocrx_word' id='word_1_607' title='bbox 2631 3571 2754 3647; x_wconf 74' lang='lat' dir='ltr'><strong>tui,</strong></span> <span class='ocrx_word' id='word_1_608' title='bbox 2809 3575 2866 3635; x_wconf 83' lang='lat' dir='ltr'><strong>et</strong></span> <span class='ocrx_word' id='word_1_609' title='bbox 2922 3570 3046 3636; x_wconf 86' lang='lat' dir='ltr'><strong>olei</strong></span> <span class='ocrx_word' id='word_1_610' title='bbox 3101 3569 3230 3648; x_wconf 78' lang='lat' dir='ltr'><strong>tui,</strong></span> <span class='ocrx_word' id='word_1_611' title='bbox 3283 3588 3475 3650; x_wconf 75' lang='lat' dir='ltr'><strong>neque</strong></span> <span class='ocrx_word' id='word_1_612' title='bbox 3506 3569 3928 3653; x_wconf 73' lang='lat' dir='ltr'><strong>primoyenita</strong></span> <span class='ocrx_word' id='word_1_613' title='bbox 3971 3575 4390 3646; x_wconf 74' lang='lat' dir='ltr'><strong>armentorum</strong></span> 
     </span>
     <span class='ocr_line' id='line_1_86' title="bbox 2435 3656 4388 3738; baseline 0 -17"><span class='ocrx_word' id='word_1_614' title='bbox 2435 3661 2688 3722; x_wconf 75' lang='lat' dir='ltr'><strong>tuorum</strong></span> <span class='ocrx_word' id='word_1_615' title='bbox 2741 3662 2798 3721; x_wconf 87' lang='lat' dir='ltr'><strong>et</strong></span> <span class='ocrx_word' id='word_1_616' title='bbox 2843 3656 3156 3738; x_wconf 81' lang='lat' dir='ltr'><strong>pecudum</strong></span> <span class='ocrx_word' id='word_1_617' title='bbox 3195 3659 3485 3727; x_wconf 81' lang='lat' dir='ltr'><strong>tuarum,</strong></span> <span class='ocrx_word' id='word_1_618' title='bbox 3543 3660 3600 3720; x_wconf 87' lang='lat' dir='ltr'><strong>et</strong></span> <span class='ocrx_word' id='word_1_619' title='bbox 3639 3656 3850 3721; x_wconf 86' lang='lat' dir='ltr'><strong>omnia</strong></span> <span class='ocrx_word' id='word_1_620' title='bbox 3891 3660 4031 3720; x_wconf 88' lang='lat' dir='ltr'><strong>vota</strong></span> <span class='ocrx_word' id='word_1_621' title='bbox 4074 3661 4182 3721; x_wconf 77' lang='lat' dir='ltr'><strong>tna</strong></span> <span class='ocrx_word' id='word_1_622' title='bbox 4224 3676 4388 3738; x_wconf 77' lang='lat' dir='ltr'><strong>quae</strong></span> 
     </span>
     <span class='ocr_line' id='line_1_87' title="bbox 2438 3741 4387 3824; baseline 0.001 -17"><span class='ocrx_word' id='word_1_623' title='bbox 2438 3743 2678 3807; x_wconf 80' lang='lat' dir='ltr'><strong>voveris</strong></span> <span class='ocrx_word' id='word_1_624' title='bbox 2694 3792 2710 3822; x_wconf 93' lang='lat'><strong>,</strong></span> <span class='ocrx_word' id='word_1_625' title='bbox 2753 3747 2809 3806; x_wconf 88' lang='lat' dir='ltr'><strong>et</strong></span> <span class='ocrx_word' id='word_1_626' title='bbox 2850 3746 3186 3824; x_wconf 78' lang='lat' dir='ltr'><strong>spontanea</strong></span> <span class='ocrx_word' id='word_1_627' title='bbox 3229 3745 3340 3805; x_wconf 77' lang='lat' dir='ltr'><strong>tua</strong></span> <span class='ocrx_word' id='word_1_628' title='bbox 3357 3792 3371 3818; x_wconf 91' lang='lat'>‚</span> <span class='ocrx_word' id='word_1_629' title='bbox 3418 3745 3476 3805; x_wconf 83' lang='lat' dir='ltr'><strong>et</strong></span> <span class='ocrx_word' id='word_1_630' title='bbox 3515 3741 3911 3806; x_wconf 81' lang='lat' dir='ltr'><strong>elevationem</strong></span> <span class='ocrx_word' id='word_1_631' title='bbox 3951 3760 4184 3807; x_wconf 75' lang='lat' dir='ltr'><strong>manas</strong></span> <span class='ocrx_word' id='word_1_632' title='bbox 4225 3747 4387 3808; x_wconf 79' lang='lat' dir='ltr'><strong>tuae.</strong></span> 
     </span>
     <span class='ocr_line' id='line_1_88' title="bbox 2447 3825 4389 3893; baseline 0.001 -1"><span class='ocrx_word' id='word_1_633' title='bbox 2447 3827 2542 3892; x_wconf 89' lang='lat'><strong>18.</strong></span> <span class='ocrx_word' id='word_1_634' title='bbox 2596 3827 2720 3892; x_wconf 86' lang='lat' dir='ltr'><strong>Sed</strong></span> <span class='ocrx_word' id='word_1_635' title='bbox 2776 3847 2988 3892; x_wconf 80' lang='lat' dir='ltr'><strong>coram</strong></span> <span class='ocrx_word' id='word_1_636' title='bbox 3034 3825 3265 3890; x_wconf 77' lang='lat' dir='ltr'><strong>Iehova</strong></span> <span class='ocrx_word' id='word_1_637' title='bbox 3320 3825 3456 3891; x_wconf 89' lang='lat' dir='ltr'><strong>Deo</strong></span> <span class='ocrx_word' id='word_1_638' title='bbox 3510 3830 3613 3892; x_wconf 81' lang='lat' dir='ltr'><strong>tuo</strong></span> <span class='ocrx_word' id='word_1_639' title='bbox 3669 3826 3941 3892; x_wconf 78' lang='lat' dir='ltr'><strong>comedes</strong></span> <span class='ocrx_word' id='word_1_640' title='bbox 3982 3826 4098 3891; x_wconf 84' lang='lat' dir='ltr'><strong>illa</strong></span> <span class='ocrx_word' id='word_1_641' title='bbox 4149 3828 4222 3893; x_wconf 87' lang='lat' dir='ltr'><strong>in</strong></span> <span class='ocrx_word' id='word_1_642' title='bbox 4264 3827 4389 3893; x_wconf 86' lang='lat' dir='ltr'><strong>loco</strong></span> 
     </span>
    </p>
   </div>
   <div class='ocr_carea' id='block_1_13' title="bbox 2438 3910 4489 3997">
    <p class='ocr_par' dir='ltr' id='par_1_14' title="bbox 2438 3910 4489 3997">
     <span class='ocr_line' id='line_1_89' title="bbox 2438 3910 4489 3997; baseline -0 -18"><span class='ocrx_word' id='word_1_643' title='bbox 2438 3934 2620 3995; x_wconf 78' lang='lat' dir='ltr'><strong>quem</strong></span> <span class='ocrx_word' id='word_1_644' title='bbox 2683 3912 2923 3997; x_wconf 71' lang='lat' dir='ltr'><strong>eleyerit</strong></span> <span class='ocrx_word' id='word_1_645' title='bbox 2981 3910 3214 3977; x_wconf 75' lang='lat' dir='ltr'><strong>Iebova</strong></span> <span class='ocrx_word' id='word_1_646' title='bbox 3269 3910 3451 3977; x_wconf 79' lang='lat' dir='ltr'><strong>Deus</strong></span> <span class='ocrx_word' id='word_1_647' title='bbox 3512 3916 3687 3992; x_wconf 77' lang='lat' dir='ltr'><strong>tuus,</strong></span> <span class='ocrx_word' id='word_1_648' title='bbox 3752 3917 3819 3975; x_wconf 83' lang='lat' dir='ltr'><strong>tu</strong></span> <span class='ocrx_word' id='word_1_649' title='bbox 3884 3916 3940 3976; x_wconf 90' lang='lat' dir='ltr'><strong>et</strong></span> <span class='ocrx_word' id='word_1_650' title='bbox 3984 3912 4166 3994; x_wconf 72' lang='lat' dir='ltr'><strong>filius</strong></span> <span class='ocrx_word' id='word_1_651' title='bbox 4222 3917 4388 3993; x_wconf 69' lang='lat' dir='ltr'><strong>tuuc,</strong></span> <span class='ocrx_word' id='word_1_652' title='bbox 4488 3941 4489 3944; x_wconf 41' lang='lat'>¹</span> 
     </span>
    </p>
   </div>
   <div class='ocr_carea' id='block_1_14' title="bbox 2431 3996 4393 4683">
    <p class='ocr_par' dir='ltr' id='par_1_15' title="bbox 2431 3996 4393 4683">
     <span class='ocr_line' id='line_1_90' title="bbox 2438 3996 4387 4081; baseline -0.001 -17"><span class='ocrx_word' id='word_1_653' title='bbox 2438 4004 2495 4063; x_wconf 87' lang='lat' dir='ltr'><strong>et</strong></span> <span class='ocrx_word' id='word_1_654' title='bbox 2530 3999 2672 4081; x_wconf 75' lang='lat' dir='ltr'><strong>filia</strong></span> <span class='ocrx_word' id='word_1_655' title='bbox 2714 4004 2853 4079; x_wconf 81' lang='lat' dir='ltr'><strong>tna,</strong></span> <span class='ocrx_word' id='word_1_656' title='bbox 2886 4017 3110 4064; x_wconf 76' lang='lat' dir='ltr'><strong>servus</strong></span> <span class='ocrx_word' id='word_1_657' title='bbox 3148 4002 3329 4077; x_wconf 77' lang='lat' dir='ltr'><strong>tuus,</strong></span> <span class='ocrx_word' id='word_1_658' title='bbox 3372 3996 3695 4062; x_wconf 81' lang='lat' dir='ltr'><strong>etaneilla</strong></span> <span class='ocrx_word' id='word_1_659' title='bbox 3738 4003 3865 4076; x_wconf 82' lang='lat' dir='ltr'><strong>tua,</strong></span> <span class='ocrx_word' id='word_1_660' title='bbox 3911 4001 3966 4061; x_wconf 85' lang='lat' dir='ltr'><strong>et</strong></span> <span class='ocrx_word' id='word_1_661' title='bbox 4010 3997 4231 4063; x_wconf 82' lang='lat' dir='ltr'><strong>Levita</strong></span> <span class='ocrx_word' id='word_1_662' title='bbox 4273 3999 4387 4081; x_wconf 80' lang='lat' dir='ltr'><strong>qui</strong></span> 
     </span>
     <span class='ocr_line' id='line_1_91' title="bbox 2438 4083 4389 4165; baseline 0.001 -17"><span class='ocrx_word' id='word_1_663' title='bbox 2438 4089 2559 4149; x_wconf 77' lang='lat' dir='ltr'><strong>erit</strong></span> <span class='ocrx_word' id='word_1_664' title='bbox 2624 4085 2796 4150; x_wconf 84' lang='lat' dir='ltr'><strong>intra</strong></span> <span class='ocrx_word' id='word_1_665' title='bbox 2853 4089 3077 4164; x_wconf 74' lang='lat' dir='ltr'><strong>portas</strong></span> <span class='ocrx_word' id='word_1_666' title='bbox 3147 4088 3321 4149; x_wconf 76' lang='lat' dir='ltr'><strong>tuas.-</strong></span> <span class='ocrx_word' id='word_1_667' title='bbox 3389 4083 3831 4165; x_wconf 76' lang='lat' dir='ltr'><strong>laetaberisqae</strong></span> <span class='ocrx_word' id='word_1_668' title='bbox 3882 4102 4089 4148; x_wconf 82' lang='lat' dir='ltr'><strong>coram</strong></span> <span class='ocrx_word' id='word_1_669' title='bbox 4157 4084 4389 4164; x_wconf 78' lang='lat' dir='ltr'><strong>Iehova</strong></span> 
     </span>
     <span class='ocr_line' id='line_1_92' title="bbox 2438 4168 4390 4252; baseline 0 -16"><span class='ocrx_word' id='word_1_670' title='bbox 2438 4170 2576 4236; x_wconf 89' lang='lat' dir='ltr'><strong>Deo</strong></span> <span class='ocrx_word' id='word_1_671' title='bbox 2609 4175 2713 4234; x_wconf 80' lang='lat' dir='ltr'><strong>tao</strong></span> <span class='ocrx_word' id='word_1_672' title='bbox 2749 4171 2820 4233; x_wconf 88' lang='lat' dir='ltr'><strong>in</strong></span> <span class='ocrx_word' id='word_1_673' title='bbox 2855 4171 3025 4234; x_wconf 84' lang='lat' dir='ltr'><strong>omni</strong></span> <span class='ocrx_word' id='word_1_674' title='bbox 3060 4169 3476 4252; x_wconf 77' lang='lat' dir='ltr'><strong>applicatione</strong></span> <span class='ocrx_word' id='word_1_675' title='bbox 3507 4188 3812 4234; x_wconf 84' lang='lat' dir='ltr'><strong>manuum</strong></span> <span class='ocrx_word' id='word_1_676' title='bbox 3846 4173 4121 4234; x_wconf 76' lang='lat' dir='ltr'><strong>tuarum.</strong></span> <span class='ocrx_word' id='word_1_677' title='bbox 4178 4168 4390 4236; x_wconf 87' lang='lat' dir='ltr'><strong>Item:</strong></span> 
     </span>
     <span class='ocr_line' id='line_1_93' title="bbox 2437 4253 4389 4337; baseline 0.001 -16"><span class='ocrx_word' id='word_1_678' title='bbox 2437 4256 2542 4322; x_wconf 85' lang='grc'><strong>26.</strong></span> <span class='ocrx_word' id='word_1_679' title='bbox 2594 4254 2991 4337; x_wconf 72' lang='lat' dir='ltr'><strong>Sanctificata</strong></span> <span class='ocrx_word' id='word_1_680' title='bbox 3050 4261 3163 4320; x_wconf 81' lang='lat' dir='ltr'><strong>tna</strong></span> <span class='ocrx_word' id='word_1_681' title='bbox 3205 4274 3366 4337; x_wconf 80' lang='lat' dir='ltr'><strong>quae</strong></span> <span class='ocrx_word' id='word_1_682' title='bbox 3404 4253 3648 4336; x_wconf 76' lang='lat' dir='ltr'><strong>fuerint</strong></span> <span class='ocrx_word' id='word_1_683' title='bbox 3690 4254 3803 4319; x_wconf 82' lang='lat' dir='ltr'><strong>tibi</strong></span> <span class='ocrx_word' id='word_1_684' title='bbox 3842 4258 3901 4318; x_wconf 83' lang='lat' dir='ltr'><strong>et</strong></span> <span class='ocrx_word' id='word_1_685' title='bbox 3942 4259 4081 4320; x_wconf 84' lang='lat' dir='ltr'><strong>vota</strong></span> <span class='ocrx_word' id='word_1_686' title='bbox 4123 4260 4237 4320; x_wconf 78' lang='lat' dir='ltr'><strong>tna</strong></span> <span class='ocrx_word' id='word_1_687' title='bbox 4280 4255 4389 4322; x_wconf 83' lang='lat' dir='ltr'><strong>toz-</strong></span> 
     </span>
     <span class='ocr_line' id='line_1_94' title="bbox 2434 4340 4393 4423; baseline -0.002 -14"><span class='ocrx_word' id='word_1_688' title='bbox 2434 4344 2540 4421; x_wconf 77' lang='lat' dir='ltr'><strong>les,</strong></span> <span class='ocrx_word' id='word_1_689' title='bbox 2585 4347 2657 4406; x_wconf 81' lang='lat' dir='ltr'><strong>ut</strong></span> <span class='ocrx_word' id='word_1_690' title='bbox 2695 4342 2909 4406; x_wconf 82' lang='lat' dir='ltr'><strong>venias</strong></span> <span class='ocrx_word' id='word_1_691' title='bbox 2950 4341 3038 4407; x_wconf 88' lang='lat' dir='ltr'><strong>ad</strong></span> <span class='ocrx_word' id='word_1_692' title='bbox 3078 4342 3276 4407; x_wconf 81' lang='lat' dir='ltr'><strong>locum</strong></span> <span class='ocrx_word' id='word_1_693' title='bbox 3314 4361 3495 4423; x_wconf 79' lang='lat' dir='ltr'><strong>quem</strong></span> <span class='ocrx_word' id='word_1_694' title='bbox 3539 4340 3784 4423; x_wconf 76' lang='lat' dir='ltr'><strong>eleyerit</strong></span> <span class='ocrx_word' id='word_1_695' title='bbox 3825 4340 4088 4406; x_wconf 76' lang='lat' dir='ltr'><strong>Iebova:</strong></span> <span class='ocrx_word' id='word_1_696' title='bbox 4150 4341 4252 4406; x_wconf 87' lang='grc'><strong>27.</strong></span> <span class='ocrx_word' id='word_1_697' title='bbox 4302 4341 4393 4407; x_wconf 86' lang='lat' dir='ltr'><strong>Et</strong></span> 
     </span>
     <span class='ocr_line' id='line_1_95' title="bbox 2431 4427 4387 4512; baseline -0.001 -18"><span class='ocrx_word' id='word_1_698' title='bbox 2431 4428 2633 4512; x_wconf 80' lang='lat' dir='ltr'><strong>facies</strong></span> <span class='ocrx_word' id='word_1_699' title='bbox 2689 4427 3046 4493; x_wconf 77' lang='lat' dir='ltr'><strong>holocausta</strong></span> <span class='ocrx_word' id='word_1_700' title='bbox 3097 4434 3208 4493; x_wconf 80' lang='lat' dir='ltr'><strong>tua</strong></span> <span class='ocrx_word' id='word_1_701' title='bbox 3267 4447 3346 4493; x_wconf 76' lang='lat' dir='ltr'><strong>ex</strong></span> <span class='ocrx_word' id='word_1_702' title='bbox 3384 4446 3573 4492; x_wconf 77' lang='lat' dir='ltr'><strong>carne</strong></span> <span class='ocrx_word' id='word_1_703' title='bbox 3615 4430 3670 4491; x_wconf 86' lang='lat' dir='ltr'><strong>et</strong></span> <span class='ocrx_word' id='word_1_704' title='bbox 3710 4427 4015 4509; x_wconf 71' lang='lat' dir='ltr'><strong>sanquine</strong></span> <span class='ocrx_word' id='word_1_705' title='bbox 4056 4447 4249 4508; x_wconf 78' lang='lat' dir='ltr'><strong>super</strong></span> <span class='ocrx_word' id='word_1_706' title='bbox 4289 4427 4387 4493; x_wconf 84' lang='lat' dir='ltr'><strong>al-</strong></span> 
     </span>
     <span class='ocr_line' id='line_1_96' title="bbox 2432 4512 4390 4597; baseline -0.001 -16"><span class='ocrx_word' id='word_1_707' title='bbox 2432 4521 2571 4581; x_wconf 83' lang='lat' dir='ltr'><strong>tare</strong></span> <span class='ocrx_word' id='word_1_708' title='bbox 2614 4512 2666 4578; x_wconf 91' lang='lat' dir='ltr'>I</span> <span class='ocrx_word' id='word_1_709' title='bbox 2657 4512 2879 4580; x_wconf 75' lang='lat' dir='ltr'><strong>ehovae</strong></span> <span class='ocrx_word' id='word_1_710' title='bbox 2921 4513 3048 4579; x_wconf 90' lang='lat' dir='ltr'><strong>Dei</strong></span> <span class='ocrx_word' id='word_1_711' title='bbox 3088 4515 3202 4591; x_wconf 79' lang='lat' dir='ltr'><strong>tui,</strong></span> <span class='ocrx_word' id='word_1_712' title='bbox 3244 4513 3510 4597; x_wconf 74' lang='lat' dir='ltr'><strong>sanquis</strong></span> <span class='ocrx_word' id='word_1_713' title='bbox 3553 4518 3758 4577; x_wconf 82' lang='lat' dir='ltr'><strong>autem</strong></span> <span class='ocrx_word' id='word_1_714' title='bbox 3799 4512 4250 4593; x_wconf 72' lang='lat' dir='ltr'><strong>sacrificiorum</strong></span> <span class='ocrx_word' id='word_1_715' title='bbox 4292 4521 4390 4579; x_wconf 76' lang='lat' dir='ltr'><strong>ta-</strong></span> 
     </span>
     <span class='ocr_line' id='line_1_97' title="bbox 2435 4596 4390 4683; baseline -0.001 -16"><span class='ocrx_word' id='word_1_716' title='bbox 2435 4621 2620 4668; x_wconf 78' lang='lat' dir='ltr'><strong>orum</strong></span> <span class='ocrx_word' id='word_1_717' title='bbox 2670 4599 2972 4683; x_wconf 78' lang='lat' dir='ltr'><strong>fundetur</strong></span> <span class='ocrx_word' id='word_1_718' title='bbox 3026 4620 3218 4682; x_wconf 80' lang='lat' dir='ltr'><strong>saper</strong></span> <span class='ocrx_word' id='word_1_719' title='bbox 3253 4600 3454 4665; x_wconf 75' lang='lat' dir='ltr'><strong>altare</strong></span> <span class='ocrx_word' id='word_1_720' title='bbox 3497 4596 3624 4664; x_wconf 87' lang='lat' dir='ltr'><strong>Dei</strong></span> <span class='ocrx_word' id='word_1_721' title='bbox 3667 4599 3787 4676; x_wconf 82' lang='lat' dir='ltr'><strong>tui,</strong></span> <span class='ocrx_word' id='word_1_722' title='bbox 3845 4618 4065 4664; x_wconf 79' lang='lat' dir='ltr'><strong>carnes</strong></span> <span class='ocrx_word' id='word_1_723' title='bbox 4105 4620 4248 4664; x_wconf 85' lang='lat' dir='ltr'><strong>vero</strong></span> <span class='ocrx_word' id='word_1_724' title='bbox 4290 4619 4390 4667; x_wconf 89' lang='lat' dir='ltr'><strong>co-</strong></span> 
     </span>
    </p>
   </div>
   <div class='ocr_carea' id='block_1_15' title="bbox 2440 4855 4392 5529">
    <p class='ocr_par' dir='ltr' id='par_1_16' title="bbox 2440 4855 4392 5457">
     <span class='ocr_line' id='line_1_98' title="bbox 2609 4855 4386 4941; baseline -0.002 -17"><span class='ocrx_word' id='word_1_725' title='bbox 2609 4858 2671 4924; x_wconf 84' lang='lat'><strong>4.</strong></span> <span class='ocrx_word' id='word_1_726' title='bbox 2737 4857 2881 4924; x_wconf 86' lang='lat' dir='ltr'><strong>Non</strong></span> <span class='ocrx_word' id='word_1_727' title='bbox 2933 4856 3184 4940; x_wconf 77' lang='lat' dir='ltr'><strong>facietis</strong></span> <span class='ocrx_word' id='word_1_728' title='bbox 3240 4858 3333 4922; x_wconf 76' lang='lat' dir='ltr'><strong>sie</strong></span> <span class='ocrx_word' id='word_1_729' title='bbox 3391 4855 3669 4922; x_wconf 77' lang='lat' dir='ltr'><strong>Iebovae.</strong></span> <span class='ocrx_word' id='word_1_730' title='bbox 3771 4856 3899 4920; x_wconf 88' lang='lat' dir='ltr'><strong>Hic</strong></span> <span class='ocrx_word' id='word_1_731' title='bbox 3959 4857 4386 4941; x_wconf 87' lang='lat' dir='ltr'><strong>praecipuum</strong></span> 
     </span>
     <span class='ocr_line' id='line_1_99' title="bbox 2440 4942 4384 5026; baseline -0.002 -15"><span class='ocrx_word' id='word_1_732' title='bbox 2440 4944 2791 5011; x_wconf 76' lang='lat' dir='ltr'><strong>discrimen</strong></span> <span class='ocrx_word' id='word_1_733' title='bbox 2829 4946 3159 5024; x_wconf 86' lang='lat' dir='ltr'><strong>statuitur,</strong></span> <span class='ocrx_word' id='word_1_734' title='bbox 3197 4942 3405 5026; x_wconf 84' lang='lat' dir='ltr'><strong>quoad</strong></span> <span class='ocrx_word' id='word_1_735' title='bbox 3444 4953 3720 5008; x_wconf 88' lang='lat' dir='ltr'><strong>externa</strong></span> <span class='ocrx_word' id='word_1_736' title='bbox 3754 4943 4017 5025; x_wconf 89' lang='lat' dir='ltr'><strong>pietatis</strong></span> <span class='ocrx_word' id='word_1_737' title='bbox 4055 4943 4384 5022; x_wconf 84' lang='lat' dir='ltr'><strong>exercitia,</strong></span> 
     </span>
     <span class='ocr_line' id='line_1_100' title="bbox 2440 5028 4386 5114; baseline -0.002 -17"><span class='ocrx_word' id='word_1_738' title='bbox 2440 5034 2619 5097; x_wconf 88' lang='lat' dir='ltr'><strong>inter</strong></span> <span class='ocrx_word' id='word_1_739' title='bbox 2654 5031 3021 5114; x_wconf 87' lang='lat' dir='ltr'><strong>legitimum</strong></span> <span class='ocrx_word' id='word_1_740' title='bbox 3050 5031 3175 5094; x_wconf 93' lang='lat' dir='ltr'><strong>Dei</strong></span> <span class='ocrx_word' id='word_1_741' title='bbox 3223 5030 3489 5109; x_wconf 87' lang='lat' dir='ltr'><strong>cultum,</strong></span> <span class='ocrx_word' id='word_1_742' title='bbox 3536 5038 3604 5094; x_wconf 89' lang='lat' dir='ltr'><strong>et</strong></span> <span class='ocrx_word' id='word_1_743' title='bbox 3648 5030 3912 5095; x_wconf 82' lang='lat' dir='ltr'><strong>fictitios</strong></span> <span class='ocrx_word' id='word_1_744' title='bbox 3955 5048 4179 5093; x_wconf 86' lang='lat' dir='ltr'><strong>omnes</strong></span> <span class='ocrx_word' id='word_1_745' title='bbox 4217 5028 4386 5093; x_wconf 87' lang='lat' dir='ltr'><strong>ritus</strong></span> 
     </span>
     <span class='ocr_line' id='line_1_101' title="bbox 2440 5113 4386 5202; baseline -0.002 -19"><span class='ocrx_word' id='word_1_746' title='bbox 2440 5139 2602 5202; x_wconf 91' lang='lat' dir='ltr'><strong>quos</strong></span> <span class='ocrx_word' id='word_1_747' title='bbox 2645 5116 2772 5182; x_wconf 90' lang='lat' dir='ltr'><strong>sibi</strong></span> <span class='ocrx_word' id='word_1_748' title='bbox 2815 5117 3353 5199; x_wconf 84' lang='lat' dir='ltr'><strong>excogitaverant</strong></span> <span class='ocrx_word' id='word_1_749' title='bbox 3398 5127 3662 5200; x_wconf 82' lang='lat' dir='ltr'><strong>gentes:</strong></span> <span class='ocrx_word' id='word_1_750' title='bbox 3712 5136 3947 5199; x_wconf 90' lang='lat' dir='ltr'><strong>nempe</strong></span> <span class='ocrx_word' id='word_1_751' title='bbox 3992 5114 4163 5196; x_wconf 91' lang='lat' dir='ltr'><strong>quod</strong></span> <span class='ocrx_word' id='word_1_752' title='bbox 4206 5113 4386 5180; x_wconf 89' lang='lat' dir='ltr'><strong>Deus</strong></span> 
     </span>
     <span class='ocr_line' id='line_1_102' title="bbox 2443 5198 4387 5278; baseline -0.002 -9"><span class='ocrx_word' id='word_1_753' title='bbox 2443 5203 2707 5270; x_wconf 86' lang='lat' dir='ltr'><strong>nonnisi</strong></span> <span class='ocrx_word' id='word_1_754' title='bbox 2749 5202 3200 5268; x_wconf 88' lang='lat' dir='ltr'><strong>sanctuarium</strong></span> <span class='ocrx_word' id='word_1_755' title='bbox 3247 5223 3482 5278; x_wconf 90' lang='lat' dir='ltr'><strong>unum,</strong></span> <span class='ocrx_word' id='word_1_756' title='bbox 3528 5212 3594 5265; x_wconf 91' lang='lat' dir='ltr'><strong>et</strong></span> <span class='ocrx_word' id='word_1_757' title='bbox 3637 5223 3842 5266; x_wconf 91' lang='lat' dir='ltr'><strong>unum</strong></span> <span class='ocrx_word' id='word_1_758' title='bbox 3889 5200 4096 5263; x_wconf 82' lang='lat' dir='ltr'><strong>altare</strong></span> <span class='ocrx_word' id='word_1_759' title='bbox 4144 5198 4387 5265; x_wconf 89' lang='lat' dir='ltr'><strong>habere</strong></span> 
     </span>
     <span class='ocr_line' id='line_1_103' title="bbox 2446 5285 4386 5373; baseline -0.003 -18"><span class='ocrx_word' id='word_1_760' title='bbox 2446 5290 2760 5355; x_wconf 84' lang='lat' dir='ltr'><strong>voluerit:</strong></span> <span class='ocrx_word' id='word_1_761' title='bbox 2807 5288 2977 5371; x_wconf 88' lang='lat' dir='ltr'><strong>quod</strong></span> <span class='ocrx_word' id='word_1_762' title='bbox 3021 5289 3391 5373; x_wconf 80' lang='lat' dir='ltr'><strong>symbolum</strong></span> <span class='ocrx_word' id='word_1_763' title='bbox 3441 5296 3612 5353; x_wconf 91' lang='lat' dir='ltr'><strong>esset</strong></span> <span class='ocrx_word' id='word_1_764' title='bbox 3656 5286 3904 5352; x_wconf 85' lang='lat' dir='ltr'><strong>dissidii</strong></span> <span class='ocrx_word' id='word_1_765' title='bbox 3947 5285 4124 5349; x_wconf 87' lang='lat' dir='ltr'><strong>inter</strong></span> <span class='ocrx_word' id='word_1_766' title='bbox 4167 5285 4386 5368; x_wconf 89' lang='lat' dir='ltr'><strong>ipsum</strong></span> 
     </span>
     <span class='ocr_line' id='line_1_104' title="bbox 2444 5370 4392 5457; baseline -0.002 -15"><span class='ocrx_word' id='word_1_767' title='bbox 2444 5386 2510 5443; x_wconf 90' lang='lat' dir='ltr'><strong>et</strong></span> <span class='ocrx_word' id='word_1_768' title='bbox 2545 5377 2769 5442; x_wconf 88' lang='lat' dir='ltr'><strong>omnia</strong></span> <span class='ocrx_word' id='word_1_769' title='bbox 2811 5371 3015 5440; x_wconf 89' lang='lat' dir='ltr'><strong>idola:</strong></span> <span class='ocrx_word' id='word_1_770' title='bbox 3062 5387 3254 5457; x_wconf 86' lang='lat' dir='ltr'><strong>atque</strong></span> <span class='ocrx_word' id='word_1_771' title='bbox 3297 5376 3388 5438; x_wconf 84' lang='lat' dir='ltr'><strong>ita</strong></span> <span class='ocrx_word' id='word_1_772' title='bbox 3434 5395 3590 5439; x_wconf 87' lang='lat' dir='ltr'><strong>vera</strong></span> <span class='ocrx_word' id='word_1_773' title='bbox 3634 5372 3860 5457; x_wconf 90' lang='lat' dir='ltr'><strong>religio</strong></span> <span class='ocrx_word' id='word_1_774' title='bbox 3903 5371 4070 5435; x_wconf 90' lang='lat' dir='ltr'><strong>nihil</strong></span> <span class='ocrx_word' id='word_1_775' title='bbox 4117 5370 4392 5438; x_wconf 86' lang='lat' dir='ltr'><strong>haberet</strong></span> 
     </span>
    </p>

    <p class='ocr_par' dir='ltr' id='par_1_17' title="bbox 3866 5470 3974 5529">
     <span class='ocr_line' id='line_1_105' title="bbox 3866 5470 3974 5529; baseline 0.019 -2"><span class='ocrx_word' id='word_1_776' title='bbox 3866 5470 3974 5529; x_wconf 78' lang='lat'><strong>26·</strong></span> 
     </span>
    </p>
   </div>
  </div>
 </body>
</html>
