4867 6150
392 454 519 518 437

389 665 581 726 super
620 648 805 727 caput
844 644 999 708 eius.
1095 643 1192 709 18.
1240 644 1542 710 Incendes
1576 648 1900 725 praeterea
1941 648 2131 708 totum
2171 645 2337 708 arie-

389 737 506 797 tem
564 750 756 811 super
812 729 1039 795 altare:
1106 751 1257 795 nam
1313 730 1736 796 holocaustum
1790 735 1880 794 est
1938 728 2205 795 Iohovae
2262 730 2334 794 in

388 818 632 917 odorem
673 815 934 897 quietis.-
972 814 1214 914 ‘oblatio
1255 816 1458 900 iynita
1503 816 1765 915 Iehovae
1804 820 1909 880 est.
2004 814 2104 880 19.
2150 814 2336 882 Acci-

375 921 1029 1086 ffiizngyugegtgnm
1062 903 1661 1071 suassecsuuzaxngdptd
1695 988 1931 1053 arietis.
2000 986 2103 1052 20.
2158 921 2335 1053 Ταοηῖ

384 1073 685 1141 mactabis
727 1078 1002 1151 arietem
1047 1074 1432 1157 accipiesque
1470 1074 1544 1138 de
1584 1073 1891 1157 sanquine
1932 1073 2087 1152 eius,
2132 1078 2190 1139 et
2222 1092 2333 1154 po-

383 1181 491 1228 nes
546 1180 741 1242 super
795 1163 1073 1224 tenerum
1128 1160 1312 1225 auris
1355 1159 1619 1225 Aharon
1636 1210 1652 1239 ‚
1710 1165 1765 1224 et
1816 1179 2007 1242 super
2057 1164 2331 1225 tenerum

384 1248 566 1313 auris
598 1245 879 1327 filiorum
920 1246 1056 1310 eius
1099 1245 1381 1326 dextrae,
1438 1251 1494 1310 et
1534 1266 1726 1326 super
1769 1244 2062 1327 pollicem
2105 1264 2333 1310 manus

381 1352 596 1400 eorum
637 1332 919 1411 dextrae,
976 1336 1036 1395 et
1076 1351 1269 1411 super
1294 1331 1585 1413 pollicem
1623 1331 1805 1416 pedis
1849 1350 2059 1395 eorum
2102 1330 2328 1407 dextri,

382 1437 786 1501 asperyesque
850 1417 1221 1499 sanquinem
1284 1438 1475 1498 super
1536 1416 1738 1482 altare
1793 1437 1912 1498 per
1974 1417 2326 1482 circuitum.

379 1506 485 1572 21.
536 1504 854 1584 Tollcsque
887 1503 961 1568 dc
1003 1504 1305 1586 sanquine
1345 1504 1458 1584 qui
1500 1504 1620 1568 erit
1661 1522 1852 1584 super
1895 1502 2114 1581 altare,
2159 1508 2214 1568 et
2255 1502 2330 1567 de
2430 1522 2473 1584 p

379 1592 505 1658 oleo
546 1589 888 1655 unctionis.-
929 1594 1113 1670 atque
1155 1609 1444 1673 asperyes
1484 1608 1677 1671 super
1718 1587 2001 1667 Aharon,
2043 1593 2098 1653 et
2138 1608 2331 1670 super

377 1683 570 1743 vestes
605 1675 761 1753 eius,
805 1679 862 1740 et
893 1694 1085 1757 super
1113 1674 1283 1756 filios
1317 1676 1470 1750 eius,
1516 1680 1572 1739 et
1603 1695 1795 1757 super
1829 1680 2020 1739 vestes
2046 1674 2328 1754 filiorum

379 1765 517 1829 eius
570 1781 713 1827 cum
766 1780 850 1825 eo.
937 1761 1040 1826 22.
1088 1760 1335 1827 Deinde
1387 1761 1557 1826 tolles
1608 1760 1683 1825 de
1726 1761 1919 1825 ariete
1958 1760 2228 1841 adipem,
2271 1764 2329 1824 et

377 1849 676 1924 caudam,
731 1852 784 1911 et
828 1847 1076 1929 adipem
1119 1848 1485 1930 operientem
1528 1846 1819 1911 intestina
1835 1897 1850 1923 ,
1899 1851 1956 1911 et
1996 1845 2327 1911 reticulum

378 1935 615 2011 iecoris,
659 1934 935 2015 duosque
969 1952 1162 2013 renes,
1191 1938 1376 2014 atque
1410 1933 1666 2013 adipem
1700 1932 1810 2014 qui
1855 1938 1944 1997 est
1977 1952 2170 2014 super
2205 1952 2324 2008 eos,

378 2026 436 2087 et
497 2039 750 2086 armum
815 2020 1102 2084 dextrum
1118 2044 1137 2083 .·
1202 2020 1357 2101 quia
1414 2019 1585 2084 aries
1640 2019 2160 2084 consecrationum
2216 2022 2321 2083 est.

376 2107 481 2174 23.
537 2105 626 2171 Et
679 2110 902 2170 tortam
948 2106 1146 2187 panis
1202 2125 1428 2180 unam,
1483 2109 1540 2170 et
1582 2104 1943 2186 placentam
1989 2105 2190 2185 panis
2246 2124 2324 2168 ex

376 2195 504 2260 oleo
538 2213 750 2266 unam,
797 2197 854 2256 et
895 2191 1197 2274 layanum
1239 2211 1436 2256 unum
1480 2211 1510 2255 e
1552 2191 1825 2256 canistro
1867 2189 2324 2273 infermentato-

375 2300 523 2345 rum
566 2279 678 2360 qui
718 2282 806 2342 est
850 2297 1058 2341 coram
1102 2276 1348 2343 Iehova.
1438 2276 1541 2341 24.
1593 2275 1910 2356 Ponesque
1952 2275 2163 2341 omnia
2206 2275 2326 2339 illa

375 2367 448 2432 in
482 2364 773 2430 manibus
793 2362 1074 2442 Aharon‚
1121 2369 1177 2427 et
1208 2364 1281 2427 in
1312 2362 1604 2428 manibus
1634 2360 1916 2442 filiorum
1950 2361 2105 2441 eius,
2150 2360 2324 2426 exal-

373 2450 655 2532 tabisque
686 2449 804 2514 illa
844 2448 1279 2514 exaltationem
1318 2468 1528 2514 coram
1568 2446 1815 2512 Iehova.
1883 2446 1985 2512 25.
2032 2447 2325 2527 Accipies

372 2541 580 2604 autem
637 2536 763 2601 illa
818 2556 850 2599 e
903 2555 1098 2600 manu
1152 2555 1392 2614 eorm,
1452 2539 1508 2599 et
1553 2534 1833 2598 incendes
1874 2553 2065 2616 super
2107 2533 2321 2610 altare,

374 2623 545 2690 ultra
609 2621 1028 2687 holocaustum
1091 2622 1160 2685 in
1220 2620 1465 2686 odorem
1519 2620 1746 2701 quietis
1798 2638 2008 2684 coram
2065 2619 2324 2684 Iehova:

373 2709 596 2776 oblatio
651 2709 854 2792 iynita
907 2712 995 2772 est
1051 2704 1329 2772 Iebovae.
1417 2706 1521 2771 26.
1569 2706 1860 2785 Accipies
1912 2706 2060 2770 item
2104 2710 2323 2787 pectus

374 2795 596 2863 arietis
643 2794 1168 2859 consecrationum
1210 2793 1372 2875 quod
1416 2797 1506 2857 est
1544 2792 1677 2874 ipsi
1718 2789 1982 2856 Aharon
1999 2840 2014 2868 ,
2060 2796 2116 2856 et
2156 2790 2322 2856 escal-

369 2881 532 2946 tabis
568 2899 776 2945 coram
812 2878 1072 2954 Iehova,
1124 2880 1355 2959 eritque
1398 2877 1516 2943 tibi
1551 2878 1622 2942 in
1643 2881 1915 2958 partem.
1980 2876 2082 2942 27.
2127 2875 2319 2941 Sanc-

365 2966 638 3048 tificabis
680 2967 890 3048 itaque
921 2969 1140 3045 pectus
1184 2964 1598 3037 exaltationis,
1646 2968 1704 3027 et
1745 2983 1994 3027 armum
2039 2963 2320 3029 elevatio-

364 3055 472 3119 nis
525 3052 688 3135 quod
743 3051 1083 3117 exaltatum
1124 3055 1245 3128 est,
1304 3055 1361 3115 et
1402 3051 1516 3133 qui
1556 3050 1829 3115 elevatam
1870 3054 1962 3116 est
2002 3049 2079 3114 de
2121 3050 2318 3114 ariete

364 3139 891 3205 consecrationum
924 3137 1132 3220 ipsius
1153 3136 1421 3203 Aharon
1452 3142 1507 3201 et
1543 3137 1822 3218 tiliorum
1865 3137 2019 3201 eius.
2080 3135 2182 3201 28.
2230 3134 2319 3200 Et

362 3226 487 3290 erit
539 3225 671 3305 ipsi
713 3223 982 3289 Aharon
1025 3227 1083 3289 et
1118 3223 1279 3305 filiis
1319 3224 1457 3287 eius
1498 3223 1568 3287 in
1613 3226 1914 3286 statutum
1946 3226 2317 3304 ρενρείιιαηι

363 3332 410 3378 a
462 3311 627 3392 filiis
672 3309 914 3375 Israel.-
964 3310 1120 3391 quia
1161 3309 1456 3374 exaltatio
1497 3313 1620 3372 est.-
1674 3312 1731 3373 et
1771 3308 2069 3373 exaltatio
2112 3308 2232 3372 erit
2273 3329 2317 3372 a

357 3396 522 3478 filiis
559 3395 769 3461 Israel
811 3395 887 3461 de
921 3396 1254 3477 sacrificiis
1283 3394 1776 3477 prosperitatum
1816 3413 2101 3472 suarum,
2146 3392 2316 3458 exal-

357 3483 512 3548 tatio
569 3484 830 3564 inquam
882 3501 1094 3547 eorum
1150 3481 1268 3546 erit
1329 3480 1606 3546 Iehovae.
1696 3479 1799 3545 29.
1866 3479 2070 3545 Porro
2119 3484 2315 3545 vestes

358 3573 609 3635 sanctae
643 3588 805 3651 quae
836 3571 984 3632 sunt
1026 3567 1234 3650 ipsius
1255 3566 1539 3644 Abawn,
1583 3571 1763 3631 erunt
1801 3565 1959 3647 filiis
2000 3567 2138 3630 eius
2175 3570 2316 3645 post

357 3674 501 3721 eum
552 3654 638 3720 ad
690 3653 1047 3737 unqendum
1099 3673 1200 3719 eos
1250 3673 1392 3718 cum
1434 3653 1553 3729 eis,
1607 3656 1665 3716 et
1706 3652 1791 3718 ad
1832 3652 2314 3718 consecrandum

357 3761 504 3807 cum
557 3742 648 3806 eis
698 3758 956 3804 manum
1013 3759 1240 3805 eorum.
1350 3738 1454 3804 30.
1522 3736 1770 3818 Septem
1826 3736 2045 3802 diebus
2101 3737 2314 3802 induet

358 3847 470 3892 eas
511 3826 801 3892 sacerdos
842 3826 955 3908 qui
992 3825 1192 3908 fuerit
1234 3826 1360 3891 loco
1403 3825 1615 3906 ipsius
1656 3824 1733 3889 de
1770 3823 1932 3905 filiis
1973 3825 2141 3903 eius,
2199 3824 2313 3905 qui

356 3914 738 3996 inmedietur
793 3911 1261 3977 tabernaculum
1320 3910 1739 3978 conventionis
1791 3911 1876 3975 ad
1940 3910 2310 3975 ministran-

356 4000 509 4065 dum
562 4000 627 4064 in
685 3998 1066 4064 sanduario.
1157 3997 1260 4061 31.
1304 3998 1587 4062 Arietem
1643 4000 1849 4061 autem
1902 3996 2308 4062 consecratio-

357 4105 512 4150 num
565 4084 763 4164 tolles,
822 4089 878 4150 et
920 4103 1135 4165 coques
1176 4103 1429 4149 carnem
1471 4083 1611 4148 eius
1653 4082 1724 4148 in
1766 4081 1893 4148 loco
1935 4082 2307 4148 sanctitatis.

353 4171 463 4237 32.
514 4168 908 4253 Comedetque
948 4168 1216 4235 Aharon
1272 4174 1327 4234 et
1379 4168 1508 4250 filii
1565 4169 1702 4234 eius
1759 4188 2011 4234 carnem
2068 4169 2306 4246 arietis,

354 4262 416 4324 et
458 4277 691 4339 panem
746 4258 857 4339 qui
913 4262 1002 4320 est
1056 4256 1124 4321 in
1168 4256 1468 4331 canistro,
1526 4255 1612 4321 ad
1654 4255 1882 4320 ostium
1923 4253 2310 4320 tabernaculi

352 4343 824 4409 conventionis..
890 4342 993 4408 33.
1056 4340 1375 4408 Gomedent
1437 4342 1697 4421 inquam
1753 4340 1870 4406 illa
1926 4340 2150 4421 quibus
2204 4360 2310 4406 ex-

339 4430 572 4512 piatus
588 4429 719 4512 fuit
741 4429 827 4495 ad
849 4428 1330 4495 consecrandum
1351 4446 1612 4492 manum
1641 4446 1871 4502 eorum,
1912 4426 1999 4490 ad
2031 4425 2306 4506 sanctifi-

349 4516 628 4581 candum
669 4535 803 4580 eos.-
856 4519 913 4579 et
952 4514 1304 4599 alieniyena
1346 4534 1468 4578 non
1511 4513 1794 4590 comedet,
1839 4513 1991 4593 quia
2034 4512 2308 4594 sanctifie

354 4602 518 4668 catio
575 4606 738 4666 sunt.
829 4599 930 4666 34.
1002 4601 1178 4682 Quod
1231 4601 1291 4665 si
1346 4598 1731 4681 superfuerit
1795 4598 1872 4664 de
1926 4617 2111 4663 carne
2169 4616 2308 4663 con-

351 4688 764 4752 secrationum
778 4737 794 4764 ,
840 4692 897 4752 et
935 4686 1009 4751 de
1042 4707 1213 4769 pane
1230 4735 1244 4763 ‚
1289 4705 1487 4767 usque
1528 4704 1744 4762 mane,
1790 4683 2107 4750 combures
2144 4683 2309 4767 quod

349 4777 634 4856 superest
708 4774 844 4857 iyni
859 4799 880 4836 -:
956 4793 1081 4838 non
1158 4772 1517 4848 comedetur,
1597 4771 1752 4853 quia
1829 4771 2128 4836 sanctitas
2198 4774 2304 4836 est.

349 4859 460 4924 35.
509 4858 737 4925 Facies
769 4860 964 4942 iyitur
1004 4859 1136 4942 ipsi
1179 4858 1445 4924 Aharon
1487 4862 1542 4922 et
1578 4857 1741 4938 liliis
1784 4858 1922 4921 eius
1965 4856 2074 4933 sic,
2119 4856 2307 4921 iuxta

352 4946 566 5011 omnia
616 4965 773 5027 quae
821 4945 1111 5028 praecepi
1169 4944 1313 5011 tibi:
1369 4950 1599 5025 septem
1653 4942 1869 5009 diebus
1920 4941 2307 5008 consecrabis

345 5052 613 5097 manum
652 5051 878 5097 eorum.

530 5207 586 5269 l.
634 5202 770 5268 Hoc
810 5223 1046 5285 quoque
1084 5202 1280 5285 facies
1324 5203 1433 5267 eis.
1511 5201 1685 5283 Quia
1727 5200 1905 5280 haec,
1952 5216 2022 5265 ut
2067 5201 2298 5285 legun-

347 5297 463 5355 tur
507 5310 677 5355 nono
719 5291 930 5373 capite
977 5288 1294 5366 Levitici,
1353 5288 1420 5352 in
1469 5288 1744 5353 historia
1789 5288 2298 5353 consecrationis

345 5376 756 5442 tabernaculi
780 5378 1017 5442 iterum
1055 5385 1343 5458 repetam
1380 5383 1447 5437 et
1479 5374 1686 5439 fusius
1722 5372 2085 5457 explicabo:
2119 5395 2296 5439 nunc

1787 454 2303 523 SECUNDUM
2345 453 3000 523 PRAEOEPTUM.

4256 458 4389 525 438

2439 643 2727 709 breviter
2800 644 3125 728 attingere
3191 644 3353 710 satis
3409 642 3603 709 fuerit
3662 664 3986 709 summam
4047 644 4391 713 duntaxat.

2435 728 2667 812 Neque
2729 730 2904 794 enim
2970 749 3189 794 meum
3249 739 3350 794 est
3405 752 3488 794 ex
3547 729 3697 796 altis
3725 729 3771 817 ¹)
3835 728 4391 813 speculationibus

2399 815 2753 900 mysteria
2815 815 3169 899 fabricare,
3228 836 3394 898 quae
3450 815 3724 881 lectores
3783 816 4110 882 oblectent
4175 819 4387 902 magis

2438 921 2633 983 quam
2689 899 2892 966 solide
2952 899 3276 966 erudiant.
3367 901 3622 978 Prim0,
3683 901 3834 984 quia
3891 903 4226 984 impurum
4284 914 4390 970 est

2435 1007 2510 1053 ac
2572 987 2795 1053 multis
2854 985 3158 1052 sordibus
3214 986 3532 1052 infectum
3588 988 3954 1053 humanum
4006 1009 4243 1072 genus,
4311 996 4387 1054 ut

2433 1093 2660 1138 omnes
2715 1072 2799 1137 ad
2856 1093 3066 1138 unum
3111 1073 3455 1155 prohibeat
3498 1094 3618 1138 sua
3660 1073 4107 1141 immundities
4153 1074 4236 1141 ab
4279 1095 4387 1143 ac-

2432 1178 2621 1224 cessu
2676 1158 2832 1224 Dei:
2904 1166 3258 1241 antequam
3316 1157 3687 1224 sacerdotes
3744 1170 4082 1226 consecret
4139 1161 4382 1242 Moses,

2432 1263 2640 1327 aquae
2675 1245 3052 1328 aspersione
3086 1246 3262 1327 ipsos
3305 1243 3500 1324 lavat,
3544 1266 3627 1309 ne
3672 1245 3951 1328 amplius
3997 1255 4390 1313 censeantur

2433 1350 2515 1394 ex
2571 1331 2905 1395 communi
2962 1327 3210 1395 ordine.
3298 1329 3494 1396 Unde
3538 1329 3939 1415 colligimus,
3999 1333 4067 1396 in
4117 1332 4386 1399 Christo

2431 1415 2574 1480 solo
2642 1436 2868 1481 veram
2927 1416 3198 1499 reperiri
3260 1436 3425 1499 quae
3476 1417 3600 1482 sub
3657 1417 3803 1500 lege
3849 1417 4216 1485 umbratilis
4257 1420 4388 1484 fuit

2478 1502 2685 1566 uritas
2743 1513 2809 1566 et
2852 1503 3249 1567 innocentia.
3338 1502 3567 1566 'Palem
3612 1523 3802 1577 vero,
3862 1503 4078 1586 inquit
4122 1515 4384 1587 aposto-

2432 1588 2535 1652 lus
2577 1586 2774 1674 (Heb.
2824 1588 2880 1665 7,
2927 1587 3067 1675 26),
3116 1586 3386 1653 decebat
3429 1608 3573 1653 esse
3616 1588 4013 1671 pontificem,
4059 1591 4171 1673 qui
4212 1592 4385 1656 inte-

2427 1693 2547 1757 ger
2583 1685 2647 1739 et
2685 1673 2870 1738 nulla
2913 1673 3172 1740 macula
3215 1673 3617 1757 inquinatus,
3661 1694 3779 1758 pro
3823 1677 4269 1758 peccatoribus
4312 1695 4386 1743 se

2429 1780 2648 1824 eoram
2694 1761 2837 1825 Deo
2883 1761 3164 1825 sisteret.
3233 1760 3590 1843 Postquam
3636 1760 3843 1825 abluti
3883 1760 4150 1841 fuerint,
4195 1763 4381 1829 iubet

2426 1845 2605 1929 ipsos
2651 1847 2835 1912 Deus
2882 1845 3067 1910 indui
3112 1845 3499 1911 sacerdotali
3544 1855 3815 1924 ornatu,
3862 1846 4223 1912 secuudum
4268 1870 4384 1914 cu-

2428 1933 2658 2014 iusque
2715 1930 3045 1997 ordinem:
3105 1941 3183 1995 ut
3225 1950 3523 1997 summus
3566 1931 3868 1998 sacerdos
3911 1941 4126 2018 gestet
4168 1933 4384 2017 ephod

2427 2038 2581 2082 cum
2626 2016 2818 2084 Urim
2880 2028 2945 2082 et
2987 2017 3411 2095 'l'hummim‚
3470 2029 3537 2082 et
3594 2016 3864 2089 cidarim
3925 2040 4074 2084 cum
4134 2019 4387 2087 lamina

2426 2122 2648 2180 aurea,
2696 2103 2807 2169 ubi
2852 2102 3272 2187 resplendeat
3316 2104 3629 2169 sanctitas
3673 2103 3991 2170 Iehovae:
4038 2107 4232 2171 tertio
4277 2108 4389 2172 ad-

2428 2187 2524 2253 dit
2568 2190 2961 2254 unctionem.
3052 2188 3239 2253 Haec
3284 2190 3695 2274 praeparatio
3741 2189 3891 2254 fuit.
3912 2188 3992 2255 ad
4038 2191 4216 2275 ipsos
4261 2193 4390 2258 ini·

2428 2273 2685 2341 tiandos
2742 2284 3093 2358 antequam
3138 2297 3379 2341 munus
3424 2274 3832 2342 sacrificandi
3879 2275 4156 2342 obirent.
4246 2278 4385 2344 No-

2426 2360 2705 2425 tandum
2740 2382 2900 2426 vero
2935 2368 3053 2440 est,
3100 2361 3270 2443 quod
3309 2362 3391 2425 ad
3437 2363 3724 2444 primum
3769 2361 4186 2442 sacrificium,
4230 2384 4384 2446 par-

2427 2456 2525 2512 tes
2584 2467 2750 2530 quae
2809 2446 3044 2512 deinde
3100 2447 3182 2512 ad
3228 2447 3502 2512 Aharon
3560 2447 3918 2512 translatae
3964 2458 4147 2527 sunt,
4209 2450 4383 2516 Mosi

2423 2533 2716 2617 iniungi,
2775 2554 2850 2599 ac
2907 2533 2965 2597 si
3009 2540 3182 2598 esset
3227 2534 3461 2599 unicus
3503 2532 3824 2599 sacerdos.
3912 2534 4003 2598 Et
4047 2545 4222 2600 certe
4267 2535 4383 2601 ad-

2426 2619 2557 2685 huc
2579 2640 2784 2702 penes
2817 2619 3038 2702 ipsum
3074 2619 3384 2684 manebat
3419 2619 3799 2703 temporalis
3838 2619 4143 2701 dignitas,
4181 2641 4378 2703 quam

2426 2706 2614 2769 fratri
2672 2704 3055 2790 resignavit.
3147 2703 3333 2785 Quae
3390 2704 3470 2770 de
3528 2706 3835 2771 victimae
3877 2707 4233 2788 partitione
4279 2708 4382 2772 in·

2426 2792 2585 2856 serit
2631 2791 2881 2866 Moses,
2925 2790 3332 2856 commodius
3377 2790 3534 2855 alibi
3578 2812 3936 2874 exponam,
3982 2792 4096 2856 ubi
4140 2792 4223 2857 de
4265 2794 4381 2860 ob-

2425 2875 2787 2943 lationibus
2820 2885 3072 2960 agetur,
3117 2874 3292 2960 quod
3335 2875 3624 2943 diximus
3667 2896 3811 2941 esse
3854 2878 4122 2942 tertium
4171 2899 4381 2943 mem-

2424 2962 2615 3028 brum
2661 2964 2733 3027 in
2777 2964 2960 3028 cultu
3002 2962 3217 3046 legali.

2600 3049 2701 3114 16.
2753 3049 2929 3116 Tunc
2969 3048 3275 3116 mactabis
3316 3048 3588 3115 arietem.
3670 3048 3970 3114 Antehac
4014 3048 4233 3115 iussus
4277 3058 4379 3116 est

2423 3136 2646 3201 Moses
2702 3156 2962 3201 sumere
3019 3143 3242 3219 partes
3301 3134 3557 3199 hostiae
3603 3156 3684 3199 ex
3730 3134 4032 3200 manibus
4080 3135 4375 3215 Aharon,

2420 3229 2499 3286 ut
2546 3222 2765 3287 Deum
2809 3221 2942 3287 illis
2985 3220 3404 3304 propitiaret,
3451 3220 3621 3303 quod
3666 3219 3901 3286 deinde
3930 3221 4121 3305 fungi
4154 3229 4377 3303 posset

2420 3308 2566 3391 ipse
2595 3317 2661 3373 et
2688 3310 2933 3391 posteri
2978 3306 3203 3372 eodem
3250 3306 3493 3372 officio:
3539 3326 3717 3371 nunc
3760 3306 4110 3390 peculiaris
4153 3328 4374 3374 caere-

2418 3395 2643 3459 monia
2687 3393 3108 3472 describitur,
3153 3401 3230 3458 ut
3273 3392 3635 3459 auriculam
3679 3394 3820 3458 eius
3865 3390 4187 3474 dextram,
4230 3394 4374 3477 pol·

2420 3480 2609 3545 licem
2656 3500 2895 3545 manus
2940 3478 3211 3545 dextrae
3254 3492 3319 3543 et
3364 3478 3567 3561 pedis,
3610 3478 3932 3562 sanguine
3975 3479 4200 3544 arietis
4244 3480 4375 3545 illi-

2418 3576 2564 3647 nat,
2621 3574 2758 3630 tam
2813 3566 2940 3649 ipsi
2979 3586 3175 3649 quam
3220 3566 3363 3630 eius
3408 3564 3594 3629 filiis:
3652 3564 3890 3630 deinde
3936 3576 4010 3630 ut
4053 3567 4373 3648 sanguine

2416 3652 2530 3735 qui
2577 3672 2775 3735 super
2818 3653 3027 3717 altare
3073 3661 3217 3716 erat
3259 3652 3615 3734 repositus,
3669 3671 3780 3716 eos
3823 3659 3889 3716 et
3931 3659 4153 3718 vestes
4198 3652 4372 3735 ipso-

2416 3760 2564 3803 rum
2621 3750 2942 3822 aspergat.
3034 3736 3240 3802 Porro
3286 3736 3392 3802 hic
3437 3738 3650 3818 primo
3694 3736 4054 3802 notandum
4102 3745 4238 3816 est,
4296 3745 4374 3803 ut

2415 3825 2538 3890 sibi
2598 3845 2818 3890 coram
2863 3823 3009 3889 Deo
3059 3824 3354 3889 favorem
3416 3820 3499 3887 ad
3554 3821 4094 3888 intercedendum
4153 3824 4370 3890 conci-

2413 3909 2532 3975 liet
2584 3910 2917 3988 sacerdos,
2983 3911 3147 3993 tingi
3193 3909 3516 3992 sanguine
3560 3918 3880 3991 oportere.
3964 3907 4071 3973 Ita
4113 3908 4370 3974 Christi

2412 3996 2853 4062 sacerdotium
2899 3996 3221 4078 sanguine
3268 3994 3554 4060 dicatum
3600 3995 3754 4075 fuit,
3817 4005 3888 4059 ut
3932 3994 4013 4060 ad
4059 4015 4177 4059 nos
4222 3993 4369 4061 Deo

2411 4079 2927 4148 reconciliandos
2989 4082 3221 4147 efficax
3283 4088 3476 4146 esset.
3586 4081 3645 4145 N
3651 4101 3781 4145 unc
3845 4082 4182 4162 quaeritur
4243 4102 4365 4146 cur

2411 4177 2672 4234 tantum
2720 4168 2954 4233 dextra
2998 4167 3292 4232 auricula
3336 4179 3403 4231 et
3445 4165 3713 4249 pollices
3758 4165 3973 4231 dextri
4041 4167 4365 4250 sanguine

2411 4255 2603 4320 tincti
2661 4255 2939 4333 fuerint,
3000 4273 3077 4318 ac
3120 4253 3177 4318 si
3223 4252 3491 4317 dimidia
3532 4262 3788 4316 tantum
3834 4272 3917 4316 ex
3962 4261 4150 4335 parte
4193 4253 4365 4318 sacri

2411 4342 2555 4406 Deo
2598 4350 2663 4406 et
2719 4338 2916 4406 dicati
2972 4348 3197 4406 essent
3249 4338 3636 4405 sacerdotes.
3743 4336 4167 4422 RespondeO,
4237 4338 4361 4405 sub

2408 4447 2543 4491 una
2613 4436 2800 4511 parte
2864 4426 3139 4491 alteram
3201 4422 3702 4507 comprehendi:
3765 4424 4075 4506 quoniam
4132 4424 4360 4489 eadem

2410 4524 2512 4577 est
2566 4513 2908 4595 utriusque
2966 4513 3172 4592 auris,
3233 4530 3577 4588 manuum,
3633 4516 3701 4574 et
3743 4509 3984 4592 pedum
4030 4512 4231 4587 ratio,
4292 4520 4361 4577 et

2409 4600 2505 4665 sic
2538 4598 2887 4664 coniuncta
2921 4605 3085 4663 sunt
3118 4596 3350 4678 officia,
3394 4605 3471 4661 ut
3505 4594 3674 4678 quod
3712 4594 3793 4661 de
3829 4616 3986 4661 aure
4031 4617 4165 4662 una
4210 4595 4362 4662 dici-

2410 4695 2519 4750 tur
2578 4685 2661 4749 ad
2718 4685 2992 4749 alteram
3052 4683 3394 4767 pertineat.
3497 4681 3759 4747 Rursus
3815 4682 4187 4765 quaeritur,
4245 4704 4364 4747 cur

2408 4779 2608 4837 uncta
2634 4771 2854 4854 potius
2885 4770 3082 4835 fuerit
3109 4769 3304 4848 auris,
3348 4789 3485 4852 pes,
3530 4776 3597 4832 et
3625 4788 3859 4834 manus
3892 4788 4087 4851 quam
4131 4775 4360 4850 pectus
4405 4789 4411 4796 ·

2408 4865 2475 4921 et
2496 4858 2742 4942 lingua.
2812 4856 2986 4921 Mihi
3012 4875 3165 4921 vero
3189 4854 3457 4920 dubium
3484 4873 3617 4919 non
3643 4863 3741 4919 est
3778 4854 3935 4937 quin
3973 4873 4092 4937 per
4127 4873 4356 4918 aurem

2408 4942 2749 5027 designata
2812 4942 3013 5007 fuerit
3076 4941 3478 5019 obedientia,
3548 4961 3664 5023 per
3724 4960 3960 5005 manus
4028 4947 4095 5004 et
4159 4938 4359 5022 pedes

2357 5039 2681 5118 ffcnnctae
2737 5028 3025 5094 actiones
3082 5037 3146 5092 et
3200 5035 3379 5092 totus
3424 5027 3602 5092 vitae
3644 5048 3896 5093 cursus.
3988 5024 4173 5090 Nihil
4220 5023 4358 5089 fere

2403 5116 2617 5200 magis
2673 5115 2905 5179 tritum
2964 5114 3033 5177 in
3077 5114 3404 5197 scriptura
3446 5134 3644 5196 quam
3682 5113 3849 5179 istae
3892 5111 4356 5194 metonymiae,

2404 5201 2563 5266 dum
2600 5201 2852 5285 puritas
2899 5220 3212 5265 manuum
3259 5219 3378 5284 pro
3422 5209 3557 5264 tota
3602 5199 3774 5266 vitae
3819 5195 4199 5281 integritate
4245 5217 4361 5261 su·

2574 5388 2633 5458 1)
2670 5387 2846 5444 Εαεεε.
2883 5389 3020 5442 naa.

3839 5468 3942 5524 23.
