4867 6150
445 445 576 513 263
670 462 676 467 ·

997 632 1232 700 ITEM
1267 631 1401 699 Ex
1446 631 1711 699 DEU'D.
1755 630 1845 698 X.

623 805 729 871 20.
777 803 1076 871 Iehovam
1118 803 1330 871 Deum
1373 807 1551 869 mum
1595 802 1858 884 timebiS,
1901 823 2040 869 eum
2082 804 2257 879 coles,
2313 804 2400 870 ei·

443 911 568 977 que
611 890 997 959 adhaerebis.

984 1233 1216 1300 ITEM
1264 1231 1392 1298 Ex
1436 1231 1704 1299 DEUT.
1748 1230 1861 1298 VI.

621 1406 721 1472 16.
772 1404 927 1473 Non
971 1406 1289 1472 tentabitis
1325 1404 1621 1471 Iehovam
1664 1402 1876 1470 Deum
1913 1408 2200 1478 0831181111,
2244 1402 2407 1469 sicut

445 1492 734 1559 tentasti-s·
775 1492 848 1557 in
896 1491 1113 1558 Musa.

619 1664 818 1729 Dent.
857 1663 918 1739 6,
954 1663 1016 1728 4.
1109 1663 1289 1728 Audi
1337 1661 1565 1728 Israel.
1669 1661 1863 1743 Quod
1911 1661 2131 1727 Moses
2183 1658 2402 1725 Deum

444 1770 653 1816 unum
700 1770 844 1814 8888
911 1750 1179 1827 8888111,
1244 1770 1376 1813 000
1436 1746 1520 1813 8(1
1579 1748 1783 1814 801810
1844 1748 1985 1813 8108
2030 1747 2400 1823 essentiam,

445 1855 616 1919 quae
643 1834 1329 1917 incomprehensibilis
1366 1846 1467 1899 881
1501 1835 1945 1919 restringitur,
1982 1833 2095 1899 sed
2119 1831 2400 1916 intelligi

445 1922 643 1986 etiam
693 1919 886 1984 debet
931 1921 1010 1987 de
1064 1920 1311 1986 virtute
1357 1930 1424 1987 et
1468 1920 1678 2004 gloria
1726 1941 1894 2003 quae
1936 1918 2178 2004 populo
2213 1919 2401 1982 inno·

447 2015 688 2072 tuerat.
777 2005 988 2088 Quasi
1034 2006 1299 2086 diceret,
1345 2006 1728 2073 defectionis
1773 2028 1920 2073 reos
1967 2007 2100 2070 foro
2144 2006 2271 2069 nisi
2329 2006 2398 2069 in

446 2092 586 2160 solo
631 2093 774 2157 Deo
818 2093 1251 2175 acquiescant,
1295 2094 1405 2175 qui
1450 2092 1576 2157 sibi
1619 2114 1731 2158 eos
1776 2092 2182 2157 devinxerat.
2239 2090 2399 2155 Ideo

446 2199 580 2243 non
619 2178 810 2243 modo
833 2177 1148 2244 Iehovam
1187 2179 1509 2263 appellat,
1561 2179 1676 2243 sed
1724 2177 1922 2243 simul
1959 2177 2142 2242 addit
2177 2174 2395 2241 Deum

443 2263 624 2329 illius
667 2264 896 2348 populi
936 2285 1130 2347 quem
1176 2265 1550 2347 alloquitur.
1632 2263 1738 2329 Ita
1780 2285 2006 2329 omnes
2051 2263 2217 2329 aliae
2260 2261 2396 2327 dei·

443 2359 613 2417 tates
659 2350 728 2415 in
777 2348 1054 2414 nihilum
1100 2348 1512 2434 rediguntur,
1556 2361 1625 2415 et
1666 2350 1927 2415 iubetur
1971 2348 2251 2432 populus
2295 2350 2395 2413 fu·

443 2457 601 2521 gere
660 2444 728 2499 et
787 2435 1097 2501 detestari
1158 2436 1472 2520 quidquid
1528 2459 1569 2501 a
1626 2457 1794 2520 pura
1838 2435 1966 2500 Dei
2023 2437 2396 2518 cognitione

445 2530 700 2587 mentes
745 2519 1035 2588 abducit:
1096 2522 1251 2605 quia
1305 2524 1426 2588 etsi
1483 2522 1881 2604 relinquitur
1936 2522 1996 2595 81
2041 2542 2236 2586 80010
2278 2542 2395 2585 no-

442 2628 616 2686 men,
662 2607 1005 2672 maiestate
1040 2619 1257 2672 tamen
1293 2629 1415 2674 sua
1450 2608 1732 2686 exuitur,
1776 2607 2049 2673 simulac
2084 2608 2394 2673 miscetur

443 2693 518 2758 in
542 2693 753 2758 turba.
798 2692 955 2758 Ideo
979 2715 1098 2776 per
1120 2694 1528 2759 Ezechielem
1551 2694 1654 2772 20,
1678 2694 1765 2760 39
1789 2694 1979 2761 dicit:
2020 2692 2125 2758 Ite
2161 2692 2390 2758 ambu-

443 2779 577 2844 late
622 2779 893 2861 quisque
935 2789 1089 2863 post
1142 2779 1320 2845 idola
1363 2792 1604 2847 vestra.
1696 2780 1952 2861 Quibus
1996 2779 2215 2846 verbis
2254 2799 2391 2844 non

445 2864 657 2930 solum
702 2865 1008 2947 repudiat
1054 2886 1281 2930 omnes
1333 2866 1673 2946 mixturas,
1715 2866 1828 2932 sed
1874 2874 2153 2932 testatur
2196 2865 2392 2930 malle

444 2972 516 3017 88
561 2972 680 3034 010
723 2951 906 3015 00110
952 2952 1100 3017 (1081
1146 2972 1342 3033 quam
1387 2972 1519 3017 000
1566 2952 1688 3018 8011
1733 2953 1799 3016 10
1848 2952 2152 3018 solidum.
2210 2951 2392 3019 Scite

441 3044 664 3102 tamen
708 3035 1051 3103 orthodoxi
1098 3048 1317 3121 patres
1361 3051 1591 3104 contra
1635 3039 1904 3104 Arrium
1949 3038 2255 3105 hocloco
2290 3038 2393 3104 081

442 3134 632 3189 sunt:
672 3123 829 3205 quia
853 3144 1056 3205 quum
1080 3125 1329 3207 passim
1352 3124 1660 3191 Christus
1686 3137 1952 3192 vocetur
1975 3127 2175 3203 Deus,
2216 3125 2393 3190 haud

446 3209 640 3274 dubie
675 3209 789 3274 ille
823 3220 926 3274 881
959 3210 1133 3275 idem
1171 3211 1421 3277 1811018
1455 3212 1566 3293 qui
1601 3232 1673 3276 88
1707 3212 1971 3277 0018001
1998 3211 2214 3277 Deum
2252 3232 2398 3295 pro-

443 3295 743 3360 nunciat:
804 3297 975 3378 quod
1035 3307 1103 3359 et
1161 3296 1243 3361 (18
1297 3298 1532 3379 8011110
1586 3309 1812 3363 880810
1867 3298 2096 3362 eadem
2140 3298 2397 3363 ratione

446 3381 785 3447 asseritur.

622 3467 820 3532 Deut.
860 3466 920 3542 6,
964 3465 1063 3532 13.
1112 3465 1405 3534 lehovam
1445 3467 1659 3535 Deum
1698 3474 1875 3534 tumn
1918 3469 2177 3535 timebis.
2221 3469 2403 3534 Hinc

451 3552 686 3617 melius
746 3551 953 3635 liquet
1015 3573 1330 3637 quorsum
1399 3576 1614 3639 nuper
1679 3557 1921 3620 dixerit
1988 3577 2193 3620 unum
2259 3576 2403 3621 8888

450 3638 692 3715 Deum,
738 3658 977 3720 nempe
1021 3652 1092 3703 01
1137 3661 1312 3705 0008
1346 3641 1417 3706 10
1453 3640 1736 3706 solidum
1773 3642 2045 3706 colatur:
2090 3643 2242 3724 quia
2276 3642 2406 3706 0181

450 3724 522 3789 10
564 3724 711 3807 1080
755 3725 891 3789 8010
937 3725 1190 3790 defixae
1234 3729 1372 3792 sint-
1416 3739 1688 3808 mentes,
1742 3726 2131 3793 distrahitur
2172 3729 2243 3792 in
2290 3749 2404 3794 va-

454 3812 588 3874 rias
626 3823 845 3891 partes
883 3811 1130 3895 religi0,
1168 3833 1367 3895 quam
1405 3813 1890 3879 distractionem
1918 3835 2068 3879 mox
2111 3814 2406 3897 sequitur

454 3916 747 3961 errorum
816 3896 1251 3980 labyrinthus.
1383 3899 1611 3965 Primo
1676 3915 1894 3965 autem
1963 3901 2403 3965 reverentiam

455 3982 683 4066 exigit,
734 3982 970 4048 deinde
1015 3982 1263 4049 cultum
1312 3985 1424 4067 qui
1466 3985 1649 4050 111810
1694 3999 1975 4051 testetur
2018 4007 2095 4049 ac
2138 3986 2405 4050 demon·

455 4077 640 4134 stret.
687 4068 897 4134 Porro
941 4069 1140 4134 timor
1174 4069 1645 4137 subiectionem
1679 4073 1752 4136 in
1786 4093 1857 4137 se
1892 4074 2202 4149 continet,
2247 4073 2404 4137 dum

456 4176 527 4220 88
571 4154 873 4219 homines
917 4155 1062 4220 Deo
1106 4154 1438 4235 addicunt,
1483 4157 1637 4240 quia
1667 4157 1815 4223 illos
1858 4160 1929 4222 in
1964 4158 2262 4224 ordinem
2298 4179 2403 4223 co-

458 4240 555 4324 git
597 4239 1027 4307 formidabilis
1072 4242 1213 4307 eius
1258 4242 1583 4309 maiestas.
1629 4243 1807 4311 Hinc
1843 4244 2138 4310 nascitur
2171 4245 2405 4322 cultus,

456 4325 723 4476 Kiletatis
768 4327 976 4392 testis.
1065 4326 1200 4392 Sed
1247 4329 1610 4395 notandum
1644 4338 1765 4409 est,
1810 4331 2110 4397 timorem
2154 4331 2234 4395 (18
2277 4350 2405 4413 quo

512 4410 567 4477 'c
621 4412 1049 4495 praecipitur,
1108 4413 1562 4480 voluntarium
1616 4437 1790 4494 8888,
1850 4427 1923 4482 01
1982 4416 2148 4481 nihil
2194 4416 2407 4498 magis

458 4497 728 4580 cupiant
761 4497 1062 4564 homines
1107 4520 1305 4581 quam
1341 4500 1603 4567 obedire
1627 4501 1792 4568 Deo.
1838 4502 2064 4585 Quum
2087 4523 2245 4586 ergo
2270 4502 2407 4566 dixi

458 4604 582 4648 008
627 4605 668 4647 8
706 4583 837 4649 Deo
881 4584 1003 4649 sub
1046 4587 1271 4671 iugum
1318 4590 1462 4672 cogi
1524 4591 1854 4671 potentiae
1896 4599 1961 4653 et
2003 4588 2406 4674 magnitudi-

457 4669 565 4733 nis
608 4691 764 4734 8088
809 4691 1028 4749 88080,
1097 4693 1230 4737 000
1274 4674 1573 4738 intellexi
1617 4676 1991 4758 extorqueri
2045 4676 2404 4740 violentum

457 4764 526 4820 81
569 4755 809 4820 8811118
852 4757 1267 4840 obsequium:
1310 4770 1568 4825 tantum
1616 4761 1829 4827 dicere
1872 4762 2051 4827 volui
2085 4783 2216 4826 000
2254 4771 2406 4826 8018

458 4839 696 4906 adduci
737 4862 930 4924 posse
975 4842 1275 4910 homines
1320 4844 1403 4911 ad
1448 4848 1809 4928 parendum
1854 4846 2016 4925 Deo,
2081 4841 2277 4930 quam
2325 4849 2401 4911 ti-

455 4948 639 4993 more
706 4928 953 4993 subacti
1019 4930 1289 4995 fuerint:
1358 4933 1510 5014 quia
1566 4934 1865 5017 ingenita
1921 4934 2055 4999 illis
2110 4933 2404 5017 pravitas

455 5034 716 5095 semper
773 5015 1106 5097 religionis
1166 5028 1614 5100 contemptum
1671 5031 1739 5083 et
1796 5020 2126 5085 licentiam
2182 5041 2400 5086 secum

457 5100 678 5164 trahit.
736 5100 970 5182 Itaque
1017 5102 1187 5183 apud
1234 5102 1582 5168 Ieremiam
1620 5105 1680 5185 5,
1704 5106 1807 5183 22,
1853 5119 1927 5170 01
1970 5107 2052 5171 ad
2096 5106 2401 5172 timorem

455 5184 756 5251 homines
804 5185 1129 5266 hortetur,
1190 5190 1551 5253 terribilem
1598 5211 1785 5256 suam
1829 5194 2190 5274 potentiam
2252 5215 2400 5276 pro-

450 5272 641 5353 ponit
684 5273 753 5336 in
797 5272 1156 5338 fraenando
1201 5276 1402 5340 maris
1444 5275 1726 5358 impetu:
1773 5281 1880 5360 qui
1927 5289 2146 5344 tamen
2185 5290 2401 5345 metus

448 5376 645 5422 18108
690 5359 832 5424 8108
876 5359 1159 5426 80110188
1205 5362 1464 5444 1003108
1511 5361 1794 5430 adducit.
1884 5365 1964 5429 Iu
2010 5366 2215 5430 altero
2260 5367 2400 5432 loco

1397 5601 1436 5618 ¹—

1921 440 2299 510 PRIMUM
2344 438 2995 512 PRAEGEPTUM.

4321 440 4455 505 264

2502 649 2694 713 quem
2733 651 2814 695 ex
2846 630 2963 696 -10.
3001 631 3211 714 880118
3237 629 3506 695 Denter.
3553 629 3978 709 subiecimus,
4024 625 4449 695 Adhaerendi

2503 716 2776 781 verbum
2827 738 3056 783 rursus
3101 717 3472 794 confirmat,
3530 715 3808 781 simulac
3853 716 3957 781 vel
4016 715 4345 781 tantillum
4406 735 4449 778 8

2504 799 2648 866 Deo
2689 801 2990 869 homines
3048 802 3410 868 deflectunt
3464 801 3687 867 vitiari
3741 802 3883 867 eius
3941 802 4209 868 cultum.
4295 800 4450 866 Huc

2505 889 2680 952 enim
2747 897 3000 972 spectat
3064 888 3438 955 coniunctio
3510 888 3591 952 ad
3670 909 3864 970 quam
3940 908 4092 954 suos
4167 887 4455 953 cultores

2503 982 2699 1039 10881
2742 984 2819 1038 111
2860 976 2917 1040 ei
2963 973 3438 1058 quodammodo
3481 973 3875 1059 agglutinati
3918 994 4045 1039 non
4092 973 4219 1038 8110
4242 973 4448 1056 respi-

2504 1060 2699 1125 ciant.

2682 1147 2877 1210 Deut.
2927 1145 2988 1227 6,
3025 1146 3126 1212 16.
3241 1145 3390 1211 Non
3450 1144 3764 1211 tentabitis
3828 1144 4138 1212 Iehovam.
4225 1143 4449 1226 Quum

2507 1231 2671 1296 haec
2716 1231 3014 1296 doctrina
3074 1230 3251 1298 haud
3308 1230 3501 1297 dubie
3559 1230 3641 1295 ad
3702 1230 3984 1313 primum
4032 1241 4448 1315 praeceptum

2507 1317 2738 1382 referri
2761 1316 3010 1397 debeat,
3046 1340 3129 1383 ex
3164 1338 3241 1383 ea
3262 1316 3650 1402 colligimus,
3688 1318 3811 1382 hoc
3845 1317 4268 1402 praecipuum
4308 1337 4458 1382 8888

2505 1411 2704 1486 88001
2737 1404 3019 1486 01818118,
3053 1403 3199 1469 1)80
3223 1403 3509 1469 tribuere
3543 1402 3713 1487 quod
3751 1424 3944 1469 suum
3966 1413 4084 1479 est,
4123 1423 4243 1468 nec
4263 1403 4451 1486 quid-

2507 1511 2701 1573 quam
2744 1512 2830 1554 ex
2873 1491 3020 1555 iure
3060 1490 3229 1573 quod
3275 1488 3396 1556 sibi
3445 1488 3763 1567 vendicat,
3810 1489 4173 1556 detrahere.
4235 1489 4454 1554 Incre-

2508 1574 2752 1641 dulitas
2795 1574 2897 1662 (ut
2940 1586 3094 1641 8018
3138 1573 3452 1662 vidimus)
3510 1577 3655 1641 fons
3713 1585 3781 1640 et
3832 1597 4033 1642 causa
4077 1576 4453 1640 tentationis

2506 1661 2632 1725 fuit
2688 1663 2758 1726 in
2801 1661 3025 1727 Masa:
3084 1662 3235 1744 quia
3283 1682 3486 1745 quum
3544 1683 3753 1745 neque
3810 1662 3881 1726 in
3933 1663 4057 1727 Dei
4098 1660 4452 1745 providen-

2506 1748 2666 1812 tiam
2736 1748 3145 1814 recumberet
3198 1748 3506 1831 populus‚
3575 1769 3783 1831 neque
3855 1748 3924 1812 in
3980 1757 4254 1831 paterno
4312 1747 4451 1812 eius

2506 1854 2726 1899 amore
2783 1834 3253 1916 acquiesceret,
3321 1835 3537 1918 erupit
3579 1833 3662 1899 ad
3707 1835 4199 1918 impatientiam,
4255 1843 4453 1917 atque

2507 1919 2638 1985 huc
2677 1920 2939 1985 tandem
2987 1921 3290 2004 prorupit
3333 1931 3408 1984 ut
3454 1920 3667 1985 Deum
3715 1918 3837 1985 sibi
3883 1920 4111 1986 adesse
4153 1941 4288 1985 non
4330 1939 4453 2003 pu·

2505 2014 2675 2069 taret
2740 2006 2870 2070 nisi
2935 2006 3269 2089 improbae
3331 2006 3473 2070 eius
3538 2006 3881 2088 cupiditati
3964 2007 4458 2089 obsequeretur.

2504 2089 2826 2157 Videmus
2871 2113 3025 2176 ergo
3085 2091 3306 2156 Deum
3353 2113 3486 2157 non
3536 2091 3727 2157 aliter
3783 2103 3957 2157 recte
3999 2092 4122 2157 coli
4166 2091 4294 2157 nisi
4338 2091 4454 2156 ubi

2503 2179 2783 2260 propriis
2851 2176 3205 2243 virtutibus
3270 2190 3561 2243 ornatur.
3671 2178 3865 2245 Unde
3923 2179 4119 2243 etiam
4179 2187 4453 2261 apparet

2503 2285 2632 2328 000
2679 2284 2867 2347 00888
2912 2286 2951 2329 8
2985 2263 3115 2329 fide
3162 2262 3380 2328 divelli
3426 2284 3653 2329 veram
3700 2263 4041 2347 pietatem:
4085 2265 4238 2346 quia
4282 2262 4338 2329 81
4381 2262 4452 2327 10

2503 2348 2646 2413 Deo
2719 2351 3137 2434 agnoscimus
3203 2348 3490 2414 residere
3555 2350 3868 2432 quidquid
3931 2349 4288 2433 optandum
4354 2358 4457 2414 881

2505 2434 2688 2513 boni,
2747 2436 2965 2500 omnia
3012 2434 3092 2499 ab
3139 2457 3213 2500 80
3258 2436 3789 2519 exspectabimus
3832 2445 3898 2500 et
3931 2445 4269 2519 petemus:
4337 2454 4456 2518 pa-

2502 2520 2743 2586 tienter
2785 2522 2985 2586 etiam
3032 2532 3097 2586 81
3142 2521 3369 2604 aequis
3413 2521 3652 2588 animis
3697 2521 3982 2587 feremus
4018 2542 4135 2587 nos
4170 2523 4311 2586 eius
4347 2542 4461 2587 ar-

2505 2605 2695 2672 bitrio
2753 2609 2923 2692 regi:
2982 2607 3265 2691 denique
3314 2628 3434 2674 nos
3477 2617 3547 2674 et
3601 2609 3801 2672 vitam
3859 2617 4153 2675 nostram
4198 2609 4267 2672 in
4311 2608 4463 2674 eius

2503 2714 2774 2758 manum
2821 2693 3174 2760 trademus.

3071 3036 3204 3103 Ex
3246 3037 3551 3104 anrr.
3597 3035 3777 3102 xlx
3803 3035 3871 3124 ¹).

2678 3211 2735 3276 1.
2817 3209 3143 3291 Loquutus
3220 3214 3311 3276 est
3388 3209 3620 3276 Iehova
3697 3209 3813 3275 (αἶ’
3862 3208 4102 3287 Mosen,
4179 3212 4461 3292 dicendo,

2505 3297 2565 3362 2.
2614 3295 2898 3379 Loquere
2941 3296 3027 3361 aa
3048 3296 3413 3361 univers-um
3435 3300 3664 3362 coetum
3701 3294 3983 3377 filiorum
4004 3295 4232 3377 Israel,
4277 3304 4338 3364 et
4356 3299 4467 3365 dic

2506 3384 2631 3450 eis.-
2679 3381 2901 3447 Sancti
2926 3385 3127 3467 estote,
3171 3383 3327 3464 quia
3360 3402 3468 3465 eqo
3503 3386 3759 3449 sanctus
3782 3379 4015 3448 lehova
4038 3381 4219 3449 Deus
4238 3389 4461 3451 vester.

2683 3555 2738 3620 1.
2787 3554 3116 3637 Loquutus
3147 3558 3238 3619 est
3280 3553 3529 3620 Iehova.
3606 3554 3764 3619 Huc
3808 3553 4022 3619 tendit
4063 3555 4456 3634 exhortatio,

2506 3641 2793 3724 primum
2842 3661 2927 3704 08
2972 3639 3102 3704 Β81
3145 3639 3397 3706 8011010
3464 3640 3827 3706 metiantur
3869 3661 3954 3705 ex
3999 3661 4119 3707 suo
4160 3642 4459 3724 ipsorum

2505 3726 2805 3810 1038010,
2866 3723 2981 3790 88(1
3043 3747 3128 3791 ex
3172 3726 3350 3792 illius
3406 3727 3626 3809 potius
3683 3736 3949 3792 natura:
4011 3726 4246 3792 deinde
4289 3740 4367 3792 ut
4410 3751 4451 3793 a

2507 3811 2726 3877 studio
2794 3812 3103 3895 puritatis
3168 3813 3504 3897 incipiant.
3617 3812 3800 3877 Nihil
3866 3814 4040 3877 enim
4116 3814 4449 3881 difficilius

2506 3918 2703 3982 quam
2747 3897 3048 3963 homines
3091 3918 3331 3964 exuere
3373 3899 3646 3964 affectus
3689 3899 3906 3965 carnis
3962 3907 4033 3964 01
4078 3920 4149 3963 88
4193 3900 4274 3965 8(1
4324 3901 4453 3965 Dei

2507 3984 2937 4049 imitationem
3019 3985 3321 4051 forment.
3431 3984 3538 4049 Ad
3606 3985 3767 4050 haec
3831 3982 4114 4050 libenter
4189 3997 4451 4070 torpent

2504 4069 2572 4134 in
2618 4071 2754 4136 suis
2797 4070 3128 4150 sordibus,
3193 4078 3262 4135 et
3304 4080 3647 4137 externam
3706 4071 3967 4154 pietatis
4025 4073 4308 4155 speciem
4367 4071 4453 4137 ad

2507 4177 2618 4221 eas
2661 4155 2975 4242 tegendas
3018 4156 3401 4222 obtendunt.
3464 4156 3597 4223 Hic
3641 4177 3798 4241 ergo
3841 4155 3922 4221 ad
3968 4155 4094 4224 Dei
4140 4161 4451 4225 imitatio-

2509 4264 2662 4308 nem
2729 4251 3154 4320 revocantur,
3234 4243 3349 4327 qui
3428 4264 3537 4309 808
3604 4242 4009 4327 adoptando,
4095 4246 4455 4330 imaginem

2508 4349 2696 4395 suam
2740 4339 3000 4413 gestare
3043 4328 3269 4407 voluit,
3328 4330 3521 4396 sicuti
3563 4329 3682 4395 filii
3736 4329 3924 4414 probi
3969 4339 4038 4396 et
4081 4353 4209 4397 non
4257 4331 4454 4417 dege-

2509 4436 2700 4481 neres
2757 4423 3011 4498 patrem
3071 4414 3385 4481 referunt.
3490 4414 3566 4482 Si
3619 4416 3766 4499 quis
3823 4415 4042 4481 Deum
4101 4419 4455 4484 sanctitate

2509 4522 2787 4584 aequare
2831 4501 3115 4581 studeat,
3159 4522 3407 4567 vesana
3451 4504 3576 4567 erit
3616 4502 3982 4568 aemulatio.
4073 4501 4209 4570 Sed
4253 4526 4458 4587 quan-

2509 4609 2704 4671 quam
2771 4587 2853 4652 ab
2920 4587 3171 4670 angelis
3236 4609 3493 4672 quoque
3563 4589 3944 4673 longissime
4021 4588 4271 4655 (1181801
4348 4592 4452 4656 181

2508 4674 2967 4759 perfectissimi
3038 4675 3314 4756 quique,
3393 4694 3526 4739 non
3605 4683 3832 4741 tamen
3909 4676 4128 4742 obstat
4192 4677 4457 4741 minimi

2509 4761 2823 4843 cuiusque
2880 4760 3293 4825 imbecillitas
3350 4761 3702 4842 quominus
3757 4761 3838 4826 ad
3894 4762 4023 4826 Dei
4076 4763 4453 4846 exemplum

2507 4849 2769 4931 aspiret.
2868 4846 3089 4928 Atque
3133 4846 3216 4911 ad
3260 4845 3381 4912 hoc
3425 4858 3622 4929 caput
3657 4847 3998 4931 pertinent
4038 4868 4267 4913 omnes
4308 4870 4453 4914 cae-

2505 4933 2837 4998 remoniae
2882 4933 3119 5015 quibus
3163 4942 3450 4997 veterem
3496 4935 3809 5016 populum
3855 4934 4036 4999 Deus
4079 4934 4163 4999 ad
4218 4937 4463 5001 sancti-

2505 5029 2709 5084 tatem
2753 5019 3064 5094 exercuit,
3113 5028 3190 5083 ut
3232 5031 3459 5103 postea
3495 5018 3838 5086 videbitur.
3884 5020 4030 5084 Etsi
4068 5030 4286 5085 autem
4320 5043 4456 5086 000

2504 5105 2709 5169 881081
2753 5107 3038 5170 08801111
3084 5105 3246 5169 11888
3289 5107 3647 5184 880180118,
3708 5106 3863 5189 (1018
3920 5118 4143 5172 tamen
4210 5108 4278 5171 in
4324 5108 4456 5172 illis

2576 5381 2632 5433 u·
2679 5311 2736 5380 1)
2774 5311 2924 5364 Haec
2968 5310 3224 5380 pericopa
3271 5312 3428 5365 abest
3480 5313 3549 5365 ab
3596 5312 3698 5366 Ed.
3738 5310 3874 5366 1563
3909 5312 4003 5365 lat.
4060 5329 4168 5366 non
4202 5320 4387 5367 autem
4424 5329 4473 5368 a

2505 5399 2576 5450 ga
2618 5397 2717 5434 188.
