4867 6150
332 471 414 537 89
1486 467 2230 539 COMMENTARIUS
2274 467 2376 534 IN
2420 465 2724 533 EXODI
2769 466 2968 533 OAP.
3016 466 3175 533 VII.
4259 469 4348 536 90

329 669 588 729 certum
626 670 766 726 erat
801 680 938 726 non
976 661 1150 726 ultro
1185 661 1589 749 morigerum
1625 662 1760 727 fore
1786 661 1913 727 Dei
1950 656 2281 735 mandato,

331 768 456 814 nec
502 748 686 832 prius
730 767 1067 812 cessurum
1114 768 1312 829 quam
1362 748 1679 814 miraculo
1726 747 2068 814 convictus
2111 744 2286 809 foret

328 834 481 900 ideo
527 834 771 898 illustri
815 841 1122 916 certoque
1169 833 1436 898 virtutis
1480 856 1637 899 suae
1682 833 2073 899 documento
2098 831 2285 896 Deus

329 941 559 987 servos
602 940 756 985 suos
792 919 1026 984 munit.
1094 917 1301 983 Porro
1342 921 1681 985 conversio
1726 918 1876 1002 pedi
1920 918 2027 985 vel
2072 915 2288 981 baculi

325 1006 680 1090 pastoralis
725 1007 791 1070 in
833 1015 1203 1089 serpentem
1242 1003 1372 1070 huc
1417 1004 1785 1089 spectabat:
1834 1025 1916 1070 ne
1954 1001 2286 1086 despectui

330 1108 505 1159 esset
548 1090 856 1177 ignobilis
903 1102 969 1154 et
1012 1093 1294 1156 rusticus
1341 1091 1547 1157 Mosis
1603 1090 1886 1157 habitus.
1974 1089 2145 1155 Nam
2188 1084 2291 1173 (ut

330 1199 404 1244 se
473 1200 662 1265 reges
726 1177 1072 1242 immodice
1137 1176 1370 1241 efferre
1442 1176 1683 1264 solent)
1750 1176 1960 1243 facete
2025 1172 2288 1241 eludere

327 1274 591 1349 poterat
656 1263 915 1328 Pharao
980 1261 1323 1329 audaciam
1390 1263 1598 1329 Mosis
1665 1272 1733 1328 et
1800 1262 2102 1336 Aharon,
2177 1259 2289 1343 qui

330 1350 520 1417 velut
564 1351 758 1416 sortis
802 1370 959 1414 suae
1004 1348 1205 1426 obliti,
1249 1369 1398 1413 cum
1439 1350 1642 1414 totius
1665 1349 1955 1433 Aegypti
1999 1345 2291 1430 potentia

330 1437 786 1520 confligerent.
856 1432 1186 1518 Cognovit
1221 1435 1426 1518 igitur
1448 1432 1726 1513 Pharao,
1765 1433 2070 1518 quamvis
2104 1430 2290 1496 nullo

330 1524 578 1590 eximio
634 1520 984 1606 splendore
1043 1534 1262 1585 essent
1306 1521 1666 1601 terribiles,
1716 1543 1791 1586 ac
1828 1518 1995 1584 nihil
2030 1517 2289 1600 magni-

330 1611 533 1675 ficum
578 1628 737 1692 prae
782 1628 851 1672 se
895 1608 1165 1681 ferrent,
1220 1628 1349 1672 non
1399 1615 1619 1672 tamen
1668 1606 1931 1672 destitui
1971 1605 2180 1670 firmis
2225 1613 2292 1667 et

331 1694 573 1761 validis
620 1691 994 1777 praesidiis,
1053 1711 1253 1774 quum
1316 1692 1566 1757 videret
1621 1715 1702 1758 ex
1747 1692 1981 1758 baculo
2028 1687 2291 1774 prodire

331 1790 730 1865 serpentem.
821 1777 900 1843 In
950 1798 1208 1843 summa
1252 1785 1528 1843 testatus
1569 1788 1669 1844 est
1707 1779 1895 1844 Deus
1938 1777 2058 1843 sub
2104 1776 2287 1843 infir-

330 1868 566 1933 mitate
631 1862 967 1932 servorum
1051 1885 1317 1929 suorum
1398 1864 1799 1930 reconditam
1881 1883 2023 1929 esse
2103 1881 2290 1926 suam

424 1953 731 2017 tentiam:
796 1962 869 2015 ut
929 1950 1205 2034 singulis
1263 1951 1626 2034 quibusque
1670 1950 2021 2016 momentis
2063 1946 2289 2013 formi-

330 1974 589 2106 ggbiles
665 2035 974 2102 redderet
1060 2036 1334 2101 summis
1420 2036 1828 2113 monarchis,
1917 2037 2027 2118 qui
2117 2032 2292 2099 vasis

329 2125 639 2191 testaceis
685 2123 923 2206 alioqui
968 2132 1159 2186 erant
1213 2121 1483 2187 similes.
1572 2123 1710 2188 Cur
1755 2122 2025 2186 Aharon
2074 2120 2292 2205 potius

330 2232 534 2296 quam
581 2210 801 2275 Moses
844 2208 1147 2273 baculum
1193 2209 1512 2291 prolicere
1556 2209 1893 2285 iubeatur,
1949 2208 2112 2272 mihi
2158 2226 2290 2270 non

330 2305 629 2373 constat,
690 2296 818 2360 nisi
878 2294 1042 2360 forte
1110 2293 1278 2377 quod
1340 2294 1609 2360 fastuosi
1668 2294 1941 2377 tyranni
1998 2291 2293 2359 lautitias

331 2382 639 2449 consulto
685 2379 1088 2464 vilipendere
1134 2379 1344 2445 voluit
1389 2381 1603 2460 Deus,
1649 2380 1758 2444 ubi
1808 2379 2113 2463 dignatus
2158 2397 2291 2441 non

330 2477 437 2535 est
484 2471 795 2533 virtutem
841 2486 1030 2531 suam
1088 2486 1391 2531 exserere
1449 2487 1567 2548 per
1624 2486 1894 2531 manum
1954 2460 2127 2532 servi
2188 2462 2290 2529 sui

326 2553 666 2639 primarii,
734 2550 849 2619 sed
915 2553 1234 2616 minorem
1296 2560 1557 2615 tantum
1616 2551 1932 2617 adhibuit.
2035 2550 2292 2633 Itaque,

326 2640 679 2706 ministerii
726 2648 1041 2722 respectu,
1085 2639 1277 2722 virga
1299 2638 1424 2702 Dei
1462 2649 1529 2702 et
1552 2638 1758 2703 Mosis
1795 2659 1974 2703 nunc
2018 2647 2292 2703 vocatur

325 2728 525 2810 virga
594 2725 884 2790 Aharon.
996 2722 1210 2789 Sicuti
1274 2723 1525 2788 Paulus
1594 2724 1674 2787 de
1753 2722 2095 2807 evangelio
2169 2741 2286 2788 suo

324 2813 690 2898 gloriatur,
756 2811 945 2877 cuius
1011 2808 1473 2893 promulgandi
1533 2808 1655 2875 sibi
1713 2810 2084 2874 iniunctum
2143 2829 2287 2873 esse

322 2921 577 2965 munus
622 2897 868 2963 sciebat
910 2894 1128 2982 (Rom.
1178 2894 1279 2974 16,
1324 2895 1410 2960 25
1455 2903 1521 2961 et
1563 2895 1623 2960 2.
1671 2896 1836 2961 Tim.
1885 2896 1944 2969 2,
1992 2892 2079 2981 8).

509 2986 608 3051 10.
693 2984 873 3049 Venit
925 3002 1065 3066 erqo
1109 2980 1338 3048 Messe.
1427 2980 1826 3065 Quanquam
1881 3002 2042 3048 suae
2095 2999 2285 3047 voca-

318 3073 530 3139 tionis
572 3071 707 3137 iam
751 3068 871 3135 sibi
918 3068 1119 3153 probe
1164 3067 1404 3136 conscii
1448 3077 1655 3149 erant,
1700 3078 1770 3134 et
1810 3068 2104 3135 sciebant
2146 3088 2285 3133 coe-

320 3159 482 3225 lesti
516 3158 765 3223 virtute
800 3177 871 3221 se
894 3156 1137 3239 pollere
1159 3156 1229 3219 in
1258 3154 1528 3220 edendis
1551 3154 1904 3233 miraculis,
1945 3175 2281 3236 nunquam

318 3255 550 3313 tamen
589 3241 894 3310 accedere
930 3241 1075 3307 ausi
1111 3241 1385 3308 fuissent
1407 3240 1486 3305 ad
1512 3239 1846 3307 crudelem
1879 3260 2284 3322 saevumque

318 3343 710 3415 tyrannum,
755 3329 884 3395 nisi
929 3347 1051 3394 eos.
1076 3326 1348 3393 interior
1385 3325 1487 3396 vis
1542 3327 1813 3411 spiritus
1848 3327 1933 3393 ad
1975 3332 2282 3396 constan-

318 3423 492 3486 tiam
546 3423 883 3483 armasset.
986 3415 1165 3481 Hinc
1222 3415 1426 3500 igitur
1484 3413 1566 3481 ad
1633 3437 1862 3483 omnes
1917 3412 2280 3481 vincendos

318 3513 612 3573 terrores
677 3503 1217 3588 magnanimitas,
1286 3500 1459 3585 quod
1518 3502 1702 3568 Deus
1758 3523 1961 3587 supra
2016 3521 2279 3568 omnem

319 3590 561 3659 mundi
606 3589 1021 3655 altitudinem
1070 3588 1196 3653 fide
1240 3588 1415 3671 ipsos
1459 3588 1703 3669 erexit,
1759 3601 1826 3653 et
1869 3587 1993 3655 hac
2036 3585 2282 3653 fultura

320 3678 666 3746 sustinuit.
780 3674 1078 3740 Veniunt
1154 3674 1359 3758 igitur
1427 3672 1509 3738 ad
1588 3674 1963 3740 conflictum
2035 3672 2280 3740 invicto

320 3766 595 3841 robore,
663 3771 731 3828 et
793 3762 854 3827 le
944 3762 1186 3826 tionem
1254 3759 1540 3826 maxime
1604 3760 1894 3827 odiosam
1958 3758 2279 3826 miraculo

319 3851 740 3918 confirmant.
896 3847 1022 3913 uod
1067 3847 1316 3912 moveri
1384 3846 1676 3929 quaestio
1738 3846 1905 3913 solet
1969 3868 2052 3912 an
2121 3865 2283 3913 vera

320 3937 528 4004 fuerit
566 3942 636 4000 et
676 3932 1126 4000 substantialis
1171 3930 1269 4019 (ut
1328 3931 1716 4020 loquuntur)
1773 3933 2148 4013 conversio,
2200 3933 2281 3998 de

320 4026 525 4108 virga
567 4021 808 4100 Mosis,
868 4019 935 4084 id
979 4018 1141 4084 mihi
1188 4029 1366 4085 certo
1412 4039 1796 4103 persuasum
1842 4029 1963 4085 est.
2051 4019 2282 4102 Neque

323 4113 509 4176 enim
555 4104 701 4172 Deo
744 4106 952 4190 magis
997 4115 1095 4171 est
1142 4104 1404 4170 difficile
1447 4125 1667 4170 rerum
1718 4106 1961 4170 formas
2007 4115 2278 4183 mutare,

368 4215 528 4262 uam
564 4193 827 4260 difficile
861 4190 990 4256 fuit
1026 4192 1275 4258 coelum
1314 4199 1382 4255 et
1420 4199 1662 4256 terram
1686 4212 1909 4257 creare
1945 4213 2027 4257 ex
2051 4192 2278 4256 nihilo.

320 4219 599 4365 Quanta
657 4279 744 4345 sit
797 4277 1302 4343 conversionum
1352 4278 1635 4342 varietas
1688 4278 1753 4341 in
1816 4287 2090 4356 natura,
2150 4298 2279 4342 non

320 4370 642 4454 ignorant
707 4361 1105 4448 philosophi,
1161 4363 1295 4428 imo
1353 4361 1570 4429 idiotis
1627 4364 1826 4428 etiam
1886 4374 2097 4446 patet:
2167 4362 2282 4428 sed

320 4455 487 4539 quia
518 4451 783 4518 insolito
820 4470 1004 4515 more
1038 4458 1107 4515 et
1140 4459 1401 4533 praeter
1435 4457 1709 4514 naturae
1749 4448 2047 4515 ordinem
2087 4448 2280 4515 bacu-

320 4542 438 4606 lus
476 4540 544 4603 in
580 4545 952 4621 serpentem
995 4555 1352 4603 conversus
1393 4534 1536 4615 fuit,
1580 4536 1755 4600 idem
1803 4536 1925 4601 hoc
1966 4535 2280 4603 miraculo

324 4625 649 4692 iudicium
706 4623 924 4690 facere
983 4621 1295 4689 convenit
1346 4620 1518 4704 quod
1574 4620 1655 4686 de
1716 4642 1926 4686 uxore
1971 4622 2153 4688 Loth
2209 4623 2277 4686 in

323 4723 622 4781 statuam
687 4709 844 4776 salis
909 4728 1227 4775 conversa
1289 4705 1491 4794 (Gen.
1553 4707 1654 4785 19,
1714 4705 1858 4794 26)
1917 4709 2042 4773 nisi
2108 4707 2278 4792 quod

323 4798 605 4866 baculus
649 4796 841 4879 paulo
878 4805 1027 4879 post
1061 4793 1146 4889 ad
1187 4793 1531 4875 pristinam
1571 4802 1875 4859 naturam
1916 4793 2128 4859 rediit.
2195 4794 2280 4859 In

325 4883 590 4952 baculis
631 4902 971 4966 magorum
1018 4879 1228 4944 maior
1272 4887 1374 4943 est
1431 4879 1857 4964 ambiguitas,
1922 4881 2073 4963 quia
2131 4901 2277 4963 pro-

322 4971 553 5038 babile
590 4979 689 5034 est
731 4967 1067 5033 fallacibus
1101 4986 1326 5031 eorum
1361 4967 1742 5049 praestigiis*
1776 4965 2037 5031 delusos
2078 4964 2283 5032 fuisse

324 5057 524 5142 impii
566 5055 744 5139 regis
777 5054 1017 5119 oculos.
1095 5051 1281 5117 Nihil
1339 5061 1560 5116 tamen
1597 5050 1860 5116 absurdi
1894 5052 1952 5116 si
1988 5051 2281 5118 dicamus

329 5153 594 5210 tantum
640 5140 944 5206 licentiae
986 5138 1118 5205 illis
1160 5137 1363 5203 fuisse
1408 5158 1448 5201 a
1491 5136 1634 5202 Deo
1678 5138 2069 5221 permissum
2086 5188 2102 5216 ,
2148 5159 2280 5203 non

328 5240 416 5296 ut
459 5233 760 5295 crearent
803 5247 889 5290 ex
931 5246 1063 5291 uno
1107 5244 1378 5307 corpore
1421 5221 1630 5301 aliud,
1684 5223 1798 5289 sed
1855 5233 1930 5289 ut
1972 5244 2281 5291 arcanum

328 5316 469 5382 Dei
503 5335 661 5399 opus
699 5312 886 5397 quasi
922 5332 1116 5378 suum
1155 5310 1543 5395 proferrent.
1613 5309 1783 5375 Nam
1818 5317 1995 5375 certe
2034 5311 2284 5396 ingenii

328 5402 549 5468 nostri
601 5400 769 5465 fines
825 5399 1019 5483 longe
1078 5404 1346 5480 superat
1404 5395 1692 5461 efficacia
1755 5396 2025 5477 erroris,
2087 5416 2284 5480 quam

2390 656 2681 721 affirmat
2721 654 2975 721 Paulus
3023 654 3311 722 Satanae
3372 655 3514 721 dari
3569 656 3650 722 ad
3711 656 4079 739 puniendos
4137 660 4351 725 incre-

2391 740 2600 819 dulos,
2623 753 2699 807 ut
2732 740 3007 807 credant
3029 741 3391 820 mendacio,
3432 742 3585 824 quia
3611 743 3872 807 veritati
3898 743 4349 829 obtemperare

2392 828 2644 893 nolunt.
2710 826 2893 892 Dicit
2939 828 3202 911 quidem
3249 826 3605 895 adventum
3653 828 4049 896 Antichristi
4096 834 4233 897 fore
4276 833 4349 898 in

2391 913 2599 997 signis
2658 923 2726 977 et
2782 912 3103 998 prodigiis
3161 911 3585 980 mendacibus
3646 912 3731 1001 (2.
3783 916 4054 982 Thessa.
4100 919 4160 995 2,
4211 916 4346 1005 11):

2392 999 2509 1064 sed
2577 1000 2934 1082 potentiam
3001 1000 3396 1083 adiungens,
3463 1001 3784 1079 ostendit,
3852 1001 4178 1070 fallaciam
4239 1004 4348 1069 vel

2390 1085 2767 1150 illusionem
2816 1105 2949 1148 non
2996 1095 3130 1150 tam
3177 1087 3245 1149 in
3291 1095 3569 1151 externa
3625 1108 3845 1152 rerum
3893 1090 4104 1155 forma
4148 1111 4346 1174 quam

2392 1171 2459 1235 in
2542 1191 2851 1254 perverso
2933 1172 3273 1255 signorum
3354 1173 3563 1239 abusu
3645 1174 3838 1238 sitam
3921 1177 4077 1241 fore.
4187 1175 4348 1242 Ideo

2393 1254 2703 1322 Ohristus
2740 1256 3125 1338 simpliciter
3157 1260 3553 1340 pronunciat
3595 1258 3792 1326 falsos
3830 1258 4123 1328 doctores
4156 1264 4348 1347 signa

2392 1351 2461 1407 et
2516 1343 2813 1426 prodigia
2868 1363 3108 1426 magna
3172 1342 3463 1410 edituros
3521 1343 3708 1430 (Mat.
3769 1346 3873 1428 24,
3929 1346 4059 1433 24).
4164 1348 4346 1414 Fieri

2392 1450 2551 1512 ergo
2586 1437 2801 1511 potest
2835 1438 2911 1493 ut
2932 1429 3117 1495 Deus
3155 1428 3418 1495 baculos
3455 1451 3792 1515 magorum
3839 1433 4014 1498 iusta
4061 1433 4347 1500 vindicta

2393 1515 2637 1580 mutari
2663 1514 2948 1579 voluerit
2984 1515 3050 1579 in
3089 1525 3459 1598 serpentes:
3500 1519 3695 1583 sicuti
3726 1527 3950 1602 postea
3975 1519 4344 1586 videbimus

2394 1621 2596 1683 aquas
2643 1601 2843 1666 fuisse
2887 1600 3151 1666 illorum
3197 1602 3754 1670 incantationibus
3815 1625 4038 1670 versas
4082 1606 4146 1670 in
4192 1627 4344 1672 san-

2394 1687 2682 1771 guinem,
2731 1695 2973 1752 terram
3021 1698 3394 1771 coopertam
3438 1689 3642 1756 fuisse
3686 1691 3865 1755 ranis
3901 1700 3968 1755 et
4011 1692 4348 1774 pediculis,

2395 1792 2591 1857 agros
2649 1772 2849 1839 fuisse
2908 1774 3230 1855 grandine
3286 1794 3663 1857 percussos,
3722 1784 3790 1840 et
3846 1774 4346 1843 obtenebratum

2393 1872 2632 1924 aerem.
2724 1859 3115 1925 Tenendum
3163 1869 3383 1927 tamen
3428 1870 3556 1940 est,
3616 1884 3698 1927 ne
3743 1883 4037 1928 muscam
4083 1863 4347 1946 quidem

2394 1945 2523 2010 nisi
2569 1965 2608 2007 a
2650 1944 2788 2010 solo
2833 1943 2980 2009 Deo
3024 1948 3234 2012 creari
3278 1969 3497 2032 posse:
3560 1948 3674 2014 sed
3726 1969 3892 2031 quae
3936 1968 4172 2014 arcano
4216 1949 4347 2015 Dei

2393 2030 2631 2096 iudicio
2690 2033 2895 2112 fiunt,
2957 2029 3272 2098 Satanam
3334 2055 3566 2118 rapere
3611 2032 3694 2103 ad
3733 2055 3886 2100 suas
3929 2035 4354 2118 imposturas.

2570 2117 2669 2182 11.
2733 2116 2985 2184 Vocavit
3035 2120 3226 2184 etiam
3283 2119 3558 2187 Pharao,
3648 2120 3790 2185 Iam
3846 2122 4125 2205 emergit
4181 2141 4354 2204 quae

2393 2202 2580 2284 prius
2623 2203 2694 2268 in
2741 2203 3064 2286 profundo
3108 2204 3324 2272 cordis
3381 2228 3640 2272 recessu
3695 2205 3944 2271 latebat
4008 2207 4350 2290 impietas:

2393 2287 2555 2354 dum
2635 2290 2705 2353 in
2783 2298 3114 2355 certamen
3182 2310 3331 2358 cum
3399 2293 3544 2359 Deo
3609 2313 3802 2358 ruere
3875 2312 4011 2357 non
4091 2292 4354 2359 dubitat

2390 2382 2737 2459 tyrannus.
2829 2373 3010 2442 Satis
3066 2377 3243 2443 enim
3299 2377 3381 2443 de
3439 2377 3810 2444 admirabili
3854 2379 3981 2445 Dei
4052 2379 4359 2463 potentia

2392 2459 2660 2529 edoctus
2705 2471 2878 2541 erat,
2926 2461 3055 2528 nisi
3101 2485 3252 2529 eum
3297 2462 3380 2529 ad
3426 2463 3841 2550 desperatum
3887 2465 4171 2530 furorem
4219 2465 4350 2530 im-

2392 2545 2672 2629 pelleret
2734 2567 2856 2613 sua
2918 2548 3232 2631 pravitas.
3343 2550 3513 2615 Nam
3580 2551 3845 2636 signum
3933 2551 4352 2634 postulando,

2392 2630 2496 2719 (ut
2562 2654 2775 2716 nuper
2837 2631 3001 2734 dixi)
3065 2636 3329 2718 putavit
3385 2637 3628 2703 iustam
3692 2635 3815 2702 sibi
3872 2658 4014 2703 esse
4078 2658 4349 2703 causam

2392 2719 2748 2803 spernendi
2813 2720 3040 2786 Mosis.
3145 2721 3358 2789 Sicuti
3425 2723 3609 2807 impii
3673 2722 4015 2788 confidunt
4077 2724 4350 2807 impune

2393 2805 2518 2870 sibi
2562 2804 2824 2888 quidvis
2868 2805 3081 2884 licere,
3127 2808 3259 2874 nisi
3294 2808 3514 2894 palam
3559 2808 3641 2875 ad
3684 2809 3860 2893 ipsos
3903 2809 4350 2894 prohibendos

2393 2905 2704 2976 appareat
2749 2912 2785 2955 e
2830 2892 3006 2956 coelo
3051 2893 3252 2960 Deus.
3343 2893 3478 2960 Sed
3545 2895 3696 2979 quia
3754 2894 4134 2963 inflexibilis
4191 2915 4348 2965 con-

2392 2979 2679 3044 tumacia
2730 2978 2999 3060 penitus
3057 2979 3256 3045 corda
3311 3001 3539 3047 eorum
3597 2993 3903 3065 occupat,
3953 2981 4346 3065 conspicuae

2390 3062 2520 3131 Dei
2587 3064 2824 3131 virtuti
2890 3063 3196 3131 resistere
3273 3088 3408 3133 non
3489 3066 3811 3135 dubit-ant.
3922 3067 4027 3133 Ita
4092 3066 4346 3134 malitia

2386 3150 2612 3218 oculos
2656 3151 2991 3216 Pharaoni
3034 3155 3452 3235 perstrinxit,
3498 3163 3577 3219 ut
3618 3154 3834 3221 lucem
3874 3153 4159 3221 videndo
4203 3175 4336 3219 non

2386 3237 2656 3317 videret,
2721 3236 3058 3303 convictus
3100 3247 3324 3306 tamen
3389 3239 3467 3304 ad
3538 3239 4096 3325 exstinguendum
4163 3239 4330 3306 lucis

2385 3334 2804 3409 conspectum
2862 3335 3223 3392 accerseret
3276 3326 3402 3392 sibi
3460 3327 3781 3393 tenebras.
3870 3327 4035 3391 Tam
4089 3326 4331 3410 impiae

2383 3411 2589 3496 igitur
2654 3434 2729 3479 ac
2796 3409 3149 3478 diabolicae
3214 3414 3623 3499 arrogantiae
3688 3412 3901 3480 soluta
3965 3413 4091 3477 fuit
4151 3413 4331 3479 iusta

2385 3519 2667 3576 merces,
2725 3519 2926 3581 quum
2974 3519 3313 3582 magorum
3373 3522 3641 3566 suorum
3686 3498 3962 3565 fallaciis
4021 3498 4329 3582 deceptus

2381 3585 2529 3651 fuit.
2618 3583 3017 3670 Exemplum
3062 3584 3134 3649 in
3177 3586 3406 3669 primis
3451 3586 3607 3652 utile
3650 3593 3717 3651 et
3760 3593 3991 3651 notatu
4035 3583 4329 3668 dignum,

2383 3693 2511 3755 quo
2556 3673 2846 3755 primum
2891 3669 3230 3751 docemur,
3274 3672 3541 3755 impios,
3599 3692 4058 3755 quamcunque
4103 3668 4329 3737 docili-

2382 3766 2592 3824 tatem
2635 3756 2963 3834 simulent,
3006 3757 3187 3823 intus
3231 3764 3455 3823 tamen
3498 3779 3769 3823 manere
3811 3756 4212 3841 praefractos
4254 3776 4331 3823 ac

2384 3845 2530 3911 Deo
2573 3842 2881 3910 rebelles:
2945 3840 3177 3908 deinde
3223 3864 3355 3908 non
3414 3843 3606 3909 modo
3660 3863 4018 3928 propensos
4060 3864 4204 3909 esse
4248 3843 4333 3908 ad

2384 3952 2703 4010 errorem,
2761 3928 2877 3994 sed
2932 3925 3171 4012 cupide
3225 3939 3358 3995 toto
3419 3930 3655 3996 affectu
3714 3929 3870 3996 illuc
3916 3929 4092 3995 ferri.
4181 3929 4330 3993 Non

2384 4037 2677 4100 semper,
2736 4036 2945 4099 neque
2987 4015 3061 4079 in
3102 4016 3407 4082 omnibus
3451 4017 3849 4099 conspicitur
3892 4014 4016 4081 hoc
4061 4014 4330 4081 vitium:

2384 4103 2499 4169 sed
2543 4103 2660 4168 ubi
2702 4102 2912 4168 lucem
2958 4121 3146 4166 suam
3190 4102 3462 4186 propius
3520 4102 3825 4168 admovet
3866 4099 4088 4179 Deus,
4143 4099 4333 4166 facile

2385 4189 2712 4273 detegitur
2752 4209 2828 4253 ac
2862 4208 2933 4252 se
2967 4187 3200 4271 prodit.
3267 4186 3484 4269 Quam
3521 4186 3712 4253 multi
3750 4186 3946 4252 hodie
3981 4186 4050 4251 in
4083 4194 4332 4270 papatu

2383 4278 2508 4342 sim
2558 4275 2823 4340 licitatis
2869 4282 3213 4356 praetextu
3248 4274 3483 4358 impias
3518 4273 4020 4358 superstitiones
4054 4293 4335 4356 sequun-

2384 4297 2556 4427 tur?
2620 4360 2958 4441 Quamdiu
3016 4357 3139 4425 sub
3195 4360 3606 4445 ignorantiae
3649 4360 4106 4445 integumento
4150 4379 4220 4424 se
4265 4366 4334 4423 et

2385 4449 2548 4513 alios
2602 4445 2878 4522 fallunt,
2936 4445 3254 4512 videntur
3305 4445 3755 4512 misericordia
3814 4444 4029 4528 digni:
4098 4465 4330 4511 verum

2383 4533 2659 4602 simulac
2703 4532 2930 4597 illucet
2972 4531 3238 4609 veritas,
3286 4531 3502 4617 palam
3545 4531 3793 4597 faciunt
3833 4552 3903 4596 se
3938 4530 4028 4594 im
4076 4540 4332 4596 osturas

2385 4619 2618 4705 quibus
2684 4627 2956 4701 pereant
3018 4627 3359 4702 appetere:
3442 4626 3508 4682 et
3570 4616 3931 4684 mendaciis
3996 4636 4035 4681 o
4079 4616 4329 4683 lectari.

2385 4707 2582 4773 Certe
2618 4704 2917 4770 veritatis
2951 4701 3360 4770 dilectionem
3399 4702 3502 4791 (ut
3536 4704 3630 4769 ait
3656 4703 3905 4769 Paulus
3950 4702 4009 4768 2.
4035 4702 4330 4769 Thessal.

2384 4794 2445 4873 2,
2492 4789 2602 4879 10)
2645 4790 3009 4874 repudiant.
3098 4789 3425 4854 Miramur
3467 4788 3902 4867 Pharaonem,
3947 4798 4021 4853 ut
4063 4809 4333 4856 sensum

2383 4880 2650 4945 virtutis
2708 4877 2834 4943 Dei
2894 4897 2933 4940 a
2996 4896 3067 4940 se
3126 4875 3430 4958 repellat,
3499 4897 3724 4961 magos
3780 4873 4052 4941 vocare?
4122 4873 4331 4956 Quasi

2385 4986 2541 5031 vero
2609 4984 2740 5027 non
2805 4960 2998 5027 multi
3063 4960 3253 5027 hodie
3310 4961 3610 5027 mercede
3675 4962 4003 5045 improbos
4067 4959 4329 5026 rabulas

2384 5048 2782 5127 conducant,
2836 5067 3117 5132 quorum
3163 5047 3496 5113 blanditiis
3540 5046 3839 5114 fascinati
3884 5047 3955 5111 in
4001 5044 4329 5111 erroribus

2385 5136 2797 5219 obstupeant.
2901 5131 3275 5199 Notandum
3342 5154 3495 5199 vero
3551 5133 3721 5217 quod
3790 5132 4146 5197 honorifice
4210 5151 4329 5214 per

2385 5222 2870 5290 concessionem
2894 5220 3224 5301 sapientes
3259 5229 3590 5300 vocantur,
3627 5220 3737 5303 qui
3766 5219 3848 5283 ad
3873 5215 4325 5300 decipiendum

2388 5309 2703 5385 artifices,
2771 5324 2931 5371 sana
2994 5304 3289 5371 doctrina
3357 5306 3548 5371 vacui
3616 5314 3824 5370 erant.
3938 5301 4084 5367 Etsi
4148 5303 4326 5367 enim

2386 5394 2613 5459 floruit
2647 5392 2820 5475 apud
2856 5412 2965 5457 eos
3000 5391 3353 5476 astrologia
3387 5399 3454 5455 et
3474 5391 3653 5458 culta
3673 5390 3937 5456 fuerunt
3957 5387 4330 5454 liberalium
