4867 6150
313 460 429 528 225

312 651 440 736 agit
481 648 703 716 Moses
745 656 823 715 ut
863 649 995 734 legi
1040 648 1329 734 parendo
1373 616 1845 734 gratitudinem
1889 670 2076 716 suam
2133 672 2245 735 po-

313 736 498 823 pulus
542 744 838 814 testetur,
882 756 957 802 ac
992 735 1217 802 eadem
1255 736 1486 821 religio
1521 735 1603 800 ad
1640 749 1932 821 posteros
1954 745 2248 802 transeat

312 844 462 908 quos
521 844 560 887 a
614 823 914 905 patribus
964 822 1178 889 doceri
1223 824 1423 888 iubet.
1513 822 1792 888 Summa
1835 833 1952 903 est,
2015 825 2245 888 merito

313 908 628 976 servanda
683 929 826 974 esse
881 909 1099 974 omnia
1141 907 1308 993 legis
1351 920 1717 993 praecepta,
1763 909 2000 991 quibus
2047 910 2245 989 Deus,

311 1003 449 1081 post
514 994 926 1077 redemptum
993 995 1339 1078 populum,
1420 994 1716 1061 beneficii
1783 994 2045 1060 laudem
2123 995 2247 1061 sibi

311 1081 601 1148 asseruit.
717 1080 949 1163 Itaque
1016 1081 1138 1147 hoc
1204 1081 1407 1146 etiam
1470 1080 1610 1147 loco
1678 1103 1716 1147 a
1781 1080 2249 1163 redemptionis

311 1167 619 1234 memoria
681 1166 894 1252 legem
959 1165 1390 1246 commendat,
1459 1176 1536 1232 ut
1601 1166 1909 1232 libentius
1975 1180 2040 1232 et
2095 1188 2248 1251 pro·

310 1255 607 1339 pensiore
650 1253 867 1318 studio
911 1273 1052 1318 eam
1099 1264 1484 1318 revereatur
1517 1253 1820 1337 populus.
1882 1253 2042 1319 Plus
2073 1254 2250 1318 enim

310 1340 675 1406 autoritatis
740 1348 1060 1418 meretur,
1125 1340 1278 1422 quia
1343 1360 1474 1404 non
1542 1349 1695 1405 ante
1758 1339 2066 1421 imposita
2126 1339 2251 1404 fuit

310 1447 501 1512 quam
558 1426 681 1491 sibi
748 1426 931 1490 Deus
995 1426 1307 1509 populum
1369 1425 1792 1492 devinxisset.
1893 1426 1985 1491 Et
2053 1425 2249 1491 nimis

310 1512 660 1580 absurdum
716 1532 792 1578 ac
836 1524 1028 1595 turpe
1072 1512 1332 1591 fuisset,
1392 1511 1704 1594 populum
1765 1532 1899 1576 non
1944 1511 2249 1595 amplecti

308 1599 523 1665 Deum
560 1596 1019 1684 legislatorem,
1065 1618 1106 1662 a
1148 1618 1276 1681 quo
1321 1596 1567 1663 sciebat
1610 1618 1680 1664 se
1723 1597 1925 1662 fuisse
1968 1595 2248 1681 acquisi-

309 1697 463 1752 tum.
576 1684 883 1752 Secundo
960 1683 1100 1749 loco
1182 1682 1494 1748 admonet
1569 1685 1640 1748 in
1704 1683 1983 1749 eundem
2048 1684 2251 1749 finem

304 1781 555 1841 creatos
599 1772 797 1836 fuisse
852 1769 1167 1836 haeredes
1217 1780 1434 1835 terrae
1478 1768 1830 1850 Ohanaan,
1895 1777 1971 1834 ut
2028 1768 2249 1835 Deum

303 1869 528 1926 tantae
586 1856 836 1941 gratiae
898 1866 1197 1922 autorem
1252 1856 1560 1922 colerent.
1650 1854 1758 1920 Ita
1815 1854 2059 1938 duplici
2103 1855 2251 1921 vin·

300 1946 442 2014 culo
485 1943 834 2011 obstrictos
868 1964 1013 2009 6666
1048 1942 1412 2027 colligitur:
1457 1943 1611 2025 quia
1647 1962 1784 2006 non
1819 1942 2021 2008 semel
2059 1941 2252 2006 modo

302 2034 484 2099 Deus
530 2029 653 2097 sibi
697 2030 872 2114 ipsos
916 2028 1189 2109 addixit,
1233 2028 1348 2094 sed
1393 2028 1464 2091 in
1509 2027 1818 2094 continua
1855 2037 2071 2093 terrae
2107 2048 2253 2111 pos-

304 2119 594 2186 sessione
656 2116 1069 2181 confirmavit
1124 2115 1245 2180 sibi
1311 2114 1681 2197 imperium.
1769 2113 1961 2195 Quod
2036 2125 2252 2191 autem

304 2221 551 2271 terram
597 2201 759 2269 dicit
812 2201 1237 2267 iureiurando
1281 2201 1574 2284 patribus
1614 2200 1819 2266 fuisse
1863 2200 2255 2283 promissam

305 2300 663 2375 antequam
726 2289 836 2355 lex
902 2288 1202 2368 daretur,
1289 2289 1359 2351 in
1423 2308 1500 2352 eo
1566 2286 1736 2352 nihil
1799 2296 1899 2352 est
1964 2285 2254 2351 absurdi.

302 2378 447 2444 Etsi
511 2376 687 2441 enim
750 2375 956 2459 gratis
1010 2395 1252 2439 munus
1314 2373 1437 2440 hoc
1479 2373 1792 2450 contulit,
1847 2374 1990 2438 iure
2036 2381 2251 2436 tamen

303 2465 531 2548 exegit
606 2460 1025 2546 gratitudinis
1103 2461 1569 2525 testimonium.
1680 2457 2252 2539 Quemadmodum

297 2570 485 2616 mera
531 2548 796 2631 quidem
840 2545 1230 2612 liberalitate
1287 2567 1409 2611 nos
1451 2545 1646 2610 hodie
1690 2545 1771 2610 ad
1817 2566 2001 2628 spem
2044 2555 2253 2610 aeter-

301 2659 426 2702 nae
470 2634 903 2700 haereditatis
948 2633 1218 2713 invitat,
1285 2652 1519 2714 scopus
1562 2643 1783 2697 tamen
1829 2642 2096 2696 nostrae
2141 2650 2254 2695 vo-

297 2724 578 2790 cationis
636 2729 736 2787 est
787 2730 867 2785 ut
926 2718 1211 2786 vicissim
1263 2726 1402 2783 tota
1457 2719 1596 2783 vita
1651 2716 2054 2783 celebremus
2110 2716 2253 2782 eius

298 2809 601 2894 gloriam.
691 2807 917 2888 Quum
963 2804 1122 2870 dicit
1181 2824 1374 2871 versu
1415 2803 1534 2869 24:
1595 2804 1689 2870 Ut
1744 2804 2091 2869 timeamus
2147 2801 2252 2867 Ie·

299 2895 568 2973 hovam,
615 2913 941 2960 summam
987 2892 1149 2976 legis
1191 2890 1483 2956 breviter
1527 2898 1729 2957 notat.
1804 2891 2032 2974 Neque
2076 2889 2251 2953 enim

297 2981 640 3047 sufficeret
681 2989 1017 3064 praestare
1054 2975 1369 3060 quidquid
1411 2976 1549 3042 illic
1590 2975 1869 3057 iubetur,
1912 2977 2035 3042 nisi
2084 2974 2251 3039 refe-

296 3080 488 3135 ratur
537 3066 909 3134 observatio
948 3064 1030 3130 ad
1069 3063 1194 3130 Dei
1239 3064 1541 3131 timorem
1586 3074 1652 3129 et
1695 3062 1964 3130 cultum.
2033 3061 2251 3126 Deum

338 3154 568 3220 uidem
629 3154 912 3220 delectat
963 3151 1315 3236 integritas
1367 3161 1434 3215 et
1491 3149 1843 3217 rectitudo:
1901 3148 2015 3215 sed
2059 3168 2253 3213 nemo

294 3176 555 3307 diceret
608 3242 735 3305 rite
792 3239 1216 3321 compositam
1277 3257 1421 3302 esse
1489 3236 1827 3302 hominum
1896 3235 2129 3314 vitam,
2196 3234 2252 3298 si

294 3328 707 3411 aequitatem
753 3329 925 3391 inter
967 3345 1038 3389 se
1082 3323 1383 3403 colendo,
1445 3324 1659 3388 Deum
1717 3322 1858 3387 iure
1915 3342 2030 3386 suo
2076 3321 2252 3385 frau-

296 3413 481 3479 dent.
577 3414 786 3479 Porro
833 3410 1084 3476 timoris
1120 3409 1385 3475 nomine
1426 3409 1800 3494 legitimum
1836 3407 2152 3472 honorem
2187 3413 2256 3471 et

290 3500 559 3566 cultum
616 3496 1113 3580 comprehendi,
1170 3496 1333 3561 satis
1375 3507 1603 3561 notum
1649 3504 1768 3560 est.
1856 3493 2066 3559 Paulo
2110 3499 2257 3575 post

291 3586 376 3651 ab
437 3585 733 3651 utilitate
781 3585 997 3666 legem
1051 3582 1497 3647 commendat:
1562 3583 1718 3664 quia
1775 3600 2001 3645 eorum
2059 3577 2253 3643 saluti

291 3673 714 3738 consuluerit
752 3672 949 3746 Deus,
997 3670 1101 3751 pie
1143 3671 1442 3750 iusteque
1488 3667 1752 3734 vivendi
1796 3665 2092 3748 regulam
2128 3675 2259 3728 tra?

292 3756 540 3824 dendo.
630 3757 887 3838 Quibus
931 3755 1149 3820 verbis
1195 3754 1412 3832 docet,
1465 3775 1574 3819 eos
1633 3754 1732 3820 bis
1773 3751 2073 3836 ingratos
2120 3750 2256 3814 fore

289 3846 346 3909 si
394 3853 730 3927 respuant
772 3840 941 3925 quod
986 3841 1119 3906 illis
1163 3840 1469 3924 prodesse
1515 3841 1696 3905 Deus
1742 3837 1968 3903 voluit.
2080 3836 2252 3920 Nam

291 3930 700 3996 tantundem
765 3928 938 3993 valet
992 3926 1153 3993 haec
1209 3927 1565 4010 particula:
1633 3926 1715 3990 In
1760 3922 1999 3988 bonum
2047 3922 2254 4002 nobis,

290 4037 366 4083 ac
415 4017 480 4082 si
530 4015 823 4091 dixisset,
872 4015 1088 4079 Deum
1130 4034 1263 4078 non
1308 4012 1498 4078 modo
1541 4012 1703 4078 iuris
1737 4011 1839 4075 sui
1875 4030 2097 4075 curam
2134 4009 2252 4073 ha-

289 4103 524 4169 buisse
570 4113 639 4167 et
680 4109 1050 4183 respectum
1092 4099 1163 4163 in
1209 4100 1480 4164 ferenda
1522 4097 1686 4182 lege,
1747 4095 1858 4161 sed
1916 4094 2111 4159 simul
2153 4115 2253 4158 re-

288 4211 321 4254 s
373 4190 604 4253 exisse
647 4186 802 4270 quid
847 4187 1007 4251 utile
1048 4185 1209 4268 ipsis
1250 4185 1444 4249 foret:
1495 4185 1667 4266 quod
1711 4181 2011 4265 sequenti
2057 4201 2251 4246 versu

286 4296 325 4339 c
353 4275 552 4340 arius
597 4274 925 4356 exprimit,
972 4270 1290 4351 docendo,
1342 4272 1511 4337 hanc
1552 4272 1838 4353 ipsorum
1884 4268 2021 4332 fore
2063 4265 2250 4332 iusti-

287 4360 458 4425 tiam
500 4361 563 4425 si
598 4359 810 4444 legem
846 4359 1225 4424 observent:
1272 4377 1348 4422 ac
1382 4359 1438 4424 61
1478 4356 1740 4432 diceret,
1786 4354 2250 4437 praescriptam

283 4447 505 4512 fuisse
554 4446 728 4511 iuste
773 4443 1042 4510 vivendi
1085 4445 1359 4508 formam
1406 4464 1570 4526 quae
1592 4441 1735 4506 Deo
1771 4440 2087 4524 placeret:
2124 4458 2252 4521 quo

285 4532 468 4597 nihil
526 4532 749 4615 expeti
808 4540 1022 4613 potest
1077 4530 1332 4595 melius.
1422 4527 1768 4610 Quomodo
1813 4540 2030 4591 autem
2089 4523 2252 4607 legis

279 4620 680 4685 observatio
737 4617 825 4683 sit
880 4616 1132 4681 iustitia
1195 4635 1313 4699 per
1369 4638 1471 4695 se,
1538 4627 1605 4679 et
1668 4622 1887 4679 tamen
1957 4633 2041 4675 ex
2107 4610 2254 4693 lege

282 4726 497 4770 nemo
549 4704 972 4781 iustificetur,
1032 4701 1189 4768 alibi
1240 4700 1453 4767 fusius
1505 4701 1773 4766 dicetur.
1862 4697 2033 4763 Nam
2078 4694 2252 4779 quod

279 4790 395 4856 lex
470 4792 652 4856 iram
719 4799 785 4854 et
846 4788 1371 4854 maledictionem
1437 4786 1763 4852 duntaxat
1832 4783 2056 4861 affert,
2124 4803 2254 4846 non

278 4877 515 4943 oritur
579 4898 659 4941 ex
719 4875 978 4942 defectu
1036 4883 1150 4939 aut
1207 4875 1366 4940 vitio
1434 4872 1798 4951 doctrinae,
1852 4869 1966 4935 sed
2027 4867 2257 4950 culpae

278 4973 576 5029 nostrae
633 4961 1083 5044 imputandum
1141 4970 1241 5026 est
1283 4961 1396 5044 qui
1454 4982 1494 5026 a
1536 4958 1790 5024 iustitia
1846 4976 2044 5039 quam
2102 4975 2258 5021 con-

278 5052 468 5115 tinet
515 5070 750 5114 sumus
792 5048 1016 5131 procul
1059 5047 1315 5127 remoti,
1367 5047 1501 5112 imo
1545 5043 1761 5110 alieni.

517 5489 757 5549 Calvina·
787 5506 974 5561 opera.
1051 5490 1170 5548 νοτ.
1210 5490 1367 5545 xm
1378 5492 1443 5549 V.

1762 460 2299 530 PRAEFATIO
2345 464 2447 530 IN
2491 465 2841 532 LEGEM.

4184 469 4317 538 226

2972 656 3104 722 EX
3138 655 3199 722 N
3207 655 3490 723 UMER.
3535 654 3692 722 XV.

2519 825 2623 889 37.
2668 824 2863 892 Dixit
2907 825 3139 893 Iehova
3181 827 3266 892 ad
3311 825 3566 905 Mosen,
3609 828 3900 895 dicendo:
3965 828 4072 895 38.
4125 829 4295 895 Allo-

2347 930 2534 990 quere
2570 911 2739 993 filios
2783 910 3009 993 Israel,
3076 918 3132 978 et
3173 914 3276 979 dic
3316 915 3408 978 eis
3449 918 3519 978 ut
3557 913 3802 995 faciant
3842 914 3968 980 sibi
4006 915 4300 996 fimbrias

2347 997 2419 1061 in
2486 996 2742 1080 anyulis
2803 1000 3301 1064 vestimentorum
3355 1019 3638 1079 suorum,
3694 1020 3816 1081 per
3874 1002 4301 1084 generationes

2349 1101 2522 1161 suas,
2566 1088 2623 1148 et
4439 1130 4445 1137 ·

2350 1167 2456 1233 39.
2505 1167 2593 1233 Et
2632 1169 2752 1233 erit
2793 1168 2964 1235 vobis
2996 1171 3205 1236 instar
3241 1170 3658 1251 fimbriarum,
3701 1171 4109 1254 videbitis-que
4142 1195 4303 1255 eam,

2350 1260 2406 1319 et
2440 1254 2928 1320 recordabimini
2968 1259 3249 1323 omnium
3274 1263 3747 1340 praeceptorum
3791 1256 4056 1324 Iehovae
4096 1265 4165 1325 ut
4203 1259 4307 1342 fa-

2351 1341 2539 1406 ciatis
2582 1360 2686 1405 ea.-
2728 1345 2786 1406 et
2828 1360 2949 1406 non
2992 1342 3313 1424 aspicietis
3342 1348 3490 1423 post
3527 1363 3631 1409 cor
3672 1348 3960 1417 vestrum,
4005 1350 4062 1411 et
4093 1346 4304 1412 oculos

2350 1432 2602 1506 vestros,
2633 1431 2781 1507 post
2801 1447 2959 1509 quos
2992 1449 3098 1494 vos
3128 1429 3551 1510 fornicamini.
3611 1429 3714 1494 40.
3766 1428 3846 1496 Ut
3877 1431 4302 1511 recordemini,

2351 1513 2620 1595 inquam
2641 1562 2657 1590 ,
2715 1516 2771 1576 et
2822 1513 3079 1595 faciatis
3130 1515 3341 1579 munia
3386 1520 3752 1598 praecepta,
3817 1521 3873 1580 et
3914 1517 4060 1582 sitis
4099 1518 4304 1584 sancti

2353 1597 2493 1665 Deo
2533 1602 2747 1664 vestro.
2835 1599 2939 1664 41.
2987 1600 3124 1685 Eyo
3169 1599 3401 1665 Iehova
3444 1600 3625 1666 Deus
3664 1606 3888 1681 vester,
3954 1603 4067 1684 qui
4110 1603 4308 1669 eduxi

2350 1704 2460 1750 vos
2503 1704 2536 1749 e
2589 1689 2758 1750 terra
2804 1686 3093 1770 Aegypti,
3150 1691 3220 1751 ut
3283 1705 3477 1752 essem
3531 1687 3704 1754 vobis
3759 1687 3832 1753 in
3889 1686 4133 1755 Deum:
4199 1709 4309 1774 eqo

2351 1771 2641 1854 inquam,
2689 1770 2918 1838 Iehova
2961 1772 3142 1840 Deus
3183 1777 3397 1839 vester.

2652 1088 2896 1164 ponant
2938 1085 3008 1148 in
3047 1084 3305 1165 fimbria
3339 1084 3561 1169 anyuli
3581 1086 3765 1167 filum
3807 1084 4296 1167 hyacinthinum.

2528 2113 3035 2182 ΒΕΡΕΤῙΤΙΟ
3076 2114 3491 2182 EIUSDEM
3528 2115 4137 2184 SENTENTIAE.

3024 2201 3157 2268 EX
3202 2201 3472 2269 DEUT.
3515 2199 3634 2270 VI.

2531 2373 2591 2439 6.
2637 2372 2853 2440 Erunt
2896 2374 3082 2441 verba
3125 2372 3273 2440 haec
3328 2394 3491 2456 quae
3546 2395 3653 2459 eqo
3683 2376 4013 2457 praecipio
4055 2376 4169 2442 tibi
4211 2375 4317 2442 ho-

2354 2458 2476 2540 die,
2541 2460 2614 2524 in
2654 2462 2834 2526 corde
2874 2464 2997 2525 tuo.
3089 2460 3146 2526 7.
3193 2457 3282 2525 Et
3322 2460 3582 2526 iterabis
3612 2459 3662 2548 ¹)
3719 2482 3794 2527 ea
3830 2461 3993 2544 filiis
4035 2463 4198 2541 tuis,
4255 2467 4317 2529 et

2355 2544 2625 2611 disseres
2663 2547 2742 2612 de
2783 2546 2950 2627 ipsis
2981 2547 3199 2613 sedens
3233 2548 3403 2613 domi
3444 2552 3603 2626 tuae,
3645 2547 3768 2613 iter
3796 2548 4059 2630 faciens,
4104 2549 4318 2615 iacens

2357 2632 2430 2697 in
2475 2630 2638 2707 lecto,
2684 2636 2740 2697 et
2780 2652 3063 2717 suo-qens.
3159 2633 3219 2700 8.
3280 2632 3368 2698 Et
3424 2633 3654 2717 liyabis
3709 2654 3784 2698 ea
3837 2634 3907 2700 in
3950 2635 4206 2718 siquam
4248 2634 4319 2700 in

2359 2737 2556 2784 manu
2619 2722 2759 2783 tua.-
2813 2723 2868 2783 et
2929 2723 3110 2784 erunt
3173 2720 3245 2785 in
3306 2718 3610 2801 frontalia
3665 2721 3832 2785 inter
3886 2720 4095 2786 oculos
4150 2725 4310 2786 tuos.

2346 2802 2993 2972 {lymSva-itbesquoque
3046 2804 3555 2888 eainpostibus
3612 2806 3836 2872 domus
3891 2811 4064 2887 tuae,
4129 2811 4189 2872 et
4244 2807 4319 2873 in

2497 2909 2557 2955 is
2619 2910 2743 2956 uis.

2512 3233 2889 3299 ALTERA
2933 3233 3457 3301 REPETITIO.
3548 3234 3681 3301 EX
3724 3233 3995 3304 DEU'I'.
4045 3235 4169 3301 XI.

2536 3405 2633 3471 18.
2688 3403 2907 3470 Ponite
2948 3404 3137 3471 verba
3179 3404 3328 3471 haec
3376 3408 3448 3472 in
3489 3407 3669 3473 corde
3712 3412 3936 3483 veSstO,
4004 3412 4060 3471 et
4102 3406 4314 3473 auimo

2356 3496 2577 3571 vestre,
2637 3496 2819 3573 atque
2880 3512 2956 3557 ea
3010 3491 3198 3575 liyate
3252 3492 3324 3558 in
3378 3493 3629 3576 siynum
3692 3494 3765 3558 in
3826 3513 4024 3558 manu
4086 3498 4313 3572 vestra,

2357 3579 2606 3658 sintque
2670 3578 2742 3641 in
2800 3576 3108 3659 frontalia
3171 3579 3335 3642 inter
3399 3579 3606 3644 oculos
3667 3584 3920 3644 vestros.
4051 3579 4152 3645 19.
4224 3578 4316 3645 Et

2356 3662 2558 3729 docete
2623 3685 2695 3728 ea
2756 3664 2929 3744 filios
2993 3667 3239 3744 vestros,
3303 3669 3375 3728 ut
3437 3664 3784 3746 loquamini
3818 3666 3895 3731 cle
3958 3664 4051 3730 eis
4116 3685 4313 3748 quum

2356 3749 2597 3816 sedebis
2628 3749 2799 3815 domi
2830 3754 2990 3825 tuae,
3035 3754 3093 3814 et
3112 3769 3304 3831 quum
3326 3749 3676 3815 ambulabis
3688 3771 3811 3832 per
3843 3752 4046 3815 viam:
4092 3771 4315 3832 quum-

2356 3855 2475 3917 que
2526 3834 2757 3900 iacebis
2814 3835 2885 3899 in
2943 3835 3119 3911 lecto,
3188 3841 3243 3899 et
3308 3855 3504 3917 quum
3559 3857 3796 3921 surges.
3901 3837 4003 3902 20.
4068 3837 4316 3903 Scribe-s

2355 3941 2595 4004 quoque
2638 3941 2715 3986 ea
2756 3921 2828 3985 in
2859 3921 3150 4003 postibus
3188 3922 3410 3986 domus
3452 3927 3597 3987 tuae
3613 3971 3627 3999 ,
3683 3927 3741 3987 et
3795 3924 3862 3986 in
3911 3924 4118 4005 portis
4159 3923 4311 3988 tuis.

2935 4263 3070 4329 EX
3113 4262 3414 4330 EXODI
3455 4262 3728 4329 XXIII.

2530 4439 2630 4503 13.
2679 4438 2765 4502 In
2807 4435 3094 4502 omnibus
3136 4455 3296 4519 quae
3325 4434 3625 4516 praecepi
3664 4434 3859 4514 vobis,
3903 4436 4072 4500 cauti
4113 4436 4313 4507 eritis.

2527 4610 2726 4674 Num.
2777 4607 2877 4689 15,
2936 4607 3041 4673 38.
3154 4606 3485 4688 Alloquere
3535 4604 3706 4687 filios
3764 4607 3988 4673 Israel.
4100 4608 4310 4675 Paulo

2355 4702 2507 4780 post
2548 4696 2758 4761 fusius
2803 4714 3128 4778 exponam
3175 4693 3373 4758 huius
3417 4694 3747 4775 praecepti
3795 4695 4011 4760 finem.
4080 4696 4310 4776 Quan-

2358 4802 2552 4866 quam
2600 4803 2684 4847 ex
2726 4783 3029 4863 proximo
3073 4800 3271 4844 vorsu
3327 4778 3566 4860 liquet,
3634 4798 3768 4843 non
3828 4780 3956 4844 6116
4014 4793 4309 4863 spectare

2359 4869 2578 4934 Deum
2624 4867 2752 4932 nisi
2798 4876 2874 4931 ut
2897 4864 3174 4931 Iudaeos
3217 4873 3523 4930 exerceat
3556 4864 3624 4928 in
3662 4864 3928 4930 assidua
3969 4864 4137 4950 legis
4173 4888 4309 4932 me-

2360 4953 2696 5019 ditatione.
2785 4953 3016 5036 Neque
3059 4950 3235 5015 enim
3278 4949 3513 5034 religio
3560 4950 3630 5014 in
3676 4950 3951 5016 fimbriis
3993 4952 4123 5017 sita
4165 4952 4307 5030 fuit,

2363 5041 2467 5107 vel
2527 5047 2806 5105 externa
2862 5038 2982 5104 illa
3036 5045 3303 5107 textura
3360 5036 3561 5101 ullius
3619 5057 3736 5119 per
3779 5056 3849 5103 se
3893 5037 4020 5102 fuit
4077 5038 4307 5120 pretii:

2361 5127 2477 5193 sed
2521 5146 2722 5210 quum
2769 5125 2839 5189 in
2883 5123 3099 5191 studio
3143 5123 3405 5207 pietatis
3461 5121 3634 5206 pigri
3690 5122 3823 5187 sint
3881 5132 3948 5187 et
4002 5122 4311 5189 obliviosi

2361 5212 2693 5290 homines,
2762 5210 2973 5277 voluit
3012 5209 3137 5276 hoc
3181 5208 3576 5275 adminiculo
3622 5209 3805 5274 Deus
3849 5228 4077 5275 eorum
4121 5209 4313 5275 infir-

2506 5401 2566 5471 1)
2599 5402 2674 5456 In
2711 5401 2984 5471 margine.-
3032 5398 3167 5453 Vel:
3208 5414 3384 5452 senes.
3833 5478 3901 5535 15
