4867 6150
580 462 666 528 59
1761 460 2497 527 COMMENTARIUS
2542 460 2639 525 IN
2694 458 2996 525 EXODI
3042 458 3242 525 OAP.
3290 457 3409 523 IV.
4492 458 4569 524 60

580 650 957 720 transferri:
1019 657 1094 716 ut
1152 650 1448 717 diabolus
1506 649 1704 716 etiam
1761 650 1900 733 ipse
1961 657 2232 716 vocetur
2300 647 2528 714 mundi

581 742 767 806 Deus
799 736 869 823 (2
907 735 1055 803 Cor.
1093 737 1153 814 4,
1190 735 1290 823 3);
1327 735 1440 802 sed
1476 733 1588 801 ubi
1627 756 1817 802 verae
1854 734 2116 800 deitatis
2153 737 2227 800 fit
2265 735 2530 814 mentio,

581 846 838 893 sacrum
877 820 1038 888 illud
1088 843 1325 888 nomen
1371 821 1695 904 scriptura
1740 842 2077 905 nunquam
2125 822 2443 906 profanat.

756 910 858 976 17.
907 908 995 974 Et
1052 909 1341 974 baculum
1394 907 1571 974 hunc.
1677 906 1824 973 Non
1885 907 2154 973 dubium
2217 918 2315 972 est
2368 906 2531 991 quin

584 1000 769 1065 Deus
828 996 1127 1062 baculum
1195 994 1588 1078 pastoralem
1659 993 1921 1058 virtutis
1988 1015 2145 1059 suae
2210 1013 2530 1078 organum

524 1096 537 1109 ‘
582 1106 725 1152 esse
792 1080 1102 1159 voluerit,
1226 1098 1309 1144 uo
1387 1078 1598 1164 magis
1677 1078 2092 1166 pudefaceret
2157 1079 2533 1164 superbiam

582 1168 964 1237 Pharaonis,
1056 1165 1185 1246 Qui
1275 1166 1452 1230 enim
1500 1174 1757 1248 praeter
1800 1166 2228 1249 ignominiam
2272 1177 2338 1231 et
2380 1185 2531 1249 pro·

584 1259 775 1324 brum
832 1252 1046 1337 potuit
1110 1251 1283 1316 Mosi
1342 1251 1580 1316 afferre
1635 1250 1803 1333 quod
1850 1251 2016 1334 pedo
2060 1273 2180 1317 suo
2224 1249 2535 1335 pastorali

584 1363 742 1427 prae
785 1360 855 1406 se
901 1337 1054 1403 tulit
1098 1338 1418 1402 hactenus
1459 1336 1529 1402 in
1573 1338 1779 1402 caulis
1823 1345 1890 1402 et
1934 1337 2218 1420 tuguriis
2261 1358 2418 1401 oves
2464 1356 2533 1401 se

588 1424 924 1495 ductasse?
984 1423 1131 1489 Hoc
1191 1443 1346 1505 ergo
1404 1423 1628 1488 rustici
1678 1430 1744 1488 et
1788 1423 2297 1506 contemptibilis
2337 1421 2533 1487 officii

583 1516 839 1598 insigne
898 1531 1030 1575 non
1086 1508 1231 1574 sine
1287 1508 1684 1573 contumelia
1739 1509 2106 1592 oppositum
2164 1509 2289 1574 fuit
2352 1508 2534 1592 regio

584 1597 953 1666 Pharaonis
1020 1606 1292 1678 sceptro.
1416 1593 1713 1659 Laudem
1792 1616 1947 1661 vero
2019 1594 2142 1662 hac
2209 1596 2281 1659 in
2347 1603 2532 1678 parte

582 1694 872 1752 meretur
916 1680 1123 1750 Mosis
1169 1679 1556 1760 obedientia,
1613 1701 1742 1764 quo
1787 1702 1936 1746 eum
1987 1701 2118 1745 non
2166 1679 2366 1765 pudet
2409 1680 2532 1745 hu-

584 1771 723 1838 mili
771 1778 837 1835 et
881 1768 1133 1833 abiecta
1177 1766 1389 1849 specie
1435 1765 1715 1848 prodire,
1759 1766 1876 1831 sed
1913 1766 2215 1833 baculum
2253 1767 2535 1832 libenter

633 1865 820 1932 estat,
868 1875 994 1937 quo
1032 1874 1101 1917 se
1136 1853 1208 1916 in
1244 1852 1530 1917 nihilum
1567 1851 2151 1935 redigens,‘Deum
2192 1852 2531 1938 glorificet.

584 1882 816 2027 {taque
883 1939 1263 2024 plerumque
1329 1937 1494 2003 solet
1570 1939 1754 2004 Deus
1833 1940 1905 2003 in
1979 1939 2153 2004 vasis
2232 1938 2535 2004 testaceis

584 2024 1129 2110 incomparabiles
1173 2045 1326 2089 suos
1370 2023 1711 2089 thesauros
1756 2023 2126 2103 recondere,
2181 2034 2250 2091 et
2292 2025 2535 2109 eligere

584 2116 849 2182 infirma
893 2110 1138 2189 mundi,
1185 2119 1253 2174 ut
1299 2119 1667 2193 prosternat
1712 2108 2028 2194 quidquid
2074 2110 2278 2175 altum
2324 2121 2423 2176 est
2468 2118 2536 2174 et

584 2202 770 2267 forte.
895 2196 1087 2279 Quod
1151 2204 1369 2261 autem
1435 2196 1696 2261 iubetur
1760 2197 1980 2262 Moses
2045 2218 2162 2280 per
2228 2196 2534 2263 baculum

582 2284 901 2353 miracula
957 2282 1181 2360 edere,
1250 2281 1403 2346 hinc
1469 2282 1835 2366 colligimus
1901 2294 2173 2347 externa
2236 2283 2536 2368 symbola

583 2395 776 2457 saepe
819 2368 1113 2436 adhiberi
1160 2389 1198 2433 a
1243 2366 1387 2432 Deo
1432 2365 1589 2433 dum
1633 2389 1836 2434 manu
1873 2391 1991 2434 sua
2025 2383 2355 2452 operatur,
2403 2390 2535 2433 non

585 2471 658 2526 ut
700 2455 1050 2542 quidquam
1095 2454 1362 2538 deroget
1398 2473 1557 2519 suae
1600 2454 1851 2533 virtuti,
1896 2464 2009 2518 aut
2055 2477 2182 2538 quo
2218 2457 2360 2519 eius
2396 2454 2535 2519 lau·

586 2546 732 2611 dem
779 2542 1097 2619 obscuret,
1144 2538 1258 2604 sed
1303 2549 1373 2604 ut
1420 2539 1635 2622 palam
1679 2539 1880 2609 faciat
1923 2539 2047 2605 sibi
2093 2550 2299 2605 totum
2344 2562 2534 2606 mun-

588 2632 743 2697 dum
790 2628 1073 2706 subesse,
1116 2633 1184 2690 et
1227 2646 1391 2708 quae
1436 2626 1684 2691 nullius
1727 2624 1965 2708 alioqui
2010 2628 2322 2691 momenti
2361 2635 2535 2707 sunt,

584 2718 787 2784 libere
832 2736 903 2781 se
944 2714 1011 2777 in
1059 2733 1248 2778 usum
1294 2717 1519 2794 aptare
1561 2718 2017 2795 quemcunque
2063 2713 2365 2778 voluerit.

762 2887 861 2953 18.
913 2883 1234 2967 Profectus
1291 2887 1381 2948 est
1432 2902 1575 2965 erqo
1620 2881 1847 2962 Moses,
1898 2889 1955 2949 et
1993 2904 2278 2949 reversus
2320 2888 2411 2949 est
2453 2884 2539 2949 ad

590 2973 817 3051 Iethro,
840 2990 1122 3038 socerum
1154 2989 1376 3034 suum.-
1418 2974 1473 3033 et
1503 2967 1668 3033 dixit
1690 2971 1775 3036 ad
1810 2991 1983 3035 eum.-
2033 2970 2280 3036 Vadam
2301 2989 2464 3034 nunc
2485 2974 2539 3035 et
2616 2999 2628 3012 ·

586 3064 866 3129 revertar
892 3057 978 3123 ad
999 3055 1235 3139 fratres
1268 3075 1435 3120 meos
1460 3054 1571 3137 qui
1604 3060 1749 3122 sunt
1772 3057 1841 3122 in
1866 3056 2161 3141 Aeygfflta
2185 3061 2258 3122 ut
2290 3057 2540 3124 videam

590 3169 675 3214 an
731 3145 932 3212 adhuc
975 3144 1107 3225 ipsi
1164 3143 1396 3207 vivant.
1494 3141 1583 3207 Et
1638 3142 1808 3207 dixit
1852 3143 2060 3209 Ictkro
2108 3142 2308 3209 Most.-
2367 3143 2542 3208 Vade

590 3251 894 3386 MP...
974 3229 1144 3381 ...
1171 3227 1449 3378 Bw
1465 3233 1729 3378 ἐπ
1765 3228 1996 3294 ff..
2051 3229 2138 3295 “⁶²
2197 3228 2542 3382 ³¹¹5...

756 3339 903 3384 um:
1198 3335 1236 3378 r
1430 3335 1465 3376 r
1550 3335 1577 3378 ἰ
1955 3335 2050 3380 m.-
2189 3337 2255 3381 aa
2472 3335 2544 3378 uz

590 3409 737 3471 suut
779 3421 987 3468 omnes
1031 3400 1158 3466 viri
1193 3400 1305 3481 qui
1339 3400 1712 3482 quaerebant
1733 3329 2030 3466 ⁴{figlinarum
2063 3337 2254 3467 εἴη.
2322 3402 2425 3467 20.
2460 3401 2545 3464 Et

594 3491 827 3574 accepit
887 3486 1093 3553 Moses
1133 3505 1390 3551 uxorem
1444 3505 1647 3562 suam,
1703 3490 1759 3551 et
1809 3486 1997 3567 filios,
2054 3492 2109 3553 et
2150 3488 2406 3553 sustulit
2444 3507 2545 3553 eos

591 3597 786 3658 super
829 3575 1113 3641 asinum.-
1162 3575 1217 3636 et
1258 3591 1544 3637 reversus
1583 3576 1670 3637 est
1712 3572 1782 3638 in
1826 3576 2058 3639 terram
2101 3572 2387 3658 Aeyypti.
2456 3573 2547 3638 Et

595 3657 1096 3814 ἓέίσθιίἔῆοιὲοὲῗ
1124 3655 1633 3823 Mosen‘fmoaepuffi
1655 3657 2209 3827 ssofgtggbfxss
2250 3659 2548 3812 ἕλιξι

596 3856 710 3900 sus
752 3835 823 3897 in
858 3833 1229 3915 Aeyyptum,
1273 3829 1413 3894 vide
1454 3833 1523 3894 ut
1566 3831 1779 3895 omnia
1819 3831 2006 3914 sigma
2047 3852 2204 3914 quae
2238 3833 2433 3914 posui
2475 3833 2546 3898 in

599 3940 795 3986 manu
851 3923 979 3994 tua,
1033 3915 1243 3997 facias
1301 3915 1417 3981 illa
1459 3935 1668 3981 coram
1717 3913 2068 3982 Pharaone.
2157 3914 2294 4001 Eyo
2338 3924 2547 3984 autem

599 4007 1018 4086 constrinyam
1055 4022 1160 4066 cor
1191 4001 1389 4078 illius,
1428 4006 1485 4066 et
1518 4021 1638 4067 non
1675 4001 1939 4067 dimittet
1951 4003 2278 4086 populum.
2328 4006 2428 4071 22.
2460 4001 2550 4070 Et

599 4093 766 4157 dices
803 4088 1164 4155 Pharaoni.-
1202 4086 1309 4153 Sic
1341 4087 1495 4152 dicit
1529 4086 1792 4153 Iehova:
1838 4087 2053 4154 Filius
2085 4109 2277 4168 meus,
2311 4092 2550 4173 primo-

596 4179 842 4263 yem'tus
884 4196 1058 4241 meus
1102 4173 1328 4238 Israel.
1392 4172 1495 4239 23.
1533 4173 1670 4257 Eyo
1704 4178 1911 4240 autem
1943 4174 2109 4240 iussi
2149 4180 2205 4241 te
2247 4176 2554 4243 dimittere

598 4263 807 4346 filium
877 4281 1079 4325 meum
1131 4264 1201 4324 ut
1257 4258 1419 4323 mihi
1472 4260 1761 4325 serviret.-
1819 4265 1877 4325 et
1916 4262 2186 4327 renuisti
2243 4262 2552 4329 dimittere

602 4369 760 4415 eum,
820 4345 972 4413 Ideo
1001 4366 1124 4411 ecce
1157 4366 1263 4429 eqo
1297 4345 1572 4411 occidam
1601 4346 1806 4421 fitium
1841 4350 2034 4426 tuum,
2062 4348 2553 4433 primoyem'tum

603 4440 800 4502 tuum.

781 4603 880 4668 18.
933 4601 1257 4684 Profectus
1315 4606 1409 4666 est
1462 4623 1604 4685 erqo
1652 4602 1879 4669 Moses.
1968 4604 2218 4670 Mirum
2277 4614 2378 4672 est
2434 4629 2556 4673 cur

608 4691 929 4757 visionem
971 4709 1101 4772 qua
1146 4686 1430 4752 maxime
1482 4690 1659 4755 flecti
1723 4698 1975 4772 poterat
2031 4693 2234 4757 soceri
2296 4694 2555 4761 animus

606 4777 686 4843 ad
735 4775 1018 4841 dandam
1064 4773 1464 4852 missionem,
1509 4777 1949 4859 suppresserit
1984 4776 2222 4844 Moses.
2296 4778 2554 4845 Huma-

609 4866 789 4930 nitus
834 4862 1007 4925 enim
1054 4859 1359 4942 loquitur,
1405 4860 1528 4925 sibi
1567 4883 1708 4928 esse
1752 4863 1824 4927 in
1869 4864 2087 4928 animo
2134 4865 2364 4930 fratres
2400 4887 2556 4931 suos

608 4968 675 5017 et
743 4957 1057 5033 cognatos
1124 4945 1424 5010 revisere.
1542 4948 1742 5030 Atqui
1807 4949 2158 5015 molestum
2226 4949 2351 5015 fuit
2415 4953 2556 5018 eius

609 5055 832 5105 socero
891 5053 1114 5101 carere
1173 5031 1315 5096 eius
1374 5052 1603 5115 opera,
1672 5034 2018 5101 sedulitate
2085 5047 2150 5102 et
2209 5035 2554 5116 industria,

611 5120 783 5190 unde
828 5139 1133 5203 magnam
1194 5117 1541 5183 utilitatem
1600 5135 2006 5204 perceperat:
2066 5123 2337 5188 minime
2398 5146 2558 5190 vero

612 5219 876 5295 gratum
921 5205 1049 5269 fuit
1090 5204 1292 5269 filiam
1337 5226 1524 5270 suam
1570 5217 1636 5270 et
1676 5216 1944 5289 nepotes
1999 5210 2066 5272 in
2126 5209 2406 5274 alienam
2455 5232 2558 5275 re-

615 5295 876 5380 gionem
923 5289 1268 5355 dimittere.
1359 5290 1677 5357 Fueritne
1737 5314 1776 5358 a
1838 5293 1977 5358 Deo
2023 5294 2420 5377 prohibitus,
2472 5315 2553 5361 an

612 5391 794 5446 metu
839 5387 903 5443 et
948 5375 1193 5460 pudore
1238 5383 1527 5443 retentus
1574 5380 1865 5459 tacuerit,
1923 5381 2247 5446 incertum
2294 5393 2427 5446 est:
2490 5386 2557 5447 in

2635 648 2807 715 hanc
2852 656 3071 713 tamen
3117 648 3553 714 coniecturam
3601 645 3810 731 magis
3867 647 4133 724 inclino,
4192 668 4318 711 non
4378 645 4568 714 fuisse

2634 755 2867 800 ausum
2911 732 2990 798 de
3033 754 3152 799 sua
3197 735 3542 800 vocatione
3597 733 3805 816 loqui,
3868 755 3951 799 ne
4012 755 4118 800 res
4178 731 4567 800 incredibilis

2633 841 2786 885 eum
2868 819 3192 886 mendacii
3272 832 3337 886 et
3418 820 3726 885 vanitatis
3806 828 4178 901 suspectum
4256 816 4565 886 redderet.

2634 904 2966 987 Quoniam
3012 927 3170 989 ergo
3216 905 3578 973 vocationis
3622 926 3779 970 suae
3821 905 4020 971 fidem
4065 906 4277 970 facere
4320 903 4568 971 difficile

2634 1000 2795 1069 erat,
2842 991 3273 1057 humanitatis
3319 994 3603 1058 officium
3640 991 3993 1057 obtendere
4030 990 4279 1056 maluit.
4354 989 4568 1056 Iethro

2634 1086 2855 1143 autem
2912 1076 3039 1142 Dei
3099 1079 3305 1161 magis
3366 1078 3684 1144 instinctu
3746 1099 3944 1160 quam
4003 1078 4421 1143 excusatione
4464 1076 4572 1142 illa

2632 1186 3005 1249 persuasus,
3052 1164 3404 1229 flexibilem
3466 1184 3536 1230 se
3597 1163 3911 1245 praebuit.
4002 1161 4402 1246 Quanquam
4449 1183 4570 1228 non

2635 1250 2859 1315 dubito
2907 1251 3136 1315 Mosen
3184 1262 3301 1333 per
3345 1249 3782 1333 quadraginta
3828 1270 4037 1314 annos
4093 1271 4171 1314 ea
4229 1269 4387 1315 suae
4430 1269 4569 1332 pro·

2635 1335 2857 1402 bitatis
2918 1335 3172 1402 dedisse
3230 1336 3419 1416 signa
3479 1356 3646 1419 quae
3704 1337 3884 1401 omni
3944 1336 4216 1401 sinistra
4279 1335 4572 1419 opinione

2635 1443 2785 1487 eum
2831 1422 3217 1487 eximerent.
3310 1420 3570 1489 Scimus
3615 1431 3935 1504 quantum
3992 1422 4364 1487 autoritatis
4408 1441 4574 1486 com·

2637 1516 2822 1591 paret
2864 1507 3062 1592 longa
3105 1508 3536 1591 experientia:
3585 1508 3895 1590 quoniam
3939 1529 4095 1592 ergo
4142 1508 4361 1573 Moses
4415 1517 4567 1571 tam·

2636 1593 2749 1659 diu
2793 1616 2863 1660 se
2908 1595 3240 1678 integrum
3282 1594 3735 1678 praestiterat,
3798 1615 3925 1659 non
3985 1594 4195 1677 potuit
4250 1612 4432 1659 socer
4473 1591 4573 1657 vel

2636 1701 2676 1745 a
2721 1679 3008 1756 levitate,
3058 1680 3160 1746 vel
3204 1701 3244 1744 a
3287 1678 3515 1746 fraude
3560 1689 3626 1744 et
3670 1679 3817 1746 dolo
3862 1679 3988 1745 sibi
4042 1688 4355 1745 metuere.
4435 1677 4574 1759 Quo

2635 1766 2939 1850 exemplo
3016 1766 3334 1832 docentur
3401 1765 3657 1842 fideles,
3740 1786 4001 1849 semper
4080 1763 4362 1830 dandam
4441 1783 4574 1830 esse

2636 1873 2904 1936 operam
2952 1861 3024 1917 ut
3081 1852 3203 1919 sibi
3262 1853 3499 1917 bonam
3562 1852 4113 1917 existimationem
4173 1861 4572 1934 comparent:

2636 1939 2788 2022 quia
2834 1937 3091 2004 nullum
3151 1937 3593 2022 transigendis
3649 1938 3949 2004 omnibus
4009 1939 4292 2022 negotiis
4354 1936 4576 2002 melius

2637 2023 3094 2107 compendium
3141 2032 3238 2089 est
3273 2045 3469 2107 quam
3507 2024 3863 2091 continuus
3905 2031 4121 2090 rectae
4165 2034 4232 2089 et
4279 2024 4576 2089 innoxiae

2636 2112 2812 2177 vitae
2855 2124 3062 2176 tenor.
3150 2109 3327 2176 Nam
3374 2108 3546 2175 unde
3589 2117 3776 2175 tanta
3818 2111 4192 2191 morositas,
4238 2109 4399 2174 dum
4443 2107 4579 2174 vult

2637 2197 2909 2282 quisque
2955 2220 2994 2261 a
3026 2196 3201 2262 socio
3238 2194 3480 2280 aliquid
3515 2196 3886 2280 impetrare,
3934 2196 4106 2261 unde
4143 2203 4238 2260 tot
4275 2214 4580 2273 remorae,

2638 2281 2813 2348 unde
2873 2292 2969 2348 tot
3035 2282 3209 2349 ultro
3278 2282 3568 2364 citroque
3638 2282 4170 2359 obtrectationes,
4246 2283 4378 2347 nisi
4436 2280 4580 2364 quia

2639 2368 2794 2434 dum
2841 2369 3117 2452 quisque
3163 2369 3308 2433 vult
3350 2369 3471 2434 sibi
3510 2367 3706 2445 credi,
3753 2390 3947 2433 nemo
3985 2379 4205 2434 tamen
4244 2389 4366 2435 sua
4404 2370 4576 2432 inno-

2638 2454 2856 2523 centia
2898 2454 3022 2521 hoc
3057 2455 3313 2537 assequi
3358 2452 3622 2520 studet?
3668 2455 3819 2521 Etsi
3856 2468 4075 2521 autem
4111 2456 4285 2520 iuste
4336 2460 4578 2520 sancte·

2639 2563 2768 2626 que
2802 2541 3084 2607 vivendo
3119 2542 3325 2608 soceri
3357 2540 3650 2605 animum
3693 2542 3817 2607 sibi
3851 2541 4318 2607 conciliaverat
4355 2540 4580 2618 Moses,

2591 2650 2606 2679 r
2641 2631 2711 2694 in
2756 2649 2876 2693 sua
2916 2635 3138 2691 tamen
3187 2628 3521 2693 vocatione
3580 2635 3714 2691 tam
3761 2648 4083 2712 propensa
4138 2626 4320 2693 illius
4387 2623 4577 2692 facili·

2642 2722 2784 2779 tate
2830 2714 2953 2778 fuit
2994 2714 3434 2778 confirmatus.
3526 2713 3884 2780 Permissio
3929 2713 4103 2778 enim
4153 2712 4351 2796 plena
4393 2712 4580 2780 comi-

2643 2800 2801 2866 tatis
2845 2807 2913 2864 et
2958 2798 3454 2864 benevolentiae
3499 2798 3758 2864 nullum
3815 2799 4152 2866 molestiae
4211 2800 4321 2866 vel
4381 2796 4580 2883 aegri·

2645 2885 2891 2951 tudinis
2936 2886 3197 2968 signum
3245 2887 3553 2950 continet.

2825 2973 2923 3039 19.
2983 2970 3262 3037 Dixerat
3339 2974 3549 3037 autem
3618 2970 3864 3037 Iehova.
3987 2971 4127 3037 Alii
4191 2970 4583 3038 sententiam

2644 3059 2814 3126 hanc
2874 3067 3234 3125 contexunt
3287 3078 3436 3123 cum
3481 3056 3813 3141 proxima,
3862 3078 3936 3124 ac
3982 3057 4035 3124 si
4096 3058 4286 3126 Deus
4330 3078 4583 3125 servum

2646 3167 2838 3212 suum
2881 3145 3251 3228 alloquutus
3296 3152 3486 3224 esset,
3532 3156 3873 3226 postquam
3920 3146 4052 3210 iam
4098 3166 4137 3209 a
4180 3166 4408 3212 socero
4444 3142 4584 3208 data

2646 3232 2859 3298 fuerat
2899 3229 3218 3296 redeundi
3276 3229 3577 3294 libertas:
3637 3252 3758 3315 ego
3819 3251 3977 3295 vero
4033 3230 4254 3314 potius
4315 3232 4585 3297 arbitror

2648 3318 2859 3384 alieno
2905 3317 3044 3381 loco
3090 3316 3288 3380 inseri
3334 3315 3504 3399 quod
3563 3326 3715 3381 ante
3776 3318 4088 3383 omissum
4146 3318 4383 3383 fuerat.
4473 3318 4582 3381 At-

2646 3426 2772 3487 que
2830 3402 2991 3468 haec
3058 3402 3356 3485 repetitio
3427 3402 3771 3485 scripturis
3826 3402 3987 3469 satis
4036 3403 4192 3468 trita
4241 3414 4363 3469 est.
4450 3402 4584 3468 Hoc

2648 3512 2805 3574 ergo
2871 3488 3319 3571 superioribus
3386 3485 3688 3572 adiungit
3753 3489 4007 3568 Moses,
4064 3488 4188 3555 sibi
4259 3489 4583 3573 demptum

2646 3577 2845 3642 fuisse
2889 3573 3164 3658 periculi
3210 3575 3543 3638 timorem:
3591 3576 3744 3657 quia
3790 3574 3971 3642 Deus
4016 3575 4412 3642 exstinctam
4456 3594 4585 3640 esse

2647 3661 2864 3728 caedis
2910 3661 3290 3725 memoriam
3334 3666 3616 3725 testatus
3678 3671 3791 3726 est.
3882 3661 4149 3727 Fuisset
4204 3663 4387 3726 enim
4435 3660 4585 3725 haec

2647 3749 2835 3831 quasi
2879 3749 2944 3812 in
3005 3747 3217 3829 primo
3278 3745 3504 3811 limine
3559 3745 3866 3824 offensio,
3924 3748 3979 3812 si
4036 3756 4336 3831 putasset
4381 3746 4586 3813 Moses

2648 3835 2900 3901 crimen
2944 3831 3109 3897 illud
3155 3832 3279 3897 sibi
3324 3831 3650 3897 obiectum
3695 3833 3802 3898 iri:
3865 3854 3997 3897 non
4044 3832 4216 3916 quod
4258 3833 4382 3900 sibi
4428 3830 4588 3897 male

2647 3920 2947 3988 conscius
2983 3927 3156 3983 esset
3195 3938 3413 3983 coram
3452 3915 3616 3995 Deo,
3663 3918 3776 3982 sed
3822 3918 3975 4002 quia
4009 3921 4344 4002 perversis
4388 3917 4588 3984 homi-

2649 4027 2813 4072 num
2857 4004 3115 4070 iudiciis
3160 4002 3542 4087 repudiatus
3599 4002 3850 4069 fuisset.
3939 4004 4088 4070 Hac
4146 4005 4358 4088 igitur
4401 4005 4588 4072 etiam

2648 4095 2720 4158 in
2765 4099 2951 4178 parte
3007 4091 3149 4155 eius
3210 4088 3544 4154 timiditati
3600 4110 3775 4154 nunc
3832 4088 4132 4156 medetur
4173 4089 4383 4176 DeuS,
4427 4109 4589 4155 mor·

2651 4187 2801 4245 tuos
2847 4198 2987 4243 esse
3044 4176 3268 4241 hostes
3323 4176 3434 4258 qui
3492 4174 3631 4241 eius
3676 4177 3850 4244 vitae
3907 4176 4185 4242 insidias
4243 4177 4590 4243 tendebant

2651 4265 3010 4331 affirmans.
3078 4262 3283 4328 Forte
3325 4269 3547 4325 tamen
3589 4261 3715 4327 hoc
3760 4283 3936 4327 nunc
3981 4283 4285 4332 seorsum
4327 4281 4592 4329 comme-

2654 4364 2886 4427 morat,
2932 4348 3105 4433 quod
3151 4350 3219 4412 in
3264 4355 3627 4413 commeatu
3687 4346 3968 4432 petendo
4023 4348 4238 4432 potuit
4295 4356 4439 4414 tuto
4482 4369 4587 4413 ex·

2653 4457 2915 4520 ponere.
2986 4433 3335 4500 Probabile
3374 4435 3550 4497 enim
3594 4443 3696 4500 est
3736 4433 3983 4514 Iethro,
4026 4435 4415 4518 priusquam
4457 4432 4589 4499 viro

2655 4522 3094 4606 alienigenae,
3142 4529 3208 4585 et
3249 4519 3584 4603 incognito
3628 4521 3832 4585 filiam
3877 4519 4151 4598 locaret,
4198 4521 4587 4587 sciscitatum

2655 4608 2856 4675 fuisse
2901 4605 2980 4672 de
3024 4627 3221 4673 causa
3264 4604 3617 4671 discessus:
3663 4607 3816 4689 quia
3857 4606 4177 4672 coniicere
4223 4614 4588 4692 promptum

2657 4702 2800 4762 erat
2844 4714 2881 4758 a
2924 4693 3143 4778 patria
3186 4692 3386 4758 fuisse
3430 4693 3779 4775 expulsum
3841 4694 3951 4774 qui
4010 4692 4329 4776 profugus
4373 4692 4440 4757 in
4485 4688 4591 4754 de-

2657 4789 2832 4847 serto
2870 4778 3149 4844 errabat.
3241 4776 3465 4859 Quum
3511 4798 3667 4863 ergo
3713 4778 3887 4862 regis
3932 4776 4338 4845 iracundiam
4383 4798 4451 4842 se
4493 4776 4590 4840 fu·

2656 4869 2827 4954 gisse
2887 4865 3223 4933 confessus
3292 4871 3494 4945 esset,
3560 4887 3736 4932 nunc
3805 4862 3964 4931 dicit
4020 4864 4287 4931 coelesti
4336 4859 4590 4930 oraculo

2659 4976 2729 5021 se
2789 4953 3114 5031 revocari,
3172 4963 3238 5016 et
3294 4952 3591 5033 promitti
3654 4952 3908 5017 felicem
3970 4952 4272 5016 reditum.
4374 4949 4592 5029 Neque

2660 5039 3012 5104 mentitur:
3059 5036 3366 5120 quoniam
3411 5035 3536 5102 hoc
3581 5057 3841 5120 quoque
3884 5037 4059 5101 inter
4102 5035 4233 5100 alia
4275 5034 4592 5119 pollicitus

2660 5127 2876 5189 fuerat
2935 5123 3147 5203 Deus,
3205 5122 3458 5187 nullum
3521 5124 3601 5189 ab
3657 5121 3943 5204 antiquis
4000 5121 4303 5187 hostibus
4359 5121 4594 5185 instare

2662 5209 3028 5275 discrimen.

2831 5295 2934 5360 20.
2981 5294 3071 5359 Et
3110 5294 3343 5375 accepit
3387 5291 3595 5359 Moses
3635 5291 3912 5360 uxorem.
3999 5293 4291 5360 Uxorem
4336 5300 4402 5356 et
4443 5288 4593 5355 libe·

2664 5402 2770 5447 ros
2815 5401 3037 5446 secum
3084 5378 3409 5458 ducendo,
3453 5378 3632 5445 haud
3678 5378 3871 5446 dubie
3916 5381 4137 5447 Moses
4194 5378 4399 5442 libere
4452 5393 4594 5459 pro-
