4867 6150
379 412 502 479 353

379 602 691 668 amaveris
725 623 863 669 eam
906 609 962 669 et
1004 607 1311 688 acceperis
1353 603 1467 670 tibi
1510 606 1581 671 in
1623 628 1895 689 uxorem,
1967 609 2066 673 12.
2115 607 2322 674 Intro-

375 689 560 755 duces
621 709 757 754 eam
821 690 1072 755 domum
1137 696 1346 756 tuam:
1411 696 1466 756 et
1527 694 1707 759 radet
1761 699 1947 776 caput
2004 714 2193 759 suum
2248 714 2322 760 ac

364 775 685 857 praecidet
725 796 965 859 unques
1004 797 1187 844 suos.-
1277 776 1376 843 13.
1433 776 1830 861 Deponetque
1892 781 2322 846 vestimentum

374 860 752 941 captivitatis
803 882 957 928 suae
1011 884 1054 927 α
1109 882 1202 942 se,
1263 868 1318 929 et
1372 864 1646 930 manebit
1700 867 1771 930 in
1814 866 1992 932 domo
2034 872 2177 945 tua,
2247 885 2322 931 ac

365 945 532 1026 flebit
562 952 818 1029 patrem
849 968 1055 1020 suum,
1100 952 1157 1013 et
1188 954 1449 1016 matrem
1482 969 1667 1016 suam
1686 971 1954 1017 mensem
1977 952 2322 1035 inteyrum:

373 1037 427 1097 et
455 1038 678 1182 Ροεὲῖα
721 1034 1097 1117 ingredieris
1140 1035 1225 1100 ad
1267 1056 1423 1110 eam,
1465 1037 1712 1120 erisque
1744 1039 2021 1104 maritus
2066 1038 2219 1114 eius,
2267 1042 2323 1103 et

372 1118 490 1184 erit
530 1119 579 1182 t·
630 1119 640 1130 '
684 1139 868 1186 umor.

543 1290 644 1356 10.
698 1291 902 1374 Quum
945 1312 1231 1376 cyressus
1265 1293 1474 1375 fueris
1509 1294 1595 1361 ad
1629 1293 1872 1360 bellum.
1920 1293 2104 1359 Idem
2143 1314 2320 1359 nunc

370 1375 450 1441 de
486 1376 801 1443 uxoribus
843 1379 1242 1463 praecipit-ur
1278 1382 1445 1463 quod
1486 1401 1697 1463 nuper
1733 1379 1814 1445 de
1849 1380 2025 1447 cibis.
2097 1379 2322 1462 Quan-

366 1470 509 1527 tum
571 1463 805 1528 attinet
859 1465 938 1529 ad
1000 1464 1465 1545 Chananaeos,
1524 1467 1633 1549 qui
1701 1465 1942 1533 addicti
1987 1474 2055 1531 et
2099 1466 2315 1532 devoti

366 1559 551 1614 erant
598 1549 830 1626 exitio,
894 1549 1176 1617 vidimus
1233 1550 1570 1618 Israelitas
1615 1574 1655 1618 a
1698 1553 2046 1618 mulierum
2092 1553 2314 1618 coniu-

363 1634 474 1721 gio
541 1633 902 1718 prohibitos
967 1637 1196 1715 fuisse,
1265 1658 1348 1702 ne
1415 1638 1701 1703 affinitas
1768 1648 1938 1704 esset
2000 1639 2315 1724 peccandi

361 1721 701 1787 illecebra:
748 1743 924 1788 nune
969 1744 1122 1788 vero
1167 1723 1426 1808 longius
1469 1723 1888 1808 progreditur
1931 1724 2184 1804 Moses,
2232 1746 2314 1790 ne

360 1806 701 1873 Israelitae
747 1807 1021 1874 victoria
1056 1811 1243 1892 potiti
1281 1819 1508 1875 contra
1543 1811 1703 1876 alias
1747 1819 1997 1895 gentes,
2045 1832 2127 1875 ex
2162 1831 2311 1894 cap-

361 1894 519 1959 tivis
554 1894 942 1961 mulieribus
977 1915 1218 1961 uxores
1254 1894 1500 1961 ducant
1533 1895 1663 1962 nisi
1714 1897 1968 1961 solenni
2021 1897 2152 1961 ritu
2198 1917 2311 1962 ex-

358 1982 591 2062 piatas.
638 1980 823 2046 Haec
869 2001 1026 2064 ergo
1072 2002 1331 2047 summa
1376 1993 1492 2060 est,
1539 2004 1622 2048 ne
1662 1982 1952 2066 profanis
1995 1983 2315 2068 coniugiis

358 2087 430 2132 se
485 2066 826 2132 Israelitae
882 2068 1361 2147 contaminent,
1429 2067 1543 2133 sed
1599 2068 1721 2134 hac
1768 2068 1965 2133 etiam
2008 2069 2080 2133 in
2126 2078 2314 2152 parte

356 2173 557 2236 puros
602 2173 672 2235 se
717 2162 1107 2219 conservent
1152 2164 1219 2218 et
1260 2154 1584 2239 integros:
1633 2156 1787 2237 quia
1830 2155 2113 2237 separati
2159 2164 2313 2219 sunt

357 2260 395 2304 a
459 2238 726 2322 reliquis
781 2238 1074 2323 populis,
1130 2248 1202 2303 ut
1257 2242 1392 2304 sint
1449 2240 1794 2323 peculiaris
1839 2241 1968 2306 Dei
2013 2241 2309 2324 populus.

354 2324 751 2390 Praestabat
794 2324 1052 2408 quidem
1090 2325 1159 2390 in
1198 2335 1411 2391 totum
1447 2326 1776 2391 abstinere
1813 2348 1851 2390 a
1890 2326 2127 2391 talibus
2164 2348 2314 2392 con-

353 2411 581 2494 iugiis:
622 2410 738 2476 sed
775 2410 1042 2477 difficile
1076 2410 1200 2476 fuit
1237 2434 1461 2477 eorum
1500 2410 1835 2477 libidinem
1872 2413 1964 2479 sic
1988 2413 2309 2491 fraenare,

352 2518 444 2562 ne
478 2496 587 2561 vel
626 2496 973 2561 minimum
1012 2517 1053 2561 a
1087 2498 1386 2579 castitate
1418 2496 1864 2564 deflecterent:
1905 2497 2140 2563 deinde
2186 2498 2309 2565 sci-

352 2603 506 2647 mus
552 2594 871 2665 quantum
910 2583 1034 2649 sibi
1071 2583 1374 2650 licentiae
1408 2585 1478 2648 in
1523 2583 1695 2650 bello
1739 2587 2126 2668 permittant
2171 2584 2306 2650 vic-

352 2678 563 2747 tores,
620 2679 694 2733 ut
758 2670 1085 2752 perfectae
1144 2670 1579 2735 moderationi
1643 2669 1825 2735 locus
1892 2691 2026 2736 non
2094 2669 2303 2735 detur.

349 2754 539 2839 Ergo
575 2753 757 2820 Deus
801 2753 1276 2839 indulgentiam
1322 2756 1416 2821 sic
1461 2764 1802 2839 temperat,
1849 2765 1922 2822 ut
1964 2755 2305 2822 Israelitae

349 2841 747 2924 adoptionis,
793 2862 919 2923 qua
962 2842 1141 2924 ipsos
1188 2841 1498 2926 dignatus
1545 2842 1774 2922 fuerat,
1820 2864 2171 2919 memores,
2234 2864 2304 2908 se

350 2948 487 2993 non
529 2928 947 3009 prostituant,
993 2926 1107 2992 sed
1143 2928 1209 2992 in
1246 2929 1389 3012 ipso
1425 2928 1715 2994 libidinis
1751 2929 2008 2993 fervore
2044 2928 2303 3011 aliquod

346 3012 683 3080 retineant
748 3013 1008 3098 pietatis
1069 3012 1382 3080 studium.
1469 3015 1681 3081 Porro
1735 3014 1843 3081 hic
1896 3036 2023 3080 non
2085 3015 2303 3100 agitur

350 3099 434 3165 de
479 3100 707 3165 illicito
753 3112 962 3184 raptu,
1009 3100 1124 3166 sed
1169 3110 1430 3166 tantum
1479 3101 1739 3168 disserit
1775 3102 1994 3166 Moses
2041 3101 2120 3166 de
2164 3123 2305 3167 mu-

351 3186 627 3252 lieribus
649 3207 813 3267 quae
850 3188 989 3251 iure
1014 3186 1535 3272 belli‚cesserant
1569 3190 1636 3252 in
1659 3186 1985 3272 praedam.
2035 3186 2301 3252 Scimus

352 3283 574 3337 autem
613 3273 895 3338 victores
936 3272 1069 3338 illis
1112 3274 1382 3356 impune
1419 3274 1618 3339 fuisse
1663 3275 1917 3351 abusos,
1964 3273 2119 3356 qnia
2150 3272 2301 3338 illas

352 3357 683 3423 habebant
729 3359 847 3424 sub
885 3367 1206 3441 potestate
1251 3370 1319 3423 et
1364 3358 1668 3425 dominio.
1740 3358 1871 3426 Sed
1917 3360 2071 3442 quia
2108 3359 2301 3424 multi

351 3443 689 3511 blanditiis
768 3465 1047 3509 uxorum
1127 3445 1506 3528 capiuntur,
1601 3445 1960 3511 remedium
2036 3444 2305 3511 adhibet

350 3530 559 3608 Deus,
596 3539 669 3594 ut
708 3530 1100 3596 connubium
1147 3530 1492 3614 praecedat
1528 3530 1762 3614 prioris
1812 3532 1985 3596 vitae
2028 3531 2305 3617 abnega-

351 3616 473 3681 tio:
535 3637 742 3700 neque
802 3626 1185 3682 extraneam
1254 3636 1526 3684 uxorem
1596 3617 1830 3683 ducere
1889 3616 2111 3695 liceat,
2175 3618 2301 3682 nisi

351 3723 521 3786 quae
560 3723 632 3768 se
675 3724 714 3767 a
758 3703 1023 3787 propria
1067 3711 1265 3787 gente
1311 3701 1731 3769 abdicaverit.
1822 3703 1975 3769 Huc
2020 3706 2305 3787 pertinet

349 3790 779 3865 caeremonia,
828 3800 901 3853 ut
943 3789 1183 3853 mulier
1227 3798 1422 3871 caput
1459 3789 1663 3869 radat,
1711 3799 1779 3852 et
1812 3789 2147 3873 praecidat
2182 3812 2302 3854 un-

347 3895 533 3958 gueS,
577 3877 968 3941 vestimenta
1011 3897 1131 3940 sua
1164 3886 1392 3955 mutet,
1436 3875 1662 3960 lugeat
1708 3884 1956 3958 patrem
2003 3896 2194 3941 suum
2239 3883 2304 3940 et

347 3960 670 4025 familiam
715 3969 853 4025 toto
898 3982 1154 4041 mense,
1211 3982 1449 4046 nempe
1495 3972 1571 4026 ut
1614 3963 1933 4044 superiori
1981 3962 2153 4027 vitae
2200 3982 2300 4026 re·

349 4047 641 4125 nunciet,
686 4067 760 4112 ac
807 4055 1100 4113 transeat
1143 4048 1208 4110 in
1257 4049 1455 4112 alium
1502 4048 1835 4131 populum.
1894 4046 2179 4129 Quidam
2220 4068 2303 4112 ex

351 4132 632 4198 Rabinis
677 4132 803 4197 alio
847 4132 1051 4199 verba
1097 4141 1436 4215 torquent,
1489 4154 1564 4198 ac
1608 4134 1667 4199 si
1712 4133 2121 4199 deformitate
2164 4133 2301 4198 vel-

350 4217 446 4283 let
520 4219 703 4284 Deus
771 4220 1023 4284 animos
1094 4220 1382 4284 virorum
1450 4218 1833 4285 abstrahere
1900 4222 1979 4284 ab
2046 4238 2301 4285 amore:

351 4324 507 4369 nam
552 4305 783 4388 capitis
830 4325 1057 4370 rasura
1093 4305 1375 4370 multum
1422 4325 1507 4369 ex
1552 4305 2039 4389 pulchritudine
2084 4316 2149 4370 et
2194 4327 2303 4371 ve-

352 4400 620 4455 nustate
663 4388 953 4455 detrahit
996 4392 1067 4455 in
1111 4391 1408 4456 feminis:
1475 4401 1541 4456 et
1609 4413 1862 4476 ungues
1911 4393 2126 4458 facere
2183 4390 2302 4478 (sic

355 4477 537 4541 enim
576 4476 656 4542 ad
696 4475 966 4542 verbum
1005 4475 1271 4564 legitur)
1308 4498 1425 4559 pro
1463 4480 1718 4542 nutrire
1754 4478 2109 4561 accipiunt:
2153 4500 2301 4561 pro-

355 4562 578 4628 ductio
622 4570 842 4628 autem
887 4565 1210 4646 unguium
1269 4563 1458 4628 foeda
1515 4576 1617 4629 est
1661 4574 1947 4647 aspectu.
2038 4564 2171 4629 Sed
2219 4585 2300 4630 ex

355 4657 668 4714 contextu
713 4648 1038 4714 refellitur
1081 4670 1303 4714 eorum
1364 4657 1841 4730 commentum,
1907 4650 2020 4716 ubi
2074 4650 2302 4716 iuben-

353 4742 465 4799 tur
510 4754 579 4799 se
624 4755 866 4799 exuere
913 4734 1202 4800 vestibus
1246 4735 1663 4818 captivitatis.
1754 4735 1925 4800 Mihi
1985 4757 2135 4800 vero
2181 4737 2298 4801 du-

356 4818 538 4884 bium
584 4842 714 4885 non
761 4832 860 4885 est
902 4821 1060 4905 quin
1103 4821 1291 4886 Deus
1334 4832 1673 4886 menstruo
1731 4822 1943 4900 luctu,
2002 4841 2149 4886 raso
2193 4843 2299 4888 ca-

357 4905 541 4988 pillo,
588 4916 655 4971 et
675 4906 823 4970 aliis
846 4905 1071 4990 signis,
1120 4908 1424 4973 renovari
1449 4907 1626 4989 ipsas
1651 4906 1828 4985 velit,
1866 4917 1942 4972 nt
1978 4907 2124 4973 aliis
2163 4929 2297 4973 mo·

358 4991 543 5056 ribus
586 5000 981 5059 assuescant.
1040 4992 1262 5077 Atque
1306 4993 1377 5057 in
1422 4992 1703 5058 eundem
1749 4994 1948 5057 finem
1993 4994 2302 5060 iubentur

357 5077 588 5160 lugere
641 5088 948 5162 parentes
1003 5089 1311 5162 tanquam
1372 5090 1690 5159 mortuos,
1748 5088 1821 5143 ut
1884 5080 2123 5163 populo
2179 5101 2301 5145 suo

364 5166 749 5229 valedicam.
818 5164 967 5246 Quo
1011 5165 1276 5229 videtur
1303 5163 1594 5231 alludere
1624 5165 1949 5249 propheta
1983 5166 2157 5232 Psal.
2196 5165 2300 5243 45,

297 5273 306 5280 ’
359 5270 564 5332 quum
632 5250 818 5318 dicit:
901 5251 1077 5316 Audi
1142 5251 1311 5326 filia,
1378 5261 1444 5316 et
1510 5251 1686 5316 vide:
1765 5251 2010 5317 inclina
2073 5274 2298 5319 aurem

358 5343 544 5401 tuam
565 5389 579 5416 ,
646 5337 1023 5404 obliviscere
1081 5337 1396 5420 populum
1440 5347 1629 5404 tuum
1675 5345 1743 5402 et
1786 5337 2050 5403 domum
2097 5340 2303 5422 patris

563 5439 785 5494 Calvino·
811 5454 1000 5510 opera.
1084 5436 1198 5494 Vol.
1232 5435 1391 5493 XXI
1402 5440 1463 5494 V.

1842 405 2219 486 PRIMUM
2265 418 2913 487 PRAEOEPTUM.

4252 427 4387 496 354

2425 608 2541 674 tui.
2632 607 2976 694 Significat
3033 611 3243 690 enim,
3301 633 3434 677 non
3494 614 3686 680 aliter
3742 634 3981 697 purum
4040 623 4107 681 et
4164 615 4383 701 legiti-

2426 714 2608 759 mum
2671 694 2813 760 fore
2868 697 3246 782 coniugium
3304 698 3555 765 alienae
3620 700 3915 767 mulieris
3982 723 4131 768 cum
4189 701 4379 769 Solo-

2423 800 2618 845 mone
2672 803 2868 864 quam
2927 782 2983 848 si
3039 783 3282 850 relictis
3327 786 3932 869 superstitionibus,
3993 788 4133 853 Deo
4179 810 4250 854 se
4293 787 4378 854 ad

2423 866 2688 948 pietatis
2734 868 3024 934 studium
3071 869 3414 937 devoveat.
3502 872 3644 938 Nec
3701 895 3856 940 vero
3902 874 4085 940 Deus
4130 873 4248 940 abs
4304 896 4378 940 re

2422 950 2759 1017 Israelitas
2818 954 3045 1020 sedulo
3105 975 3336 1021 cavere
3395 956 3606 1023 voluit
3666 981 3747 1024 ne
3802 981 4041 1026 uxores
4099 982 4139 1024 a
4183 981 4376 1027 verae

2424 1037 2763 1121 religionis
2808 1039 3024 1105 studio
3069 1042 3283 1109 adhuc
3326 1043 3572 1110 alienas
3617 1045 4019 1127 acciperent:
4069 1047 4224 1129 quia
4266 1068 4375 1112 ex·

2424 1124 2744 1206 perientia
2787 1126 2933 1209 plus
2959 1127 3118 1193 satis
3155 1126 3342 1194 docet
3387 1150 3579 1212 quam
3628 1133 3915 1198 exitialis
3951 1133 4039 1197 sit
4080 1132 4373 1216 laqueus.

2421 1209 2569 1274 Etsi
2617 1218 2837 1276 autem
2905 1211 3099 1278 hodie
3166 1213 3289 1279 hac
3349 1216 3806 1284 observatione
3861 1240 3990 1283 non
4050 1227 4372 1298 tenemur,

2421 1305 2648 1359 manet
2706 1305 2925 1362 tamen
2983 1300 3174 1363 firma
3229 1300 3425 1381 ratiO,
3493 1324 3577 1368 ne
3635 1324 3705 1369 se
3767 1305 3895 1369 viri
3955 1314 4200 1370 temere
4260 1304 4373 1369 de-

2419 1380 2717 1533 lvinc-itant
2780 1382 3043 1451 feminis
3109 1385 3345 1470 impias
3409 1390 3907 1472 superstitiones
3986 1390 4199 1457 adhuc
4264 1411 4373 1458 co-

2446 1477 2582 1532 ent1
2631 1489 2726 1534 us.

2789 1866 3376 1933 APPENmOEs
3424 1867 3907 1938 FoRENssss
3935 1869 4002 1957 ¹).

3011 1984 3145 2051 Ex
3190 1987 3458 2055 DEU'r.
3506 1988 3774 2056 xvm.

2590 2155 2689 2221 19.
2742 2155 2895 2222 Erit
2949 2161 3158 2222 autem
3224 2164 3294 2224 ut
3357 2160 3418 2225 si
3474 2161 3620 2242 quis
3683 2182 3805 2228 non
3858 2164 4137 2230 audierit
4189 2163 4375 2231 verba

2410 2260 2555 2392 :3:133
2580 2242 3057 2395 qatgazoloquetur
3087 2244 3399 2326 propheta
3442 2247 3515 2312 in
3555 2249 3801 2315 nomine
3842 2269 3991 2329 meo,
4033 2270 4138 2333 eqo
4164 2252 4372 2334 requi-

3041 2669 3171 2736 EX
3214 2669 3488 2738 DEU'I'.
3536 2671 3736 2739 XIII.

2584 2840 2626 2907 5
2641 2840 2714 2928 ²).
2764 2839 3082 2923 Propheta
3125 2847 3333 2908 autem
3383 2842 3595 2926 falsus
3636 2850 3751 2910 aut
3789 2846 4133 2913 somniator
4173 2849 4362 2916 inter-

2405 2926 2683 3009 ficietur.-
2725 2948 2792 2993 eo
2835 2928 2999 3011 quod
3040 2927 3440 3010 defectionem
3474 2928 3770 3012 loquutus
3809 2932 3898 2997 sit
3938 2937 4153 2998 eontra
4189 2934 4367 3000 leho-

2406 3034 2551 3080 vam
2594 3013 2806 3079 Deum
2847 3017 3117 3081 vestrum
3136 3062 3151 3093 ,
3207 3015 3320 3096 qui
3376 3016 3595 3082 eduxit
3650 3022 3706 3084 te
3760 3038 3793 3084 e
3850 3021 4020 3083 terra
4077 3020 4364 3105 Aeqypti,

2407 3104 2464 3166 et
2503 3101 2764 3166 redemit
2816 3105 2873 3166 te
2914 3121 2947 3166 e
2989 3101 3168 3166 domo
3214 3122 3550 3178 servorum,
3594 3109 3667 3168 ut
3707 3109 3763 3169 te
3804 3104 4129 3184 depelleret
4169 3128 4213 3173 a
4254 3109 4365 3175 via

2406 3207 2597 3267 quam
2623 3187 2946 3268 praecepit
2990 3186 3104 3251 tibi
3148 3184 3388 3253 Iehova
3430 3188 3609 3254 Deus
3652 3194 3816 3269 tuus,
3861 3194 3931 3254 ut
3972 3191 4250 3259 mnbeaes
4290 3194 4364 3260 in

2405 3292 2513 3337 ea:
2555 3278 2611 3338 et
2651 3271 3093 3339 exterminabis
3135 3272 3374 3338 malum
3415 3295 3448 3340 e
3488 3275 3693 3341 medio
3730 3276 3841 3342 tui.

2578 3443 2920 3510 Hactenus
2967 3443 3163 3527 primi
3209 3446 3536 3528 praecepti
3596 3446 3992 3529 appendices
4037 3451 4357 3531 recensui,

2405 3548 2571 3613 quae
2631 3529 2712 3595 ad
2769 3540 3026 3596 veteres
3081 3528 3348 3597 umbras
3408 3541 3474 3597 et
3539 3532 3816 3617 legalem
3860 3534 4108 3599 cultum
4156 3537 4358 3619 perti-

2404 3625 2584 3682 nent.
2673 3616 2899 3698 Ipsum
2956 3625 3375 3700 praeceptum
3420 3635 3679 3700 semper
3722 3619 3971 3704 vigebit
4028 3620 4110 3685 ad
4158 3623 4358 3689 finem

2404 3721 2613 3784 usque
2657 3701 2915 3766 mundi:
2963 3723 3082 3768 nec
3127 3702 3284 3768 solis
3326 3702 3606 3785 Iudaeis,
3671 3705 3788 3771 sed
3832 3706 4020 3772 nobis
4064 3727 4357 3774 commu-

2406 3789 2579 3852 niter
2624 3785 2846 3852 datum
2894 3796 3012 3853 est.
3083 3788 3530 3854 Caeremoniis
3574 3800 3796 3855 autem
3844 3813 3999 3857 usus
4036 3803 4134 3859 est
4170 3792 4358 3861 Deus

2404 3874 2592 3953 olim,
2660 3881 2974 3957 tanquam
3032 3875 3506 3957 temporalibus
3562 3876 4010 3959 adminiculis,
4077 3901 4353 3963 quarum

2405 3959 2531 4024 etsi
2577 3980 2735 4024 usus
2779 3960 3081 4039 cessavit,
3127 3972 3351 4026 manet
3386 3963 3603 4029 adhuc
3644 3975 3867 4028 tamen
3901 3965 4166 4043 utilitas,
4204 3968 4357 4049 quia

2404 4045 2563 4110 inde
2608 4045 2843 4110 melius
2889 4057 3159 4129 apparet
3202 4049 3524 4131 quomodo
3569 4049 3694 4114 rite
3737 4049 3989 4115 colatur
4036 4052 4245 4117 Deus:
4294 4062 4362 4119 et

2407 4133 2549 4215 ipsa
2609 4130 2712 4196 vis
2770 4132 3036 4215 pietatis
3092 4133 3224 4201 illic
3283 4135 3550 4202 relucet.
3642 4135 3821 4219 Ergo
3888 4137 3954 4201 in
4018 4149 4360 4223 praecepto

2406 4217 2781 4284 continetur
2825 4228 2960 4283 tota
3003 4220 3391 4300 substantia,
3438 4222 3509 4286 in
3555 4222 3847 4287 externis
3905 4243 4062 4288 vero
4110 4226 4357 4290 exerci-

2406 4305 2517 4369 tiis
2563 4311 2664 4369 est
2707 4304 2919 4369 veluti
2960 4305 3185 4386 forma,
3243 4306 3350 4372 cui
3396 4307 3660 4373 nonnisi
3704 4318 3995 4372 veterem
4041 4311 4357 4392 populum

2406 4389 2592 4456 Deus
2629 4388 2902 4455 addixit.
2968 4391 3162 4458 Nunc
3197 4404 3562 4477 sequuntur
3596 4392 3989 4477 appendices
4035 4396 4355 4478 politicae,

2405 4475 2521 4542 ubi
2556 4474 2738 4543 Deus
2780 4498 3053 4559 poenam
3092 4479 3264 4543 sumi
3300 4480 3480 4544 iubet
3515 4479 3569 4543 si
3609 4479 3847 4544 violata
3886 4480 4081 4545 fuerit
4104 4481 4352 4566 religio.

2402 4562 2633 4645 Neque
2680 4562 2853 4627 enim
2904 4563 3083 4647 leges
3135 4564 3437 4647 politicae
3473 4573 3730 4629 tantum
3767 4565 4070 4630 feruntur
4107 4568 4187 4631 de
4225 4581 4353 4633 ter·

2403 4649 2582 4713 renis
2634 4647 2943 4731 negotiis,
3005 4655 3079 4714 ut
3120 4650 3294 4714 inter
3337 4671 3407 4714 se
3450 4649 3749 4715 homines
3796 4661 4094 4715 mutuam
4138 4654 4354 4720 colant

2402 4734 2832 4817 aequitatem,
2899 4742 2969 4799 et
3025 4734 3197 4818 quod
3267 4745 3521 4801 rectum
3580 4745 3678 4801 est
3733 4749 4094 4819 sequantur
4160 4750 4353 4823 atque

2400 4820 2784 4886 observent:
2831 4819 2945 4885 sed
2991 4834 3065 4886 ut
3108 4843 3178 4886 se
3221 4821 3291 4885 in
3329 4819 3456 4886 Dei
3500 4823 3925 4888 veneratione
3970 4834 4349 4890 exerceant:

2401 4928 2558 4971 nam
2583 4919 2650 4970 et
2682 4906 2836 4970 inde
2860 4905 3111 4971 orditur
3140 4907 3331 4971 Plato
3372 4906 3527 4972 dum
3562 4907 3926 4991 legitimum
3952 4909 4351 4993 reipublicae

2400 5004 2647 5060 statum
2707 4991 2975 5072 format,
3037 4993 3291 5077 Deique
3335 4993 3634 5058 timorem
3706 5005 3897 5061 vocat
3953 4996 4168 5079 legum
4216 5016 4351 5059 om-

2402 5080 2586 5145 nium
2615 5080 3036 5161 prooemium.
3107 5079 3245 5145 Nec
3273 5077 3453 5144 ullus
3497 5100 3787 5163 unquam
3835 5082 4090 5145 exstitit
4132 5080 4349 5163 profa-

2574 5284 2637 5425 1}
2665 5284 3058 5409 Dependenoes
3095 5286 3390 5356 politiques
3426 5301 3496 5339 ou
3533 5283 3826 5338 iudiciales.

2577 5355 2611 5409 2
2670 5354 2756 5409 He
2795 5373 2839 5408 r.
2887 5354 2936 5409 6.
3864 5434 3932 5489 23
