4867 6150
320 448 455 515 605

328 637 548 724 potius
581 637 676 702 ita
710 634 911 701 variis
948 634 1410 702 afflictionibus
1446 643 1708 701 exercet
1744 633 1930 701 Deus
1965 633 2284 714 homines,

332 734 410 792 ιιι
451 732 676 789 tamen
721 721 854 787 illis
913 742 1032 805 por
1098 742 1168 788 se
1212 722 1455 788 bonum
1499 721 1587 786 sit
1630 720 1714 785 ad
1756 720 2111 804 imaginem
2159 719 2302 801 Deiv

330 820 586 878 creatos
628 830 790 888 esse,
834 817 905 873 ut
952 807 1074 872 filii
1116 807 1258 873 eius
1302 816 1709 890 reputentur.
1759 803 2040 872 Additur
2081 806 2282 872 etiam

331 895 571 963 clarior
613 894 964 977 explicatio
1009 894 1077 958 in
1123 892 1670 971 Deuteronomio,
1726 912 1861 957 non
1909 900 2167 958 tantum
2212 900 2288 957 ut

327 983 499 1050 bene
546 981 794 1059 vivant,
841 978 954 1045 sed
991 987 1069 1045 ut
1103 978 1273 1045 bene
1313 979 1403 1044 sit
1444 977 1595 1044 illis.
1641 978 1825 1063 Ergo
1870 999 2003 1044 non
2027 987 2284 1043 tantum

331 1070 510 1135 vitae
554 1067 954 1132 diuturnitas
998 1065 1420 1149 promittitur,
1480 1064 1592 1131 sed
1641 1063 1807 1131 aliae
1866 1085 2119 1148 quoque
2178 1083 2283 1129 ac-

329 1156 681 1222 cessiones.
785 1151 876 1217 Et
934 1160 1112 1217 certe
1157 1151 1350 1217 multi
1385 1152 1496 1234 qni
1541 1172 1700 1235 erga
1744 1158 2054 1234 parentes
2098 1149 2286 1233 impii

329 1250 402 1307 et
464 1239 715 1325 ingrati
780 1237 1079 1314 fuerunt,
1148 1257 1283 1302 non
1349 1237 1543 1302 aliter
1612 1238 1815 1303 vitam
1882 1235 2287 1320 protrahunt

327 1346 527 1410 quam
571 1326 640 1389 in
688 1343 983 1407 poenam,
1029 1322 1186 1388 dum
1223 1324 1384 1407 ipsis
1421 1342 1670 1389 merces
1704 1322 2209 1389 inhumanitatis
2245 1342 2286 1387 a

325 1413 488 1479 filiis
525 1422 591 1477 et
625 1408 976 1493 nepotibus
1009 1409 1410 1493 rependitur.
1475 1406 1667 1490 Quod
1713 1422 1933 1475 autem
1976 1406 2286 1475 omnibus

325 1499 440 1582 qui
490 1518 651 1582 erga
691 1505 1004 1580 parentes
1046 1494 1261 1563 officio
1305 1495 1568 1579 pietatis
1627 1494 1915 1560 defuncti
1961 1501 2116 1561 sunt
2152 1513 2284 1559 non

324 1584 657 1668 contingit
699 1582 1012 1648 diuturna
1046 1582 1201 1661 vit-a,
1246 1581 1603 1647 tenendum
1643 1589 1744 1646 est
1778 1580 2087 1663 praemiis
2123 1589 2286 1645 tem-

322 1670 665 1757 poralibus
707 1669 979 1734 minime
1013 1669 1214 1733 fixam
1259 1689 1403 1733 esse
1446 1676 1834 1751 perpetuam
1869 1666 2120 1752 legem:
2166 1687 2281 1731 ne·

321 1778 457 1842 que
504 1766 724 1821 tamen
770 1754 884 1822 ubi
926 1755 1111 1821 varie
1154 1762 1224 1818 et
1266 1753 1699 1836 inaequaliter
1732 1764 2040 1836 operatur
2073 1753 2278 1831 Deus,

317 1843 549 1909 irritas
591 1841 737 1907 fieri
780 1839 1270 1925 promissiones:
1317 1840 1473 1922 quia
1507 1838 1812 1905 fidelibus
1847 1840 1959 1922 qui
1992 1838 2063 1903 in
2100 1845 2280 1904 terra

317 1929 570 2012 privati
612 1928 866 1992 fuerint
907 1925 1173 1994 caducis
1214 1924 1570 2005 beneficiis,
1625 1925 1697 1989 in
1741 1925 1937 1991 coelis
1993 1925 2279 2008 reposita

317 2023 429 2081 est
469 2013 705 2079 melior
747 2012 1209 2096 compensatio.
1300 2010 1499 2077 Certe
1541 2012 1954 2093 experientia
1998 2010 2278 2077 saeculis

317 2099 631 2167 omnibus
688 2098 939 2175 docuit,
996 2098 1213 2164 Deum
1273 2097 1580 2164 omnibus
1624 2097 1738 2180 qui
1793 2096 2075 2163 fideliter
2117 2116 2276 2180 erga

306 2199 630 2272 parentes
675 2184 962 2251 defuncti
1006 2184 1253 2250 fuerint
1296 2205 1457 2250 vera
1499 2183 1775 2267 pietate,
1830 2203 1965 2248 non
2023 2183 2274 2249 frustra

308 2273 685 2357 pollicitum
733 2293 874 2337 esse
918 2271 1184 2355 longam
1228 2270 1458 2336 vitam.
1552 2268 1903 2335 Caeterum
1963 2290 2048 2335 ex
2090 2269 2271 2352 prin—

307 2359 492 2444 cipio
538 2367 691 2423 ante
735 2357 944 2441 posito
989 2354 1326 2422 sciendum
1373 2363 1474 2420 est
1517 2375 1747 2438 praece
1793 2363 1936 2422 tum
1973 2355 2098 2422 hoc
2128 2355 2273 2421 lon-

311 2446 471 2531 gius
529 2442 798 2510 extendi
856 2462 1054 2526 quam
1107 2442 1314 2507 verba
1365 2450 1633 2506 sonent:
1697 2442 1723 2507 i
1769 2463 1893 2526 que
1935 2442 2128 2508 firma
2169 2462 2275 2507 ra—

314 2533 503 2598 tione
547 2530 907 2614 0⁰l¹igi¹²ur²
968 2528 1124 2611 qnia
1180 2525 1424 2611 alioqui
1480 2526 1717 2593 mutila
1758 2536 1932 2594 esset
1971 2528 2080 2594 lex
2124 2528 2277 2612 Dei,
2337 2548 2338 2551 ¹

313 2637 540 2701 neque
592 2615 674 2682 ad
731 2615 1088 2698 perfectam
1143 2613 1251 2698 pie
1292 2613 1592 2701 iusteque
1649 2613 1919 2680 vivendi
1976 2633 2276 2681 normam

313 2725 449 2770 nos
490 2702 886 2769 institueret.
997 2699 1414 2784 Principibus
1457 2720 1602 2765 esse
1646 2698 2082 2767 obediendum
2128 2720 2277 2766 sen-

311 2811 437 2857 sns
479 2788 623 2872 ipse
667 2797 944 2853 naturae
988 2785 1228 2853 dictat:
1273 2787 1400 2852 nisi
1443 2786 1619 2852 servi
1665 2785 1948 2853 dominis
1983 2786 2125 2853 suis
2161 2805 2276 2869 pa-

308 2889 535 2952 reant,
581 2875 906 2940 evertitur
949 2873 1224 2940 societas
1267 2871 1540 2937 humani
1588 2873 1868 2956 generis.
1916 2874 2083 2939 Pars
2118 2892 2277 2957 ergo

309 2961 615 3028 iustitiae
637 2968 738 3026 est
771 2981 905 3043 non
939 2968 1290 3042 postrema,
1335 2966 1409 3023 ut
1442 2958 1725 3042 populus
1764 2960 2272 3044 magistratuum

310 3047 599 3132 imperio
641 3057 877 3131 sponte
922 3066 994 3112 se
1038 3043 1374 3124 subiiciat,
1434 3053 1501 3110 et
1557 3043 1735 3112 servi
1797 3044 2081 3113 dominis
2135 3044 2275 3112 suis

312 3142 625 3220 pareant:
687 3135 907 3217 itaque
965 3132 1274 3197 omissam
1334 3129 1535 3196 fuisse
1590 3132 1658 3195 in
1704 3130 1851 3216 lege
1893 3130 2024 3198 Dei
2079 3128 2279 3199 valde

309 3220 680 3288 absurdum
717 3232 907 3284 esset.
954 3219 1135 3302 Ergo
1169 3219 1239 3283 in
1273 3216 1398 3283 hoc
1431 3225 1757 3300 praeopto,
1796 3219 1967 3283 sicut
2000 3221 2070 3283 in
2105 3216 2276 3303 aliis,

311 3307 508 3374 Deus
552 3326 670 3390 per
711 3304 1170 3389 synecdochen
1213 3302 1336 3369 sub
1375 3323 1510 3368 una
1553 3303 1771 3387 specie
1814 3303 2276 3388 complectitur

308 3401 532 3459 totum
568 3412 805 3477 genus:
850 3411 1091 3475 nempe
1123 3398 1202 3455 ut
1232 3389 1529 3475 legitima
1558 3390 1837 3473 imperia
1872 3410 2064 3456 suam
2100 3387 2275 3474 apud

306 3500 443 3546 nos
488 3478 927 3546 reverentiam
972 3476 1334 3543 obtineant.
1396 3473 1589 3557 Quod
1626 3484 1846 3542 autem
1883 3498 2014 3542 non
2049 3476 2275 3543 omnia

308 3565 628 3633 distinete
684 3583 1002 3647 expressa
1053 3570 1244 3640 sunt,
1302 3560 1515 3644 primo
1558 3560 1853 3627 brevitas
1895 3563 2039 3646 ipsa
2080 3562 2273 3627 facile

305 3660 622 3720 excusat:
696 3649 931 3716 deinde
1001 3647 1412 3715 observanda
1480 3655 1586 3713 est
1643 3647 1775 3714 alia
1829 3650 2028 3728 ratio,
2095 3647 2271 3733 quod

303 3738 504 3806 Deus
562 3757 782 3804 crasso
840 3734 1015 3823 stylo
1074 3733 1251 3819 apud
1307 3730 1539 3799 rudem
1596 3734 1916 3818 populum
1972 3734 2271 3804 consulto

1772 445 2205 529 QUINTUM
2246 443 2898 512 PRAEGEPTUM.

4214 450 4351 518 606

2391 654 2551 700 usus
2595 634 2825 718 fuerit,
2883 634 3039 718 quia
3083 633 3348 702 videbat
3392 637 3482 702 ita
3527 637 3856 721 expedire.
3947 637 4025 705 Si
4070 659 4346 723 genera-

2389 719 2544 786 liter
2601 721 2875 786 dixisset
2930 719 3387 788 obediendum'
3419 744 3560 789 esse
3620 723 3925 791 omnibus
3976 725 4342 809 praefectis,

2390 814 2470 872 ut
2512 805 2816 873 omnibus
2859 807 3154 892 ingenita
3198 818 3302 874 est
3342 809 3667 893 superbia,
3711 830 3847 875 non
3883 810 4076 877 facile
4109 810 4346 879 fuisset

2389 892 2704 958 maiorem
2751 893 3090 960 hominum
3131 902 3383 978 partem
3433 895 3515 961 ad
3560 916 3918 979 paucorum
3958 896 4345 982 obsequium

2390 979 2671 1044 flectere.
2758 977 2900 1046 Imo
2972 989 3046 1046 ut
3109 979 3503 1047 naturaliter
3568 982 3792 1048 odiosa
3849 992 3949 1049 est
4012 983 4349 1066 subiectio,

2390 1063 2586 1130 multi
2639 1064 2961 1150 refragati
3021 1077 3257 1132 oesent.
3347 1064 3653 1151 Speciem
3711 1089 3870 1154 ergo
3921 1069 4345 1137 subiectionis

2390 1151 2702 1301 proponit-
2756 1150 2972 1231 Deus,
3032 1173 3226 1236 quam
3288 1174 3590 1219 recusare
3633 1155 3941 1222 immanis
3984 1164 4159 1222 esset
4201 1156 4349 1223 bar-

2437 1237 2640 1316 aries3
2707 1237 2802 1303 ita
2868 1246 2941 1303 ut
3006 1238 3323 1322 paulatim
3384 1240 3651 1307 subacta
3708 1242 3976 1321 ferocia,
4041 1241 4342 1310 homines

2391 1323 2783 1389 assuefaciat
2827 1322 2911 1389 ad
2958 1325 3300 1391 ferendum
3344 1325 3593 1411 iugum.
3679 1326 3858 1394 Hinc
3903 1325 4138 1395 ductae
4182 1335 4346 1394 sunt

2390 1408 2906 1507 exhortationes,
2952 1419 3030 1476 ut
3072 1411 3355 1495 populus
3399 1433 3620 1497 regem
3666 1412 3963 1498 honoret,
4007 1422 4082 1479 ut
4126 1415 4342 1481 omnis

2390 1513 2613 1559 amma
2657 1495 2953 1563 subiecta
2996 1496 3085 1563 sit
3140 1499 3448 1580 potestati
3506 1520 3675 1582 quae
3732 1500 4210 1582 supereminet,
4265 1508 4341 1567 ιιι

2389 1580 2571 1647 servi
2628 1580 2803 1650 heris
2856 1583 2994 1648 suis
3051 1595 3355 1666 pareant,
3415 1585 3617 1651 etiam
3682 1584 4054 1653 difficilibus
4097 1595 4165 1652 et
4207 1607 4340 1653 mo·

2386 1667 2558 1819 rEosff
2600 1665 2827 1842 (6Pr50)v.
2874 1668 2978 1750 24,
3026 1669 3130 1735 21.
3202 1670 3554 1750 1.Petr.2,
3598 1671 3696 1737 13.
3738 1672 3837 1739 14.
3897 1672 4089 1740 Rom.
4136 1672 4237 1755 13,
4277 1673 4336 1741 1.

2450 1774 2493 1836 p
2547 1804 2562 1819 .
2648 1804 2665 1834 ,
2775 1806 2789 1821 .

2733 2154 3302 2234 EXPOSITIO
3345 2154 4012 2232 ΡΒΑΕΟΕΡΤΙ.ι

2995 2354 3129 2421 EX
3170 2354 3479 2426 LEVI'P.
3525 2353 3719 2421 XIX.

2380 2527 2614 2681 time}
2676 2525 3120 2612 Unusquisque
3168 2532 3419 2611 patrem
3474 2548 3662 2594 suum
3718 2533 3777 2593 et
3836 2533 4096 2596 ”mtrem
4150 2548 4337 2597 mam

2554 2784 2782 2867 Quum
2835 2786 2998 2852 haec
3066 2784 3399 2851 sententia
3462 2782 3642 2851 haud
3710 2782 3905 2850 dubie
3970 2785 4055 2853 ad
4118 2787 4333 2871 quinti
4406 2822 4413 2826 -

2382 2872 2716 2958 praecepti
2771 2870 3278 2955 explicationem
3336 2879 3615 2955 spectet,
3674 2871 4103 2938 confirmatur
4159 2873 4331 2956 quod

2381 2966 2537 3024 ante
2582 2958 2794 3038 docui,
2839 2958 3158 3025 honorem
3202 2977 3398 3042 quem
3440 2957 3626 3024 Deus
3668 2955 4050 3040 impendere
4094 2978 4332 3041 paren·

2382 3046 2557 3112 tibus
2599 3045 2802 3124 iubet,
2845 3065 2978 3111 non
3019 3043 3091 3110 in
3136 3044 3276 3111 sola
3317 3044 3743 3112 veneratione
3787 3043 4160 3123 consistere,
4214 3043 4332 3113 sed

2381 3131 2826 3198 obedientiam
2890 3131 3085 3197 simul
3130 3129 3490 3214 complecti.
3578 3129 3986 3196 Reverentia
4027 3132 4203 3197 enim
4249 3131 4333 3198 de

2380 3239 2510 3303 qua
2554 3239 2731 3284 nuno
2781 3217 3122 3301 praecipit,
3168 3218 3529 3299 morigeros
3580 3223 3649 3282 et
3692 3215 4125 3299 obsequentes
4160 3217 4331 3285 filios

2379 3303 2629 3371 reddet.
2737 3303 2934 3370 Nunc
2976 3303 3199 3386 itaque
3242 3301 3485 3368 certius
3528 3301 3741 3368 intelli
3791 3301 3965 3370 imus
4009 3303 4332 3387 quomodo

2379 3399 2688 3476 parentes
2730 3390 2870 3456 sint
2910 3387 3201 3469 colendi,
3254 3386 3413 3454 dum
3466 3387 3706 3456 liberos
3813 3396 4070 3455 ortatur
4122 3389 4329 3471 Deus,

2379 3487 2457 3543 ut
2501 3477 2583 3543 ab
2626 3497 2851 3542 eorum
2908 3475 3266 3542 offensione
3321 3483 3617 3542 caveant.
3704 3473 3893 3542 Haec
3950 3477 4129 3542 enim
4172 3497 4333 3544 vera

2378 3563 2644 3629 demum
2708 3562 2976 3646 pietatis
3040 3569 3140 3628 est
3205 3559 3501 3645 probatio
3524 3612 3542 3640 ,
3607 3559 4035 3630 subiectionis
4093 3561 4328 3647 iugum

2375 3649 2629 3802 plagide
2654 3648 2845 3729 ferre,
2891 3657 2957 3715 et
3002 3669 3074 3714 re
3115 3648 3262 3732 ipsa
3304 3646 3581 3732 probare
3626 3648 3958 3715 sincerum
3986 3647 4331 3716 obediendi

2374 3746 2482 3803 stu
2528 3737 2687 3802 ium.

1426 4378 2107 4458 APPENDIOES
2155 4378 2535 4473 QUINTI
2580 4375 3215 4454 PRAEOEPTI.
3246 4483 3257 4496 κ

928 4579 1064 4648 EX
1106 4579 1409 4648 EXODI
1451 4577 1653 4646 XXI.

489 4736 590 4803 15.
642 4736 768 4837 Qui
823 4735 1205 4818 percusserit
1254 4742 1508 4818 patrem
1571 4753 1758 4801 suum
1825 4738 1938 4799 aut
1986 4738 2265 4815 matrem,

831 5110 967 5180 EX
1009 5110 1344 5181 EODEM
1388 5112 1747 5180 OAPI'PE.

490 5267 2268 5352 17.Quimaledioeeritpatrisuovelmatrisuae,

301 5356 886 5422 mammarium.

3009 4576 3141 4642 EX
3185 4574 3483 4642 LEVI'P.
3529 4574 3688 4641 XX.

2545 4750 2606 4816 9.
2678 4747 4326 4831 Quimaleaixeritpatrisuoautmamsuae

2371 4843 2568 4903 morte
2610 4836 2952 4902 moriatur.-
3013 4834 3126 4917 qui
3166 4836 3354 4916 patri
3410 4854 3529 4899 suo
3587 4840 3645 4899 et
3682 4835 4091 4903 moto-isaac
4130 4832 4323 4899 mak-

2371 4923 2558 5004 dixit,
2603 4922 2871 5008 sanquis
2912 4921 3053 4987 eiu-s·
3093 4940 3285 5002 super
3326 4941 3486 4987 etms.

2545 5093 2611 5159 N
2612 5114 2742 5160 unc
2776 5111 2988 5177 poena
3020 5093 3287 5176 capitali
3330 5094 3625 5159 sancitur
3665 5092 3996 5178 praecepti
4031 5090 4321 5172 violatio,

2373 5201 2504 5245 non
2573 5187 2794 5246 tamen
2860 5199 3026 5262 quae
3105 5200 3332 5246 omnes
3396 5178 3908 5263 comprehendat
3985 5177 4096 5262 qui
4162 5196 4322 5264 erga

2372 5272 2678 5350 parentes
2721 5266 2957 5350 quovis
3000 5263 3193 5331 modo
3236 5265 3484 5332 fuerint
3524 5265 3730 5350 impii,
3789 5263 3903 5331 sed
3948 5283 4115 5349 quae
4157 5263 4320 5331 satis

2372 5351 2680 5419 ostendat
2722 5359 3023 5419 sanctum
3061 5372 3203 5418 esse
3237 5353 3343 5418 ius
3378 5359 3748 5436 parentum,
3791 5371 3915 5417 nec
3957 5370 4148 5435 posse
4181 5349 4320 5417 vio-
