4867 6150
327 417 444 482 121

323 610 505 689 atque
546 605 814 672 Aeron
853 608 941 674 ad
986 605 1416 674 Pharaonem:
1453 607 1739 689 divitque
1781 609 1868 674 ad
1901 623 2049 675 eos:
2080 609 2183 674 Ite
2215 612 2273 674 et

321 693 543 759 servite
587 690 851 759 Iehovae
906 692 1043 759 Deo
1097 699 1315 760 vestro.
1414 695 1540 776 Qui
1595 699 1746 760 sunt
1801 696 1914 776 qui
1967 694 2270 761 abibunt?

322 781 385 848 9.
422 777 513 844 Et
541 780 636 843 ait
655 778 899 845 Moses.-
940 777 1098 846 Cum
1120 782 1351 862 pueris
1382 781 1629 858 nostris,
1668 786 1727 846 ct
1757 801 1898 847 cum
1932 780 2277 846 senioribus

320 865 561 932 nasa-is
601 864 835 932 ibimus
850 917 865 942 ‚
910 885 1050 931 cum
1101 865 1261 948 filiis
1315 867 1550 933 nostris
1600 871 1658 931 et
1705 865 1969 948 filiabus
2024 867 2272 943 newis,

320 974 466 1020 cum
507 951 722 1017 ovibus
763 953 1031 1031 nasto-ic,
1089 963 1147 1017 et
1196 972 1335 1017 cum
1390 953 1694 1018 amenas
1735 955 1971 1019 nostris
2014 952 2275 1019 ibimus:

319 1040 476 1121 quia
526 1039 730 1120 festus
786 1039 923 1104 dies
965 1037 1228 1103 Iehovae
1284 1038 1459 1105 nobis
1514 1044 1622 1105 est.
1716 1039 1815 1105 10.
1877 1040 2057 1105 Tunc
2110 1039 2277 1104 discit

319 1124 492 1192 illis.-
540 1123 649 1189 Ita
701 1124 785 1189 sit
828 1123 1061 1190 Iehova
1116 1122 1459 1202 vobiscum,
1524 1129 1594 1190 ut
1648 1146 1757 1192 vos
1811 1126 2155 1205 dimittam,
2221 1129 2279 1190 et

307 1210 622 1295 parvulos
652 1215 908 1276 vestr-oc.
993 1209 1220 1290 Videte,
1256 1213 1408 1293 quia
1442 1211 1682 1277 malum
1718 1217 1810 1277 est
1838 1231 2055 1278 coram
2087 1211 2273 1277 vobis.

323 1298 428 1363 11.
478 1296 626 1361 Non
668 1296 793 1361 sic.-
841 1295 938 1362 Ite
981 1316 1145 1360 nunc
1186 1298 1346 1368 viri.
1407 1302 1463 1361 et
1504 1298 1730 1363 servite
1775 1297 2066 1364 Iehovae:
2121 1298 2275 1379 quia

318 1405 432 1450 vos
474 1383 589 1447 hoc
621 1382 1013 1464 postulastis.
1100 1381 1192 1446 Et
1233 1383 1408 1448 eiecit
1451 1404 1551 1449 eos
1592 1404 1636 1448 a
1673 1384 1839 1466 facie
1888 1383 2272 1449 Pharaonis,

500 1554 560 1620 7.
628 1553 953 1621 Dioeerunt
1028 1559 1235 1619 autem
1299 1556 1464 1620 servi
1535 1554 1898 1621 Pharaoni-s·
1962 1556 2051 1622 ad
2115 1575 2273 1620 eum.

319 1642 535 1707 Paulo
577 1649 732 1705 ante
777 1639 1062 1706 vidimus
1107 1661 1521 1706 communem
1567 1639 1699 1705 illis
1745 1640 1949 1707 fuisse
1994 1642 2276 1706 obstina-

318 1729 573 1794 tionem
609 1748 759 1792 cum
797 1747 950 1808 rege
987 1747 1140 1791 suo:
1182 1746 1304 1791 nec
1341 1726 1608 1791 dubium
1639 1735 1740 1791 est
1762 1729 1919 1809 quin
1943 1727 2276 1794 serviliter

317 1813 652 1881 adulando
695 1813 907 1895 magis
950 1832 1026 1876 ac
1069 1812 1280 1896 magis
1324 1834 1478 1877 eum
1521 1813 2049 1880 excaecaverint:
2101 1834 2274 1880 nunc

315 1909 550 1968 tamen
591 1898 850 1963 damnis
896 1898 1091 1975 victi,
1159 1906 1228 1962 et
1280 1897 1493 1965 adhuc
1555 1898 1843 1965 deterius
1902 1898 2144 1983 aliquid
2193 1900 2271 1963 ti-

316 1998 609 2066 mentes,
661 1984 967 2068 mitigare
1012 1986 1153 2050 eius
1199 1984 1480 2049 furorem
1529 1984 1816 2051 student.
1907 1985 2057 2050 Non
2104 1984 2275 2068 quod

315 2073 643 2140 redierint
685 2071 811 2154 ipsi
856 2067 940 2134 ad
984 2090 1211 2136 sanam
1260 2079 1569 2150 mentem,
1617 2070 1734 2136 sed
1778 2073 1932 2156 quia
1976 2071 2275 2136 sentiunt

316 2180 526 2225 manu
552 2157 679 2223 Dei
723 2177 794 2221 se
838 2176 980 2222 esse
1026 2158 1253 2235 victos,
1302 2176 1423 2221 nec
1465 2158 1644 2223 vires
1688 2158 1768 2222 ad
1819 2157 2270 2224 rebellandum

317 2254 689 2328 suppetere.
792 2242 1024 2327 Itaque
1090 2241 1314 2308 dicunt
1376 2242 1640 2321 Mosen,
1724 2243 1928 2310 donec
1994 2245 2274 2308 emissus

316 2332 552 2411 fuerit,
595 2328 735 2394 fore
776 2330 1084 2412 Aegypto
1130 2329 1197 2393 in
1242 2340 1626 2412 perpetuam
1673 2351 1933 2394 noxam.
2022 2329 2272 2396 Vocem

317 2431 494 2508 Upim
530 2417 668 2482 sive
705 2415 1029 2496 laqueum,
1067 2415 1207 2480 sive
1247 2415 1714 2481 offendiculum
1754 2428 1992 2495 vertas,
2037 2437 2271 2498 parum

315 2505 629 2569 interest:
710 2500 863 2582 quia
939 2500 1388 2584 metaphorice
1453 2503 1711 2585 capitur
1788 2523 1903 2585 pro
1984 2502 2276 2586 quolibet

316 2588 665 2655 infortunii
710 2587 811 2651 vel
860 2586 1081 2650 damni
1125 2607 1388 2671 genere.
1458 2585 1853 2672 Significant
1892 2589 2097 2672 igitur
2140 2609 2270 2653 non

317 2696 465 2741 esse
510 2673 908 2757 sperandum
956 2673 1275 2737 malorum
1321 2675 1540 2755 finem,
1575 2674 1885 2757 quamdiu
1921 2673 2274 2740 contendet

314 2760 581 2828 Pharao
614 2779 761 2823 cum
788 2760 1001 2824 Mose:
1040 2760 1193 2841 quia
1229 2780 1440 2823 noxae
1476 2759 1643 2825 aliae
1689 2761 1853 2827 alias
1897 2769 2270 2843 sequentur.

318 2846 459 2916 Sed
495 2843 992 2929 interrogando:
1040 2843 1414 2926 Quousque,
1461 2845 1820 2912 admonent
1855 2848 2029 2930 regis
2074 2849 2273 2930 perti-

316 2934 582 2999 naciam
630 2931 776 3016 plus
822 2931 983 2996 satis
1020 2929 1339 2996 hactenus
1375 2931 1759 2997 damnosam
1795 2932 2014 2999 fuisse.
2080 2930 2273 2999 Unde

315 3020 642 3104 colligunt
699 3015 865 3083 nihil
927 3017 1063 3082 fore
1120 3017 1356 3084 melius
1415 3039 1607 3102 quam
1652 3027 1721 3085 ut
1772 3019 2006 3086 Mosen
2050 3016 2271 3101 expel-

316 3106 536 3187 lend0,
583 3127 653 3170 se
690 3126 728 3169 a
762 3104 995 3187 laqueo
1033 3104 1357 3186 expediat,
1404 3105 1513 3170 vel
1558 3104 2025 3173 offendiculum
2074 3104 2268 3172 decli-

316 3204 465 3260 net:
527 3193 676 3276 quia
735 3191 997 3255 nonnisi
1043 3189 1393 3256 infeliciter
1436 3190 1777 3276 pugnabit.
1860 3191 1942 3257 In
1987 3190 2276 3257 secunda

314 3288 513 3365 parte
589 3297 822 3343 versus
901 3276 1302 3342 dissentiunt
1366 3277 1786 3362 interpretes.
1898 3277 2274 3344 Chaldaeus

313 3364 788 3452 paraphrastes
826 3363 1176 3446 negatione
1211 3364 1599 3447 interposita
1634 3364 1863 3430 vertit:
1914 3364 2024 3429 An
2059 3363 2276 3430 adhuc

313 3454 537 3518 nescis
603 3448 774 3532 quod
853 3449 1125 3531 perierit
1192 3449 1580 3534 Aegyptus?
1661 3450 1770 3517 Ad
1837 3449 2276 3516 verb11m'sio

314 3538 596 3623 legitur:
621 3535 729 3601 An
756 3548 907 3600 ante
937 3533 1150 3601 scire?
1194 3536 1327 3599 vel:
1353 3538 1530 3602 Ante
1553 3557 1747 3620 quam
1771 3535 1982 3603 scire?
2022 3536 2274 3602 Verum

313 3625 478 3708 quia
518 3622 890 3688 infinitivus
930 3621 1259 3686 interdum
1304 3643 1422 3705 pro
1466 3630 1761 3706 tempore
1806 3622 2027 3688 futuro
2071 3622 2273 3687 sumi·

314 3722 454 3789 tur,
497 3707 763 3775 videtur
806 3708 1050 3789 optime
1091 3729 1321 3773 sensus
1367 3709 1689 3791 quadrare
1732 3709 1858 3775 hoc
1902 3707 2124 3774 modo:
2162 3710 2272 3773 An

315 3806 480 3862 ante
539 3795 640 3861 vis
696 3813 1086 3880 cognoscere
1143 3795 1346 3859 totius
1399 3817 1468 3861 re
1518 3795 1589 3859 ni
1645 3795 2019 3875 interitum,
2077 3814 2271 3878 quam

317 3883 405 3948 ab
455 3880 743 3945 infausto
786 3881 1143 3944 certamine
1187 3816 1516 3948 desistas&
1555 3902 1630 3949 ac
1674 3884 1731 3947 si
1775 3881 2098 3959 dicerent,
2145 3879 2272 3946 nisi

315 3989 483 4033 mox
525 3967 688 4030 iram
737 3963 862 4030 Dei
908 3985 947 4030 a
989 3987 1059 4030 se
1105 3976 1376 4048 avertat,
1421 3967 1621 4033 nimis
1665 3988 1885 4034 serum
1931 3975 1999 4033 et
2038 3966 2273 4032 inutile

318 4053 521 4136 paulo
560 4061 706 4134 post
748 4051 888 4115 fore
932 4051 1316 4117 remedium.

500 4139 559 4204 8.
605 4137 695 4202 Et
734 4138 1025 4203 reductus
1066 4142 1172 4203 est.
1261 4137 1606 4205 Probabile
1651 4147 1786 4221 est,
1826 4138 2055 4205 sedata
2096 4136 2272 4223 regis

316 4222 685 4304 iracundia,
726 4244 804 4288 ex
842 4232 1108 4290 caterva
1134 4225 1448 4306 quosdam
1471 4225 1769 4291 celeriter
1788 4226 1993 4292 fuisse
2014 4226 2271 4303 missos,

318 4311 441 4397 qui
493 4310 728 4376 Mosen
790 4310 1015 4375 eadem
1073 4309 1238 4374 hora
1302 4313 1748 4389 retraherent,
1815 4332 1899 4377 ne
1956 4310 2273 4395 postridie

319 4396 647 4464 accideret
705 4396 1044 4462 calamitas
1103 4417 1143 4461 a
1196 4396 1382 4463 Mose
1440 4396 1855 4465 denunciata.
1958 4398 2131 4462 Nam
2189 4418 2272 4462 ex

322 4483 508 4568 regis
541 4481 759 4549 verbis
795 4482 1100 4566 colligere
1135 4482 1291 4548 licet
1326 4504 1457 4549 non
1492 4505 1760 4568 prorsus
1794 4485 1999 4549 fuisse
2028 4483 2273 4548 victum

324 4592 554 4638 eorum
601 4569 935 4652 precibus:
980 4567 1090 4633 sed
1136 4570 1289 4652 quia
1330 4569 1594 4636 nolebat
1636 4570 1929 4653 praecise
1972 4569 2274 4652 negando

323 4657 626 4723 omnium
671 4654 923 4720 animos
979 4655 1339 4733 offendere,
1398 4677 1663 4739 passum
1721 4655 1922 4722 fuisse
1979 4654 2276 4721 revocari

326 4743 586 4819 Mosen,
631 4750 706 4805 ut
749 4740 895 4807 illos
939 4741 1200 4824 obliquo
1244 4742 1518 4808 artificio
1561 4742 1874 4809 eluderet.
1943 4740 2054 4808 Sic
2098 4740 2276 4805 enim

329 4826 600 4915 tyranni
646 4827 860 4909 specie
901 4826 1124 4892 fallaci
1183 4848 1493 4894 assensus
1557 4829 1873 4894 invidiam
1933 4829 2273 4912 effugiunt.

329 4913 730 4980 Revolvitnr
795 4920 1015 4978 autem
1083 4912 1167 4979 ad
1231 4915 1583 4997 pristinum
1661 4914 2041 4994 consilium,
2123 4913 2275 4978 dum

330 4999 551 5066 media
592 4999 894 5083 pactione
938 5020 1087 5065 cum
1133 5000 1275 5065 Deo
1320 4998 1651 5078 decidens,
1698 5002 1824 5067 sibi
1861 5020 2094 5066 cavere
2139 4999 2284 5065 vult

332 5086 421 5152 de
472 5086 694 5169 populi
751 5085 986 5150 reditu.
1078 5089 1377 5168 Apparet
1434 5086 1700 5172 quidem
1755 5090 1975 5171 ipsum
2029 5106 2282 5170 quoque

331 5173 541 5238 fuisse
609 5171 948 5248 territum,
1006 5181 1073 5236 et
1131 5174 1302 5236 viam
1365 5175 1717 5256 quaesiisse
1774 5171 2077 5258 placandi
2120 5170 2307 5235 Dei:-

334 5258 588 5324 interea
643 5273 862 5323 tamen
920 5257 1104 5341 quasi
1164 5259 1404 5342 pacisci
1462 5259 1742 5325 liberum
1801 5269 1999 5331 esset,
2060 5255 2279 5324 condi-

333 5346 550 5411 tiones
594 5345 903 5427 proponit
936 5344 1059 5409 sibi
1097 5343 1494 5410 commodas:
1542 5346 1710 5412 sicut
1746 5346 2107 5432 hypocritis
2143 5364 2283 5408 mos

1520 417 2264 487 COMMENTARIUS
2308 416 2410 484 IN
2450 416 2754 483 EXODI
2799 417 3000 484 OAP.
3040 417 3130 483 X.

4197 423 4322 489 122

2375 613 2476 673 est
2520 607 2689 673 velle
2731 628 2882 675 cum
2927 609 3070 674 Deo
3116 600 3214 675 sic
3256 609 3651 694 transigere,
3714 620 3789 677 ut
3845 610 4115 678 dimidia
4155 612 4321 679 iuris

2375 694 2479 758 sui
2523 702 2712 776 parte
2752 694 2979 760 cedere
3024 702 3313 780 cogatur.
3383 695 3530 762 Etsi
3574 705 3794 762 autem
3839 706 4056 763 astute
4100 698 4322 764 scisci-

2377 789 2557 844 tatur
2600 781 2786 863 quasi
2825 777 2905 844 de
2948 802 3019 845 re
3065 780 3280 862 dubia,
3324 781 3515 847 facile
3551 791 3777 848 tamen
3813 782 4143 868 detegitur
4178 785 4319 851 eius

2375 865 2677 949 suspicio.
2764 865 2945 950 Ergo
2990 868 3159 951 quod
3205 867 3285 933 de
3329 868 3633 934 omnibus
3678 869 3805 935 sibi
3857 870 4143 954 praecipi
4186 892 4320 937 non

2375 951 2665 1036 ignorat,
2711 951 2792 1017 ad
2839 961 3088 1034 partem
3134 954 3510 1039 restringit,
3570 964 3635 1019 et
3677 962 3899 1022 tamen
3944 955 4210 1022 simulat
4251 979 4322 1022 se

2375 1047 2712 1122 praestare
2755 1037 2925 1121 quod
2969 1060 3251 1123 aequum
3294 1050 3409 1119 est,
3459 1060 3534 1105 ac
3577 1039 3722 1106 Deo
3765 1043 4064 1108 sufficere
4110 1042 4321 1110 debet.

2377 1124 2670 1189 Tametsi
2736 1133 2952 1189 autem
3019 1145 3136 1190 suo
3190 1146 3503 1208 responso
3557 1127 3781 1194 Moses
3849 1128 4323 1213 tergiversandi

2377 1229 2605 1274 ansam
2651 1209 2854 1275 libere
2898 1210 3232 1294 praecidit,
3278 1234 3396 1278 nec
3441 1234 3590 1277 eum
3629 1214 3996 1298 flexiloquis
4032 1215 4322 1300 ambagi-

2376 1295 2503 1361 bus
2563 1295 2917 1361 demulcet:
2981 1294 3109 1361 Dei
3169 1307 3390 1362 tamen
3447 1298 3789 1364 consilium
3849 1300 3928 1365 de
3987 1301 4324 1367 liberando

2378 1382 2615 1465 populo
2656 1382 3025 1467 supprimit,
3063 1403 3197 1447 non
3235 1383 3406 1466 quod
3442 1384 3671 1451 fallere
3707 1385 3868 1452 velit
3903 1386 4007 1452 vel
4042 1388 4327 1467 mentiri,

2378 1468 2494 1534 sed
2540 1478 2613 1533 ut
2654 1468 2830 1533 intra
2877 1469 3231 1535 vocationis
3276 1490 3433 1535 suae
3478 1472 3644 1536 fines
3678 1492 3749 1536 se
3791 1473 4145 1538 contineat.
4228 1475 4327 1540 Ac

2377 1576 2464 1619 ne
2531 1555 2721 1620 obiici
2788 1555 3023 1638 possit,
3104 1555 3227 1619 hoc
3292 1554 3487 1620 modo
3549 1555 3823 1623 subduci
3888 1557 4223 1624 Israelitas
4287 1580 4328 1624 a

2377 1640 2672 1725 legitimo
2739 1640 3040 1725 imperio,
3117 1663 3246 1706 non
3313 1640 3711 1720 dissimulat,
3790 1644 3943 1726 quia
4006 1643 4328 1710 divinitus

2379 1728 2514 1791 sint
2558 1725 2866 1810 adoptati,
2912 1725 3033 1792 sub
3079 1727 3206 1792 alia
3250 1726 3494 1793 ditione
3540 1750 3673 1793 non
3718 1748 3878 1794 esse.
3960 1729 4134 1795 Suos
4170 1752 4327 1815 ergo

2376 1810 2563 1878 Deus
2608 1814 2822 1896 palam
2870 1814 3153 1896 reposcit
3196 1833 3358 1896 quos
3417 1813 3621 1879 semel
3661 1814 3788 1880 sibi
3832 1813 4102 1881 addixit.
4190 1817 4329 1883 Nec

2329 1920 2535 1987 ,vero
2602 1898 3059 1963 fraudulenter
3123 1921 3273 1966 cum
3341 1907 3625 1985 tyranno
3691 1921 3885 1984 agere
3963 1901 4329 1969 censendus

2376 1992 2496 2064 est,
2532 1983 2831 2067 quamvis
2867 1984 3213 2050 consilium
3251 2007 3442 2052 suum
3481 1984 3563 2050 ab
3596 1987 3741 2070 ipso
3764 1985 3948 2053 celet.
4009 1990 4333 2054 Armenta

2376 2080 2446 2136 et
2502 2091 2736 2154 greges
2793 2070 3018 2135 ovium
3076 2092 3301 2137 secum
3360 2081 3687 2138 tracturos
3745 2071 4082 2139 Israelitas
4151 2073 4331 2154 dicit,

2375 2166 2452 2223 ut
2519 2157 2653 2222 sint
2719 2156 2799 2220 ad
2868 2178 3135 2221 manum
3217 2159 3526 2224 victimae
3590 2179 3751 2242 quas
3819 2159 4098 2224 offerant
4167 2160 4328 2226 Dec.

2375 2242 2719 2324 Quantum
2787 2242 2868 2307 ad
2936 2242 3103 2307 filios
3169 2252 3237 2308 et
3314 2243 3512 2321 filias,
3595 2244 3970 2310 subindicat
4033 2246 4328 2313 minimis

2374 2330 2574 2394 etiam
2610 2327 2975 2412 quibusque
3011 2327 3471 2395 celebrandum
3508 2350 3650 2395 esse
3675 2329 3846 2395 diem
3884 2331 4143 2413 festum,
4179 2333 4329 2416 quia

2374 2436 2603 2480 omnes
2649 2415 2830 2479 Deus
2874 2415 2995 2480 sibi
3043 2414 3372 2480 addixerit
3417 2414 3497 2479 ad
3543 2416 3805 2500 pietatis
3848 2416 4118 2483 cultum.

2552 2500 2652 2566 10.
2702 2499 2807 2566 Ita
2851 2502 2937 2566 sit
2980 2500 3208 2567 Iehova
3249 2502 3582 2567 vobiscum.
3676 2503 3886 2567 Miror
3942 2502 4153 2568 locum
4213 2524 4330 2587 per

2377 2608 2448 2653 se
2484 2587 2733 2653 clarum
2773 2586 2854 2652 ab
2890 2586 3358 2670 interpretibus
3403 2587 3722 2654 violenter
3761 2589 4072 2672 torqueri.
4162 2589 4329 2671 Qui-

2379 2671 2530 2738 dam
2577 2672 2670 2740 sic
2715 2672 3087 2738 resolvunt:
3154 2671 3414 2739 Vellem
3457 2672 3674 2740 Deum
3723 2696 3854 2740 non
3912 2675 4101 2740 aliter
4145 2677 4331 2741 vobis

2376 2760 2616 2839 favere,
2660 2780 2855 2840 quam
2907 2778 3022 2824 vos
3067 2758 3392 2825 dimittere
3436 2760 3602 2824 mihi
3645 2761 3713 2825 in
3759 2761 3978 2826 animo
4020 2770 4149 2827 est:
4216 2761 4331 2827 alii

2376 2867 2536 2911 vero
2595 2844 2743 2910 ficte
2801 2845 3147 2928 loquutum
3199 2854 3467 2929 putant,
3528 2867 3603 2912 ac
3647 2847 3705 2910 si
3750 2846 3894 2911 Deo
3935 2848 4110 2930 ipsos
4154 2869 4330 2914 com-

2378 2931 2646 2996 mendet
2707 2938 3054 3014 postquam
3120 2928 3554 2997 discesserint.
3643 2932 3793 2997 Non
3850 2934 4128 2999 referam
4188 2955 4327 2999 om-

2378 3018 2564 3084 nium
2624 3023 3022 3096 commenta,
3087 3037 3295 3101 neque
3363 3038 3524 3102 opus
3591 3024 3709 3084 est.
3811 3018 4135 3102 Equidem
4192 3041 4328 3085 non

2379 3103 2606 3171 dubito
2648 3104 2962 3170 ironicam
3010 3124 3150 3168 esse
3194 3104 3806 3185 subsannationem,
3865 3127 3994 3188 qua
4057 3107 4218 3189 ipsis
4262 3116 4330 3172 et

2380 3192 2522 3255 Deo
2568 3189 2764 3254 simul
2805 3190 3099 3269 insultat,
3146 3191 3329 3273 quasi
3375 3190 3652 3255 diceret:
3724 3189 3995 3257 Iactatis
4033 3190 4250 3257 Deum
4289 3212 4329 3256 a

2378 3287 2567 3359 parte
2612 3285 2832 3340 vestra
2876 3285 3077 3340 stare:
3145 3275 3211 3339 id
3272 3277 3678 3359 experientia
3732 3276 4037 3361 probabit
4094 3280 4148 3343 si
4209 3300 4327 3344 vos

2378 3362 2706 3428 dimisere.
2796 3359 2886 3427 Se
2930 3361 3133 3445 igitur
3183 3363 3589 3428 constituens
3639 3384 3965 3428 summum
4007 3365 4327 3430 arbitrum

2377 3447 2462 3514 ad
2509 3470 2619 3514 eos
2664 3447 3011 3524 arcendos,
3086 3455 3152 3511 et
3208 3447 3479 3515 vetandi
3538 3448 4051 3534 prohibendique
4109 3452 4328 3517 exitus

2374 3543 2766 3620 potestatem
2826 3534 2947 3600 sibi
3001 3554 3350 3617 arrogans,
3410 3533 3663 3600 deridet
3719 3556 3942 3602 eorum
4000 3535 4327 3617 fiduciam,

2376 3621 2547 3705 quod
2591 3619 2869 3685 liberum
2915 3641 3247 3704 egressum
3294 3619 3608 3701 petendO,
3668 3620 3735 3685 id
3792 3642 3862 3686 se
3919 3622 4043 3686 Dei
4103 3622 4325 3706 auspi-

2375 3707 2494 3774 ciis
2541 3716 2607 3772 et
2651 3707 2959 3771 mandato
3001 3707 3211 3771 facere
3257 3706 3641 3771 obtendant:
3690 3706 3964 3789 perinde
4010 3730 4084 3774 ac
4130 3709 4186 3774 si
4231 3706 4324 3773 di-

2375 3802 2570 3870 ceret,
2617 3806 2775 3858 tunc
2818 3794 3048 3857 merito
3093 3793 3490 3873 praetexetis
3533 3791 3853 3858 Iehovam
3899 3792 4154 3859 itineris
4201 3794 4325 3859 du·

2375 3901 2517 3946 cem
2564 3878 2747 3946 vobis
2791 3899 2950 3957 esse,
2995 3877 3123 3943 nisi
3170 3900 3285 3943 vos
3329 3877 3704 3961 impediere.
3749 3878 3896 3944 Hoc
3940 3879 4132 3945 modo
4177 3901 4324 3963 pro-

2373 3976 2561 4031 terve
2643 3964 2905 4030 lacessit
2960 3964 3173 4028 Deum
3239 3965 3472 4047 ipsum,
3540 3974 3608 4028 et
3670 3965 3913 4047 populo
3978 3966 4070 4030 ita
4136 3987 4323 4048 posse

2373 4051 2687 4136 opitulari
2709 4059 2925 4134 negat,
2969 4051 3128 4132 quin
3164 4049 3524 4115 resistendo
3561 4050 3987 4134 praevaleant
4022 4073 4178 4116 suae
4227 4052 4319 4117 vi-

2374 4160 2500 4204 res.
2590 4137 2697 4202 Ita
2740 4136 3016 4220 reprobi,
3071 4146 3412 4221 postquam
3453 4157 3673 4201 secum
3719 4137 4102 4202 tumultuati
4146 4144 4322 4218 sunt,

2372 4222 2706 4290 interdum
2750 4231 3050 4287 eructant
3101 4243 3416 4288 vesanum
3464 4220 3592 4287 Dei
3635 4233 4101 4307 contemptum,
4138 4224 4326 4307 quasi

2374 4311 2514 4375 sint
2570 4319 2798 4374 contra
2856 4310 3076 4373 omnia
3131 4307 3419 4391 pericula
3477 4306 3676 4391 probe
3736 4310 4003 4387 muniti,
4073 4318 4139 4374 et
4198 4308 4328 4374 Dei

2375 4395 2692 4462 auxilium
2751 4393 2917 4477 quod
2980 4395 3116 4459 suis
3172 4393 3470 4477 promisit
3534 4415 3655 4477 pro
3721 4394 3930 4459 nihilo
3990 4396 4324 4476 ducentes,

2375 4503 2605 4548 secure
2649 4481 2867 4545 rident
2910 4479 3060 4546 fidei
3106 4479 3614 4563 simplicitatem.
3668 4479 3750 4544 In
3796 4480 4080 4546 secundo
4124 4482 4326 4547 etiam

2378 4568 2672 4634 membro
2728 4588 2956 4633 versus
3010 4566 3256 4632 frustra
3299 4587 3444 4630 meo
3488 4563 3729 4631 iudicio
3773 4566 4071 4632 laborant
4114 4567 4325 4633 multi.

2376 4653 2664 4737 Quidam
2710 4653 2978 4718 eliciunt
3018 4654 3193 4717 hunc
3260 4671 3560 4716 sensum:
3621 4651 3875 4719 Malum
3924 4654 4093 4736 quod
4153 4654 4328 4738 cogi·

2377 4742 2532 4806 tatis
2578 4750 2873 4805 occurret
2915 4738 3134 4818 vobis,
3193 4758 3267 4803 ac
3326 4738 3394 4801 in
3462 4738 3657 4805 facies
3715 4746 3969 4804 vestras
4017 4750 4325 4806 vertetur.

2380 4827 2517 4893 Alii
2556 4827 2783 4891 volunt
2826 4823 3323 4889 similitudinem
3360 4844 3502 4888 esse
3540 4844 3579 4887 a
3615 4845 3809 4908 scopo
3833 4824 4114 4902 ductam,
4153 4825 4328 4908 quod

2380 4912 2723 4978 Israelitas
2752 4910 3019 4994 nonnisi
3043 4908 3124 4973 ad
3161 4910 3552 4975 maleficium
3579 4919 3892 4992 spectent.
3940 4911 4085 4995 Ego
4108 4923 4327 4976 autem

2381 5021 2514 5064 non
2552 4998 2793 5075 dubito,
2830 5006 3176 5081 postquam
3211 4994 3342 5060 Dei
3376 4997 3704 5079 potentiae
3740 5000 4044 5080 opposuit
4066 4996 4328 5062 Pharao

2383 5088 2762 5169 tyrannicas
2799 5103 2952 5148 suas
3001 5081 3489 5164 prohibitiones,
3536 5083 3668 5148 iam
3714 5081 4076 5148 incutiendi
4123 5092 4325 5148 terro·

2382 5173 2474 5235 ris
2511 5190 2704 5236 causa
2743 5168 2998 5234 minari.
3050 5167 3227 5234 Dicit
3256 5169 3464 5253 igitur
3508 5169 3754 5234 malum
3789 5170 4039 5234 instare
4062 5167 4328 5232 Israeli-

2382 5259 2500 5335 tis,
2562 5265 2630 5321 et
2681 5255 2863 5338 quasi
2910 5256 3159 5321 versari
3205 5266 3359 5319 ante
3404 5276 3627 5320 eorum
3671 5255 3926 5334 oculos,
3977 5255 4127 5337 quia
4173 5274 4331 5319 suae

2386 5341 2771 5407 temeritatis
2813 5363 3056 5424 poenas
3101 5362 3252 5406 mox
3299 5352 3454 5407 sunt-
3516 5338 3749 5407 daturi.
3838 5340 3946 5404 Ita
3999 5338 4332 5425 significat
