4867 6150
371 437 505 504 405

371 647 569 706 mam,
613 646 856 709 magna
898 626 985 692 sit
1028 626 1313 693 affinitas
1363 648 1439 694 ac
1482 626 1861 708 similitude,
1906 627 2059 693 finis
2102 634 2325 693 tamen

373 712 570 798 longe
630 712 948 778 diversus.
1047 711 1254 778 Porro
1309 711 1422 778 ubi
1480 712 1926 797 quaerendum
1994 715 2081 780 sit
2148 722 2326 779 vete-

374 820 525 865 rum
570 799 952 865 umbrarum
997 817 1234 881 corpus
1274 799 1373 865 vel
1420 798 1807 879 substantia,
1854 821 1929 866 ac
1964 801 2327 884 figurarum

374 886 641 962 veritas,
689 904 822 949 non
868 905 951 950 ex
998 885 1312 968 apostolis
1355 885 1549 951 modo
1593 886 1709 952 sed
1755 897 1821 951 et
1864 907 1947 951 ex
1995 885 2327 969 prophetis

376 970 629 1037 discere
672 969 842 1051 licet,
886 971 1002 1054 qui
1046 972 1290 1054 passim
1335 971 1419 1037 ad
1462 993 1742 1056 regnum
1771 971 2057 1038 Messias
2100 970 2329 1037 fideles

375 1068 707 1124 revocant.
782 1057 1211 1123 Luculentior
1255 1067 1476 1123 tamen
1521 1058 1878 1143 explicatio
1922 1080 2005 1123 ex
2049 1078 2331 1142 evange-

376 1143 464 1209 lio
508 1141 811 1225 petenda,
851 1143 964 1208 ubi
1010 1143 1318 1210 Christus
1360 1143 1455 1209 sol
1502 1145 1793 1210 iustitiae
1837 1143 2197 1227 affulgens,
2255 1144 2327 1207 in

377 1250 450 1297 se
513 1250 645 1294 uno
708 1228 1259 1311 complementum
1326 1239 1586 1296 exstare
1650 1229 2074 1295 demonstrat.
2183 1229 2330 1294 Etsi

376 1324 602 1381 autem
624 1335 742 1380 suo
765 1314 1054 1381 adventu
1088 1316 1535 1382 caeremonias
1568 1317 1717 1382 illas
1741 1316 2129 1381 umbratiles
2173 1336 2329 1399 quo-

378 1401 464 1468 ad
518 1422 709 1466 usum
754 1399 1129 1481 aboleverit,
1185 1402 1380 1467 simul
1426 1410 1647 1468 tamen
1695 1403 1978 1468 asseruit
2018 1401 2149 1467 illis
2193 1402 2332 1466 ius-

378 1496 514 1555 tam
568 1487 1038 1553 reverentiam:
1096 1487 1357 1570 quando
1415 1508 1551 1553 non
1610 1487 1738 1554 alio
1796 1489 1941 1553 iure
1990 1496 2330 1553 merentur

380 1574 606 1639 haberi
672 1573 743 1637 in
809 1575 1020 1656 pretio
1097 1573 1221 1638 nisi
1304 1574 1459 1657 quia
1536 1574 1609 1639 in
1676 1571 1943 1640 Christo
2007 1574 2331 1657 reperitur

379 1679 603 1725 earum
649 1659 940 1725 effectus.
984 1658 1154 1724 Nam
1196 1660 1252 1724 si
1297 1661 1379 1725 ab
1422 1660 1566 1743 ipso
1606 1668 2014 1743 separentur,
2052 1659 2331 1726 lusorias

378 1766 523 1812 esse
567 1754 779 1827 patet:
825 1766 901 1810 eo
946 1743 1119 1828 quod
1163 1745 1331 1810 nihil
1376 1745 1457 1810 ad
1495 1747 1713 1811 Deum
1760 1745 2173 1831 placandum,
2222 1745 2327 1811 vel

379 1831 762 1897 animalium
806 1833 1093 1916 sanguis,
1141 1831 1246 1897 vel
1289 1830 1500 1915 adipis
1529 1834 1838 1913 suavitas,
1884 1832 1987 1898 vel
2024 1831 2329 1896 aromati·

377 1939 495 1985 eus
538 1918 820 1996 suffitus,
866 1917 974 1982 vel
1015 1917 1339 1997 lucernae,
1384 1918 1493 1984 vel
1539 1918 1797 1983 similia.
1844 1918 2020 1982 Illud
2066 1916 2330 2002 quidem

379 2003 770 2084 tenendum,
825 2003 1105 2068 Iudaeos
1171 2025 1300 2069 non
1366 2004 1688 2070 inutiliter
1742 2004 1948 2070 saeris
2012 2003 2331 2089 legalibus

382 2110 650 2175 operam
690 2089 964 2170 dedisse,
998 2090 1235 2173 quibus
1271 2110 1569 2156 annexae
1612 2099 1806 2157 erant
1846 2089 2329 2173 promissiones.

384 2175 625 2259 Itaque
648 2177 900 2257 quoties
922 2184 1279 2241 occurrunt
1326 2176 1452 2241 hae
1488 2177 1887 2242 sententiae:
1931 2177 2334 2259 Expiabitur

382 2262 727 2346 iniquitas:
786 2260 1210 2345 Apparebitis
1252 2282 1470 2329 coram
1518 2263 1682 2328 facie
1721 2282 1899 2327 mea:
1963 2261 2331 2327 Exaudiam

382 2368 505 2414 vos
547 2370 584 2413 e
630 2350 1035 2426 sanctuario,
1089 2368 1436 2413 monemur
1477 2356 1771 2414 vetustas
1814 2368 2043 2414 omnes
2086 2350 2334 2433 figuras

382 2446 566 2501 certa
588 2434 790 2499 fuisse
813 2434 1067 2519 gratiae
1088 2432 1220 2499 Dei
1243 2443 1310 2498 et
1334 2433 1566 2500 salutis
1590 2448 1896 2500 aeternae
1920 2434 2331 2500 testimonia:

381 2519 661 2604 ideoque
704 2519 1048 2585 Christum
1093 2518 1226 2586 illis
1269 2518 1473 2586 fnisse
1518 2528 2114 2604 repraesentatum:
2182 2519 2334 2604 quia

382 2625 615 2673 omnes
680 2604 811 2671 Dei
890 2608 1356 2689 promissiones
1412 2606 1480 2671 in
1545 2606 1687 2689 ipso
1752 2613 1910 2671 sunt
1974 2607 2196 2671 Etiam
2269 2616 2336 2671 et

381 2692 601 2759 Amen
674 2692 734 2757 2.
779 2691 928 2758 Cor.
978 2692 1036 2772 1,
1077 2690 1209 2779 20).
1299 2692 1578 2758 Minime
1620 2703 1844 2758 tamen
1899 2691 2057 2757 inde
2120 2693 2334 2776 sequi·

384 2788 513 2859 tur,
572 2799 650 2844 su
769 2799 839 2844 se
892 2778 965 2842 in
1023 2779 1304 2863 singulis
1369 2779 1664 2861 partibus
1729 2779 2079 2863 mysteria:
2139 2777 2336 2843 sicuti

381 2865 575 2931 multi
621 2884 960 2947 perperam
983 2865 1219 2949 arguti,
1262 2865 1521 2929 nullum
1543 2864 1969 2948 quantumvis
2002 2866 2334 2930 minutum

381 2951 638 3034 apicem
692 2960 1114 3033 praetereunt
1175 2952 1317 3016 sine
1369 2950 1720 3034 allegorica
1761 2951 2202 3033 expositione:
2261 2960 2337 3016 ut

381 3036 509 3106 hoc
580 3037 721 3104 loeo
777 3056 968 3103 arcae
1025 3036 1467 3103 dimensiones
1538 3036 1916 3120 speculandi
1984 3036 2331 3103 materiam

379 3124 515 3190 illis
561 3123 892 3207 praebent.
939 3124 1144 3206 Atqui
1187 3123 1366 3190 sanis
1405 3133 1473 3189 et
1507 3123 1743 3189 sobriis
1777 3123 2072 3203 sufficiet,
2110 3123 2331 3190 Deum

380 3210 596 3297 legem
640 3230 829 3276 suam
874 3208 1165 3276 voluisse
1221 3210 1293 3274 in
1349 3229 1504 3275 vase
1559 3210 1894 3293 praeclaro
1938 3210 2199 3293 reponi,
2258 3219 2335 3275 ut

383 3303 852 3381 agnosceretur
926 3297 1069 3361 eius
1145 3295 1471 3362 maiestas.
1580 3296 1824 3362 Arcam
1893 3317 2053 3361 vero
2120 3297 2330 3380 ipsam

382 3382 682 3449 vectibus
739 3380 977 3448 deferri
1043 3382 1406 3466 praecepit,
1473 3402 1558 3446 ne
1600 3402 1746 3447 eam
1786 3381 2091 3447 manibus
2133 3383 2334 3447 attin·

379 3475 618 3553 gerent
688 3467 966 3534 Levitae
984 3517 999 3545 ‚
1091 3489 1218 3551 quo
1297 3468 1582 3533 sanctior
1659 3476 1834 3533 esset
1901 3469 2042 3534 eius
2120 3468 2336 3535 excel-

383 3555 610 3620 lentia.

561 3640 662 3705 16.
734 3637 1057 3722 Pone-sque
1119 3642 1193 3705 in
1255 3659 1410 3706 arca
1474 3640 1908 3707 teetiaenonium.
2020 3640 2335 3725 Elegium

379 3725 747 3794 testimonii
789 3725 963 3808 quod
1006 3745 1201 3809 saepe
1243 3725 1373 3810 legi
1418 3725 1762 3803 tribuitur,
1820 3727 2144 3812 signifieat
2186 3726 2335 3810 plus

377 3812 632 3896 aliquid
691 3812 764 3877 in
816 3812 960 3895 lege
1008 3811 1474 3895 comprehendi
1519 3833 1714 3896 quam
1764 3821 1993 3879 sancte
2041 3814 2337 3896 iusteque

377 3896 650 3966 vivendi
707 3897 1037 3983 regulam:
1098 3919 1338 3980 nempe
1396 3908 1659 3981 pactum
1718 3920 1844 3981 quo
1900 3898 2086 3966 Deus
2126 3920 2332 3983 popu·

378 3986 525 4051 lum
591 3982 746 4063 sibi,
814 3992 882 4050 et
948 3984 1236 4049 vicissim
1302 3984 1546 4068 populo
1612 4006 1682 4050 se
1738 3985 2123 4051 obstrinxit:
2190 3984 2336 4051 ideo

379 4079 614 4154 postea
676 4070 819 4136 loco
882 4069 1239 4136 testimonii
1312 4081 1647 4154 ponuntur
1707 4071 1969 4137 tabulae
2031 4070 2332 4138 foederis.

379 4157 621 4241 Itaque
661 4170 797 4234 ΠἾν
855 4156 980 4221 hoc
1037 4156 1178 4221 loco
1221 4165 1291 4222 et
1353 4156 1676 4222 similibus
1718 4157 2112 4223 tantundem
2158 4157 2337 4224 valet

381 4252 582 4327 atque
623 4251 1013 4323 contractus,
1063 4243 1175 4324 qui
1231 4241 1428 4326 vulgo
1461 4243 1808 4309 conventio
1843 4243 2097 4310 dicitur.
2186 4244 2335 4312 Hoc

380 4351 582 4398 sensu
625 4349 754 4394 non
800 4326 994 4393 modo
1037 4336 1404 4412 praecepta,
1449 4327 1563 4394 sed
1598 4350 2022 4412 quaeeunque
2056 4331 2125 4395 in
2163 4329 2337 4395 salu-

378 4425 520 4481 tem
564 4413 789 4498 populi
833 4412 1106 4479 tradidit
1148 4413 1333 4480 Deus
1393 4435 1514 4498 per
1554 4435 1827 4481 manum
1882 4415 2120 4496 Mosis,
2185 4437 2334 4500 pro-

380 4501 584 4586 pheta
605 4500 779 4566 Psal.
813 4500 958 4580 119,
993 4501 1381 4567 'testimonia
1423 4502 1753 4567 nominat:
1799 4501 2065 4568 Psalmo
2109 4511 2332 4568 autem

381 4588 638 4654 decimo
683 4607 855 4652 nono
897 4587 1263 4670 expositive
1305 4586 1438 4671 legi
1477 4586 1822 4653 subiicitur
1866 4588 2332 4668 testimonium,

381 4676 496 4741 lex
538 4672 827 4739 Iehovae
866 4673 1307 4752 immaculata,
1351 4673 1800 4738 testimonium
1845 4673 2055 4740 fidele.
2144 4672 2334 4741 Sicut

381 4760 596 4828 Isaiae
640 4759 700 4825 8.
743 4760 990 4843 eapite,
1056 4759 1169 4824 ubi
1229 4758 1500 4824 dicitur:
1587 4758 1696 4823 Ad
1753 4759 1964 4843 legem
2010 4761 2223 4845 magis
2268 4771 2335 4825 et

381 4844 865 4912 testimonium:
924 4866 1053 4910 non
1099 4867 1204 4910 res
1249 4844 1550 4911 diversae
1593 4853 1938 4926 notantur,
1996 4845 2112 4911 sed
2157 4863 2331 4913 com-

383 4930 736 4999 mendatur
759 4931 920 5015 legis
949 4931 1218 5010 utilitas,
1247 4930 1405 5013 quia
1439 4931 1774 4997 contineat
1807 4930 2123 5015 quidquid
2144 4931 2331 4998 Deus

386 5015 595 5083 voluit
638 5025 947 5082 testatum
992 5037 1135 5083 esse
1179 5017 1421 5100 populo
1466 5038 1602 5083 suo.

560 5102 661 5167 17.
710 5102 939 5168 Facies
970 5108 1029 5169 et
1058 5103 1429 5183 operculum.
1479 5103 1708 5169 Prima
1749 5101 1939 5167 radix
1984 5105 2168 5170 verbi
2200 5117 2331 5173 ἾΒΞ

385 5188 561 5258 unde
606 5188 730 5254 hoc
774 5210 1006 5255 nomen
1054 5188 1304 5253 dictum
1348 5198 1484 5268 est,
1551 5210 1671 5272 pro
1719 5188 2116 5254 bituminare
2160 5193 2333 5274 capi-

383 5289 526 5344 tur:
584 5273 699 5340 sed
743 5274 810 5339 in
848 5275 1303 5358 coniugatione
1348 5275 1584 5358 Hiphil
1627 5276 1958 5360 signifieat
1997 5297 2172 5342 nune
2217 5299 2332 5342 ex-

377 5364 585 5453 piare,
624 5382 798 5427 nunc
831 5382 1133 5447 purgare,
1178 5381 1354 5427 nune
1388 5361 1459 5426 in
1495 5363 1773 5446 gratiam
1811 5362 2119 5446 recipere,
2157 5362 2332 5428 unde

1764 437 2281 506 SECUNDUM
2337 436 2985 507 PRAECEP'I'UM.

4251 444 4387 511 406

2432 640 2565 695 ue:
2611 636 2713 695 est
2748 628 3060 713 expiatic‚
3098 636 3179 695 ut
3212 628 3371 694 alibi
3405 629 3713 709 vidimus,
3755 643 3940 699 ΠἾΘΞ
3970 639 4196 698 autem
4233 654 4388 717 pro·

2432 713 2575 796 ptie
2609 722 2876 798 tegmen
2914 725 3031 793 est,
3070 716 3175 781 vel
3210 715 3608 799 operculum.
3663 714 4059 802 Quanquam
4096 740 4226 783 non
4265 719 4389 786 du-

2435 799 2569 865 bito
2618 802 2776 883 quin
2824 800 2908 866 ad
2956 800 3483 886 metaphoricum
3532 822 3802 867 sensum
3844 804 3914 869 in
3950 804 4074 871 hoc
4118 805 4385 872 nomine

2432 885 2687 951 alludat
2728 887 2979 953 Moses:
3038 887 3190 970 quia
3250 887 3357 953 lex
3414 889 3824 970 operimento
3865 889 4150 974 indiget,
4210 891 4384 975 quod

2432 973 2995 1057 transgressiones
3039 981 3296 1039 nostras
3332 983 3530 1058 tegat.
3590 975 3681 1039 Et
3701 975 4034 1057 probabile
4057 984 4158 1043 est
4180 998 4380 1060 quum

2433 1058 2685 1123 Paulus
2727 1055 2948 1145 (Rom.
2989 1058 3050 1136 3,
3087 1057 3233 1145 25),
3281 1067 3472 1126 vocat
3516 1060 3862 1127 Christum
3906 1065 4269 1147 ἱλαστήριον,
4317 1072 4387 1129 et

2434 1143 2716 1209 Ioannes
2760 1143 2848 1230 (1.
2893 1144 3038 1209 Ich.
3085 1145 3147 1223 2,
3190 1144 3259 1231 2)
3305 1144 3594 1225 ἱλασμόν,
3651 1146 3874 1214 ambos
3918 1150 4241 1231 respicere
4300 1149 4385 1216 ad

2432 1229 2606 1294 hanc
2645 1231 2942 1315 figuram,
2989 1231 3161 1313 quod
3196 1230 3364 1316 legis
3398 1233 3805 1316 operimento
3848 1233 4143 1317 placatus
4186 1236 4387 1301 fuerit

2435 1316 2623 1381 Deus
2681 1335 2839 1399 erga
2898 1315 3156 1398 fideles,
3215 1327 3292 1383 ιιι
3347 1338 3573 1383 eorum
3632 1326 3790 1384 vota
3845 1329 3913 1385 et
3976 1340 4201 1403 preces
4266 1344 4387 1387 ex-

2433 1401 2777 1482 audiendo,
2821 1402 3180 1487 propitium
3224 1423 3294 1469 se
3348 1402 3739 1469 ostenderet.
3829 1404 4162 1488 Quamdiu
4209 1408 4385 1473 enim

2432 1487 2544 1553 lex
2590 1488 2807 1571 prodit
2846 1489 2919 1554 in
2963 1487 3254 1554 medium
3298 1497 3376 1555 ut
3418 1498 3570 1555 ante
3610 1491 3831 1557 oeulos
3892 1492 4017 1557 Dei
4060 1501 4385 1570 versetur,

2435 1573 2579 1639 irae
2639 1585 2705 1640 et
2770 1574 3209 1640 maledictioni
3273 1596 3393 1641 nos
3459 1576 3751 1642 subiicit:
3820 1576 4095 1660 ideoque
4163 1589 4386 1646 reatus

2435 1660 2857 1726 abolitionem
2912 1660 3322 1727 intercedere
3376 1682 3641 1728 necesse
3698 1671 3829 1742 est,
3896 1676 3968 1728 ut
4029 1664 4213 1731 Deus
4266 1685 4389 1731 nos

2433 1748 2804 1831 conveniat.
2894 1746 3033 1814 Nec
3077 1768 3235 1813 vero
3279 1749 3393 1814 abs
3434 1769 3506 1813 re
3549 1747 3792 1827 David,
3831 1760 4178 1833 postquam
4224 1750 4388 1816 cele-

2438 1832 2652 1898 bravit
2693 1833 2859 1916 legis
2903 1833 3257 1912 iustitiam,
3316 1834 3672 1899 exclamat:
3759 1833 4026 1901 Delicta
4078 1836 4225 1919 quis
4281 1837 4388 1901 in-

2434 1918 2679 2003 telligit
2740 1918 2943 2005 (Psal.
3013 1919 3114 2001 19,
3182 1918 3337 2007 13)?
3446 1919 3644 1986 Unde
3707 1920 4110 2005 colligimus,
4172 1923 4389 2006 legem

2434 2005 2578 2070 sine
2622 2005 3083 2088 propitiatione
3139 2027 3268 2071 non
3325 2004 3598 2071 reddere
3643 2004 3861 2072 Deum
3922 2008 4388 2092 propinquum,

2435 2090 2611 2173 apud
2670 2112 2861 2175 quem
2909 2112 3029 2156 nos
3084 2101 3362 2158 accusat.
3454 2092 3543 2157 Et
3584 2101 3760 2158 certe
3805 2093 3962 2158 dum
4005 2095 4227 2159 omnia
4271 2116 4390 2160 ex-

2435 2176 2669 2260 pendo,
2712 2177 3027 2261 frigidum
3070 2198 3213 2244 esse
3271 2177 3437 2242 mihi
3491 2176 3789 2244 videtur:
3846 2179 4078 2245 Mosen
4139 2180 4391 2264 simpli-

2437 2263 2602 2328 citer
2666 2262 2748 2328 de
2812 2264 3214 2346 operimento
3264 2264 3469 2347 loqui:
3540 2284 3744 2347 quum
3803 2266 3966 2329 velit
4024 2265 4105 2331 ad
4163 2266 4386 2350 ipsum

2439 2349 2611 2414 verti
2662 2350 2860 2415 facies
2916 2348 3312 2429 Cherubim,
3372 2361 3439 2414 et
3497 2350 3836 2432 promittat
3879 2352 4063 2418 Deus
4120 2374 4190 2419 se
4235 2351 4390 2418 inde

2435 2455 2750 2519 responsa
2792 2434 3118 2500 daturum.
3231 2434 3490 2518 Quibus
3534 2435 3764 2520 elogiis
3809 2437 4149 2503 extollitur
4191 2458 4393 2522 supra

2439 2540 2680 2587 arcam.

2613 2607 2714 2673 18.
2761 2606 2995 2675 Facies
3015 2608 3179 2675 duos
3224 2606 3574 2673 Cherubim.
3621 2607 3728 2673 De
3760 2626 3923 2674 voce
3948 2606 4216 2675 Cherub
4252 2607 4393 2676 dixi

2438 2694 2508 2758 in
2555 2692 2852 2759 Genesin
2896 2702 2963 2759 et
3020 2694 3207 2774 alibi,
3264 2693 3559 2760 diversas
3612 2692 3875 2776 quidem
3926 2715 4068 2760 esse
4125 2704 4391 2761 senten-

2438 2780 2593 2844 tias:
2638 2780 2912 2863 propius
2936 2790 3158 2846 tamen
3198 2779 3281 2844 ad
3307 2801 3533 2846 verum
3571 2777 3745 2864 (meo
3778 2778 4047 2867 iudicio)
4081 2779 4392 2847 accedere

2440 2866 2552 2949 qui
2593 2879 2635 2933 3
2679 2885 2816 2930 non
2860 2866 3109 2933 faciunt
3153 2866 3464 2931 servilem
3507 2865 3796 2943 literam,
3843 2866 3957 2931 sed
4012 2865 4387 2945 radicalem,

2439 2959 2506 3017 et
2547 2953 2943 3036 generaliter
2995 2972 3116 3035 pro
3172 2953 3387 3034 figura
3451 2950 3738 3034 qualibet
3780 2951 4128 3035 accipiunt.
4216 2953 4388 3018 Nam

2439 3039 2552 3123 qui
2589 3051 2631 3106 2
2668 3037 2903 3105 volunt
2941 3058 3086 3104 esse
3123 3046 3347 3103 notam
3382 3035 3850 3117 similitudiniS,
3885 3044 4158 3104 vertunt
4202 3040 4391 3123 quasi

2435 3145 2733 3208 puerum,
2777 3124 2950 3208 quod
2996 3146 3112 3207 per
3157 3144 3227 3189 se
3271 3132 3566 3189 coactum
3611 3131 3745 3189 est:
3791 3123 4029 3192 deinde
4062 3125 4391 3191 refellitur

2437 3210 2806 3277 Ezechielis
2850 3210 3067 3277 verbis
3107 3209 3370 3294 (Ezech.
3415 3211 3472 3287 1,
3510 3209 3594 3275 10
3626 3218 3694 3274 et
3729 3209 3830 3286 10,
3875 3209 3956 3298 1),
4001 3212 4109 3294 qui
4146 3213 4393 3279 formas

2440 3297 2650 3375 vituli,
2693 3296 2923 3375 leonis,
2969 3307 3035 3363 et
3069 3297 3344 3380 aquilae,
3380 3316 3511 3361 non
3549 3297 3770 3361 minus
3807 3306 4005 3394 vocat
4028 3296 4387 3364 Cherubim

2439 3403 2633 3468 quam
2711 3382 2999 3450 hominis
3075 3382 3376 3449 formam.
3501 3382 3671 3447 Mihi
3747 3383 3994 3448 sufficit
4065 3384 4391 3469 imagines

2435 3470 2640 3535 fuisse
2685 3469 2911 3549 alatas,
2956 3489 3122 3553 quae
3164 3469 3431 3554 angelos
3473 3470 4073 3551 repraesentabant.
4151 3469 4390 3553 Itaque

2439 3555 2658 3622 Moses
2714 3577 2919 3639 quum
2978 3555 3060 3621 de
3114 3555 3368 3640 angelis
3424 3554 3716 3638 loquitur
3757 3554 3868 3637 qui
3915 3556 4195 3637 appositi
4251 3557 4388 3622 fue-

2437 3650 2598 3707 runt
2639 3641 2972 3721 custodes,
3017 3639 3099 3707 ad
3145 3641 3480 3706 hominem
3524 3641 3605 3706 ab
3651 3660 3914 3706 accessu
3958 3641 4248 3724 paradisi
4291 3662 4393 3707 ar-

2437 3726 2736 3806 cendum,
2782 3748 2893 3793 eos
2937 3736 3128 3794 vocat
3165 3726 3559 3794 Cherubim:
3617 3748 3750 3792 non
3807 3733 3944 3792 tam
4001 3725 4180 3794 illius
4223 3737 4390 3793 tem-

2435 3814 2616 3898 poris
2658 3825 2989 3897 respectu,
3049 3834 3245 3896 quam
3290 3823 3366 3878 ut
3407 3812 3724 3896 populum
3769 3812 3842 3876 in
3886 3813 4051 3896 legis
4097 3813 4393 3879 doctrina

2438 3900 2787 3966 contineat.
2834 3899 2911 3964 In
2947 3899 3227 3984 angelis¹
3248 3919 3401 3964 vero
3445 3897 3649 3979 Deua,
3693 3919 3811 3981 per
3845 3919 4005 3981 quos
4042 3900 4390 3982 imperium

2435 4008 2630 4053 suum
2666 3995 2942 4063 exercet,
2982 3994 3049 4049 et
3082 3984 3196 4069 qui
3230 3984 3520 4051 ministri
3542 3995 3700 4050 sunt
3736 3984 4193 4050 beneficiorum
4230 3986 4391 4065 eius,

2438 4072 2809 4157 symbolum
2867 4071 3277 4154 praesentiae
3338 4091 3496 4136 suae
3552 4070 3797 4136 statuit.
3903 4070 4075 4135 Nam
4135 4073 4392 4154 quoties

2434 4158 2923 4310 ἴξιέᾚῖἓὲε
2940 4156 3610 4310 ΒὲαΡᾎῖῗθὲῗωῗέἶῗ
3677 4155 4391 4309 ῗιῖῧῗὲῗῑᾈῃῗῗξέἓῗᾶ

2439 4340 2509 4396 et
2550 4331 2665 4396 alii
2709 4331 3088 4414 prophetae,
3129 4349 3259 4412 quo
3304 4349 3374 4394 se
3420 4328 3504 4394 ad
3546 4327 3859 4412 precandi
3900 4327 4206 4393 fiduciam
4245 4329 4391 4394 ani-

2437 4425 2638 4496 ment,
2674 4418 2935 4499 saepius
2971 4415 3200 4481 dieunt
3221 4414 3442 4480 Deum
3480 4413 3780 4479 habitare
3813 4414 3989 4479 inter
4024 4412 4391 4481 Cherubim

2435 4502 2638 4589 (Psal.
2684 4502 2788 4581 80,
2835 4502 2876 4566 2
2920 4510 2986 4567 et
3028 4502 3133 4579 99,
3181 4501 3238 4566 1.
3306 4500 3432 4566 Isa.
3479 4500 3594 4580 37,
3656 4499 3790 4586 16):
3846 4521 3922 4566 ac
3976 4499 4032 4564 si
4077 4499 4388 4582 dicerent,

2435 4588 2609 4673 apud
2676 4588 2955 4654 Iudaeos
3015 4587 3427 4652 familiariter
3494 4587 3775 4664 versari,
3856 4586 4165 4668 quoniam
4244 4588 4388 4654 eius

2439 4676 2651 4742 virtus
2706 4675 2778 4739 in
2846 4672 3101 4758 angelis
3160 4694 3232 4738 se
3286 4680 3568 4737 exserat.
3671 4670 3866 4754 Quod
3924 4673 4210 4738 extentis
4263 4672 4388 4738 alis

2439 4762 2751 4845 tegebant
2792 4760 3177 4842 operculum
3222 4779 3411 4825 arcae
3429 4809 3444 4836 ,
3505 4779 3635 4823 non
3695 4759 4095 4842 interpretor
4136 4760 4386 4825 factum

2437 4868 2579 4914 esse
2621 4844 2992 4913 occultandi
3036 4865 3252 4922 causa,
3297 4843 3412 4910 sed
3457 4852 3529 4908 ut
3566 4843 4149 4927 promptitudinem
4207 4843 4389 4910 obse-

2435 4934 2570 5016 quii
2630 4941 2952 4998 notarent.
3057 4930 3375 4996 Extensio
3442 4930 3620 4995 enim
3681 4930 3932 4995 alarum
3993 4927 4388 4994 tantundem

2438 5019 2617 5084 valet
2659 5039 2735 5085 ae
2777 5017 2837 5083 si
2879 5018 3156 5084 accincti
3196 5016 3478 5082 fuissent
3521 5015 3604 5081 ad
3649 5015 4139 5099 exsequendum
4194 5014 4387 5098 quid-

2435 5104 2593 5189 quid
2636 5105 2824 5170 Deus
2867 5102 3262 5168 mandasset.
3351 5102 3511 5168 Ideo
3569 5123 3801 5168 versus
3858 5100 4384 5185 propitiatorium

2437 5190 2720 5274 dirigere
2775 5189 2978 5256 facies
3020 5209 3172 5255 suas
3217 5186 3561 5268 dicuntur,
3617 5188 3786 5270 quod
3830 5187 4073 5251 intenti
4118 5187 4254 5251 sint
4297 5186 4382 5252 ad

2434 5286 2672 5342 nutum
2715 5275 2864 5342 Dei.
2954 5275 3160 5340 Porro
3215 5275 3372 5357 quia
3427 5276 3493 5339 in
3536 5273 3805 5340 Christo
3863 5270 4117 5337 habitat
4177 5271 4392 5356 pleni-

2437 5361 2597 5429 tudo
2642 5361 3041 5441 divinitatis,
3108 5362 3345 5427 merito
3398 5359 3791 5445 pronunciat
3853 5379 3974 5424 suo
4037 5358 4108 5424 in
4175 5367 4397 5428 terras

3867 5457 3971 5513 26*
