4867 6150
369 462 455 528 13
1582 463 2327 533 COMMENTARIUS
2373 462 2475 530 IN
2517 463 2819 531 EXODI
2864 462 3064 530 CAP.
3110 464 3165 530 I.
4295 468 4382 533 14

364 650 617 717 malam
687 670 944 732 semper
1022 649 1388 716 mercedem
1455 652 1536 717 ab
1603 651 1977 718 hominibus
2053 651 2325 734 rependi

366 736 753 812 benefactis,
798 744 873 799 ut
919 734 1246 802 discamus
1287 737 1360 801 in
1404 738 1635 804 officiis
1670 737 2082 820 praestandis
2105 738 2321 803 Deum

366 844 579 891 unum
639 822 992 904 respicere:
1053 822 1211 904 quia
1263 822 1507 906 alioqui
1551 822 1655 889 vel
1702 824 1783 888 ad
1843 823 2324 890 conciliandum

365 908 560 975 nobis
595 907 885 973 favorem
921 920 987 973 et
1021 908 1349 991 plausum,
1385 909 1494 974 vel
1532 910 1614 975 ad
1654 911 2007 993 captandas
2032 924 2324 975 terrenas

369 996 692 1062 utilitates
733 993 887 1077 plus
922 1012 1129 1076 aequo
1166 1015 1392 1059 sumus
1428 994 1689 1060 addicti.
1759 994 2152 1078 Quanquam
2189 1016 2324 1059 non

372 1081 651 1165 vulgare
713 1080 843 1145 fuit
906 1081 1275 1162 praemium
1334 1081 1503 1164 quod
1565 1083 1739 1147 ultra
1788 1091 2050 1147 centum
2117 1101 2324 1146 annos

368 1167 730 1233 liberaliter
776 1165 985 1231 habiti
1029 1176 1186 1230 sunt
1229 1167 1300 1230 in
1349 1169 1629 1250 gratiam
1674 1168 1916 1251 Ioseph
1958 1167 2321 1245 Israelitae,

370 1264 446 1319 ut
504 1255 600 1321 in.
645 1264 843 1336 gente
914 1250 1229 1334 superba,
1299 1273 1500 1317 avara
1557 1263 1623 1318 61
1679 1253 1927 1319 6111(1611
1986 1252 2322 1321 commode

368 1340 696 1404 viverent.
757 1338 1128 1416 Caeterum,
1163 1335 1483 1421 quidquid
1518 1339 1791 1417 accidat,
1830 1353 1905 1403 ut
1939 1361 2071 1404 non
2109 1339 2318 1405 solum

373 1425 898 1508 compensatione
955 1425 1137 1488 omni
1190 1424 1595 1503 fraudemur,
1650 1425 1764 1490 sed
1825 1427 2206 1508 conspirent
2248 1425 2321 1488 111

375 1521 662 1576 1166116111
729 1509 1088 1592 perniciem
1159 1510 1352 1574 multi
1424 1511 1503 1575 (16
1558 1511 1795 1594 quibus
1871 1513 2036 1576 bene
2099 1511 2321 1576 meriti

372 1598 634 1675 erimus,
666 1616 1007 1677 nunquam
1042 1606 1222 1662 recte
1245 1595 1474 1662 fecisse
1496 1617 1619 1661 nos
1641 1598 1989 1680 poeniteat.
2056 1596 2322 1662 Interea

366 1683 701 1747 discamus
723 1681 891 1745 nihil
915 1681 1244 1747 efficacius
1279 1702 1423 1747 esse
1459 1682 1540 1747 ad
1576 1683 2005 1748 cohibendam
2042 1681 2321 1748 nocendi

363 1762 708 1834 libidinem
769 1767 1249 1833 coniunctionis
1306 1768 1626 1847 vinculis,
1693 1768 1929 1852 quibus
1972 1791 2091 1835 nos
2135 1766 2321 1835 Deus

364 1866 600 1920 mutuo
622 1853 995 1937 adstringit.
1056 1853 1206 1920 Etsi
1229 1864 1447 1919 autem
1487 1854 1663 1939 apud
1702 1877 1929 1921 omnes
1965 1862 2322 1925 evanuerat

363 1940 584 2027 gratia
625 1939 887 2022 Ioseph,
929 1939 1242 2023 probrum
1289 1951 1508 2005 tamen
1554 1962 1630 2005 ac
1672 1942 1919 2007 crimen
1965 1940 2318 2026 ingratitu-

361 2028 540 2093 dinis
579 2027 924 2109 praecipue
967 2025 1037 2089 in
1082 2046 1306 2110 regem
1351 2025 1715 2093 confertur:
1775 2029 1882 2092 eui
1923 2028 2076 2112 plus
2118 2048 2315 2110 quam

362 2125 558 2197 turpe
620 2113 748 2178 fuit
810 2112 1114 2194 ignorare
1178 2113 1365 2177 cuius
1420 2113 1749 2179 industria
1806 2123 1871 2178 et
1925 2134 2125 2197 opera
2182 2123 2316 2178 tam

359 2199 631 2266 uberem
725 2198 1077 2280 quotannis
1164 2209 1554 2280 proventum
1642 2201 2020 2285 perciperet.
2142 2199 2316 2265 Nam

360 2306 569 2372 quum
624 2304 928 2369 agrorum
986 2282 1224 2348 fundos
1287 2285 1553 2350 emisset
1606 2295 1870 2352 sanctus
1923 2284 2314 2369 patriarcha,

368 2371 527 2437 inde
600 2370 743 2454 regi
809 2390 1101 2434 annuum
1170 2369 1489 2435 tributum
1560 2372 1951 2454 acquisierat
2017 2373 2314 2455 quintam

368 2456 686 2523 frumenti
744 2467 1019 2538 partem.
1108 2454 1360 2521 Verum
1421 2460 1510 2520 ita
1561 2459 1775 2522 solent
1819 2459 2081 2541 tyranni
2127 2457 2314 2541 quid·

369 2542 525 2627 quid
581 2542 717 2608 illis
772 2540 1085 2623 penditur
1145 2542 1580 2628 ingurgitare,
1639 2543 1935 2628 neglecta
1987 2544 2151 2610 iuris
2211 2543 2315 2609 sui

361 2628 804 2713 inquisitione.

540 2715 600 2780 9.
646 2713 959 2795 Dixitque
1015 2714 1100 2780 ad
1144 2713 1471 2797 populum.
1562 2712 1814 2798 Nempe
1869 2715 1937 2780 in
1982 2724 2312 2782 conventu

363 2800 655 2880 solenni,
722 2800 946 2883 quales
1011 2822 1050 2863 a
1115 2801 1380 2883 regibus
1448 2801 1674 2866 haberi
1741 2801 1985 2880 solent,
2054 2802 2168 2867 ubi
2234 2802 2313 2867 (16

358 2887 624 2973 publico
701 2894 880 2952 statu
957 2886 1457 2951 consultandum
1538 2895 1656 2952 est.
1780 2885 1989 2967 Quasi
2068 2887 2315 2955 diceret

359 2974 588 3040 Moses
629 2981 822 3055 caput
865 2971 988 3037 hoc
1033 2970 1517 3037 deliberationis
1560 2972 1735 3056 apud
1779 2974 2041 3039 ordines
2073 2995 2310 3058 propo-

361 3060 565 3127 situm
611 3080 651 3123 a
694 3080 848 3143 rege
893 3057 1120 3124 fuisse:
1167 3080 1437 3143 nempe,
1487 3058 1641 3143 quia
1685 3059 2051 3127 timendum
2094 3061 2183 3127 sit
2224 3083 2309 3126 66

359 3142 715 3213 filiiIsrael
751 3143 1173 3209 multitudine
1208 3166 1328 3210 sua
1362 3153 1431 3210 et
1472 3146 1702 3212 robore
1744 3148 1899 3211 freti
1940 3150 2306 3232 insurgant,

360 3254 471 3298 res
503 3252 709 3296 novas
742 3229 1120 3309 moliantur,
1144 3250 1221 3296 ac
1254 3230 1314 3297 si
1349 3231 1504 3314 quid
1540 3233 1875 3298 turbatum
1912 3233 2002 3298 sit
2036 3254 2308 3300 excusso

359 3320 519 3404 iugo
559 3322 942 3402 Aegyptum
988 3317 1397 3398 relinquant,
1456 3317 1974 3401 praeveniendos
2016 3340 2187 3398 esse,
2232 3340 2306 3386 ac

408 3403 754 3471 remendos
797 3400 978 3467 d'uris
1023 3402 1349 3483 oneribus,
1394 3425 1475 3469 ne
1511 3403 1665 3489 quid
1701 3412 1957 3471 tentare
2001 3404 2306 3471 audeant.

433 3510 511 3555 66
554 3496 744 3555 vocat
776 3487 1056 3567 Pharao,
1100 3488 1461 3572 prudenter
1502 3513 1573 3557 66
1613 3512 1859 3576 gerere.
1932 3491 2083 3557 Etsi
2127 3491 2304 3557 enim

359 3575 642 3643 verbum
687 3586 823 3643 0:1¹1
868 3596 1060 3659 saepe
1103 3575 1175 3638 in
1231 3575 1474 3642 malam
1531 3588 1785 3662 partem
1846 3578 2129 3644 sumitur
2184 3598 2306 3662 pro

358 3660 616 3730 Gallide
639 3660 1145 3728 circumvenire:
1181 3660 1289 3727 hic
1326 3670 1546 3729 tamen
1581 3663 1854 3731 honesto
1888 3663 2081 3729 titulo
2107 3683 2306 3747 quam

357 3748 593 3816 statuit
632 3748 876 3813 inferre
920 3747 1229 3813 iniuriam
1281 3750 1639 3833 praetexit:
1697 3748 2059 3833 prudenter
2103 3748 2302 3834 dispi-

355 3835 665 3902 ciendum
688 3855 847 3914 esse,
885 3854 970 3898 ne
1005 3854 1127 3899 sua
1162 3836 1432 3918 ignavia
1466 3836 1574 3902 vel
1610 3837 1967 3903 cessatione
1991 3835 2305 3922 Aegyptii

357 3941 568 4008 grave
624 3919 749 3987 sibi
809 3919 1124 3985 damnum
1183 3929 1541 3987 accersant.
1645 3921 1808 3987 Fuit
1860 3921 2120 4005 quidem
2180 3921 2305 3986 hoc

355 4008 633 4092 vulgare
674 4004 846 4089 apud
890 4006 1194 4088 profanas
1238 4015 1487 4090 gentes,
1532 4009 1601 4072 in
1646 4008 1977 4093 capiendis
2011 4007 2301 4074 consiliis

353 4093 568 4179 pluris
611 4113 754 4159 6666
797 4090 1148 4157 honestum
1206 4114 1400 4175 quam
1459 4093 1652 4159 utile:
1710 4094 1825 4159 sed
1873 4094 1988 4161 ubi
2031 4093 2113 4159 ad
2158 4114 2299 4158 rem

351 4186 628 4247 ventum
673 4186 805 4255 est,
865 4198 1092 4244 omnes
1148 4177 1286 4243 fere
1339 4180 1433 4244 ita
1490 4191 1794 4246 excaecat
1847 4179 2168 4263 cupiditas
2224 4191 2299 4244 ut

348 4266 704 4351 praeterito
751 4263 1010 4331 honesti
1054 4275 1371 4347 respectu,
1417 4264 1496 4329 ad
1541 4287 1661 4332 sua
1704 4265 2043 4332 commoda
2084 4265 2299 4330 feran-

349 4361 461 4418 tur
504 4350 910 4434 praecipites.
1001 4350 1192 4415 Adde
1236 4349 1407 4435 quod
1451 4374 1534 4416 ex
1577 4352 1726 4417 utili
1779 4352 2028 4417 faciunt
2070 4373 2295 4418 neces·

351 4437 630 4504 sarium:
669 4434 905 4501 deinde
941 4436 1063 4503 sibi
1099 4437 1492 4519 persuadent
1530 4450 1783 4503 rectum
1817 4459 1959 4504 6666
1982 4438 2293 4521 quidquid

350 4524 687 4606 suscipere
731 4531 1072 4606 coguntur.
1160 4521 1244 4587 In
1300 4537 1612 4607 promptu
1670 4525 1847 4588 enim
1903 4525 2186 4590 occurrit
2229 4531 2297 4588 et

350 4608 544 4676 facile
602 4607 843 4692 decipit
911 4609 1245 4692 speciosus
1316 4609 1428 4675 1116
1483 4609 1597 4675 66(1
1654 4609 1856 4676 fallax
1912 4611 2119 4689 color,
2181 4610 2295 4675 ubi

352 4694 600 4779 aliquid
681 4694 984 4759 imminet
1062 4694 1368 4776 periculi,
1433 4695 1694 4761 obviam
1764 4696 2054 4762 eundum
2129 4717 2291 4762 6666.

354 4780 666 4849 Scelestis
711 4779 969 4863 quidem
1016 4790 1082 4844 et
1125 4779 1477 4862 deploratis
1522 4782 1839 4847 tribuitur
1873 4783 2049 4866 apud
2092 4783 2294 4867 tragi-

350 4889 463 4935 cos
507 4877 735 4950 poetas
777 4888 907 4932 vox
964 4865 1094 4930 ista
1151 4865 1587 4945 detestabilis,
1646 4868 2093 4952 occupandum
2152 4890 2294 4933 6666

347 4954 595 5022 scelus:
642 4953 795 5034 quia
834 4961 1073 5016 natura
1105 4950 1311 5018 dictat
1351 4952 1420 5018 id
1454 4953 1773 5019 iniustum
1816 4976 1959 5021 esse
2003 4975 2078 5020 ae
2112 4975 2295 5035 prae-

349 5051 712 5124 posterum.
821 5037 958 5102 Sed
1021 5036 1183 5103 haec
1251 5039 1447 5122 vulgo
1513 5039 1761 5121 optima
1823 5041 2086 5106 videtur
2150 5060 2295 5105 esse

353 5123 632 5192 cavendi
674 5122 861 5204 16116,
904 5135 980 5189 ut
1022 5124 1352 5189 neminem
1397 5126 1741 5207 providum
1784 5136 2119 5204 censeant,
2165 5126 2295 5189 nisi

355 5213 466 5296 qui
489 5211 823 5277 securitati
846 5211 1146 5293 propriae
1183 5230 1331 5275 cum
1370 5210 1639 5278 alterius
1674 5211 1932 5293 damno,
1968 5214 2023 5277 si
2058 5213 2151 5276 ita
2186 5231 2295 5276 res

351 5298 553 5377 ferat,
610 5296 909 5362 consulit.
1007 5297 1114 5361 Ex
1172 5295 1296 5360 hoc
1359 5298 1538 5362 fonte
1595 5311 1868 5363 manant
1927 5300 2062 5364 fere
2124 5296 2296 5362 bella

351 5384 604 5451 emnia:
649 5383 820 5466 quia,
867 5380 1022 5446 dum
1066 5380 1342 5466 quisque
1383 5382 1754 5467 principum
1813 5386 1935 5450 61111
1980 5406 2020 5451 6
2064 5384 2293 5451 vicinis

2431 652 2701 730 metuit,
2749 651 2910 718 haec
2964 653 3314 737 trepidatio
3371 654 3651 737 impellit
3695 676 3843 721 eum
3902 656 3968 720 in
4025 655 4379 738 horrorem,

2432 747 2511 801 ut
2569 749 2813 802 terram
2874 738 3165 804 humano
3229 742 3552 824 sanguine
3610 742 3863 824 operire
3921 761 4051 806 non
4109 742 4378 808 dubitet.

2428 821 2607 887 Hinc
2644 836 2712 887 et
2746 824 2919 888 inter
2956 827 3250 908 privatos
3285 825 3649 906 fraudandi,
3686 827 4015 907 caedendi,
4060 829 4375 911 rapiendi,

2427 908 2790 973 mentiendi
2835 908 3123 976 licentia:
3172 912 3328 995 quia
3383 912 3578 978 nimis
3623 934 3768 980 sero
3814 913 4045 996 repelli
4101 915 4376 980 iniurias

2426 1003 2698 1078 putant,
2758 995 2886 1059 nisi
2948 997 3102 1061 dum
3163 999 3439 1080 quisque
3495 1000 3867 1065 antevertit.
3961 1000 4163 1082 Atqui
4216 1001 4375 1067 haec

2427 1080 2625 1144 nimis
2648 1081 2944 1164 improba
2966 1093 3068 1148 est
3101 1083 3422 1149 calliditas
3455 1082 3634 1169 (licet
3667 1087 3889 1151 fucosa
3926 1085 4374 1169 providentiae

2425 1167 2641 1249 specie
2686 1165 2979 1317 tegattfi)
3025 1178 3098 1233 ut
3137 1168 3324 1233 nobis
3380 1169 3545 1235 bene
3604 1172 3722 1248 sit,
3781 1171 4004 1254 inique
4049 1171 4197 1236 aliis
4236 1194 4375 1237 mo-

2424 1252 2625 1317 lestos
2661 1273 2822 1318 esse.
2965 1275 3091 1318 unc
3128 1254 3229 1319 vel
3275 1255 3462 1320 illum
3509 1266 3751 1331 metuo,
3799 1259 3951 1339 quia
3996 1268 4060 1322 et
4096 1257 4374 1324 facultas

2426 1339 2700 1403 nocendi
2745 1340 3064 1421 suppetit,
3125 1351 3193 1404 et
3251 1340 3331 1406 de
3377 1343 3517 1406 eius
3572 1344 3788 1407 animo
3846 1363 3991 1408 sum
4051 1344 4369 1409 incertus:

2423 1424 2644 1507 itaque
2702 1431 2776 1488 ut
2832 1445 3103 1491 securus
3155 1428 3278 1490 sim
3334 1427 3416 1491 ab
3473 1430 3647 1492 omni
3716 1450 3920 1508 noxa,
3982 1449 4370 1512 quacunque

2425 1518 2649 1593 potero
2693 1521 2833 1575 arte
2878 1511 3064 1575 illum
3110 1514 3477 1595 opprimere
3529 1514 3827 1579 conabor.
3916 1513 4168 1597 Nempe
4212 1537 4367 1581 con-

2424 1597 2895 1678 temptissimus
2939 1598 3137 1662 etiam
3181 1597 3452 1681 quisque
3497 1611 3561 1662 et
3594 1601 3881 1664 maxime
3914 1599 4273 1681 imbecillis,
4310 1601 4369 1667 si

2422 1680 2503 1746 ad
2573 1682 2966 1748 maleficium
3034 1682 3338 1763 inclinet,
3407 1684 3531 1748 erit
3594 1701 3887 1749 armatus
3945 1687 4015 1750 in
4071 1700 4365 1751 nost-ram

2421 1768 2809 1850 perniciem:
2878 1790 2952 1835 66
3020 1770 3291 1852 proinde
3350 1770 3427 1835 de
3492 1771 3724 1835 maiori
3782 1770 4120 1836 hominum
4182 1786 4368 1857 parte

2422 1851 2882 1921 dubitabimus.
2974 1852 3049 1921 Si
3091 1854 3184 1920 ita
3227 1876 3386 1921 suae
3431 1855 3835 1922 diffidentiae
3883 1878 4109 1923 omnes
4151 1858 4366 1923 indul-

2420 1949 2648 2023 geant,
2717 1940 2872 2005 dum
2937 1961 3058 2023 pro
3124 1963 3194 2007 se
3268 1941 3540 2025 quisque
3606 1942 4091 2009 machinabitur
4156 1943 4369 2009 dubiis

2422 2023 2721 2091 hostibus
2743 2025 2987 2110 aliquid
3008 2028 3303 2102 iniuriae,
3341 2026 3562 2093 nullus
3598 2028 3725 2093 erit
3760 2029 4077 2094 scelerum
4114 2028 4365 2095 modus.

2420 2109 2645 2191 Quare
2664 2111 3029 2177 immodicis
3054 2115 3229 2180 curis
3251 2120 3317 2178 et
3351 2114 3807 2192 anxietatibus,
3833 2136 4000 2197 quae
4037 2114 4117 2179 ab
4153 2115 4368 2197 aequi-

2419 2199 2577 2262 tatis
2641 2198 2861 2263 studio
2937 2219 3059 2264 nos
3137 2197 3559 2277 abstrahunt,
3625 2199 4013 2283 opponenda
4077 2208 4177 2265 est
4243 2201 4370 2267 Dei

2418 2282 2858 2367 providentia:
2896 2284 2966 2348 in
3001 2305 3196 2367 quam
3233 2284 3290 2349 si
3319 2284 3778 2365 recumbimus,
3824 2285 4043 2351 nullus
4078 2307 4364 2371 unquam

2415 2368 2697 2452 periculi
2746 2369 2940 2435 timor
2976 2370 3058 2435 ad
3104 2371 3404 2454 iniquum
3449 2370 3708 2438 facinus
3757 2381 3872 2437 aut
3916 2373 4168 2437 vafram
4214 2393 4366 2437 con-

2418 2455 2843 2520 sultationem
2924 2477 3046 2522 nos
3123 2456 3433 2541 impellet.
3545 2456 3627 2522 In
3707 2456 3925 2523 verbis
3997 2457 4365 2523 Pharaonis

2419 2541 2639 2604 omnia
2682 2543 3040 2611 contraria:
3100 2563 3256 2608 nam
3310 2541 3421 2607 ubi
3465 2542 3838 2624 admonuit,
3881 2542 4246 2623 Israelitas,
4307 2544 4366 2609 si

2421 2626 2660 2708 velint,
2717 2647 2909 2711 posse
2946 2627 3262 2693 damnum
3306 2628 3581 2708 inferre,
3641 2628 3874 2696 suadet
3916 2630 4093 2694 vires
4138 2650 4362 2695 eorum

2418 2712 2650 2796 quovis
2674 2713 2866 2778 modo
2901 2734 3044 2780 6666
3078 2713 3495 2798 frangendas.
3563 2714 3793 2797 Neque
3817 2716 3989 2780 enim
4028 2717 4365 2798 quaeritur

2418 2798 2518 2863 fas
2576 2799 2665 2862 sit
2721 2820 2959 2879 necne,
3020 2799 3129 2865 ubi
3187 2799 3388 2864 semel
3449 2807 3770 2866 statutum
3816 2808 3948 2881 est,
3993 2803 4368 2886 prospicere

2418 2884 2554 2950 suis
2598 2884 2970 2965 commodis,
3020 2885 3123 2950 vel
3168 2886 3317 2965 otio,
3365 2885 3470 2950 vel
3515 2886 3729 2952 saluti.

2597 2971 2697 3037 10.
2766 2970 2926 3037 Ecce
2997 2970 3287 3053 populus,
3396 2971 3546 3037 Non
3614 2992 3767 3037 raro
3845 2972 4167 3057 contingit
4230 2973 4362 3039 Dei

2417 3055 2973 3124 benedictionibus
3008 3059 3196 3141 quasi
3231 3058 3471 3123 aculeis
3508 3058 3716 3143 pungi
3752 3058 3835 3124 ad
3855 3059 4358 3125 aemulationem

2412 3143 2859 3227 improborum
2939 3146 3224 3222 animos,
3295 3145 3429 3210 imo
3508 3145 3693 3227 quasi
3771 3143 4050 3211 flabellis
4129 3165 4358 3211 eorum

2415 3230 2664 3295 rabiem
2710 3228 2994 3296 accendi.
3081 3229 3311 3313 Neque
3356 3240 3578 3295 tamen
3629 3230 3775 3295 ideo
3836 3231 3942 3295 vel
4009 3230 4357 3296 minimum

2415 3315 2622 3381 divini
2667 3317 2906 3382 favoris
2941 3315 3388 3382 testimonium
3424 3316 3642 3381 minus
3678 3315 3957 3382 amabile
3992 3317 4177 3383 nobis
4213 3337 4358 3383 6666

2414 3401 2637 3482 (161161,
2704 3403 2858 3485 quia.
2923 3403 3173 3468 occasio
3238 3401 3327 3468 sit
3388 3400 3704 3485 improbis
3769 3402 3841 3467 16
3906 3423 4026 3468 1166
4088 3403 4357 3487 gravius

2410 3488 2761 3554 saeviendi.
2869 3489 3088 3571 Atque
3140 3487 3237 3552 ita
3293 3487 3591 3552 consulto
3649 3508 3835 3553 suam
3891 3487 4356 3555 liberalitatem

2409 3574 2593 3639 Deus
2681 3584 3032 3656 temperat,
3111 3594 3195 3637 ne
3272 3571 3481 3638 simus
3557 3579 3858 3641 terrenas
3936 3576 4357 3660 prosperitati

2408 3660 2686 3725 nimium
2725 3659 2929 3726 affixi.
3016 3658 3123 3723 Ita
3165 3657 3361 3725 Iacob
3405 3681 3488 3723 ex
3530 3658 3721 3725 domo
3764 3659 3971 3743 patris
4014 3669 4082 3726 et
4126 3661 4356 3727 haere-

2408 3745 2610 3810 ditate
2656 3746 2973 3830 promissa
3008 3748 3075 3810 in
3112 3745 3419 3811 exsilium
3457 3746 3648 3811 eiecit
3689 3745 4072 3826 benedictio,
4108 3767 4188 3812 ex
4227 3768 4355 3830 qua

2406 3830 2734 3915 pendebat
2802 3840 2943 3897 tota
3009 3832 3150 3896 eius
3201 3830 3516 3897 felicitas:
3575 3831 3689 3897 sed
3749 3831 3872 3897 hoc
3928 3853 4063 3897 uno
4125 3832 4354 3899 solatio

2406 3918 2644 3983 lenivit
2707 3938 2859 3983 61166
2928 3916 3207 3996 (1616166,
3270 3917 3440 3999 quod
3496 3916 3693 3982 sciret
3746 3917 3964 3982 Deum
4024 3917 4150 3983 sibi
4207 3939 4350 3985 esse

2403 4004 2780 4087 propitium.
2868 4002 2976 4068 Ita
3013 4009 3081 4067 et
3121 4003 3397 4086 posteri,
3457 4022 3588 4085 quo
3633 4004 3850 4069 Deum
3895 4004 4107 4087 magis
4152 4004 4348 4070 bene-

2403 4091 2602 4156 ficum
2646 4090 2900 4173 experti
2943 4097 3117 4169 sunt,
3163 4109 3240 4154 66
3284 4089 3655 4153 infestiores
3699 4099 4048 4154 senserunt
4082 4090 4348 4174 Aegyp—

2403 4177 2549 4242 tios.
2629 4175 2891 4242 Pharao
2937 4184 3179 4252 autem,
3225 4183 3299 4239 ut
3344 4194 3454 4240 666
3499 4174 3731 4239 16(1(161
3774 4195 4008 4240 exosos
4052 4174 4159 4239 vel
4201 4196 4347 4240 sus-

2400 4269 2656 4346 peetos,
2728 4282 2956 4327 eorum
3073 4260 3390 4326 otentiam
3467 4259 3539 4323 in
3615 4258 3907 4325 medium
3984 4260 4345 4343 proferens,

2401 4369 2512 4415 eos
2588 4347 2928 4413 insimulat
3049 4346 3414 4426 eiectionis,
3493 4345 3681 4411 cuius
3746 4346 4005 4412 nullum
4084 4347 4344 4432 signum

2402 4432 2734 4500 dederant.
2821 4432 3055 4517 Neque
3101 4441 3318 4497 tamen
3362 4451 3471 4497 666
3515 4430 3672 4496 (11611
3713 4433 3851 4497 fore
3909 4431 4217 4509 rebelles,
4270 4441 4348 4497 ut

2399 4521 2749 4604 imperium
2817 4520 3019 4584 armis
3081 4526 3425 4601 occupent:
3496 4516 3612 4582 sed
3690 4526 3769 4581 ut
3833 4516 3960 4583 alio
4034 4520 4344 4603 migrent.

2399 4604 2595 4673 Unde
2639 4605 2960 4671 coniicere
3003 4604 3188 4684 licet,
3235 4624 3417 4687 spem
3474 4623 3670 4685 quam
3716 4602 3796 4668 de
3840 4602 4057 4668 reditu
4100 4603 4345 4670 fecerat

2399 4693 2583 4758 Deus
2623 4712 2758 4757 non
2804 4691 3266 4757 dissimulasse.
3338 4688 3523 4753 Haec
3564 4699 3781 4754 autem
3829 4690 3971 4754 visa
4011 4697 4111 4754 est
4155 4690 4342 4775 plau-

2398 4778 2608 4844 sibilis
2642 4777 2994 4857 excusatio,
3031 4776 3299 4841 minime
3335 4795 3613 4857 aequum
3650 4794 3810 4853 esse,
3846 4783 3924 4839 ut
3959 4775 4068 4858 qui
4112 4782 4341 4859 sponte

2399 4873 2858 4932 concesserant
2913 4863 2985 4927 in
3049 4861 3244 4927 fidem
3310 4881 3382 4926 re
3430 4861 3518 4940 is,
3574 4859 3764 4926 liberi
3820 4859 4338 4927 dimitterentur:

2400 4951 2593 5018 sicuti
2639 4950 2838 5015 etiam
2884 4953 3350 5014 commemorat
3431 4947 3598 5012 saias
3641 4946 3745 5026 52,
3789 4946 3848 5013 4.

2574 5037 2675 5101 11.
2710 5034 3171 5101 Constituerunt
3189 5035 3401 5118 iyimr.
3469 5032 3615 5097 Hoc
3637 5032 3999 5098 remedium
4023 5031 4341 5118 Aegyptii

2398 5123 2859 5207 excogitarunt
2879 5120 3240 5185 atterendis
3265 5118 3579 5203 paulatim
3601 5118 3758 5182 filiis
3778 5117 4006 5184 Israel.
4074 5116 4338 5184 subditi

2398 5215 2585 5288 sunt,
2641 5206 2794 5273 licet
2832 5205 3037 5290 igitur
3081 5205 3494 5291 vectigalium
3536 5204 3843 5271 oneribus
3887 5225 3995 5269 666
4037 5224 4335 5288 gravare,

2399 5316 2485 5360 ne
2528 5301 2727 5377 caput
2770 5292 3104 5358 attollant:
3164 5291 3326 5358 haec
3384 5291 3664 5357 servitus
3707 5311 3817 5355 666
3867 5288 4228 5356 debilitabit
4270 5300 4337 5354 et

2397 5381 2764 5446 imminuet.
2832 5380 3086 5445 Verum
3121 5377 3437 5444 subiectio
3483 5398 3612 5441 non
3658 5397 3734 5441 eo
3778 5395 3979 5458 usque
4013 5372 4337 5441 trahenda
