4867 6150
550 406 679 473 135

548 594 1039 679 superliminari
1095 598 1152 659 et
1208 595 1279 660 in
1335 594 1573 661 duobus
1621 593 1933 676 postibus,
1995 598 2139 659 tunc
2195 593 2512 659 transiliet

556 682 788 750 Iehova
872 682 1139 747 ianuam
1202 680 1384 746 illam
1406 730 1423 758 ,
1498 700 1695 762 neque
1746 680 2064 760 permittet
2124 683 2499 744 vastatorem

556 768 808 853 inyredi
848 767 1061 834 domos
1100 770 1338 832 vestras
1379 765 1466 831 ad
1497 765 1990 847 percutiendum.
2102 764 2205 830 24.
2266 763 2356 830 Et
2411 763 2508 830 ob-

554 853 893 922 servabitis
934 871 1270 918 sermonem
1310 850 1472 916 hunc
1508 851 1580 917 in
1621 852 1903 931 edictum,
1946 851 2063 916 tibi
2098 856 2157 916 et
2185 851 2344 932 filiis
2378 851 2510 916 tuis

557 960 752 1023 usque
815 941 885 1006 in
941 937 1275 1004 saeculum.
1377 935 1480 1003 25.
1540 936 1631 1002 Et
1680 957 1876 1019 quum
1930 937 2203 1021 inyressi
2254 935 2512 1018 fueritis

558 1031 790 1092 terram
844 1045 1034 1107 quam
1090 1023 1266 1089 dabit
1320 1021 1552 1089 Iehova
1593 1023 1783 1101 vobis,
1842 1023 2007 1087 sicut
2034 1022 2358 1105 pollicitus
2399 1027 2507 1099 est,

557 1118 705 1179 tunc
746 1109 1142 1177 observabitis
1192 1108 1422 1175 cultum
1464 1107 1643 1175 hunc.
1732 1108 1836 1174 26.
1882 1107 1974 1175 Et
2015 1110 2133 1174 erit
2172 1127 2366 1190 quum
2406 1108 2509 1173 di·

559 1198 771 1264 xerint
825 1195 994 1261 vobis
1046 1193 1175 1275 filii
1221 1196 1442 1260 vestri.-
1523 1195 1680 1276 Quis
1737 1199 1826 1260 est
1882 1194 2082 1260 multus
2124 1193 2224 1260 hic
2266 1192 2507 1259 vester?

560 1284 667 1350 27.
719 1284 893 1348 Tunc
933 1281 1172 1359 dicetis,
1224 1279 1373 1347 haee
1415 1285 1506 1345 est
1549 1281 1775 1347 oblatio
1823 1277 2031 1347 Pesah
2074 1278 2351 1356 Iehovae,
2397 1278 2512 1361 qui

564 1369 860 1435 transivit
898 1367 1110 1432 domos
1148 1366 1427 1447 tiliorum
1464 1366 1676 1432 Israel
1716 1367 1788 1431 in
1809 1365 2106 1450 Aeyypto,
2151 1385 2343 1448 quum
2366 1385 2511 1447 per-

561 1458 783 1521 cuteret
828 1453 1198 1537 Aeqyptum,
1243 1456 1297 1517 et
1337 1453 1555 1518 domos
1596 1458 1845 1518 nostras
1887 1451 2189 1518 liberavit.
2279 1450 2370 1515 Et
2412 1452 2510 1515 in-

558 1540 843 1606 curvavit
883 1559 950 1603 se
980 1537 1278 1620 populus,
1324 1543 1382 1603 et
1422 1539 1727 1603 adoravit.
1818 1538 1925 1603 28.
1961 1537 2271 1603 Abierant
2302 1537 2513 1618 itaque

561 1631 620 1692 et
658 1626 937 1709 fecerunt
975 1622 1104 1705 filii
1147 1623 1358 1689 Israel
1397 1624 1558 1690 sicut
1608 1628 2013 1707 praeceperat
2057 1623 2289 1689 Iehova
2334 1621 2512 1688 Mosi

559 1717 618 1778 et
662 1710 972 1787 Aharoni,
1013 1710 1125 1789 sic,
1169 1709 1457 1792 inquam,
1497 1710 1791 1791 fecerant.

738 1882 928 1962 Quae
972 1883 1053 1948 ab
1110 1882 1295 1946 initio
1339 1881 1574 1966 capitis
1619 1880 1953 1964 hueusque
1995 1880 2226 1947 retulit
2269 1879 2510 1957 Moses,

561 1969 718 2053 quia
793 1966 1177 2052 spectabant
1254 1967 1334 2033 ad
1419 1976 1802 2052 perpetuam
1882 1966 2048 2053 legis
2124 1965 2509 2041 doctrinam,

565 2076 741 2121 6666
798 2054 1012 2119 omisi:
1080 2062 1306 2137 postea
1344 2053 1629 2118 inseram
1688 2074 1808 2119 suo
1851 2052 2009 2120 loco.
2096 2053 2243 2118 Etsi
2289 2062 2508 2118 autem

564 2140 675 2206 hic
733 2161 985 2223 quoque
1045 2139 1123 2203 de
1187 2139 1511 2222 paschatis
1571 2139 2028 2205 observatione
2084 2140 2265 2204 Deus
2322 2159 2511 2221 prae·

560 2226 739 2312 cipit,
787 2238 1137 2291 contexere
1185 2234 1404 2289 tamen
1451 2226 1517 2289 in
1564 2224 1838 2290 historia
1882 2226 2095 2291 visum
2140 2225 2299 2290 fuit:
2360 2224 2512 2306 quia

562 2333 697 2377 666
741 2311 1127 2394 simpliciter
1171 2310 1279 2377 hic
1322 2310 1510 2377 docet
1566 2309 1784 2377 Moses
1810 2348 1824 2361 ·
1849 2311 2004 2395 quid
2052 2311 2233 2375 Deus
2289 2330 2510 2375 saecu·

563 2399 646 2463 lis
689 2398 991 2462 omnibus
1036 2417 1075 2460 a
1119 2395 1355 2479 populo
1401 2417 1520 2463 suo
1564 2395 1816 2462 servari
1854 2397 2028 2474 velit,
2068 2396 2181 2462 sed
2219 2394 2374 2479 quid
2410 2415 2511 2460 se-

561 2482 694 2549 mel
739 2483 1033 2565 exegerit
1078 2493 1325 2548 narrat.
1417 2481 1734 2548 Monendi
1791 2483 1965 2548 enim
2018 2491 2174 2548 sunt
2215 2482 2511 2558 lectores,

562 2567 882 2653 quaedam
945 2567 1332 2651 temporalia
1373 2588 1516 2633 esse
1563 2576 1935 2651 praecepta,
1991 2567 2305 2651 quaedam
2352 2588 2513 2631 vero

563 2664 901 2739 perpetua,
937 2674 1214 2736 quorum
1251 2653 1477 2719 eadem
1513 2662 1614 2718 est
1648 2675 1797 2719 cum
1847 2655 1993 2739 lege
2029 2654 2214 2718 ratio,
2306 2651 2513 2718 Cuius

562 2740 666 2806 rei
711 2739 1066 2805 dilucidum
1112 2749 1175 2804 et
1223 2739 1541 2804 familiare
1595 2741 1969 2823 exemplum
2014 2741 2078 2804 in
2129 2740 2251 2804 hoc
2299 2738 2514 2821 capite

567 2827 937 2911 perspicere
1005 2825 1174 2892 licet.
1279 2825 1623 2890 Hactenus
1687 2825 1863 2891 enim
1927 2826 2229 2908 exposuit
2292 2824 2514 2890 Moses

566 2933 735 2995 quae
800 2911 1091 2995 legitima
1156 2922 1327 2977 esset
1393 2912 1742 2995 quotannis
1806 2933 1924 2996 per
1982 2932 2210 2977 omnes
2266 2919 2514 2976 aetates

564 2998 898 3083 paschatis
955 2996 1355 3064 observatio:
1425 3019 1602 3063 6666
1666 3017 1822 3064 vero
1877 2997 2184 3064 historice
2256 3005 2513 3062 tantum

564 3096 1051 3163 commemorat,
1096 3095 1288 3150 nocte
1322 3105 1451 3169 qua
1486 3106 1792 3170 egressus
1829 3098 1930 3150 est
1965 3084 2260 3168 populus,
2306 3104 2512 3166 popu-

565 3171 705 3236 lum
752 3170 1113 3237 celebrasse
1151 3170 1396 3255 pascha
1440 3192 1522 3235 ex
1565 3170 1690 3236 Dei
1735 3168 2062 3258 mandato,
2151 3170 2383 3253 Itaque
2426 3168 2516 3234 le-

570 3258 736 3326 viter
792 3257 1232 3340 perstringam
1292 3276 1459 3340 quae
1520 3257 1624 3322 1116
1682 3255 1967 3324 66666(16
2024 3257 2163 3322 1666
2206 3264 2513 3339 repetun-

568 3353 714 3407 tur:
800 3343 954 3423 quia
1032 3341 1428 3406 commodior
1508 3343 1742 3425 plenae
1807 3342 2260 3426 explicationis
2336 3341 2516 3406 locus

568 3427 696 3494 erit
750 3427 862 3492 ubi
927 3439 1201 3492 ventum
1257 3428 1454 3493 fuerit
1509 3427 1591 3493 ad
1649 3427 1812 3513 legis
1871 3429 2254 3495 doctrinam.
2361 3425 2517 3491 Vox

565 3513 714 3597 ipsa
756 3524 893 3582 nna
953 3513 1302 3578 transitum
1347 3513 1694 3597 significat,
1742 3535 1871 3580 non
1919 3513 2160 3598 populi,
2206 3512 2305 3600 (ut
2350 3512 2517 3578 falso

563 3599 761 3666 multi
806 3597 1150 3685 putarunt)
1195 3599 1308 3664 sed
1341 3598 1469 3664 Dei
1515 3601 1737 3682 ipsius,
1781 3601 1893 3684 qui
1937 3599 2161 3665 domos
2182 3599 2516 3665 Israelita-

566 3707 717 3751 rum
758 3686 1082 3750 immunes
1118 3684 1475 3767 praeteriit,
1536 3707 1737 3768 quum
1786 3687 1995 3769 primo
2044 3687 2220 3751 enita
2264 3685 2517 3751 occide-

564 3780 668 3837 ret
710 3771 780 3835 in
827 3783 963 3835 tota
1004 3770 1324 3855 Aegypto.
1416 3769 1595 3852 Quia
1638 3793 1794 3856 ergo
1838 3775 1936 3837 ira
2048 3774 2107 3837 ei
2152 3792 2317 3855 quae
2361 3780 2518 3838 tunc

563 3858 778 3922 instar
814 3857 1043 3921 diluvii
1087 3857 1347 3939 operuit
1383 3866 1589 3922 totam
1610 3857 1758 3941 Aeg
1806 3871 2011 3942 ptum,
2051 3858 2386 3924 Israelitas
2414 3878 2517 3922 re·

566 3943 759 4027 liquit
795 3944 1101 4021 intactos,
1161 3943 1539 4007 memoriale
1577 3955 1892 4010 transitus
1927 3944 2029 4010 sui
2064 3943 2354 4009 instituit
2388 3963 2517 4025 666

566 4029 735 4096 salvi
781 4040 849 4093 et
897 4028 1255 4093 incolumes
1312 4037 1632 4094 steterant
1667 4030 1738 4094 in
1773 4029 2032 4113 publica
2067 4029 2268 4096 totius
2304 4032 2516 4114 regio-

565 4115 674 4180 nis
717 4113 919 4180 clade.
1009 4114 1375 4179 Transiisse
1432 4112 1695 4198 quidem
1745 4116 1942 4180 etiam
1986 4137 2108 4200 per
2153 4115 2521 4201 Aegyptios

565 4200 823 4280 dicitur,
867 4220 1028 4282 quos
1063 4199 1516 4285 primogenitis
1554 4200 1834 4268 orbavit:
1872 4201 1984 4267 sed
2011 4200 2268 4267 diverso
2304 4200 2520 4282 modo,

566 4286 725 4371 quia
762 4286 987 4352 electis
1008 4285 1146 4352 suis
1187 4286 1496 4369 pepercit,
1543 4309 1620 4354 66
1653 4287 1711 4353 61
1746 4287 1972 4372 616661
2008 4289 2241 4353 1661611
2279 4296 2518 4365 essent,

569 4372 676 4439 vel
721 4373 879 4437 tutis
923 4372 1188 4437 latebris
1231 4373 1524 4455 protecti.

740 4457 844 4522 21.
887 4455 978 4522 Et
1019 4458 1256 4523 vocavit
1298 4457 1509 4523 Moses
1550 4458 1839 4524 seniores,
1943 4458 2274 4544 Dirigitur
2332 4480 2523 4541 pecu-

567 4543 827 4609 liariter
870 4564 1085 4608 sermo
1131 4544 1212 4607 ad
1258 4543 1582 4624 seniores,
1648 4566 1842 4628 quem
1888 4542 2123 4612 deinde
2166 4546 2238 4610 in
2282 4546 2522 4629 vulgus

570 4631 928 4716 proferant.
1016 4629 1248 4713 Neque
1294 4630 1471 4695 enim
1515 4630 1710 4696 simul
1775 4630 2076 4696 exaudiri
2142 4639 2394 4713 poterat
2450 4632 2520 4695 in

566 4727 759 4782 tanta
804 4715 1241 4781 multitudine.
1334 4714 1656 4797 Quamvis
1701 4726 1923 4782 autem
1962 4717 2148 4783 foeda
2191 4726 2364 4783 esset
2411 4738 2523 4799 po-

568 4801 715 4886 puli
756 4800 1092 4884 dissipatio
1136 4800 1255 4866 sub
1302 4801 1446 4867 dira
1488 4802 1602 4868 illa
1640 4802 2012 4887 tyrannide,
2059 4803 2268 4869 voluit
2301 4812 2521 4867 tamen

572 4889 757 4954 Deus
801 4886 1051 4969 aliquas
1093 4886 1344 4952 ordinis
1389 4887 1697 4971 reliquias
1755 4910 2052 4965 manere,
2117 4910 2235 4954 nec
2291 4910 2524 4972 passus

573 4984 676 5041 est
709 4973 890 5038 omni
950 4973 1423 5057 gubernatione
1481 4973 1750 5040 destitui
1792 4996 1952 5057 6666
1998 4974 2122 5040 sibi
2168 4974 2522 5058 adoptave-

569 5071 698 5126 rat.
788 5058 1018 5124 Valuit
1076 5060 1275 5124 etiam
1334 5058 1497 5126 haec
1556 5060 1721 5126 ratio
1787 5060 1869 5126 ad
1915 5061 2266 5127 fovendam
2310 5060 2526 5127 unita-

564 5157 725 5227 tem,
791 5166 876 5209 ne
941 5144 1218 5211 electum
1286 5145 1595 5211 Abrahae
1657 5166 1883 5211 semen
1948 5145 2291 5213 difflueret.
2392 5146 2525 5212 Hie

571 5247 796 5298 autem
851 5240 1113 5295 tantum
1172 5230 1434 5297 disserit
1499 5232 1719 5297 Moses
1785 5230 1866 5295 de
1913 5233 2253 5317 sanguinis
2300 5253 2524 5317 asper-

560 5318 786 5386 sione:
834 5316 989 5400 quia
1031 5315 1110 5382 de
1154 5338 1273 5383 666
1317 5317 1473 5403 6861
1514 5318 1646 5383 1616
1670 5320 2089 5386 concionatus
2133 5322 2361 5385 fuerat.
2410 5318 2523 5384 Iu-

1711 398 2457 475 COMMENTARIUS
2503 399 2603 470 IN
2646 398 2949 466 EXODI
2992 399 3190 467 OAP.
3237 398 3402 467 XII.

4427 401 4535 467 136

2615 589 2725 656 bet
2791 610 2946 673 ergo
3008 589 3351 656 fasciculos
3415 574 3687 676 liyssopi
3754 587 3993 672 intingi
4060 591 4376 674 sanguine
4436 591 4539 676 qui

2615 696 2769 741 vase
2812 686 3127 759 exceptus
3169 675 3385 755 fuerit,
3428 691 3495 741 et
3538 675 3632 740 ita
3666 673 3979 757 cuiusquo
4015 678 4313 761 superius
4347 675 4538 742 limen

2611 771 2680 826 et
2735 759 2961 826 ambos
3022 773 3237 844 postes
3293 759 3572 845 aspergi.
3663 759 3813 842 Quo
3878 761 4067 846 signo
4123 770 4396 828 testatus
4447 769 4540 830 est

2613 845 2798 912 Deus
2842 868 2913 911 se
2949 869 2987 911 a
3026 847 3358 913 communi
3400 846 3677 912 interitu
3724 846 3975 930 eripere
4021 848 4354 931 populum,
4399 849 4543 932 quia

2613 933 2948 1017 sanguinis
2972 944 3128 998 nota
3151 932 3633 999 discerneretur
3655 933 3736 997 ab
3761 933 3998 1016 impiis.
4025 933 4194 999 Nam
4219 933 4542 1001 Israelitas

2614 1020 3097 1085 commonefieri
3143 1018 3458 1104 oportuit,
3505 1019 3790 1104 primum
3836 1020 4138 1085 sacrificii
4181 1022 4542 1103 expiatione

2609 1126 2682 1171 se
2726 1104 2925 1170 eximi
2969 1126 3009 1170 a
3055 1103 3281 1189 plaga,
3340 1115 3409 1171 et
3465 1105 3688 1170 domos
3745 1125 3897 1171 suas
3940 1105 4190 1171 servari
4240 1107 4540 1174 intactas:

2614 1189 2850 1256 deinde
2894 1190 2988 1256 ita
3031 1190 3156 1257 sibi
3213 1191 3602 1257 sacrificium
3658 1190 3964 1273 prodesse
4007 1192 4064 1257 si
4109 1192 4253 1258 eius
4298 1193 4544 1278 insigne

2614 1277 3039 1359 conspicuum
3121 1276 3294 1360 apud
3373 1277 3549 1360 ipsos
3613 1286 3921 1343 exstaret.
4012 1276 4192 1342 Alibi
4257 1277 4545 1345 videmus

2615 1384 2859 1446 agnum
2904 1362 3280 1445 paschalem
3325 1371 3559 1447 typum
3605 1362 3803 1428 fuisse
3850 1362 4134 1441 Christi,
4187 1365 4298 1447 qui
4343 1374 4545 1431 morte

2613 1469 2733 1513 sua
2769 1457 3020 1531 patrem
3058 1449 3245 1515 nobis
3280 1448 3587 1533 placavit,
3626 1470 3709 1513 66
3743 1469 4089 1531 6616611166
4124 1470 4276 1517 6616
4305 1451 4546 1534 1611666

2615 1534 2880 1600 mundo.
2970 1533 3106 1600 Sed
3167 1536 3296 1599 iam
3357 1533 3512 1598 olim
3573 1534 3780 1600 voluit
3838 1535 3959 1601 sub
4009 1535 4157 1620 1686
4224 1537 4547 1604 veteribus

2617 1628 2927 1686 testatum
2973 1620 3217 1697 facere,
3273 1642 3343 1686 se
3403 1641 3533 1684 non
3580 1620 3771 1686 aliter
3815 1621 3947 1687 illis
3991 1643 4134 1688 6666
4175 1623 4546 1706 6166111661.

2616 1706 2893 1772 Minime
2940 1728 3093 1772 vero
3137 1706 3403 1771 dubium
3446 1717 3547 1771 est
3590 1706 3745 1789 quin
3794 1707 4036 1773 visibili
4078 1707 4202 1773 hoc
4260 1709 4548 1794 symbolo

2615 1802 2873 1857 mentes
2919 1813 3146 1857 eorum
3181 1792 3496 1858 extulerit
3530 1791 3611 1857 ad
3649 1813 3878 1857 verum
3919 1805 3983 1857 et
4020 1794 4300 1860 coeleste
4336 1816 4548 1861 exem-

2614 1879 2790 1961 plar,
2849 1877 3023 1961 quod
3065 1899 3104 1942 a
3149 1877 3466 1961 legalibus
3509 1880 3932 1946 caeremoniis
3977 1900 4281 1965 separare
4327 1880 4549 1947 absur-

2616 1962 2772 2029 dum
2842 1974 3015 2030 esset
3078 1986 3153 2029 ac
3219 1963 3421 2029 nefas.
3533 1963 3709 2043 Quid
3778 1965 3956 2030 enim
4023 1966 4234 2050 magis
4306 1968 4549 2051 puerile

2616 2071 2809 2134 66661
2877 2051 3266 2134 6668616616
3331 2048 3598 2132 pecudis
3663 2071 3988 2133 opponere
4054 2050 4374 2119 adversus
4427 2051 4550 2117 Dei

2617 2157 2904 2213 manum,
2950 2136 3051 2201 vel
3098 2136 3248 2200 inde
3287 2145 3506 2218 petere
3542 2135 3775 2202 salutis
3811 2137 4197 2203 materiam?
4244 2137 4551 2204 Ostendit

2616 2244 2772 2306 ergo
2819 2221 3001 2288 Deus
3047 2242 3179 2286 non
3226 2221 3354 2286 alio
3400 2241 3595 2306 quam
3640 2223 3940 2288 sacrificii
3998 2235 4295 2308 respectu
4341 2225 4549 2292 Israe-

2615 2307 2752 2373 litis
2798 2328 3079 2393 parcere.
3173 2307 3364 2373 Unde
3408 2307 3737 2391 sequitur,
3792 2309 3913 2374 sub
3968 2310 4092 2374 hoc
4143 2312 4275 2376 ritu
4322 2332 4550 2396 propo·

2615 2394 2810 2460 sitam
2854 2394 2986 2459 11116
3030 2393 3233 2459 161666
3279 2393 3530 2459 Christi
3574 2403 3887 2475 mortem,
3934 2416 4099 2478 quae
4143 2397 4285 2462 6616
4331 2397 4551 2463 discri-

2617 2501 2766 2545 men
2826 2480 3157 2545 statuebat
3222 2481 3395 2545 inter
3457 2480 3631 2563 ipsos
3696 2493 3762 2544 et
3813 2480 4194 2567 Aegyptios.
4301 2483 4551 2549 Verum

2618 2564 2818 2632 simul
2878 2565 3096 2630 docuit
3155 2566 3407 2630 nullum
3468 2587 3550 2631 ex
3605 2566 3747 2631 fuso
3792 2568 4113 2650 sanguine
4160 2569 4552 2652 sperandum

2618 2673 2760 2717 esse
2805 2650 3090 2716 fructum
3136 2650 3377 2734 absque
3413 2652 3806 2733 aspersione.
3873 2653 4021 2719 Non
4066 2655 4234 2737 quod
4284 2665 4553 2722 externa

2617 2747 2685 2803 et
2729 2737 3004 2802 visibilis
3049 2738 3341 2821 aspersio
3384 2736 3734 2821 quidquam
3784 2739 4086 2804 utilitatis
4131 2741 4400 2818 afferat,
4444 2740 4551 2806 sed

2617 2826 2768 2906 quia
2835 2823 3136 2887 familiari
3204 2826 3334 2889 ritu
3402 2821 3559 2888 utile
3619 2824 3743 2888 1611
3800 2824 3991 2889 rudes
4045 2830 4229 2908 quasi
4294 2829 4363 2892 16
4419 2849 4555 2893 rem

2619 2921 3028 2992 praesentem
3076 2908 3328 2986 adduci,
3377 2919 3449 2974 ut
3493 2909 3920 2993 spiritualiter
3963 2911 4372 2997 implendum
4419 2935 4554 2980 6666

2619 2997 2831 3060 661661
2910 2993 3081 3078 666ᾶ
3163 2994 3503 3061 subiicitur
3580 3017 3802 3061 eorum
3882 2997 4106 3064 oculis.
4218 2998 4557 3086 Sanguine

2621 3082 2871 3149 Christi
2935 3082 3189 3147 animas
3256 3092 3513 3149 nostras
3566 3102 3681 3165 per
3746 3083 4054 3169 spiritum
4117 3089 4411 3172 aspergi,
4478 3108 4556 3152 ex

2619 3170 2818 3235 Petro
2863 3177 3090 3233 notum
3126 3178 3227 3234 est
3262 3166 3349 3254 (1.
3396 3168 3535 3233 Pet.
3586 3169 3643 3247 1,
3689 3166 3775 3256 2).
3843 3170 4062 3237 Η6166
4098 3172 4191 3237 161
4231 3174 4559 3257 proposita

2620 3256 2743 3320 1611
2787 3255 3004 3338 imago
3045 3254 3118 3319 in
3161 3254 3468 3321 fasciculo
3513 3254 3812 3341 hyssopi:
3860 3277 4030 3339 quae
4071 3255 4278 3324 herba
4322 3259 4559 3325 eximia

2621 3341 2691 3407 vi
2714 3339 3045 3425 purgandi
3066 3339 3283 3423 pollet,
3319 3340 3595 3424 ideoque
3616 3352 3682 3406 et
3717 3341 3864 3406 aliis
3898 3343 4232 3409 sacrificiis
4269 3343 4558 3411 adhibita

2621 3428 2775 3506 fuit,
2824 3436 2896 3491 ut
2938 3434 3166 3510 postea
3209 3427 3345 3491 suis
3389 3426 3551 3493 locis
3594 3426 3978 3494 videbimus.

2792 3513 2897 3579 23.
2958 3511 3047 3577 Et
3102 3513 3398 3578 transibit
3452 3510 3705 3580 Iehova.
3810 3513 4010 3579 Vetat
4070 3523 4262 3581 nocte
4318 3514 4556 3602 egredi,

2622 3621 2703 3665 66
2760 3620 2831 3664 66
2888 3598 3319 3681 permisceant
3378 3599 3756 3683 Aegyptiis,
3814 3599 3930 3664 sed
3988 3601 4190 3684 quieti
4248 3600 4560 3669 deliteant

2620 3687 2742 3751 sub
2821 3684 3162 3769 sanguine.
3272 3683 3419 3766 Quo
3497 3685 3686 3769 signo
3763 3684 4082 3751 admoniti
4159 3687 4433 3754 fuerunt
4492 3708 4558 3754 se

2618 3792 2873 3855 quoque
2918 3769 3247 3855 expositos
3294 3792 3433 3836 6666
3474 3770 3709 3849 exitio,
3756 3771 3883 3837 nisi
3927 3773 4246 3857 66686166
4291 3773 4559 3858 protecti

2619 3859 2701 3924 ab
2741 3856 3101 3923 incredulis
3144 3878 3214 3921 se
3258 3856 3725 3941 disiungerent.
3817 3857 4056 3923 Postea
4107 3858 4375 3925 additur
4418 3879 4558 3944 pro·

2621 3944 2876 4021 missio,
2934 3942 3125 4008 modo
3170 3964 3240 4007 66
3283 3944 3662 4008 contineant
3720 3943 3842 4008 sub
3885 3943 4178 4009 custodia
4220 3946 4561 4032 sanguinis

2621 4030 3058 4095 transiturum
3118 4028 3424 4114 angelum
3473 4050 3556 4092 ne
3599 4027 3756 4112 quid
3803 4049 4013 4096 noxae
4058 4030 4351 4116 infligat:
4453 4032 4561 4097 616

2622 4117 2806 4182 Deus
2865 4114 3057 4180 aedes
3114 4114 3207 4178 116
3271 4114 3562 4198 61866166
3621 4135 3738 4197 616
3795 4116 3933 4180 6616
3986 4127 4315 4200 agnoscet.
4482 4138 4561 4183 66

2623 4203 2862 4268 iterum
2907 4200 3227 4283 repetitur
3272 4199 3468 4280 illud,
3514 4222 3623 4267 666
3667 4198 3932 4266 demum
3973 4203 4187 4269 salvos
4230 4204 4371 4270 fore
4414 4225 4561 4270 san·

2624 4287 2846 4374 guinis
2889 4286 3234 4366 beneficio,
3292 4288 3407 4369 qui
3449 4307 3526 4352 66
3568 4307 3638 4352 66
3685 4306 4034 4372 aspergere
4079 4308 4212 4355 non
4259 4290 4561 4375 neglexe-

2624 4374 2792 4439 rint:
2861 4373 3012 4455 quia
3076 4372 3215 4438 sola
3279 4373 3443 4438 fides
3508 4372 3790 4439 salutem
3856 4373 4109 4440 hostiae
4175 4377 4602 4443 mactatione.

2623 4469 2881 4544 partam
2917 4458 3102 4524 nobis
3138 4459 3403 4523 confert.
3472 4457 3786 4525 Vastator
3821 4458 3929 4527 hic
3971 4460 4242 4527 indubie
4300 4470 4561 4530 vocatur

2626 4546 2919 4630 angelus,
2956 4565 3148 4627 quem
3174 4544 3355 4610 Deus
3390 4543 3775 4629 affligendae
3805 4548 4109 4634 Aegypto
4146 4548 4560 4630 praefecerat.

2625 4632 2772 4699 Etsi
2818 4639 3036 4697 autem
3082 4652 3275 4713 saepe
3317 4649 3436 4714 per
3476 4631 3683 4697 malos
3727 4632 3996 4714 angelos
4032 4634 4414 4716 exsequitur
4447 4653 4562 4700 sua

2626 4717 2899 4797 iudicia,
2956 4715 3289 4801 colligitur
3344 4728 3565 4783 tamen
3618 4738 3703 4782 ex
3747 4716 3894 4782 aliis
3940 4718 4100 4783 locis
4143 4718 4324 4788 11666
4368 4720 4562 4786 161666

2626 4826 2835 4871 66616
2880 4824 2962 4868 ex
3021 4802 3279 4880 elsatia,
3343 4803 3456 4885 661
3512 4814 3578 4869 61
3629 4802 3806 4868 1ᾶ616
3864 4805 3985 4870 sub
4030 4802 4300 4871 Christo
4359 4806 4562 4890 capite

2622 4889 3033 4958 liberationis
3077 4887 3300 4973 populi
3346 4889 3645 4955 minister
3682 4889 3825 4955 fuit.

2799 4975 2905 5042 25.
2937 4975 3140 5056 Quum
3158 4976 3430 5058 ingressi
3458 4975 3719 5057 fueritis
3749 4980 4001 5042 terram.
4053 4976 4120 5042 N
4122 4998 4250 5044 666
4271 4976 4564 5062 adiungit

2629 5065 2829 5130 ritum
2873 5062 3008 5127 1616
3052 5081 3367 5140 6666616,
3413 5083 3496 5126 66
3540 5083 3631 5127 66
3679 5081 3832 5126 uam
3874 5062 4229 5129 intercidat
4264 5074 4397 5130 tam
4439 5065 4564 5128 sin·

2675 5150 2876 5215 ularis
2919 5148 3169 5232 gratiae
3213 5147 3547 5212 memoria.
3691 5146 3772 5212 ed
3830 5151 4139 5231 quoniam
4187 5149 4563 5215 mandatum

2627 5172 2820 5301 {atur
2865 5232 2944 5300 de
2986 5233 3294 5299 continua
3338 5232 3640 5299 sabbathi
3676 5232 4145 5316 observatione,
4191 5237 4330 5302 eius
4366 5233 4566 5318 expli·

2627 5322 2950 5387 sationem
2996 5319 3064 5383 in
3112 5318 3313 5384 alium
3352 5320 3562 5385 locum
3602 5319 3813 5405 magis
3848 5330 4284 5404 opportunum
4325 5321 4569 5402 differo-j
