4867 6150
580 428 715 498 503

571 620 840 706 pulsor,
899 621 1092 688 sicuti
1151 628 1379 706 gentes
1433 622 1767 687 finxerunt
1825 621 1981 689 deos
2040 625 2353 707 quosdam
2396 622 2531 688 ἄλε-

577 704 886 788 ξικάιους,
944 728 1179 773 vereor
1225 729 1311 773 ne
1370 706 1676 773 subtilius
1735 707 1838 772 sit.
1929 706 2198 793 Optime
2255 709 2533 793 quadrat

627 793 757 859 uod
802 794 940 858 dixi
985 794 1066 858 de
1105 813 1338 876 caprae
1382 793 1596 859 abitu:
1703 814 2030 877 uanquam
2077 794 2156 861 ab
2208 794 2533 862 Hebraeis

580 814 929 959 dissentio,
989 879 1102 964 qui
1155 879 1371 944 locum
1415 879 1625 945 monti
1723 880 1858 946 inai
1901 882 2284 965 contiguum
2327 882 2532 948 fuisse

581 966 853 1034 volunt:
912 964 1097 1048 quasi
1140 985 1297 1032 vero
1342 988 1472 1031 non
1515 964 1718 1031 fuerit
1759 969 2109 1049 quotannis
2158 988 2300 1034 sors
2357 969 2533 1035 iacta

585 1051 859 1133 Azazel,
903 1072 1101 1133 quum
1161 1059 1381 1117 tamen
1432 1052 1812 1134 longissime
1861 1052 2116 1119 abesset
2141 1055 2448 1138 ⁸populus
2492 1075 2533 1120 a

581 1146 809 1202 monte
848 1135 1054 1202 Sinai.
1116 1134 1419 1204 Sufficiat
1460 1138 1664 1222 igitur
1708 1137 2028 1205 delectam
2070 1139 2272 1206 fuisse
2316 1140 2531 1226 regio-

583 1243 741 1288 nem
783 1223 1141 1289 solitariam
1187 1231 1254 1289 et
1287 1223 1559 1289 minime
1601 1223 2043 1303 habitabilem,
2079 1233 2154 1290 ιιι
2194 1225 2349 1293 illuc
2393 1226 2531 1291 abi-

579 1315 852 1460 geretur
905 1308 1163 1393 hircus,
1222 1330 1308 1375 ne
1363 1309 1434 1374 in
1490 1310 1728 1393 populo
1782 1309 2097 1377 resideret
2147 1310 2278 1378 Dei
2330 1312 2533 1378 male-

628 1395 792 1461 ‘ctio.

762 1480 864 1546 12.
931 1482 1230 1547 Assumet
1270 1500 1504 1564 quoque
1533 1481 1792 1563 plenum
1832 1481 2236 1550 thuribulum.
2327 1485 2531 1550 Ante-

581 1587 778 1651 quam
845 1568 1233 1651 sanguinem
1297 1568 1369 1632 in
1433 1568 1879 1633 sanctuarium
1938 1567 2210 1650 inferat,
2265 1568 2532 1635 iubetur

583 1654 882 1719 suffitum
948 1653 1203 1718 offerre.
1304 1653 1473 1719 Erat
1526 1652 1786 1737 quidem
1846 1651 1949 1741 (ut
2006 1665 2159 1721 ante
2217 1654 2529 1743 vidimus)

580 1740 787 1805 altare
831 1739 1307 1824 thymiamatis,
1346 1737 1454 1805 ubi
1499 1738 1800 1805 adolebat
1841 1740 2176 1820 sacerdos,
2221 1740 2334 1808 sed
2372 1751 2528 1807 ante

580 1825 835 1892 velum:
895 1844 1071 1890 nunc
1128 1846 1280 1891 vero
1337 1833 1412 1890 ut
1477 1826 1770 1892 suffitum
1833 1826 2029 1892 faciat
2091 1827 2393 1895 sacerdos
2457 1828 2528 1892 in

577 1911 724 1996 ipso
768 1909 992 1995 adyt0,
1038 1909 1322 1976 iubetur.
1344 1911 1521 1977 intra
1564 1912 1782 1978 velum
1826 1923 2190 1998 penetrare.
2278 1914 2527 1979 Notatu

581 2018 744 2063 vero
790 1997 1064 2080 dignum
1118 2005 1223 2062 est
1285 1997 1456 2080 quod
1523 1997 1767 2063 dicitur
1829 1998 2010 2063 fumo
2080 1998 2528 2082 thymiamatis

579 2083 1002 2166 operiendum
1050 2104 1192 2149 esse
1234 2083 1775 2166 propitiatorium,
1820 2105 1904 2149 ne
1948 2086 2271 2151 moriatur
2313 2105 2526 2151 sacer-

579 2169 713 2235 dos.
802 2169 948 2235 Hoc
991 2170 1166 2234 enim
1213 2169 1400 2253 signo
1446 2179 1783 2236 ostensum
1828 2170 1951 2235 fuit
1994 2191 2187 2254 quam
2226 2171 2530 2237 formida-

490 2286 506 2306 ·
575 2255 726 2321 bilis
769 2256 855 2321 sit
898 2254 1025 2319 Dei
1069 2254 1399 2335 maiestas,
1441 2256 1625 2322 cuius
1661 2265 2046 2341 conspectus
2082 2258 2276 2322 etiam
2313 2279 2527 2323 sacer·

579 2342 717 2407 doti
746 2340 1010 2406 lethalis
1037 2348 1237 2406 esset:
1278 2349 1351 2406 ut
1386 2362 1613 2407 omnes
1649 2340 1973 2409 discerent
2008 2344 2529 2425 contremiscere,

579 2438 648 2493 et
690 2426 1071 2511 suppliciter
1118 2446 1339 2492 coram
1398 2447 1474 2492 eo
1533 2448 1603 2493 se
1653 2436 2098 2512 prosternere,
2157 2428 2392 2496 deinde
2453 2440 2527 2495 ut

579 2513 797 2578 omnis
855 2512 1123 2578 audacia
1177 2520 1243 2577 et
1287 2514 1623 2579 temeritas
1677 2524 2217 2599 compesceretur.
2305 2515 2531 2582 Incer-

579 2607 723 2664 tum
766 2619 924 2665 vero
968 2606 1072 2663 est
1113 2619 1197 2664 an
1236 2597 1429 2664 simul
1467 2600 1852 2666 mactaverit
1886 2601 2237 2668 iuvencum
2271 2622 2391 2685 pro
2433 2622 2524 2684 se,

581 2692 648 2751 et
688 2683 944 2750 hircum
993 2704 1110 2766 pro
1167 2685 1442 2767 populo,
1488 2705 1574 2750 an
1619 2706 1774 2751 vero
1816 2698 2158 2771 postquam
2202 2689 2524 2772 sanguine

578 2771 679 2837 sui
724 2769 1021 2836 sacrificii
1078 2770 1527 2835 sanctuarium
1583 2781 1981 2854 asperserat,
2036 2773 2294 2840 hircum
2344 2795 2522 2840 seor-

577 2878 724 2923 sum
789 2855 1249 2922 immolaverit.
1366 2855 1650 2922 Videtur
1735 2857 1996 2942 quidem
2068 2859 2287 2926 Moses
2353 2861 2525 2926 hanc

578 2941 955 3007 distinctam
1002 2942 1238 3008 seriem
1284 2941 1505 3007 verbis
1560 2944 1699 3009 suis
1754 2953 2012 3025 notare,
2069 2946 2223 3028 quia
2273 2946 2381 3012 ubi
2443 2946 2523 3012 de

575 3029 793 3112 prima
850 3028 1224 3112 aspersione
1258 3027 1571 3111 loquutus
1625 3038 1755 3110 est,
1808 3031 2119 3097 continuo
2169 3040 2317 3115 post
2369 3031 2523 3099 sub-

574 3115 748 3182 iicit:
815 3113 1135 3180 Mactabit
1220 3134 1475 3198 quoque
1541 3114 1794 3181 hircum
1861 3137 1981 3200 pro
2046 3128 2341 3202 peccato:
2408 3118 2524 3185 sed

578 3201 731 3285 quia
789 3199 959 3283 apud
1008 3200 1240 3265 Mosen
1295 3200 1703 3267 narrationes
1751 3222 1944 3286 saepe
1997 3223 2129 3268 non
2188 3213 2527 3286 ponuntur

578 3307 696 3353 suo
737 3285 909 3364 loco,
966 3292 1032 3351 et
1088 3306 1194 3351 res
1236 3294 1338 3353 est
1387 3285 1612 3370 exigui
1667 3289 2014 3368 momenti,
2063 3289 2263 3373 eligat
2318 3290 2526 3357 lector

577 3379 802 3438 utrum
849 3370 1043 3437 volet.

755 3455 855 3522 16.
922 3455 1014 3522 Et
1045 3457 1402 3524 mundabit
1439 3459 1891 3526 sanctuarium.
1965 3458 2273 3526 Absurda
2317 3460 2529 3527 videri

577 3550 798 3627 posset
840 3543 1199 3609 sanctuarii
1244 3543 1507 3624 ablutio,
1552 3565 1629 3611 ac
1674 3545 1732 3610 si
1774 3545 1845 3610 in
1879 3543 2225 3613 hominum
2257 3546 2527 3613 arbitrio

578 3636 752 3695 esset
795 3627 967 3712 quod
1011 3628 1195 3695 Deus
1247 3629 1387 3712 ipse
1431 3632 1873 3711 consecravit,
1920 3631 2228 3715 polluere.
2318 3634 2528 3716 Atqui

577 3715 820 3780 scimus
856 3712 1076 3779 Deum
1121 3736 1424 3781 veracem
1458 3736 1746 3795 manere,
1791 3717 2091 3802 quamvis
2126 3724 2303 3785 totus
2336 3740 2528 3784 mun-

580 3800 703 3865 dus
757 3800 998 3882 impius
1058 3800 1177 3866 sit:
1240 3801 1413 3867 unde
1470 3803 1800 3887 sequitur,
1861 3804 2173 3887 quidquid
2238 3805 2528 3870 instituit

577 3886 762 3951 Deus
805 3894 1110 3951 naturam
1155 3908 1284 3951 non
1329 3896 1585 3953 mutare
1643 3889 1984 3955 hominum
2043 3890 2244 3957 vitiis.
2331 3889 2527 3972 Quod

579 3972 638 4038 si
683 3970 868 4037 nulla
908 3993 992 4036 ex
1042 3972 1387 4039 hominum
1447 3976 1728 4058 peccatis
1786 3977 2087 4060 contagio
2136 3976 2525 4044 tabernacu-

573 4057 715 4124 lum
759 4057 1018 4135 infecit,
1061 4079 1467 4142 supervacua
1510 4067 1654 4126 erat
1698 4060 1966 4127 ablutio:
2013 4082 2246 4127 verum
2294 4084 2524 4145 quam-

573 4146 679 4212 vis
728 4144 1177 4210 sanctuarium
1237 4165 1356 4228 per
1413 4166 1482 4210 se
1542 4146 1792 4212 nullam
1847 4146 2061 4212 labem
2121 4148 2528 4213 contraxerit

576 4253 662 4297 ex
727 4229 1080 4296 sceleribus
1145 4230 1400 4313 populi,
1469 4240 1689 4298 tamen
1755 4232 1966 4316 quoad
2030 4234 2236 4317 ipsius
2300 4234 2527 4318 populi

575 4315 835 4398 culpam
883 4325 949 4381 et
992 4323 1268 4394 reatum,
1305 4316 1539 4382 merito
1573 4318 1987 4384 immundum
2024 4326 2346 4386 censetur.
2407 4321 2524 4385 At-

571 4421 701 4484 que
744 4402 838 4466 ita
881 4412 1321 4487 exaggeratur
1369 4402 1649 4484 crimen,
1694 4404 1863 4487 quod
1915 4404 2214 4472 homines
2259 4403 2524 4492 (quibus

575 4487 821 4571 alioqui
863 4488 1267 4570 propositum
1311 4498 1412 4554 est
1457 4489 1670 4554 Deum
1708 4489 1945 4578 colere)
1990 4491 2049 4555 si
2091 4492 2524 4574 contemptim

569 4571 686 4640 vel
739 4572 962 4638 minus
1004 4583 1386 4641 reverenter
1440 4572 1505 4638 id
1544 4574 1819 4658 faciant,
1863 4598 2125 4643 sacrum
2168 4576 2525 4661 profanant

574 4659 718 4725 eius
761 4677 1020 4723 nomen.
1108 4660 1513 4726 Detestabile
1559 4662 1861 4727 omnibus
1909 4662 2324 4749 sacrilegium
2380 4676 2522 4728 tum

575 4744 734 4822 fuit,
801 4742 1006 4808 altare
1074 4753 1142 4810 et
1204 4747 1651 4812 sanctuarium
1708 4748 1834 4813 Dei
1897 4749 2207 4832 polluere.
2318 4748 2523 4833 Atqui

578 4831 799 4897 Moses
835 4828 1032 4895 huius
1064 4831 1389 4915 sacrilegii
1423 4854 1569 4898 reos
1604 4834 1763 4900 facit
1789 4833 2147 4914 Israelitas,
2193 4834 2300 4901 ubi
2336 4835 2523 4902 iubet

573 4914 1022 4983 sanctuarium
1077 4919 1363 5001 purgari.
1454 4918 1661 4985 Porro
1727 4922 2012 4987 sciamus
2067 4921 2370 4987 homines
2427 4922 2524 4988 ita

577 5001 1024 5070 contaminare
1095 5002 1222 5067 Dei
1292 5024 1508 5082 sacra,
1582 5027 1663 5071 ne
1784 5006 1897 5072 uid
1965 5014 2188 5073 tamen
2253 5006 2524 5074 decedat

575 5109 802 5154 eorum
838 5097 1130 5166 naturae,
1167 5109 1288 5154 nec
1324 5088 1611 5173 dignitas
1649 5092 1752 5156 vio
1778 5103 1939 5158 etur.
2020 5092 2244 5175 Quare
2281 5093 2522 5160 diserte

575 5175 890 5257 exprimit
946 5173 1165 5238 Moses
1229 5194 1352 5256 pur
1439 5175 1500 5238 ri
1567 5179 2014 5243 sanctuarium
2079 5179 2160 5245 ab
2216 5179 2285 5243 in
2334 5180 2520 5245 uina-

575 5261 817 5325 mentis
866 5277 998 5322 non
1042 5259 1210 5339 suis,
1265 5282 1334 5326 se
1424 5260 1704 5326 filiorum
1750 5263 1977 5329 Israel.
2067 5265 2264 5332 Nunc
2371 5266 2519 5330 uius

565 5345 825 5431 figurae
868 5344 1110 5411 veritas
1153 5345 1224 5410 in
1267 5367 1458 5413 usum
1509 5356 1808 5414 nostrum
1853 5350 2136 5417 tenenda
2178 5359 2296 5418 est.
2386 5351 2520 5417 Per

1979 430 2490 503 SECUNDUM
2532 435 3179 504 PRAECEPTUM.

4428 441 4538 509 504

2634 623 3030 707 baptismum
3075 634 3142 690 et
3178 645 3426 692 sacram
3488 645 3757 693 coenam
3816 625 4006 694 nobis
4062 635 4328 710 apparet
4378 625 4537 697 Deus

2631 710 2703 776 in
2746 709 2880 776 filio
2922 732 3042 776 suo
3084 711 3453 796 unigenito:
3500 712 3662 779 haec
3703 720 3860 779 sunt
3900 712 4267 779 sanctitatis
4310 723 4541 782 nostrae

2631 796 2938 880 pignora:
3005 817 3241 863 verum
3306 818 3470 881 quae
3526 807 3756 865 nostra
3818 799 4151 884 corruptio
4215 810 4342 878 est,
4401 799 4542 869 haec

2633 881 2903 966 spiritus
2947 903 3215 967 organa,
3260 882 3495 967 quibus
3539 905 3658 949 nos
3701 882 3886 950 Deus
3928 885 4311 963 sanctificat,
4353 888 4543 968 profa-

2634 989 2792 1033 nare
2827 988 2960 1034 non
2998 967 3373 1048 desinimus,
3418 981 3738 1053 quantum
3772 971 3842 1035 in
3885 969 4072 1037 nobis
4109 978 4225 1036 est.
4293 969 4548 1052 Quando

2634 1062 2853 1120 autem
2898 1054 3118 1120 nullae
3160 1054 3442 1138 pecudes
3485 1063 3885 1138 mactantur,
3927 1056 4350 1142 ingemiscere
4382 1079 4547 1140 opor·

2634 1147 2764 1205 tet:
2812 1160 2888 1206 ac
2932 1140 3316 1223 suppliciter
3356 1142 3628 1225 precari,
3672 1149 3746 1206 ut
3780 1141 4004 1209 sordes
4040 1151 4299 1208 nostras
4337 1144 4552 1227 quibus

2634 1224 2999 1309 baptismus
3040 1227 3318 1294 vitiatur
3361 1236 3427 1292 et
3467 1247 3653 1295 sacra
3696 1248 3915 1309 coena,
3960 1227 4267 1294 Christus
4309 1230 4552 1314 sangui-

2636 1311 2738 1378 nis
2780 1312 2882 1377 sui
2926 1313 3299 1396 aspersione
3342 1311 3587 1395 deleat,
3630 1333 3705 1380 ac
3761 1325 4016 1398 purget.
4105 1314 4300 1380 Ratio
4334 1335 4551 1400 purga·

2634 1398 2833 1463 tionis
2894 1398 3181 1464 notanda
3259 1406 3392 1484 est,
3469 1399 3775 1484 quoniam
3841 1399 4095 1465 habitet
4165 1400 4337 1483 apud
4399 1400 4556 1484 ipsos

2633 1483 3123 1550 tabernaculum
3157 1485 3331 1550 inter
3364 1506 3591 1551 eorum
3623 1484 4090 1552 immunditias.
4137 1484 4389 1567 Quibus
4421 1507 4554 1554 ver-

2631 1568 2732 1635 bis
2789 1570 3116 1653 significat
3169 1570 3417 1652 Moses,
3473 1573 3567 1638 sic
3625 1570 3907 1656 pollutos
3955 1592 4098 1638 esse
4150 1572 4448 1638 homines
4497 1580 4558 1639 et

2630 1655 3020 1740 corruptelis
3063 1655 3352 1738 refertos,
3394 1664 3471 1722 ut
3511 1655 3826 1742 quidquid
3867 1667 4165 1723 sanctum
4209 1666 4315 1724 est
4351 1666 4557 1725 conta-

2633 1740 2904 1821 minent,
2951 1742 3077 1807 nisi
3120 1741 3483 1809 intercedat
3527 1741 3876 1809 abstersio:
3922 1763 4076 1809 nam
4123 1764 4241 1827 pro
4286 1744 4557 1811 confesso

2629 1827 2851 1905 sumit,
2896 1828 3040 1893 fieri
3084 1847 3215 1892 non
3260 1849 3448 1912 posse
3491 1830 3648 1913 quin
3694 1829 3994 1895 homines
4036 1849 4300 1914 semper
4334 1830 4421 1895 ali
4460 1828 4559 1896 uid

2630 1913 3030 1995 impuritatis
3091 1934 3315 1980 secum
3377 1915 3609 1981 ferant.
3699 1913 3893 1996 Quod
3951 1920 4170 1981 autem
4237 1915 4321 1982 de
4377 1852 4560 2002 adyto

2629 1998 2876 2149 &ctum
2916 2008 3039 2149 lest,
3082 1999 3163 2065 ad
3201 1999 3406 2067 altare
3442 2021 3701 2085 quoque
3737 2000 4073 2078 transfert,
4109 2007 4177 2066 et
4215 2008 4432 2068 totum
4472 2010 4560 2067 ta-

2710 2106 2913 2151 rnacu
2943 2106 3072 2151 um.

2805 2171 2903 2237 17.
2975 2170 3218 2237 Nullus
3280 2175 3489 2237 autem
3564 2169 3756 2237 homo.
3848 2170 4040 2253 Quod
4108 2192 4342 2240 omnes
4405 2173 4565 2239 inter

2629 2257 2844 2341 ipsum
2893 2256 3280 2340 expiationis
3325 2266 3540 2323 actum
3588 2257 3669 2322 ab
3720 2276 3982 2324 accessu
4024 2256 4433 2325 tabernaculi
4473 2279 4563 2324 ar-

2630 2350 2879 2423 centur,
2921 2341 3395 2427 quodammodo
3431 2362 3641 2427 poena
3673 2342 3807 2409 illis
3842 2343 4163 2428 infligitur
4198 2344 4564 2429 temporalis

2629 2428 2878 2494 exsilii:
2918 2438 2992 2494 ut
3031 2434 3395 2513 agnoscant
3428 2450 3499 2495 se
3533 2429 3871 2514 profligari
3908 2449 3947 2493 a
3982 2430 4110 2495 Dei
4145 2429 4337 2509 facie,
4378 2429 4562 2497 donec

2628 2514 2809 2581 locus
2833 2515 2946 2598 qui
2970 2516 3296 2580 maculam
3319 2515 3649 2581 contraxit
3672 2536 3754 2580 ex
3771 2535 3997 2581 eorum
4023 2517 4331 2601 peccatis,
4344 2536 4565 2601 purge-

2630 2612 2759 2666 tur.
2849 2600 2993 2667 Hoc
3039 2602 3227 2667 triste
3270 2599 3396 2665 fuit
3428 2601 3893 2684 spectaculum,
3939 2622 4140 2685 quum
4190 2601 4566 2669 tabernacu-

2628 2686 2766 2752 lum
2835 2685 3205 2752 desererent
3270 2705 3499 2752 omnes
3556 2706 3839 2769 quorum
3900 2705 4097 2753 causa
4160 2695 4566 2754 exstructum

2628 2772 2870 2839 fuerat:
2917 2771 3031 2839 sed
3069 2772 3191 2838 hoc
3227 2770 3417 2837 modo
3454 2772 3770 2838 admoniti
3805 2771 4091 2853 fuerunt,
4128 2795 4364 2841 omnes
4407 2774 4566 2840 salu·

2628 2859 2714 2925 tis
2795 2866 2971 2925 artes
3019 2866 3086 2925 et
3121 2878 3429 2923 numeros
3469 2857 3718 2924 includi
3771 2857 3896 2924 sub
3939 2880 4075 2924 una
4131 2858 4265 2926 Dei
4326 2858 4568 2927 miseri-

2627 2965 2742 3010 cor
2790 2945 2881 3023 'a,
2931 2944 3087 3011 dnm
3121 2966 3193 3010 se
3228 2941 3537 3011 videbant
3572 2966 3612 3010 a
3644 2945 3975 3027 proposito
4008 2945 4244 3011 veniae
4281 2945 4567 3012 obtinen-

2629 3029 2750 3097 dae
2793 3030 3078 3097 remedio
3123 3029 3412 3098 excludi:
3472 3029 3603 3096 nisi
3647 3029 3857 3096 altera
3895 3030 4091 3098 venia
4132 3038 4568 3100 succurreret:

2629 3116 2940 3200 quoniam
2984 3138 3024 3182 a
3066 3138 3183 3202 spe
3225 3117 3766 3183 reconciliationis
3810 3117 4208 3184 exciderant.

2801 3202 2903 3268 20.
2972 3202 3179 3285 Quum
3205 3202 3446 3285 fimierit
3480 3203 3758 3285 expiare.
3835 3202 4100 3269 Olarius
4138 3223 4329 3270 nunc
4361 3203 4567 3289 expri-

2629 3287 2837 3353 mitur
2878 3289 3043 3353 ratio
3101 3289 3341 3373 piaculi
3398 3286 3612 3372 quoad
3653 3288 3935 3354 alterum
3988 3289 4247 3356 hircum
4267 3342 4285 3372 ,
4346 3311 4569 3373 nempe

2630 3383 2705 3439 ut
2747 3373 3021 3440 sistatur
3064 3395 3284 3442 coram
3328 3374 3501 3455 Deo,
3546 3383 3615 3440 et
3657 3374 3958 3441 sacerdos
4012 3377 4326 3443 manibus
4385 3396 4569 3461 super

2627 3469 2826 3543 caput
2867 3460 3008 3525 eius
3051 3460 3399 3544 impositis,
3460 3461 3850 3528 confiteatur
3891 3469 4163 3545 peccata
4202 3463 4465 3547 populi,
4503 3469 4568 3528 ut

2628 3545 3153 3613 maledictionem
3187 3545 3441 3613 reiiciat
3479 3547 3552 3611 in
3593 3546 3812 3630 ipsum
3854 3546 4139 3613 hircum:
4185 3546 4322 3615 hoc
4374 3567 4567 3614 unum

2627 3629 2728 3718 (ut
2772 3630 2908 3697 dixi
2975 3629 3294 3714 ἀναίματον
3336 3633 3725 3698 sacrificium
3761 3633 3918 3699 fuit:
3955 3632 4194 3699 diserte
4247 3635 4431 3700 enim
4466 3655 4566 3718 po-

2628 3718 2809 3783 nitur
2861 3738 2899 3783 o
2943 3717 3132 3797 latio,
3177 3717 3295 3785 sed
3353 3738 3519 3802 quae
3568 3718 4078 3785 immolationem
4120 3718 4373 3803 prioris
4415 3719 4566 3786 hirci

2626 3805 3007 3886 respiceret:
3059 3804 3333 3888 ideoque
3382 3802 3597 3887 quoad
3651 3804 3789 3870 vim
3843 3803 4226 3887 placationis
4242 3857 4260 3884 ,
4307 3806 4567 3872 minime

2625 3897 2799 3956 esset
2831 3888 2914 3954 ab
2946 3909 3027 3955 ea
3057 3889 3441 3973 separanda.
3507 3890 3714 3956 Porro
3747 3889 4096 3956 innoxium
4137 3891 4397 3958 animal
4424 3890 4567 3958 sub·

2626 3975 2814 4042 stitui
2855 3976 2923 4040 in
2971 3975 3188 4042 locum
3223 3975 3561 4042 hominum
3580 4027 3599 4054 ,
3643 3984 3717 4041 ut
3765 3976 3893 4041 Dei
3927 3975 4378 4045 maledictioni
4427 3976 4566 4044 sub-

2625 4062 2931 4127 iiceretur
2948 4110 2964 4137 ,
3009 4061 3278 4128 minime
3322 4069 3827 4129 consentaneum
3872 4062 4027 4128 fuit:
4070 4062 4200 4128 nisi
4246 4072 4331 4130 ut
4375 4064 4566 4130 disce-

2626 4156 2778 4214 rent
2841 4146 3068 4214 fideles
3126 4167 3197 4213 se
3250 4147 3519 4214 ferendo
3576 4147 3703 4213 Dei
3751 4147 3990 4215 iudicio
4052 4148 4333 4217 minime
4388 4170 4567 4235 pares

2625 4254 2800 4312 esse,
2836 4253 2956 4298 nec
2998 4232 3190 4298 aliter
3224 4254 3295 4300 se
3336 4232 3600 4299 liberari
3643 4255 3836 4317 quam
3882 4254 4059 4300 noxa
4100 4244 4166 4301 et
4208 4236 4409 4320 culpa
4451 4235 4569 4301 alio

2625 4317 2963 4385 translata.
3048 4318 3221 4385 Nam
3267 4320 3420 4404 quia
3460 4320 3756 4386 sentiunt
3798 4319 4119 4397 homines,
4165 4342 4240 4386 se
4287 4323 4392 4388 ira
4427 4319 4565 4399 Dei,

2625 4425 2790 4489 quae
2847 4404 3149 4471 omnibus
3205 4405 3547 4482 incumbit,
3599 4405 3863 4489 penitus
3917 4404 4133 4483 obrui,
4186 4427 4366 4474 onus
4416 4405 4565 4472 illud

2625 4489 3030 4557 intolerabile
3093 4490 3300 4557 variis
3354 4491 3565 4558 modis
3622 4490 3880 4557 amoliri
3936 4491 4042 4559 vel
4100 4502 4421 4561 excutere
4474 4513 4568 4561 oo-

2626 4587 2900 4653 nantur,
2947 4576 3063 4643 sed
3097 4576 3373 4643 frustra:
3421 4579 3571 4662 quia
3622 4577 3805 4642 nulla
3852 4577 4171 4644 absolutio
4222 4579 4564 4663 speranda,

2624 4664 2752 4730 nisi
2794 4663 3234 4730 satisfactione
3277 4664 3693 4747 interposita:
3741 4662 3910 4730 hanc
3955 4685 4109 4730 vero
4160 4665 4261 4731 fas
4304 4686 4441 4731 non
4473 4670 4567 4731 est

2625 4748 2890 4816 obtrudi
2932 4748 3271 4815 hominum
3317 4750 3618 4816 arbitrio:
3670 4759 3737 4815 et
3777 4750 4017 4815 stultae
4061 4751 4411 4835 superbiae
4455 4759 4565 4828 est,

2623 4835 2695 4901 in
2738 4857 2809 4902 se
2844 4835 3029 4924 ipsis⁸
3062 4835 3345 4919 pretium
3392 4856 3734 4919 quaerere,
3788 4855 3914 4919 quo
3957 4843 4222 4919 peccata
4265 4857 4561 4922 compen-

2622 4929 2787 4987 sent.
2880 4921 3031 4987 Alia
3076 4920 3283 5006 igitur
3339 4921 3640 5006 placandi
3698 4921 3828 4988 Dei
3890 4922 4058 4987 ratio
4128 4922 4380 4990 tradita
4433 4923 4563 5001 fuit,

2623 5007 2779 5073 dum
2817 5006 3122 5074 Christus
3156 5009 3363 5074 factus
3402 5006 3789 5084 maledictio,
3833 5006 3904 5072 in
3943 5029 4014 5073 se
4046 5021 4320 5092 peccata
4355 5019 4561 5075 trans-

2623 5093 2778 5159 tulit
2836 5114 3001 5177 quao
3061 5092 3363 5158 homines
3431 5113 3471 5159 a
3528 5094 3671 5160 Deo
3725 5092 4100 5160 alienabant
4158 5091 4248 5180 (2.
4298 5094 4451 5163 cor.
4506 5091 4559 5168 5,

2625 5180 2726 5245 19.
2778 5179 2997 5245 Galat.
3052 5178 3113 5257 3,
3176 5178 3277 5244 13.
3334 5178 3511 5245 Psal.
3565 5179 3669 5260 51,
3732 5177 3858 5266 19).
3946 5179 4291 5247 Confessio
4352 5191 4557 5247 autem

2622 5266 2704 5331 ad
2766 5263 3245 5331 humiliandum
3305 5265 3617 5349 populum
3680 5266 3920 5344 valuit,
3980 5274 4046 5330 et
4096 5266 4191 5331 ita
4256 5266 4560 5332 stimulus

2619 5351 2743 5416 fuit
2786 5351 2869 5416 ad
2912 5348 3199 5416 studium
3257 5351 3726 5434 poenitentiae:
3774 5352 3926 5436 quia
3970 5351 4363 5420 sacrificium
4423 5351 4559 5416 Deo
