4867 6150
595 440 732 508 487

599 632 791 708 ratic,
848 648 967 695 cur
1006 630 1258 696 invidia
1302 651 1523 696 carere
1568 631 1802 698 debeat
1846 630 2056 695 honor
2099 629 2361 695 Levitis
2404 648 2558 693 con·

601 738 857 797 cessus,
924 717 1230 799 quoniam
1290 718 1464 800 ipsos
1511 718 1692 783 Deus
1736 716 2166 782 constituerat
2223 715 2558 780 ministros

603 802 821 869 cultus
856 803 980 868 sui.
1027 801 1290 887 Dignus
1325 816 1548 869 autem
1585 813 1687 869 est
1710 803 2045 885 operarius
2081 801 2380 867 mercede
2416 821 2556 866 sua.

779 888 838 953 3.
889 887 1075 955 Istud
1117 895 1324 955 aulem
1367 891 1488 955 erit
1527 890 1652 956 ius,
1733 889 1881 954 Nou
1928 886 2122 952 modo
2156 888 2226 951 in
2273 886 2557 971 gratiam

601 974 1015 1041 sacerdotum
1059 986 1400 1040 enumerat
1447 977 1629 1041 Dens
1672 996 1838 1059 quae
1881 974 2028 1040 vult
2071 973 2151 1038 ab
2194 974 2359 1057 ipsis
2408 993 2556 1055 per-

605 1062 757 1145 cipi,
808 1070 881 1124 ut
912 1061 1054 1126 sine
1089 1081 1431 1126 murmure
1469 1070 1534 1125 et
1570 1059 1981 1145 querimonia
2015 1058 2189 1142 quod
2224 1079 2417 1124 suum
2457 1066 2557 1123 est

603 1147 959 1229 recipiant:
1005 1146 1120 1212 sed
1157 1148 1395 1231 populo
1439 1147 1641 1211 etiam
1686 1147 1974 1214 consulit
2006 1167 2094 1210 ne
2139 1146 2314 1228 turpi
2361 1164 2557 1227 quae·-

603 1243 714 1299 stu
758 1231 1058 1298 auferant
1101 1231 1470 1299 sacerdotes
1511 1233 1663 1317 plus
1698 1252 1893 1316 quam
1937 1233 2037 1297 fas
2073 1232 2190 1296 sit:
2236 1230 2407 1314 quod
2452 1251 2556 1296 sa·-

604 1339 719 1384 cra
764 1318 1038 1384 historia
1081 1319 1316 1385 recitat
1359 1339 1396 1382 a
1441 1319 1591 1383 filiis
1614 1319 1770 1383 Heli
1814 1318 2058 1384 factum
2096 1339 2237 1383 esse
2258 1315 2345 1403 (1.
2373 1314 2554 1381 Sam.

601 1404 665 1484 2,
711 1402 842 1490 22).
887 1404 1059 1469 Nam
1105 1425 1388 1487 eousque
1424 1405 1724 1470 licentiae
1761 1411 2213 1486 proruperant,
2258 1412 2333 1468 ut
2366 1422 2553 1484 prae-

605 1491 852 1557 donum
910 1490 1156 1570 instar,
1216 1490 1535 1556 violenter
1582 1498 1896 1574 raperent
1950 1488 2266 1573 quidquid
2309 1488 2556 1553 tulerat

602 1576 825 1643 libido.
916 1576 1097 1660 Ergo
1161 1597 1247 1641 ne
1310 1575 1656 1660 prosiliant
1719 1576 1803 1641 ad
1858 1588 2119 1658 turpem
2187 1584 2554 1657 quaestum,

604 1670 817 1728 certos
852 1664 1018 1727 fines
1059 1664 1131 1727 in
1171 1661 1407 1744 quibus
1450 1683 1521 1727 se
1559 1664 1958 1739 contineant,
1995 1661 2123 1727 illis
2148 1659 2332 1727 Deus
2367 1681 2556 1744 prae-

604 1749 862 1827 scribit,
927 1768 1088 1831 quos
1153 1749 1212 1814 si
1277 1750 1666 1834 transgressi
1727 1758 1966 1826 essent,
2034 1746 2242 1813 cuivis
2286 1768 2323 1812 e
2366 1744 2556 1830 plebe

604 1844 984 1918 promptum
1031 1843 1173 1900 erat
1215 1855 1443 1901 eorum
1489 1833 1836 1900 avaritiam
1881 1853 2252 1917 coarguere.

779 1920 838 1985 6.
905 1921 1111 2001 Quum
1168 1926 1377 1987 autem
1430 1922 1663 1986 venerit
1717 1919 1960 1986 Levita.
2072 1919 2218 1984 Hoc
2285 1919 2556 1984 tertium

603 2007 974 2072 membrum
1020 2006 1260 2073 clarius
1304 2006 1586 2089 explicat
1631 2005 1800 2090 quod
1844 2004 2181 2070 obscurius
2224 2004 2379 2069 alibi
2424 2014 2556 2069 tra-

607 2091 813 2158 ditur:
895 2093 1209 2175 quidquid
1290 2094 1469 2157 enim
1547 2091 1733 2158 Deus
1810 2090 2258 2157 sacerdotibus
2338 2089 2555 2167 dabat,

605 2178 790 2243 visus
847 2178 973 2243 fuit
1038 2178 1330 2262 praecise
1386 2178 1642 2245 Levitis
1702 2179 1979 2243 auferre.
2084 2176 2277 2242 Nunc
2334 2185 2556 2241 autem

606 2263 984 2330 distinctius
1028 2264 1259 2330 statuit
1293 2264 1661 2330 sacerdotes
1705 2264 1917 2347 primo
1960 2263 2118 2343 loce,
2163 2271 2238 2327 ut
2278 2262 2558 2328 Levitae

602 2370 725 2434 pro
779 2349 1022 2415 laboris
1080 2352 1183 2415 sui
1237 2351 1493 2415 ratione
1547 2352 1617 2414 in
1675 2358 1932 2433 partem
1990 2348 2394 2415 oblationum
2443 2346 2558 2413 ad-

605 2435 893 2500 mittant.
982 2436 1168 2502 Haec
1210 2456 1404 2519 porro
1439 2456 1697 2501 summa
1741 2436 1906 2520 legis
1963 2444 2096 2513 est,
2153 2446 2225 2499 ut
2277 2433 2558 2499 Levitae

607 2521 722 2604 qui
766 2520 941 2585 domi
986 2542 1144 2586 suae
1178 2522 1562 2601 manebunt,
1607 2521 1876 2587 decimis
1918 2520 2230 2599 contenti,
2273 2519 2439 2584 nihil
2475 2540 2558 2585 ex

605 2607 752 2672 aliis
794 2606 1233 2673 oblationibus
1277 2608 1644 2692 attingant:
1700 2606 2134 2689 undecunque
2179 2614 2400 2671 autem
2446 2626 2558 2670 ve-

606 2692 798 2757 nient
855 2692 936 2757 ad
996 2694 1441 2759 sanctuarium
1461 2745 1476 2773 ,
1534 2702 1925 2759 censeantur
1977 2693 2153 2756 inter
2197 2692 2559 2770 ministros,

606 2777 1034 2862 ordinemque
1076 2800 1272 2845 suum
1319 2787 1602 2844 teneant.
1671 2778 1818 2845 Hac
1854 2785 2075 2844 autem
2113 2777 2256 2862 lege
2286 2786 2557 2842 cautum

603 2863 764 2944 fuit,
835 2885 918 2929 ne
988 2885 1149 2947 quos
1214 2865 1597 2931 excluderet
1651 2865 2051 2930 intermissio
2105 2885 2145 2930 a
2204 2863 2558 2943 functione,

605 2969 728 3015 nec
783 2949 1066 3016 deterior
1127 2961 1300 3017 esset
1342 2951 1675 3034 hospitum
1728 2949 2017 3017 conditio
2074 2970 2270 3033 quam
2332 2970 2558 3015 eorum

605 3035 721 3119 qui
763 3036 1208 3122 lerosolymae
1251 3048 1459 3103 erant.
1549 3038 1778 3122 Neque
1821 3038 1997 3103 enim
2057 3039 2113 3103 si
2168 3036 2560 3103 habitabant

608 3124 680 3187 in
724 3121 869 3188 aliis
912 3123 1203 3203 urbibus,
1247 3124 1318 3189 in
1365 3133 1578 3189 totum
1624 3123 1968 3190 cessabant
2011 3144 2051 3188 a
2094 3144 2213 3189 suo
2257 3124 2560 3188 ministe-

607 3208 726 3287 ria,
772 3209 1084 3291 quoniam
1129 3210 1295 3274 aliae
1340 3219 1531 3275 erant
1575 3230 1799 3276 eorum
1844 3216 2083 3293 partes,
2129 3230 2329 3293 quam
2373 3231 2444 3274 se
2486 3210 2558 3273 in

607 3294 972 3360 mactandis
1018 3297 1300 3362 victimis
1344 3315 1667 3362 exercere.
1740 3294 1874 3378 Qui
1916 3303 2139 3360 tamen
2183 3295 2560 3361 sanctuario

609 3401 881 3463 prorsus
925 3400 1190 3463 operam
1235 3402 1422 3447 suam
1467 3381 1798 3459 dicabant,
1868 3402 1977 3447 eos
2021 3379 2263 3464 duplici
2310 3382 2560 3447 honore

608 3477 991 3532 muneratus
1036 3476 1137 3532 est
1179 3468 1392 3534 Deus:
1452 3469 1605 3551 quia
1662 3467 1932 3533 minime
1991 3488 2273 3550 aequum
2330 3467 2562 3533 fuisset

609 3552 788 3617 victu
844 3573 953 3617 eos
1009 3551 1306 3619 fraudari
1349 3554 1462 3637 qui
1519 3554 1891 3620 domesticis
1949 3554 2122 3619 curis
2166 3562 2236 3619 et
2276 3554 2561 3637 negotiis

605 3636 828 3704 valere
871 3639 1065 3705 iussis
1083 3690 1097 3716 ,
1166 3640 1286 3704 toti
1329 3640 1819 3723 occupabantur
1861 3638 1935 3704 in
1987 3659 2324 3705 sacrorum
2380 3661 2560 3705 cura.

607 3722 828 3805 Quam
873 3744 1032 3789 vero
1075 3726 1342 3809 partitio
1388 3725 1547 3791 haec
1594 3747 1725 3791 non
1771 3725 1974 3791 fuerit
2007 3746 2432 3808 supervacua,
2480 3747 2562 3790 ex

609 3808 876 3892 Iosephi
920 3811 1298 3876 narratione
1341 3811 1630 3877 maxime
1688 3812 2138 3896 cognoscitur,
2201 3811 2359 3877 dum
2404 3812 2563 3877 scri-

605 3893 704 3961 bit
745 3896 1090 3979 pontifices
1133 3899 1204 3962 vi
1241 3907 1307 3963 et
1350 3899 1553 3964 armis
1597 3897 1880 3964 decimas
1924 3898 2250 3980 rapuisse,
2297 3906 2366 3963 et
2409 3918 2564 3964 con·

610 3990 719 4047 tra
785 3982 1062 4048 Levitae
1148 3984 1220 4049 in
1286 3984 1623 4066 eripiendo
1702 3985 1881 4050 victu
1961 3984 2288 4049 hostiliter
2366 3985 2567 4050 fuisse

604 4076 958 4152 grassatos.

1192 4462 1323 4528 EX
1367 4462 1674 4529 LEVIT.
1719 4462 1984 4530 XXIV.

788 4666 848 4732 5.
906 4667 1200 4749 Accipies
1252 4668 1531 4734 similam
1547 4720 1561 4746 ,
1624 4674 1680 4734 et
1737 4690 1957 4751 coques
1995 4691 2073 4736 ex
2115 4691 2192 4737 ea
2246 4673 2570 4738 duodecim

600 4752 966 4835 placentas:
1008 4754 1284 4818 duarum
1318 4755 1704 4820 decimarum
1726 4756 1814 4820 sit
1833 4777 2240 4838 unaquaeque
2249 4758 2565 4839 placenta.

616 4839 675 4903 6.
723 4838 814 4904 Et
852 4858 1053 4918 pones
1106 4860 1214 4904 eas
1266 4841 1337 4905 in
1390 4842 1629 4907 duobus
1691 4843 2050 4909 ordinibus:
2112 4845 2252 4909 seni
2314 4846 2569 4911 ordines

614 4946 808 5008 super
872 4944 1154 4989 mensam
1232 4928 1534 4991 mundam
1597 4947 1806 4993 coram
1872 4927 2119 4995 Iehova.
2234 4931 2292 4997 7.
2366 4932 2569 4998 Pones

613 5031 852 5093 quoque
889 5030 1083 5091 super
1125 5012 1406 5077 ordinem
1447 5017 1779 5096 utrumque
1821 5014 1967 5080 thus
1994 5035 2240 5097 pwrum
2257 5067 2272 5094 ,
2332 5019 2568 5101 eritque

602 5099 776 5178 pani
818 5098 886 5162 in
929 5097 1283 5162 memoriale
1325 5102 1382 5162 et
1425 5099 1745 5163 incensum
1791 5099 2067 5167 Iehovae.
2158 5103 2216 5168 8.
2271 5102 2399 5168 Per
2435 5106 2567 5169 sin-

611 5184 766 5266 yula
808 5181 1111 5249 sabbatha
1157 5183 1471 5248 ordinabit
1511 5183 1656 5248 illos
1696 5206 1906 5251 coram
1946 5186 2177 5253 Iehova
2220 5209 2478 5271 semer,
2525 5212 2566 5254 a

611 5268 775 5350 filiis
820 5268 1029 5335 Israel
1065 5269 1310 5351 foedere
1351 5270 1738 5349 sempiterno.
1838 5272 1897 5338 9.
1946 5273 2035 5338 Et
2076 5276 2196 5339 erit
2239 5274 2569 5341 Ahar-onis

609 5360 674 5419 et
718 5355 1002 5437 filiorum
1054 5356 1221 5434 eiu-5,
1289 5357 1402 5439 qui
1463 5356 1767 5422 comedent
1821 5379 1962 5423 eum
2015 5361 2085 5424 in
2150 5362 2275 5426 loco
2327 5367 2568 5427 sancto.-

2009 439 2522 508 SECUNDUM
2566 438 3214 507 PRAEOEPTUM.

4453 447 4559 515 488

2662 629 2817 709 quia
2850 630 3152 694 sanctitas
3184 630 3584 696 sanctitatum
3622 636 3717 696 est
3750 633 3808 698 ei
3841 653 3918 700 ex
3950 631 4350 700 oblationibus
4379 636 4559 719 iym'tis

2665 714 2929 780 Iehovae
2969 720 3200 780 statuto
3233 721 3549 798 perpetuo.

2820 880 3027 953 Nunc
3081 895 3357 952 ventum
3418 900 3520 954 est
3575 889 3656 955 ad
3717 890 3981 956 tertiam
4040 904 4305 973 partem,
4345 893 4563 958 externi

2660 971 2896 1049 cultus,
2953 994 3117 1055 quae
3163 974 3361 1038 finem
3405 975 3637 1041 afferet
3678 976 4071 1060 expositioni
4111 976 4368 1043 secundi
4408 999 4563 1060 prae·

2659 1061 2850 1141 cepti.
2914 1058 3363 1124 Tractandum
3404 1060 3608 1145 igitur
3650 1071 3752 1128 est
3791 1062 3871 1128 de
3914 1063 4115 1129 sacris
4158 1062 4566 1144 oblationibus,

2659 1147 2836 1208 inter
2878 1165 3041 1226 quas
3085 1145 3368 1228 primum
3414 1147 3628 1212 locum
3675 1147 3830 1213 dare
3867 1148 4112 1232 placuit
4152 1150 4436 1232 panibus,
4469 1152 4563 1232 qui

2661 1230 2995 1314 propriam
3048 1229 3383 1295 habebant
3454 1255 3746 1299 mensam
3818 1257 3856 1300 e
3913 1235 4185 1319 regione
4237 1234 4569 1302 candelabri

2661 1315 2743 1381 ad
2789 1316 2960 1381 latus
3005 1317 3419 1400 aquilonare,
3483 1321 3676 1391 sicuti
3720 1321 3788 1386 in
3834 1329 4164 1386 structura
4208 1321 4569 1386 tabernaculi

2659 1402 2876 1467 visum
2921 1411 3041 1467 est.
3086 1403 3235 1468 Etsi
3279 1413 3494 1469 autem
3541 1407 3694 1473 alibi
3743 1414 4038 1474 recurret
4080 1428 4305 1472 eorum
4338 1409 4570 1487 mentio,

2661 1488 2851 1553 sicuti
2898 1495 3120 1552 tamen
3166 1510 3461 1555 seorsum
3507 1491 3707 1557 oblati
3753 1502 3928 1572 sunt,
3975 1501 4041 1558 et
4082 1492 4278 1560 locati
4312 1504 4453 1559 ante
4482 1514 4569 1558 ar-

2660 1594 2803 1639 cam
2871 1573 3185 1654 foederis,
3255 1577 3440 1658 quasi
3502 1578 3571 1641 in
3630 1577 3759 1644 Dei
3818 1592 4196 1662 conspectu,
4264 1579 4573 1662 separandi

2659 1680 2795 1724 non
2837 1660 3112 1725 fuerunt
3169 1680 3208 1725 a
3265 1662 3625 1732 sacrificiis.
3712 1665 3856 1730 Iam
3902 1667 4170 1749 exposui
4230 1665 4351 1730 hoc
4400 1664 4571 1730 fuisse

2660 1767 2794 1811 non
2840 1746 3135 1830 vulgaris
3181 1749 3432 1831 gratiae
3477 1750 3605 1814 Dei
3650 1751 4043 1835 symbolum,
4090 1772 4290 1833 quum
4334 1750 4578 1816 familia-

2660 1833 2825 1897 riter
2868 1831 2951 1896 ad
2994 1833 3170 1916 ipsos
3217 1831 3673 1915 descenderet,
3734 1858 3809 1902 ac
3867 1838 3926 1903 si
3970 1846 4144 1902 esset
4186 1857 4408 1902 eorum
4447 1858 4573 1902 con·

2656 1918 2828 1984 viva.
2916 1917 3152 1985 Vocati
3212 1927 3435 1985 autem
3478 1931 3635 1987 sunt
3691 1943 3895 2006 panes
3934 1924 4270 2002 facierum,
4315 1944 4388 1988 eo
4429 1920 4574 2005 quod

2660 2004 3050 2070 sisterentur
3093 2012 3245 2070 ante
3289 2006 3419 2071 Dei
3461 2009 3711 2074 oculos:
3773 2019 3968 2092 atque
4008 2010 4082 2073 in
4127 2030 4202 2075 eo
4248 2030 4459 2074 rarum
4499 2008 4573 2072 sa-

2660 2110 2887 2156 vorem
2930 2090 3247 2167 ostendit,
3307 2094 3494 2174 quasi
3538 2095 3620 2158 ad
3667 2104 3969 2160 mutuum
4016 2096 4383 2162 convictum
4423 2114 4575 2161 acce·

2663 2174 2841 2240 dens.
2952 2176 3092 2242 Nec
3158 2176 3432 2243 dubium
3496 2190 3599 2246 est
3672 2181 3836 2263 quin
3914 2180 4258 2247 duodecim
4337 2200 4579 2246 numero

2661 2262 2891 2327 confici
2947 2262 3215 2328 iusserit
3273 2275 3572 2347 respectu
3639 2265 3977 2333 duodecim
4047 2268 4363 2346 tribuum,
4419 2283 4488 2332 ac
4532 2265 4578 2330 si

2661 2347 2954 2413 oblatum
2997 2368 3037 2413 a
3080 2349 3363 2437 singulis
3407 2351 3623 2417 cibum
3670 2353 3741 2416 in
3785 2374 4080 2419 mensam
4129 2374 4318 2419 suam
4376 2351 4578 2419 admit-

2664 2443 2850 2498 teret.
2957 2433 3149 2499 Duae
3215 2434 3506 2503 decimae
3573 2439 3875 2520 quintam
3945 2448 4199 2522 partem
4266 2457 4580 2504 mensurae

2662 2520 2834 2601 epha
2898 2522 3267 2586 conficiunt.
3370 2525 3470 2587 Ac
3535 2533 3789 2590 certum
3856 2525 4121 2607 quidem
4181 2535 4285 2591 est
4343 2524 4577 2590 modum

2662 2605 2837 2670 hunc
2874 2606 3077 2672 fuisse
3122 2606 3442 2673 divinitus
3485 2611 3985 2694 praescriptum,
4029 2632 4110 2676 ne
4156 2609 4492 2677 diversitas
4519 2609 4577 2673 in

2660 2692 2793 2756 ritu
2828 2702 2963 2756 tam
2998 2692 3169 2757 serio
3211 2694 3527 2777 paulatim
3565 2696 3808 2761 multas
3842 2698 4253 2779 corruptelas
4289 2698 4578 2782 gigneret.

2661 2776 2743 2842 In
2789 2777 3052 2843 nomine
3099 2779 3494 2845 decimarum
3551 2781 3817 2847 videtur
3865 2782 4156 2849 alludere
4202 2783 4286 2848 ad
4331 2780 4580 2865 vectigal

2661 2863 2831 2946 quod
2875 2863 3278 2946 imposuerat
3323 2867 3589 2952 populo,
3652 2889 3777 2950 quo
3820 2890 4064 2952 panum
4111 2871 4426 2937 sanctitas
4467 2888 4582 2932 ma·

2661 2949 2764 3033 gis
2807 2951 3393 3018 commendaretur.
3485 2953 3624 3019 Cur
3669 2963 3888 3020 autem
3936 2954 4097 3020 duas
4154 2959 4372 3038 potius
4414 2972 4584 3037 quam

2664 3055 2864 3101 unam
2910 3036 3358 3120 postulaverit,
3404 3061 3510 3106 me
3547 3040 3729 3119 latet,
3776 3062 3898 3108 nec
3934 3042 4095 3107 utile
4131 3062 4368 3109 censeo
4401 3038 4587 3108 curio·

2663 3121 2798 3187 sius
2857 3122 3206 3205 inquirere.
3298 3125 3496 3206 Quod
3554 3125 3792 3193 dicitur
3847 3129 3983 3193 fore
4042 3129 4199 3211 pani
4254 3129 4326 3194 in
4373 3145 4586 3192 memo·

2662 3207 2861 3288 riale,
2917 3208 3000 3273 ad
3057 3210 3212 3276 thus
3270 3213 3515 3292 refer0,
3573 3213 3761 3295 quasi
3820 3214 4064 3279 dictum
4112 3224 4320 3281 esset:
4366 3216 4586 3280 Panem

2665 3292 2879 3359 thuris
2931 3297 3155 3361 suffitu
3222 3299 3558 3364 conditum
3615 3300 3998 3365 memoriam
4065 3300 4349 3366 filiorum
4407 3296 4584 3364 Israel

2665 3390 3133 3447 renovaturum
3192 3403 3371 3463 esse,
3428 3393 3509 3449 ut
3567 3386 3866 3452 suaviter
3923 3405 4142 3452 coram
4190 3388 4338 3453 Deo
4376 3385 4586 3451 oleant.

2666 3465 2960 3532 Vertunt
3022 3467 3132 3533 alii
3209 3490 3328 3553 pro
3406 3471 3803 3550 memoriali,
3882 3481 4417 3538 monumentum:

2667 3550 2892 3617 eodem
2959 3575 3175 3620 sensu.
3279 3557 3430 3621 Etsi
3496 3567 3718 3622 autem
3776 3558 4045 3640 quidam
4103 3580 4343 3642 panem
4401 3559 4586 3639 ipsum

2667 3640 3045 3705 memoriale
3088 3643 3314 3707 vocari
3358 3641 3613 3720 docent,
3658 3644 3893 3709 melius
3938 3656 4161 3710 tamen
4206 3644 4393 3710 thuri
4432 3651 4587 3724 apta·

2669 3732 2804 3790 tur:
2844 3725 2997 3807 quia
3031 3746 3185 3791 mox
3226 3726 3505 3807 additur,
3544 3729 3740 3795 simul
3777 3730 4119 3797 incensum
4157 3731 4302 3797 fore
4338 3729 4585 3814 ignitum

2669 3810 3080 3890 sacrificium,
3128 3814 3283 3896 quia
3326 3814 3573 3881 scilicet
3616 3817 3687 3880 in
3732 3837 3808 3882 eo
3854 3816 4045 3900 panis
4087 3816 4481 3883 adolebatur.

3243 4155 3376 4221 EX
3420 4155 3724 4223 EXODI
3768 4157 4036 4224 XXIX.

2843 4325 2947 4391 38.
2999 4326 3132 4392 Hoc
3164 4332 3255 4392 est
3287 4329 3451 4410 quod
3490 4329 3689 4410 facies
3720 4349 3912 4413 super
3944 4331 4164 4412 altare,
4208 4351 4407 4416 aynos
4439 4325 4595 4394 anni-

2670 4411 2841 4477 culos
2902 4412 3134 4496 iuqiler
3205 4414 3277 4479 in
3339 4415 3622 4499 sinqulos
3683 4416 3840 4482 dice.
3945 4417 4048 4481 39.
4106 4419 4366 4502 Aynum
4425 4431 4591 4480 unum

2666 4498 2868 4581 facies
2922 4519 3131 4579 mane,
3198 4506 3257 4565 et
3318 4522 3552 4584 agnum
3620 4522 3820 4566 imum
3872 4503 4035 4568 inter
4087 4504 4258 4569 duas
4310 4516 4589 4583 vesperas.

2671 4584 2775 4649 40.
2821 4583 2907 4649 Et
2948 4586 3250 4652 decimam
3282 4593 3533 4669 partem
3577 4588 3830 4653 similae
3885 4588 4108 4654 mistae
4162 4590 4292 4655 oleo
4351 4592 4584 4660 contuso,

2669 4677 2962 4753 quartam
2992 4678 3249 4752 partem
3290 4674 3403 4737 hin
3445 4680 3502 4738 et
3546 4673 3842 4749 libamen,
3888 4680 4181 4756 quartam
4214 4680 4459 4758 partem
4494 4669 4587 4735 hin

2668 4759 2806 4822 vini
2870 4757 2940 4822 in
3003 4779 3240 4842 aynum
3301 4780 3515 4825 unum.
3617 4761 3721 4825 41.
3780 4762 4038 4844 Aynum
4095 4761 4359 4827 alterum
4414 4757 4589 4841 facies

2669 4845 2832 4909 inter
2895 4842 3061 4909 duas
3122 4865 3413 4926 vesperas
3466 4849 3629 4912 sicut
3683 4846 3901 4911 minha
3955 4849 4261 4913 matutino
4274 4897 4288 4926 ‚
4349 4851 4404 4911 et
4453 4843 4589 4910 siant

2668 4930 2961 4996 libamini
3003 4931 3143 4995 eius
3182 4932 3383 5012 facies
3424 4933 3483 4996 ei
3525 4935 3595 4998 in
3637 4933 3883 4998 odorem
3938 4934 4198 5015 quietiS,
4256 4931 4585 4998 oblationem

2667 5018 2931 5100 iynitam
2992 5016 3271 5081 lehovae.
3375 5017 3478 5083 42.
3540 5018 3989 5084 Holocaustum
4046 5020 4187 5102 iuqe
4240 5021 4314 5084 in
4363 5031 4587 5101 qenero-

2668 5105 2865 5167 tiones
2898 5107 3155 5182 vestras,
3192 5104 3277 5167 ad
3308 5104 3535 5168 ostium
3569 5105 3950 5171 tabernaculi
3971 5106 4389 5171 conventionis
4404 5116 4585 5168 coram

2671 5187 2901 5254 Iehova
2916 5237 2931 5264 ,
2998 5208 3116 5268 quo
3186 5191 3546 5255 conveniam
3607 5190 3917 5256 vobiscum
3980 5198 4053 5257 ut
4114 5198 4310 5258 tecum
4369 5190 4579 5270 loquar.

2669 5275 2773 5341 43.
2835 5272 2925 5337 Et
2981 5277 3338 5339 conveniam
3399 5276 3533 5341 illie
3600 5297 3741 5343 cum
3800 5277 3964 5357 filliis
4018 5279 4257 5350 Israel,
4328 5282 4383 5341 el
4441 5274 4587 5338 locus

2668 5359 3158 5438 sanctificabitur
3200 5363 3269 5426 in
3307 5360 3511 5445 yloria
3556 5384 3712 5429 mea.
3802 5364 3906 5429 44.
3973 5362 4378 5445 Sanctificabo
4415 5358 4585 5423 taber·
