4867 6150
313 454 426 519 349
1176 464 1190 497 x

313 643 522 710 docuit
587 642 840 720 Moses,
922 640 1258 709 dimidiam
1323 642 1708 708 munditiem
1780 641 1885 708 vel
1950 640 2252 707 mutilam

311 750 434 796 non
471 727 702 793 debere
725 727 871 792 Deo
906 728 1186 793 obtrudi.
1258 725 1333 794 Si
1356 730 1459 794 cui
1484 728 1755 811 placeat,
1800 747 2034 793 rumen
2072 747 2250 811 sym·-

310 815 518 882 bolum
557 833 700 879 esse
734 814 1035 878 internae
1070 815 1391 897 puritatiS,
1427 816 1735 880 fissuram
1773 835 1930 880 vero
1965 812 2251 896 ungulae

309 910 644 978 externae,
697 900 1049 983 probabilis
1106 901 1271 965 forte
1312 902 1439 966 erit
1481 900 1829 965 sententia.
1917 897 2249 980 Quoniam

307 985 466 1053 mihi
500 988 569 1051 in
607 994 896 1051 mentem
939 987 1125 1051 venit
1157 985 1321 1053 haec
1368 986 1721 1067 distinctio,
1763 988 2062 1069 quamvis
2098 1004 2249 1049 acu-

306 1074 387 1138 tis
429 1070 995 1161 ,speculationibus
1055 1092 1186 1138 non
1245 1072 1560 1153 delecter,
1626 1073 1695 1137 in
1754 1072 2043 1137 medium
2101 1092 2251 1155 pro·

305 1160 469 1224 ferre
514 1156 714 1236 volui,
761 1159 856 1222 sic
900 1166 1123 1222 tamen
1166 1166 1241 1222 ut
1283 1159 1490 1225 libera
1532 1158 1620 1224 sit
1664 1159 1913 1223 electio.
1984 1157 2250 1222 Interea

306 1253 475 1311 certo
520 1242 880 1309 tenendum
924 1252 1027 1308 est
1069 1243 1241 1326 quod
1278 1266 1489 1328 nuper
1522 1244 1677 1324 dixi,
1726 1245 1946 1309 Deum
1983 1243 2249 1327 exigere

304 1328 575 1398 solidam
631 1329 1056 1409 munditiem,
1118 1351 1236 1396 nec
1294 1331 1702 1413 inquinatam
1756 1330 1895 1395 ulla
1937 1330 2246 1394 mixtura.

303 1417 460 1482 Fuit
515 1424 734 1481 autem
794 1414 1151 1499 prohibitio
1195 1414 1458 1481 Iudaeis
1517 1417 1802 1481 maxime
1860 1415 2134 1480 molesta
2175 1415 2247 1479 in

302 1502 493 1568 suilla
535 1522 751 1581 carne,
795 1502 950 1585 quia
994 1500 1076 1566 ad
1122 1502 1367 1568 victum
1415 1504 1711 1585 apprime
1755 1501 2095 1567 commoda
2130 1516 2246 1579 est,

300 1611 421 1654 non
476 1586 668 1653 modo
713 1588 868 1671 quia
911 1609 1114 1653 suave
1156 1587 1647 1655 condimentum
1705 1600 1806 1653 est
1861 1587 2009 1653 aliis
2066 1587 2245 1664 cibis,

300 1674 409 1740 sed
479 1675 633 1757 quia
697 1674 854 1739 inde
918 1673 1171 1738 minore
1249 1685 1515 1757 sumptu
1596 1673 1866 1739 aluntur
1943 1672 2243 1755 operarii.

298 1760 457 1825 Ideo
520 1761 591 1824 in
651 1759 777 1825 hac
833 1769 1023 1843 parte
1078 1761 1365 1825 maxime
1422 1760 1769 1826 observata
1821 1758 1950 1824 fuit
1992 1758 2247 1824 Iudaici

298 1845 519 1929 populi
565 1845 814 1927 religio.
903 1845 1073 1911 Nam
1133 1867 1332 1929 quum
1380 1845 1693 1912 Antiochi
1751 1844 2068 1911 satellites
2126 1864 2242 1928 po-

298 1932 523 2015 pulum
570 1931 649 1995 ad
712 1951 999 1997 crassam
1054 1930 1220 2016 legis
1278 1931 1771 2016 abnegationem
1829 1951 2064 2016 cogere
2109 1929 2244 1996 vel-

301 2019 452 2093 lent,
501 2027 767 2082 tantum
802 2018 1129 2100 urgebant
1162 2039 1346 2084 esum
1383 2020 1600 2084 carnis
1637 2017 1958 2101 porcinae.
2026 2017 2246 2101 Atque

298 2104 444 2169 hinc
531 2102 785 2170 celebre
856 2104 1142 2188 Augusti
1223 2102 1599 2170 dicterium:
1669 2103 1941 2169 Mallem
2006 2122 2244 2186 porcus

296 2210 430 2256 esse
473 2188 768 2255 Herodis
811 2209 1005 2272 quam
1046 2191 1257 2255 filius:
1311 2189 1483 2273 quod
1529 2211 1569 2255 a
1611 2190 1840 2254 suibus
1885 2188 2241 2266 abstinens,

293 2276 575 2342 filiorum
622 2285 795 2341 esset
837 2276 1149 2341 carnifex.
1236 2276 1447 2341 Porro
1491 2284 1567 2341 ut
1608 2277 1854 2340 maiore
1910 2296 2072 2341 cura
2120 2275 2244 2339 hoc

295 2362 722 2429 interdictum
787 2370 1128 2428 servarent
1194 2360 1420 2428 Iudaei
1439 2412 1453 2436 ,
1534 2370 1747 2427 tactus
1823 2362 2023 2426 etiam
2102 2361 2243 2444 ipse

292 2449 541 2515 vetitus
598 2448 731 2513 illis
784 2447 942 2513 fuit:
1008 2456 1082 2513 ut
1140 2469 1273 2513 non
1331 2446 1524 2512 modo
1585 2468 1850 2513 carnem
1909 2447 2241 2529 porcinam

292 2545 564 2620 gustare
608 2535 792 2599 nefas
835 2543 1025 2616 esset,
1069 2533 1182 2599 sed
1228 2536 1424 2600 etiam
1465 2532 1772 2600 manibus
1810 2543 2110 2611 tractare,
2157 2554 2238 2597 ex

292 2642 413 2705 quo
470 2622 761 2686 occisum
818 2632 959 2685 erat
1015 2618 1279 2687 animal.
1382 2618 1635 2685 Eadem
1701 2640 1832 2684 non
1886 2617 2013 2685 fuit
2070 2618 2239 2683 ratio

291 2707 509 2773 carnis
555 2705 855 2785 bubulae,
899 2714 1017 2771 aut
1059 2707 1473 2772 vervecinae:
1520 2706 1671 2789 quia
1713 2705 1890 2772 cibos
1934 2704 2239 2770 manibus

287 2799 577 2859 tractare
619 2812 885 2858 necesse
928 2800 1046 2858 est.

454 2879 522 2946 9.
570 2878 707 2943 Hoc
748 2883 953 2943 autem
993 2878 1313 2943 madetis
1353 2895 1430 2942 ex
1472 2876 1758 2942 omnibus
1798 2876 2238 2959 quae-suntin

289 2967 491 3047 aquia
556 2965 686 3030 Hic
723 2966 918 3028 etiam
942 2962 1275 3048 plausibili
1297 2963 1550 3027 ratione
1586 2962 1853 3045 quidam
1889 2965 1959 3026 in
1997 2964 2237 3047 pietate

287 3053 504 3118 minus
554 3050 894 3117 exercitati
937 3049 1345 3117 contendunt
1367 3049 1580 3114 Deum
1629 3048 1736 3116 hic
1780 3069 1973 3134 agere
2015 3059 2238 3134 partes

287 3138 553 3218 medici,
599 3147 666 3202 et
708 3137 1077 3204 discernere
1121 3135 1297 3201 cibos
1341 3135 1634 3201 salubres
1679 3158 1719 3201 a
1763 3136 1995 3202 noxiis.
2086 3136 2237 3201 Etsi

183 3257 190 3266 ·
287 3233 509 3289 autem
558 3223 721 3288 satis
756 3245 795 3288 a
831 3222 1099 3289 medicis
1142 3223 1303 3305 ipsis
1352 3220 1672 3286 refellitur
1716 3243 1946 3287 eorum
1991 3222 2234 3304 opinio,

285 3319 358 3373 ut
399 3321 631 3375 tamen
675 3309 809 3375 illis
845 3308 1190 3375 concedam
1229 3306 1398 3391 quod
1428 3307 1784 3390 postulant,
1830 3308 2000 3373 male
2036 3309 2234 3374 ratio-

285 3397 616 3461 cinantur.
705 3394 908 3460 Aliud
963 3395 1138 3461 enim
1191 3393 1335 3459 Deo
1391 3393 1796 3476 propositum
1854 3395 1979 3459 fuit
2037 3415 2232 3477 quam

282 3482 505 3565 populi
554 3479 924 3547 valetudini
958 3480 1335 3548 consulere:
1383 3479 1499 3545 sed
1535 3481 1688 3563 quia
1721 3480 2056 3563 negotium
2092 3490 2233 3545 erat

283 3589 429 3633 cum
491 3565 650 3632 rudi
706 3567 972 3652 populo,
1038 3575 1229 3633 notas
1286 3565 1596 3651 vulgares
1658 3563 1931 3650 delegit,
1998 3565 2235 3648 quibus

282 3653 608 3720 admoniti
652 3654 979 3737 gradatim
1024 3652 1223 3719 altius
1266 3651 1796 3719 conscenderent.
1885 3652 2231 3743 Infinitum

280 3749 453 3805 esset
521 3741 827 3823 persequi
883 3759 1044 3822 quas
1102 3737 1410 3824 Isychius
1463 3737 1808 3822 allegorias
1873 3740 2231 3822 excogitat:

278 3834 342 3889 et
383 3827 676 3892 libenter
734 3846 945 3910 nugas
996 3824 1143 3891 illas
1202 3824 1476 3908 sepelio,
1545 3824 1673 3890 nisi
1731 3824 1884 3907 quia
1937 3824 2232 3908 plerique

280 3912 371 3977 sic
415 3911 499 3977 ad
549 3912 993 3978 curiositatem
1041 3912 1344 3994 propensi
1390 3919 1577 3988 sunt,
1635 3920 1705 3974 ut
1749 3911 1867 3975 vix
1911 3910 2233 3992 placitura

280 3998 364 4062 sit
407 3998 544 4064 illis
588 3999 938 4075 sobrietas,
1000 3995 1205 4061 donec
1263 3997 1522 4062 vanitas
1573 3995 2030 4081 allegoriarum
2077 4017 2230 4062 con-

278 4083 453 4148 victa
508 4084 730 4149 fuerit.
831 4081 935 4147 De
1009 4083 1301 4165 squamis
1367 4093 1432 4147 et
1496 4082 1699 4148 scillis
1766 4081 1933 4147 nihil
1998 4081 2228 4147 dicam.

275 4169 506 4235 Primo
573 4170 819 4234 intuitu
884 4168 942 4235 si
1007 4167 1398 4252 quibusdam
1464 4167 1754 4233 arrideat
1830 4168 1998 4250 quod
2077 4166 2233 4233 dicit

276 4257 554 4321 nomina
598 4256 875 4340 piscium
922 4256 1153 4332 taceri,
1199 4256 1509 4337 quoniam
1555 4253 1825 4319 ecclesia
1875 4274 2117 4318 nomen
2162 4256 2232 4319 in

276 4343 471 4408 terris
520 4362 654 4407 non
697 4341 982 4424 quaerit,
1038 4360 1180 4404 eam
1229 4360 1388 4405 vero
1435 4340 1759 4424 designari
1817 4360 1932 4423 per
1986 4342 2229 4424 pisces:

275 4428 559 4493 videant
629 4426 945 4511 quomodo
1024 4428 1395 4506 conveniat,
1477 4426 1817 4491 ecclesiam
1886 4447 2019 4491 non
2087 4448 2231 4492 esse

276 4514 408 4579 nisi
491 4515 568 4578 in
637 4515 853 4596 aquis:
922 4511 1157 4577 deinde
1218 4534 1372 4577 aves
1429 4531 1600 4593 quae
1656 4512 1832 4577 coelo
1897 4513 2230 4595 propiores

275 4608 453 4678 sunt,
494 4599 759 4665 excludi
797 4600 877 4664 ab
915 4598 1038 4665 hoc
1076 4597 1351 4663 honore:
1390 4598 1602 4676 tertie,
1638 4597 1887 4663 munda
1923 4599 2232 4663 animalia

273 4686 475 4762 reiici,
528 4704 607 4750 ac
649 4686 706 4750 si
752 4685 834 4750 ad
877 4684 1219 4750 ecclesiam
1265 4705 1396 4749 non
1439 4685 1839 4768 pertineant:
1903 4693 2231 4766 postremo

272 4772 534 4837 censeri
581 4771 754 4836 inter
788 4770 1049 4848 electos,
1097 4791 1373 4853 quorum
1412 4790 1650 4834 nomen
1688 4771 1757 4834 in
1793 4770 1988 4836 coelis
2024 4771 2227 4854 scrip-

272 4865 417 4921 tum
457 4866 583 4937 est,
619 4877 728 4921 eos
764 4858 875 4940 qui
910 4878 1034 4922 sua
1065 4857 1452 4939 contagione
1490 4857 1836 4939 inquinant
1869 4856 2228 4922 ecclesiam.

272 4943 450 5008 Nam
496 4956 678 5009 certe
732 4964 814 5008 ex
873 4942 1162 5025 piscibus
1226 4941 1419 5007 multi
1466 4951 1620 5007 sunt
1661 4941 2004 5008 immundi.
2095 4941 2227 5024 Qui

271 5039 407 5093 tam
455 5029 822 5113 perspicuis
880 5030 1243 5095 rationibus
1302 5049 1435 5093 non
1480 5028 1911 5111 acquiescent,
1958 5050 2068 5095 eos
2113 5050 2227 5112 pa-

271 5118 401 5181 tiar
443 5116 515 5180 in
568 5136 685 5181 suo
729 5115 1106 5200 labyrintho
1152 5136 1390 5180 errare.
1439 5114 1623 5181 Haec
1667 5114 2053 5198 simplicitas
2097 5136 2231 5181 mo·

273 5202 480 5268 destis
527 5223 607 5267 ac
650 5201 962 5267 docilibus
1001 5201 1297 5280 sufficiet,
1321 5202 1530 5283 pisces
1552 5200 1700 5267 ideo
1735 5223 1869 5267 non
1892 5202 2229 5266 numerari

271 5290 426 5372 quia
470 5288 690 5353 maior
729 5310 880 5372 pars
924 5286 1122 5372 vulgo
1165 5289 1396 5371 ignota
1431 5298 1573 5353 erat
1614 5287 1908 5353 Iudaeis:
1955 5308 2227 5370 quorum

270 5382 448 5440 terra
495 5394 701 5457 quum
760 5382 1021 5457 praeter
1073 5373 1427 5439 Iordanem
1487 5373 1703 5440 nullos
1762 5375 1898 5440 fere
1961 5374 2230 5440 haberet

1767 451 2147 520 PRIMUM
2192 450 2839 518 PRAEOEPTUM.

4181 450 4312 518 350

2358 641 2628 719 fluvios,
2707 639 2951 706 multos
3026 639 3237 722 pisces
3315 638 3671 705 fluviatiles
3752 662 3886 706 non
3964 641 4306 726 gignebat:

2354 726 2595 792 marini
2641 734 2858 792 autem
2904 744 3037 790 non
3081 724 3576 791 advehebantur
3634 726 3760 792 nisi
3818 728 3886 791 in
3932 748 4114 793 oram
4160 729 4307 794 fini-

2354 813 2605 878 timam.

2529 899 2629 963 13.
2697 898 2874 963 Haec
2937 902 3143 962 autem
3199 896 3717 964 abominabimini
3780 919 3858 962 ex
3930 898 4302 967 volatilibus,

2350 983 2543 1065 Quae
2589 985 2809 1050 avium
2855 991 2924 1049 et
2966 982 3299 1066 reptilium
3343 985 3593 1067 species
3637 992 3964 1065 vetantur,
4010 1006 4122 1052 eas
4168 988 4305 1053 fere

2350 1072 2723 1136 communis
2789 1090 3025 1135 sensus
3090 1069 3477 1135 naturaliter
3542 1070 3861 1154 repudiat.
3972 1072 4062 1136 Et
4126 1084 4303 1140 certe

2351 1177 2597 1240 magna
2640 1179 2723 1222 ex
2768 1164 2953 1238 parte
2997 1155 3419 1238 indulgenter
3461 1157 3597 1241 egit
3643 1156 3825 1223 Deus
3869 1178 4017 1224 cum
4061 1160 4302 1242 populo

2347 1264 2500 1317 suo,
2562 1265 2643 1307 ne
2702 1241 3013 1308 oneribus
3070 1242 3347 1306 nimium
3405 1244 3698 1307 molestis
3756 1265 3905 1310 eum
3972 1255 4300 1328 gravaret.

2350 1327 2527 1409 Quia
2545 1338 2766 1393 tamen
2791 1327 3129 1393 hominum
3150 1327 3478 1412 ingluvies
3502 1331 3815 1396 monstris
3836 1329 4165 1396 interdum
4187 1331 4301 1397 ob-

2349 1413 2648 1492 lectatur,
2695 1415 2904 1480 voluit
2941 1415 3126 1480 Deus
3160 1416 3357 1479 etiam
3394 1417 3463 1479 in
3507 1416 3734 1497 parvis
3768 1415 3965 1483 rebus
4000 1418 4300 1483 fraenum

2350 1501 2488 1567 suis
2547 1501 2831 1579 iniicere,
2891 1522 2975 1565 ne
3018 1522 3088 1564 se
3124 1520 3271 1565 cum
3320 1500 3691 1567 hominibus
3736 1503 4025 1586 profanis
4071 1501 4152 1569 ad
4197 1504 4300 1569 in-

2350 1587 2855 1670 temperantiam
2894 1586 3310 1670 proiicerent,
3350 1607 3516 1671 quae
3541 1585 3776 1653 deinde
3812 1609 3922 1655 eos
3955 1588 4299 1673 pollueret.

2349 1671 2728 1739 Periculum
2754 1674 2929 1737 enim
2951 1679 3096 1736 erat
3139 1694 3221 1737 ne
3243 1671 3434 1738 foeda
3475 1672 3788 1739 animalia
3826 1674 4143 1755 vorando,
4185 1675 4299 1741 ob-

2349 1758 2772 1826 durescerent
2815 1756 2897 1822 ad
2941 1759 3102 1823 alias
3147 1759 3471 1841 quaslibet
3514 1761 3940 1843 corruptelas.
4010 1760 4300 1827 Additur

2349 1846 2479 1910 alia
2522 1846 2664 1924 lex,
2724 1855 2800 1909 ut
2854 1866 2985 1909 non
3031 1844 3241 1909 solum
3299 1844 3673 1910 abstineant
3731 1847 3811 1911 ab
3857 1868 4005 1927 esu,
4060 1869 4294 1915 verum

2348 1931 2548 1996 etiam
2605 1933 2661 1997 si
2727 1929 2897 2013 quod
2963 1931 3205 1995 animal
3262 1931 3678 1996 immundum
3744 1933 3945 1997 fuerit
3997 1935 4301 2016 occisum,

2349 2039 2433 2082 ne
2479 2038 2549 2082 se
2584 2014 3037 2083 contaminent
3069 2025 3247 2083 tactu
3271 2016 3637 2082 cadaveris:
3685 2017 3817 2083 imo
3854 2021 3909 2085 si
3947 2040 4105 2085 vasa
4140 2019 4303 2087 fuis·

2348 2112 2496 2168 sent
2538 2111 2858 2182 contacta,
2904 2111 2979 2166 ut
3020 2102 3249 2172 fictilia
3283 2101 3547 2186 quidem
3583 2103 3983 2187 frangerent,
4029 2105 4158 2171 alia
4192 2126 4302 2172 au·

2346 2198 2478 2254 tem
2516 2187 2873 2254 abluerent.
2929 2185 3205 2253 Videtur
3239 2209 3346 2254 res
3382 2188 3582 2255 fuisse
3616 2189 3903 2255 minuta:
3947 2191 4005 2257 si
4041 2212 4189 2257 mus
4224 2194 4299 2258 in

2344 2296 2506 2341 vase
2550 2277 2818 2357 aquario
2854 2275 3221 2341 exstinctus
3255 2274 3444 2351 foret,
3491 2296 3608 2341 vas
3643 2276 3858 2359 ipsum
3896 2298 4039 2343 esse
4075 2277 4294 2344 foeda-

2344 2368 2519 2426 tum:
2580 2360 2836 2426 videtur
2892 2361 3088 2426 etiam
3146 2359 3535 2427 immodicus
3607 2360 3811 2427 fuisse
3855 2361 4062 2446 rigor,
4119 2362 4297 2447 quod

2344 2447 2505 2512 iussi
2566 2457 2724 2513 sunt
2771 2445 3029 2526 Iudaei,
3089 2447 3145 2512 si
3205 2445 3377 2529 quod
3423 2447 3557 2512 tale
3600 2447 3841 2513 animal
3908 2450 3978 2513 in
4034 2448 4294 2514 labrum

2344 2533 2672 2599 vinarium
2719 2531 3073 2612 ceciderat,
3131 2542 3200 2599 et
3261 2532 3399 2599 illic
3456 2533 3676 2599 fuerat
3731 2543 4099 2614 mortuum,
4159 2556 4291 2601 non

2344 2619 2539 2684 modo
2575 2618 2912 2685 effundere
2943 2619 3189 2696 vinum,
3226 2618 3340 2685 sed
3378 2638 3496 2684 vas
3523 2617 3873 2719 dissipare:
3912 2621 4065 2687 siin
4099 2622 4294 2687 furno

2344 2715 2517 2771 esset
2573 2705 2961 2771 suffocatum
2982 2755 2996 2782 ,
3055 2704 3159 2770 vel
3216 2705 3284 2769 in
3345 2703 3490 2769 foco
3542 2704 3880 2785 iacuisset,
3941 2716 4292 2790 utrumque

2343 2793 2629 2857 diruere:
2671 2792 2854 2875 quasi
2899 2789 2982 2855 ad
3025 2811 3132 2857 res
3175 2810 3373 2855 sensu
3408 2800 3707 2857 carentes
3742 2799 4123 2875 penetraret
4158 2794 4292 2876 spi-

2339 2877 2599 2943 ritualis
2669 2877 2988 2959 contagio.
3102 2874 3358 2941 Verum
3423 2897 3683 2959 semper
3754 2877 3885 2942 Dei
3942 2877 4289 2944 consilium

2342 2963 2676 3029 attendere
2712 2962 3035 3041 convenit,
3077 2983 3159 3027 ex
3196 2982 3324 3043 quo
3360 2960 3686 3028 discemus
3728 2984 3861 3028 non
3896 2962 4057 3028 adeo
4091 2964 4291 3030 fuisse

2343 3051 2414 3115 in
2475 3049 2667 3116 rebus
2713 3047 3006 3115 leviculis
3051 3068 3355 3114 severum
3402 3056 3791 3127 exactorem,
3838 3058 3913 3115 ut
3951 3069 4103 3116 suos
4147 3051 4287 3115 affi-

2342 3144 2531 3221 geret
2573 3156 2796 3201 earum
2842 3155 3064 3201 rerum
3106 3134 3581 3200 observationi:
3618 3135 3732 3201 sed
3777 3136 4092 3201 exercitia
4126 3136 4289 3203 haec

2340 3223 2560 3299 fuisse,
2607 3222 2843 3305 quibus
2887 3242 2959 3285 se
2999 3221 3481 3286 assuefacerent
3515 3220 3597 3285 ad
3634 3221 3943 3303 puritatis
3976 3222 4285 3302 studium,

2341 3307 2514 3392 quod
2550 3308 2688 3373 fere
2725 3308 2901 3374 inter
2937 3308 3233 3371 homines
3257 3305 3619 3390 negligitur
3663 3321 3777 3372 aut
3803 3309 4015 3393 friget.
4073 3308 4288 3374 Hodie

2338 3414 2594 3478 quoque
2616 3393 2918 3459 iubemur
2940 3413 3053 3458 ore
3076 3391 3271 3457 Pauli
3294 3388 3380 3476 (1.
3399 3390 3666 3472 Cor.10,
3684 3392 3793 3480 31)
3818 3394 4131 3478 quidquid
4147 3396 4286 3479 agi·

2337 3502 2506 3560 mus,
2553 3480 2694 3547 sive
2727 3479 3014 3556 edamus,
3047 3478 3187 3544 sive
3220 3477 3538 3555 bibamus,
3578 3479 3821 3547 referre
3864 3480 3945 3545 ad
3982 3481 4111 3548 Dei
4147 3482 4284 3566 glo-

2335 3568 2536 3633 riam:
2581 3565 2696 3634 sed
2739 3566 2810 3630 in
2855 3566 2980 3631 hoc
3024 3564 3388 3630 differimus
3426 3585 3465 3629 a
3503 3565 3710 3630 veteri
3735 3566 3998 3650 popule,
4036 3568 4208 3650 quod
4245 3588 4286 3632 a

2334 3651 2694 3736 puerilibus
2743 3650 3133 3718 rudimentis
3156 3649 3361 3730 liberi,
3398 3661 3655 3716 tantum
3705 3650 3785 3715 ad
3810 3652 3877 3716 id
3901 3652 4072 3736 quod
4091 3654 4284 3737 spiri-

2335 3739 2510 3805 tuale
2555 3747 2656 3804 est
2698 3737 3067 3823 dirigimur,
3112 3736 3329 3802 cibum
3365 3744 3434 3801 et
3474 3746 3701 3819 potum
3741 3737 4061 3804 divinitus
4094 3740 4285 3806 nobis

2331 3824 2759 3910 suppeditari,
2801 3832 2879 3888 ut
2913 3823 3085 3889 vitae
3120 3829 3414 3887 autorem
3436 3843 3603 3906 pure
3626 3823 3936 3890 colamus.
4011 3823 4284 3892 Iudaeos

2334 3924 2553 3978 autem
2572 3963 2587 3992 ‚
2647 3919 2721 3975 ut
2765 3917 2987 3975 essent
3029 3908 3111 3973 ad
3156 3908 3331 3975 hunc
3376 3910 3573 3974 finem
3611 3911 4023 3991 attentiores,
4077 3913 4285 3978 variis

2332 3996 2548 4063 modis
2591 3998 2885 4079 oportuit
2928 3995 3284 4061 stimulari:
3342 3993 3501 4059 dum
3545 3993 3676 4061 illis
3720 3994 3905 4061 Deus
3949 3999 4281 4080 praecepit

2334 4084 2562 4150 domos
2606 4103 2756 4149 suas
2801 4082 2882 4147 ab
2926 4082 3107 4146 omni
3147 4080 3337 4146 sorde
3380 4102 3580 4165 puras
3625 4102 3922 4158 servare,
3965 4104 4039 4148 ac
4085 4083 4278 4149 sedu-

2334 4170 2429 4235 los
2474 4189 2616 4234 esse
2660 4168 2729 4232 in
2773 4189 2945 4251 aqua
2987 4178 3053 4231 et
3099 4168 3271 4232 vasis
3314 4167 3617 4233 omnibus
3673 4167 4146 4235 custodiendis:
4205 4178 4281 4234 ut

2330 4254 2596 4322 assidue
2648 4252 2781 4320 illis
2841 4262 2994 4319 ante
3049 4254 3272 4319 oculos
3315 4264 3837 4336 repraesentaret
3876 4275 4073 4336 quam
4133 4255 4279 4321 dili-

2333 4353 2567 4425 genter
2611 4361 2720 4405 eos
2763 4339 3139 4405 incumbere
3196 4339 3397 4404 vellet
3450 4339 3521 4403 in
3584 4360 3807 4405 veram
3854 4342 4275 4407 munditiem:

2334 4428 2521 4493 sicuti
2568 4427 2863 4510 sequitur
2908 4426 2978 4490 in
3021 4426 3154 4490 fine
3190 4424 3442 4507 capitis.

2506 4512 2609 4578 43.
2660 4512 2761 4576 Ne
2815 4513 3100 4594 impuras
3153 4511 3438 4576 reddatis
3489 4511 3744 4575 animas
3784 4516 4039 4578 vestra-5.
4123 4513 4277 4581 Non

2333 4600 2637 4683 proponit
2697 4597 2824 4663 illis
2885 4617 3109 4663 curam
3172 4596 3600 4676 valetudinis,
3656 4615 3780 4662 nec
3834 4598 4196 4681 periculum
4241 4622 4281 4666 a

2332 4686 2578 4751 morbis
2623 4684 2994 4758 denunciat,
3041 4684 3155 4748 sed
3200 4704 3282 4748 ne
3322 4704 3394 4746 se
3435 4682 3874 4766 coinquinent.
3954 4685 4046 4750 Et
4087 4685 4280 4751 subii·

2332 4774 2507 4838 citur
2543 4770 2779 4836 clarior
2801 4769 3165 4852 explicatio,
3213 4766 3387 4849 Quia
3409 4790 3527 4853 ego
3551 4768 3798 4835 Iehova
3821 4769 4005 4836 Deus
4037 4781 4276 4839 vester.

2332 4857 2754 4924 Sanctificate
2799 4875 2955 4939 ergo
3000 4876 3136 4932 vos,
3181 4855 3330 4937 quia
3376 4864 3641 4921 sanctus
3685 4877 3854 4922 sum.
3944 4858 4150 4924 Porro
4194 4880 4279 4925 ne

2330 4952 2638 5028 putarent
2683 4963 3003 5008 summam
3053 4939 3314 5024 pietatis
3359 4941 3679 5006 inclusam
3740 4964 3881 5008 esse
3936 4945 4001 5008 in
4058 4954 4277 5010 exter-

2330 5032 2435 5095 nis
2479 5029 2925 5105 caeremoniis,
2993 5025 3464 5093 consideranda
3505 5027 3639 5094 illis
3682 5028 3806 5093 fuit
3850 5030 3976 5096 Dei
4021 5040 4277 5096 natura.

2329 5117 2501 5181 Nam
2570 5135 2771 5197 quum
2832 5113 3102 5196 spiritus
3167 5113 3285 5191 sit,
3346 5114 3610 5180 nonnisi
3667 5115 4095 5198 spiritualiter
4150 5115 4277 5183 coli

2331 5202 2493 5269 vult.
2552 5201 2659 5266 Ita
2702 5200 3012 5265 sanctitas
3058 5201 3127 5263 in
3169 5199 3422 5265 delectu
3482 5200 3779 5266 ciborum
3837 5201 4119 5266 mediate
4169 5223 4276 5270 ac-

2328 5289 2599 5373 cipitur:
2644 5284 2794 5370 quia
2837 5306 2970 5351 non
3007 5285 3136 5351 alio
3172 5285 3479 5350 tendebat
3513 5285 3926 5364 abstinentia,
3971 5307 4164 5370 quam
4204 5298 4278 5355 ut

2331 5396 2402 5441 se
2469 5375 2612 5440 Deo
2677 5383 3152 5439 consecrarent.
3265 5371 3552 5437 Proinde
3615 5372 4074 5439 inexcusabilis
4153 5374 4280 5440 fuit
