4867 6150
535 436 677 502 471

541 628 753 693 dare:
799 645 1036 707 nempe
1070 631 1147 689 ut
1169 623 1238 688 in
1274 642 1437 689 sana
1480 631 1551 688 et
1593 644 1760 707 pura
1802 622 2101 689 doctrina
2137 621 2523 689 contineant

553 711 910 798 populum,
970 717 1305 794 exponant
1370 708 1525 792 quid
1580 721 1834 775 rectum
1895 709 1999 786 sit,
2066 709 2343 792 denique
2389 708 2524 773 sint

564 798 874 864 ecclesiae
936 796 1250 862 doctores.
1370 794 1579 861 Porro
1637 794 1811 878 quod
1875 794 2156 878 populus
2214 794 2521 877 amplecti

557 884 785 950 debuit
833 882 1147 967 quidquid
1193 881 1823 966 pronunciaverant,
1880 892 1954 946 ut
1997 879 2184 946 nefas
2227 888 2399 946 esset
2441 877 2524 944 ad

561 969 864 1035 dextram
926 967 1028 1033 vel
1089 967 1168 1032 ad
1229 967 1561 1033 sinistram
1624 966 1979 1045 declinare,
2039 988 2169 1031 non
2230 966 2352 1030 fuit
2396 966 2523 1031 1100

561 1056 758 1122 modo
815 1075 1124 1121 concessa
1180 1053 1309 1118 illis
1380 1055 1726 1137 tyrannica
1776 1062 2095 1136 potestas:
2158 1060 2233 1117 ut
2285 1053 2343 1116 si
2404 1073 2522 1134 pro

561 1141 834 1207 libidine
893 1139 1107 1206 lucem
1171 1139 1524 1205 vertissent
1587 1139 1655 1203 in
1704 1139 2039 1220 tenebras,
2099 1160 2216 1222 pro
2260 1137 2524 1203 oraculo

562 1225 939 1293 habendum
964 1225 1159 1290 fuerit
1195 1225 1366 1308 quod
1405 1246 1713 1308 perverse
1751 1224 2202 1291 definiverunt.
2269 1224 2522 1289 Eorum

564 1312 1021 1396 interpretatio
1079 1310 1320 1394 absque
1381 1311 1845 1393 provocatione
1889 1320 2035 1376 rata
2078 1330 2223 1376 esse
2268 1308 2517 1375 debuit:

563 1398 681 1465 sed
705 1398 995 1464 vicissim
1036 1396 1169 1463 illis
1210 1396 1613 1480 praescripta
1647 1397 1776 1462 fuit
1810 1397 2057 1481 regula,
2096 1404 2170 1461 ut
2206 1405 2520 1480 tanquam

561 1507 646 1551 ex
705 1506 816 1550 ore
873 1484 1001 1549 Dei
1062 1483 1507 1566 loquerentur.
1609 1482 1888 1548 Ponitur
1950 1481 2213 1567 quidem
2281 1502 2521 1547 nomen

561 1584 750 1654 ΠἾΊΠ,
786 1569 959 1652 quod
999 1569 1260 1634 tametsi
1299 1568 1664 1634 doctrinam
1704 1577 1909 1648 sonat,
1958 1566 2134 1633 haud
2180 1566 2375 1633 dubie
2419 1575 2521 1632 ta-

561 1678 715 1723 men
775 1676 920 1720 eam
980 1653 1341 1722 doctrinam
1403 1654 1730 1738 significat
1786 1674 1952 1737 quae
2012 1655 2081 1719 in
2141 1653 2287 1738 lege
2345 1674 2524 1719 com-

562 1742 890 1827 prehensa
935 1752 1052 1821 est,
1098 1741 1233 1805 imo
1283 1739 1673 1805 tantundem
1720 1741 1897 1807 valet
1941 1761 2016 1807 ac
2052 1761 2290 1805 nomen
2335 1738 2520 1824 legis.

562 1830 656 1896 Et
699 1827 897 1893 huius
938 1826 1033 1892 rei
1078 1826 1290 1892 fidelis
1337 1835 1438 1891 est
1480 1827 1809 1913 interpres
1845 1826 2176 1909 Iosapbat,
2224 1825 2335 1909 qui
2374 1847 2525 1908 par·

568 1924 669 1980 tes
723 1919 1072 1979 enumerat
1130 1913 1365 1997 quibus
1409 1913 1652 1995 passim
1701 1912 2028 1996 scriptura
2073 1912 2263 1977 docet
2306 1912 2522 1995 legem

562 2000 772 2067 Mosis
857 1999 1199 2066 contineri.
1323 1998 1416 2063 Et
1481 2019 1856 2082 quanquam
1936 2012 2000 2066 'D
2077 1995 2523 2080 metaphorice

561 2092 895 2168 sumptum
942 2083 1333 2151 tantundem
1379 2084 1703 2150 Hebraeis
1747 2085 1928 2152 valet
1967 2104 2044 2149 ac
2085 2105 2321 2164 sermo,
2384 2105 2522 2148 em-

562 2171 822 2256 phatice
847 2182 1069 2236 tamen
1095 2171 1203 2236 hic
1217 2170 1530 2253 exprimit
1552 2172 1914 2254 genuinum
1938 2190 2325 2253 responsum
2351 2168 2523 2253 quod

565 2265 918 2340 sumptum(
939 2257 1138 2322 fuerit
1174 2279 1256 2322 ex
1293 2277 1459 2340 pura
1494 2256 1656 2341 legis
1693 2257 2006 2322 doctrina.
2077 2257 2328 2322 Facere
2364 2275 2522 2338 ergo

457 2406 463 2411 ,
566 2343 882 2409 iubentur
929 2342 1047 2407 filii
1092 2342 1296 2409 Israel
1344 2341 1513 2425 quod
1562 2342 1900 2409 docuerint
1946 2342 2350 2408 sacerdotes:
2404 2339 2523 2406 sed

568 2427 935 2513 quomodo?
1017 2450 1255 2512 nempe
1330 2427 1689 2493 secundum
1769 2449 2155 2513 responsum
2227 2448 2312 2492 ex
2376 2426 2522 2510 lege

562 2525 923 2599 sumptum.
1027 2514 1164 2579 Nec
1217 2535 1376 2580 vero
1437 2513 1704 2580 dubium
1761 2523 1863 2579 est
1912 2515 2070 2598 quin
2122 2514 2305 2597 Deus
2359 2534 2522 2596 quos

562 2609 753 2666 tanta
798 2599 1113 2685 dignitate
1158 2600 1400 2683 pollere
1444 2599 1667 2678 voluit,
1710 2600 1908 2667 simul
1949 2601 2338 2666 instruxerit
2384 2599 2519 2683 spi-

565 2686 701 2753 ritu
745 2686 1225 2769 intelligentiae
1269 2695 1338 2752 et
1381 2686 1829 2765 rectitudinis,
1884 2708 1965 2751 ne
2009 2706 2204 2769 quam
2251 2706 2518 2769 perver-

564 2794 706 2839 sam
768 2772 1163 2836 sententiam
1225 2773 1613 2856 proferrent.
1718 2772 1911 2853 Quod
1973 2772 2170 2836 etiam
2222 2771 2519 2838 continet

563 2859 942 2943 promissio,
1002 2857 1521 2942 Respondebunt
1578 2857 1692 2924 tibi
1739 2858 2012 2924 verbum
2063 2856 2317 2923 iudicii:
2363 2859 2519 2941 quia

559 2943 922 3011 absurdum
966 2944 1198 3010 fuisset
1242 2945 1554 3028 populum
1600 2944 1845 3010 frustra
1897 2954 1963 3009 et
2006 2944 2076 3009 iu
2134 2964 2322 3010 suam
2367 2963 2515 3028 per-

562 3031 804 3098 niciem
840 3028 986 3096 Deo
1030 3030 1311 3097 obedire.
1381 3030 1448 3096 N
1452 3052 1578 3097 unc
1613 3031 1768 3114 quia
1803 3031 2033 3097 unicus
2069 3029 2256 3096 nobis
2300 3049 2518 3096 sacer·

563 3116 683 3184 dos
727 3118 1099 3201 praefectus
1136 3125 1253 3196 est,
1302 3139 1376 3184 ac
1410 3116 1585 3182 idem
1645 3117 1977 3201 magister,
2022 3116 2351 3195 Christus,
2398 3137 2520 3183 vae

564 3203 753 3270 nobis
798 3203 922 3268 nisi
970 3203 1358 3288 simpliciter
1401 3224 1524 3269 nos
1567 3203 1948 3269 subiicimus
1995 3204 2138 3269 eius
2179 3204 2404 3280 verbo,
2452 3210 2520 3267 et

563 3288 648 3356 ad
714 3287 1096 3371 obsequium
1118 3338 1133 3368 ,
1204 3310 1336 3373 qua
1397 3289 1580 3355 decet
1645 3288 1970 3356 modestia
2035 3298 2101 3354 et
2164 3288 2516 3369 docilitate,

559 3394 793 3443 sumus
842 3375 1076 3457 parati.

1215 3716 1350 3782 Ex
1384 3716 1737 3784 NUMER.
1782 3715 1868 3784 V.

741 3887 802 3954 9.
858 3887 1080 3954 Omnis
1094 3845 1113 3866 ⁶
1135 3888 1360 3955 oblatio
1402 3887 1963 3970 sanctificationum
2004 3891 2075 3955 in
2112 3890 2273 3973 filiis
2317 3889 2528 3958 Israel

567 3995 761 4058 quam
821 3974 1071 4055 offerent
1125 3974 1434 4040 sacerdoti
1494 3975 1615 4040 erit
1657 3976 1887 4057 ipsius
1982 3976 2082 4042 10.
2137 3977 2313 4059 Quod
2353 3977 2527 4060 quis-

568 4082 687 4145 que
741 4060 1219 4160 sanctificaverit
1272 4060 1610 4126 sacerdotis
1663 4062 1801 4140 erit,
1852 4068 1909 4127 et
1949 4063 2233 4128 tradetur
2274 4064 2345 4128 in
2384 4084 2525 4130 ma-

570 4167 725 4214 num
766 4167 919 4213 eius.

746 4318 806 4385 9.
858 4318 1081 4385 Ovnnis
1120 4316 1362 4384 oblatio.
1444 4317 1790 4384 Hactenus
1823 4318 1998 4385 locos
2040 4319 2156 4385 ubi
2198 4320 2278 4386 de
2314 4313 2528 4386 sacer-

577 4402 804 4469 dotum
851 4404 1059 4469 officio
1104 4402 1370 4469 disserit
1413 4404 1651 4482 Moses,
1697 4404 1949 4490 collegi,
1996 4412 2063 4470 et
2097 4406 2384 4472 breviter
2418 4428 2530 4472 ex·

575 4492 797 4574 posui:
844 4511 1018 4556 nunc
1066 4499 1346 4556 tractare
1390 4490 1702 4573 incipiam
1740 4490 1820 4556 de
1854 4493 2146 4575 ipsorum
2194 4494 2357 4573 iure,
2402 4494 2529 4558 hoc

580 4587 700 4656 est,
744 4596 875 4659 quo
919 4575 1098 4657 ipsos
1145 4574 1391 4642 honore
1429 4575 1738 4662 dignatus
1783 4579 1981 4643 fuerit
2024 4576 2253 4657 Deus,
2283 4586 2361 4644 ut
2418 4599 2530 4644 eos

575 4663 855 4728 haberet
902 4671 1238 4745 promptos
1290 4673 1357 4727 et
1403 4662 1744 4747 expeditos
1786 4663 1866 4727 ad
1911 4663 2320 4747 obsequium.
2398 4665 2530 4730 Hic

575 4757 795 4813 autem
859 4745 1148 4811 breviter
1201 4749 1593 4833 perstringit
1652 4749 1876 4815 Moses
1941 4771 2109 4833 quae
2167 4751 2311 4816 aliis
2370 4750 2528 4816 locis

573 4834 900 4919 copiosius
944 4832 1246 4915 explicat,
1293 4843 1369 4898 ut
1410 4855 1567 4899 mox
1613 4835 2009 4902 videbimus:
2058 4856 2293 4920 nempe
2336 4856 2527 4903 sanc-

571 4930 674 4986 tas
731 4940 959 4986 omnes
1015 4918 1373 4985 oblationes
1428 4921 1870 4987 sacerdotibus
1927 4921 2189 5000 addicit,
2245 4944 2525 5006 quarum

571 5007 821 5090 species
873 5013 1096 5088 postea
1151 5006 1533 5071 recensebit.
1637 5007 1848 5074 Porro
1908 5008 2108 5073 huius
2165 5009 2332 5093 legis
2391 5019 2524 5075 tres

568 5092 843 5158 fuerunt
884 5089 1270 5174 praecipuae
1313 5092 1630 5158 rationes:
1676 5114 1760 5158 ne
1805 5093 1977 5177 quod
2014 5092 2160 5160 Deo
2202 5095 2336 5159 iam
2382 5104 2526 5161 erat

573 5176 880 5256 dicatum,
940 5178 1312 5262 promiscuo
1361 5198 1483 5243 usu
1535 5178 1889 5245 vilesceret.
1972 5180 2166 5260 Nam,
2210 5192 2285 5246 ut
2326 5181 2525 5247 sacri-

567 5265 738 5329 ficiis
797 5273 1129 5330 constaret
1180 5284 1300 5328 sua
1347 5262 1666 5346 dignitas,
1722 5266 1937 5331 cibum
1985 5287 2242 5332 sacrum
2290 5287 2330 5331 a
2372 5288 2521 5350 pro—

561 5351 726 5415 fano
784 5350 1154 5416 discernere
1214 5350 1517 5432 oportuit.
1622 5351 1882 5418 Deinde
1939 5352 2063 5419 1100
2107 5352 2298 5419 1110ἀο
2342 5353 2520 5420 cohi-

1955 432 2471 500 SECUNDUM
2515 428 3165 499 PRAEOEPTUM.

4423 434 4531 500 472

2629 619 2763 686 bita
2822 620 2946 687 fuit
3000 620 3205 686 nimia
3261 621 3331 686 in
3390 622 3648 705 pompis
3703 620 3991 686 ambitio.
4094 620 4266 685 Nam
4320 620 4371 686 si
4414 631 4540 705 post

2627 726 2848 772 caesas
2888 708 3188 772 victimas
3224 717 3363 773 tota
3396 727 3549 774 caro
3587 706 3670 773 ad
3709 706 4004 773 dominos
4027 705 4341 786 rediisset,
4376 709 4540 775 vanis

2625 792 2999 859 hominibus
3058 794 3372 859 crevisset
3426 814 3497 858 00
3554 791 3928 859 ostentandi
3983 792 4320 878 cupiditas.
4403 792 4544 859 Cer·

2626 879 2813 943 tatim
2897 879 2978 944 ad
3060 878 3357 963 plausum
3436 876 3831 962 captandum
3897 878 4238 945 venissent
4302 878 4544 946 divites:

2624 965 2805 1030 laute
2861 964 3125 1049 epulati,
3184 964 3416 1031 venale
3470 966 3928 1049 exposuissent
3989 963 4161 1049 quod
4213 973 4354 1031 erat
4405 967 4546 1032 resi·

2627 1049 2854 1116 duum.
2944 1051 3050 1116 Ita
3108 1072 3278 1118 vano
3332 1050 3548 1119 cultus
3608 1050 3735 1116 Dei
3791 1058 4135 1133 praetextu
4184 1050 4266 1115 ad
4305 1060 4545 1134 captan-

2626 1135 2783 1202 dum
2840 1138 3133 1203 favorem
3194 1138 3383 1204 abusi
3427 1146 3666 1203 essent.
3755 1137 3982 1202 Tertia
4030 1137 4200 1202 ratio
4244 1135 4367 1202 fuit
4404 1159 4551 1221 quae

2626 1223 2978 1306 attingitur
3036 1245 3076 1289 a
3134 1222 3345 1289 Paulo
3400 1221 3487 1309 (1.
3535 1223 3684 1289 Cor.
3732 1222 3793 1304 9,
3841 1221 3967 1309 13),
4025 1224 4182 1306 quia
4236 1224 4546 1290 ministros

2626 1309 2852 1374 altaris
2908 1330 3187 1393 aequum
3244 1311 3371 1374 fuit
3422 1331 3504 1375 ex
3566 1308 3759 1375 altari
3818 1310 4059 1375 vivere.
4180 1309 4327 1376 Etsi
4391 1310 4549 1375 enim

2623 1395 2750 1461 Dei
2797 1416 3024 1461 servos
3069 1394 3370 1461 mercede
3416 1394 3593 1461 trahi
3639 1403 3833 1478 turpe
3878 1403 4008 1474 est,
4078 1395 4291 1460 noluit
4350 1402 4549 1461 tamen

2626 1481 2809 1547 Deus
2854 1481 3246 1561 sacerdotes,
3296 1503 3496 1564 quum
3545 1480 3902 1547 liberaliter
3945 1502 4211 1564 operam
4273 1503 4450 1547 suam
4489 1483 4551 1546 in

2626 1566 2806 1632 cultu
2854 1569 3207 1633 sanctuarii
3253 1567 3728 1651 impenderent,
3786 1568 4001 1633 esurie
4046 1567 4274 1650 premi,
4320 1589 4401 1633 ne
4439 1567 4551 1633 mi-

2625 1660 2943 1718 nueretur
3007 1675 3233 1719 eorum
3298 1653 3621 1720 alacritas.
3725 1654 3897 1718 Nam
3957 1655 4013 1719 si
4075 1652 4278 1737 probe
4328 1675 4551 1718 munus

2625 1760 2817 1805 suum
2863 1740 3132 1822 exsequi
3168 1739 3504 1818 volebant,
3550 1747 3725 1804 totos
3769 1739 4107 1804 attendere
4143 1759 4405 1805 necesse
4446 1738 4555 1804 fuit

2627 1825 2708 1891 ad
2745 1847 2851 1891 res
2890 1824 3166 1902 divinas,
3206 1836 3273 1890 et
3306 1847 3533 1892 curam
3570 1827 3663 1891 rei
3702 1823 4093 1891 domesticae
4129 1826 4426 1891 abiicere.
4489 1824 4554 1891 Si

2626 1912 2776 1995 quis
2835 1911 3101 1976 obiiciat
3146 1910 3308 1978 haec
3351 1912 3550 1977 fuisse
3600 1912 3915 1978 avaritiae
3960 1915 4265 1989 fomenta,
4311 1919 4377 1976 et
4417 1910 4555 1976 ube-

2626 2019 2762 2062 rem
2816 1999 3238 2081 opimumque
3291 2005 3633 2080 quaestum
3693 1997 4137 2063 sacerdotibus
4178 1997 4383 2063 fuisse
4423 2018 4555 2081 pro·

2623 2084 2930 2166 positum,
2974 2084 3045 2147 in
3080 2093 3387 2167 promptu
3430 2094 3532 2150 est
3565 2083 3834 2150 solutio:
3880 2083 4192 2167 quidquid
4232 2082 4363 2149 illis
4384 2082 4558 2150 cessit

2623 2171 2691 2234 in
2734 2176 3008 2253 partem,
3054 2191 3254 2253 quum
3301 2169 3383 2236 ad
3428 2170 3677 2236 victum
3721 2171 4269 2254 restringeretur,
4329 2171 4556 2235 iustum

2625 2255 2891 2320 modum
2939 2277 3073 2320 non
3118 2257 3493 2322 excessisse.
3584 2256 3768 2321 Nihil
3814 2255 3989 2321 enim
4037 2253 4329 2322 vendere
4373 2255 4555 2336 licuit,

2624 2363 2699 2408 ac
2742 2363 2828 2407 ne
2874 2341 3108 2408 alienis
3155 2340 3421 2426 quidem
3465 2342 3712 2427 largiri,
3760 2349 3836 2407 ut
3877 2343 4118 2426 partim
4165 2343 4326 2408 alibi
4361 2344 4558 2408 visum

2624 2428 2765 2505 fuit,
2814 2429 3054 2511 partim
3099 2450 3253 2493 mox
3297 2435 3569 2511 repetet.
3644 2428 3867 2510 Quare
3903 2428 4068 2495 satis
4103 2450 4431 2514 superque
4470 2449 4557 2492 re·

2624 2513 2868 2578 fellitur
2912 2513 3139 2598 putida
3182 2535 3406 2579 eorum
3452 2515 3837 2599 improbitas
3892 2515 4002 2597 qui
4046 2515 4288 2580 Mosen
4330 2512 4559 2598 suggil-

2623 2599 2794 2680 lant,
2851 2621 2927 2665 ac
2971 2601 3026 2665 si
3071 2600 3296 2684 populi
3343 2601 3567 2683 spoliis
3612 2599 3980 2667 sacerdotes
4024 2599 4319 2667 ditasset.
4406 2600 4559 2665 Nam

2624 2687 2679 2751 si
2728 2685 2962 2769 quibus
3005 2687 3218 2751 voluit
3261 2686 3623 2770 consulere,
3673 2686 3788 2751 filii
3835 2696 4008 2751 certe
4053 2687 4326 2752 fuerunt
4369 2685 4560 2752 omni·

2623 2773 2745 2838 bus
2800 2771 3246 2856 praeferendi,
3309 2794 3585 2855 quorum
3634 2780 3855 2837 tamen
3915 2773 4102 2837 nulla
4144 2773 4256 2840 hic
4301 2772 4562 2839 habetur

2623 2858 2811 2924 ratio.
2914 2858 3058 2923 Imo
3124 2858 3439 2942 quidquid
3520 2859 3819 2924 concedit
3883 2859 4366 2941 sacerdotibus,
4425 2858 4562 2924 filiis

2623 2944 2763 3010 suis
2822 2952 2887 3009 et
2949 2965 3174 3010 eorum
3229 2944 3509 3028 posteris
3574 2946 3817 3010 aufert:
3901 2965 3976 3011 ac
4042 2946 4100 3010 si
4166 2944 4327 3012 data
4386 2964 4565 3028 opera

2624 3029 3000 3109 commodis,
3060 3030 3304 3115 alioqui
3349 3052 3479 3097 non
3517 3030 3782 3111 illicitis,
3828 3051 3937 3098 eos
3973 3032 4293 3117 privaret.
4376 3030 4563 3098 Deni-

2623 3139 2751 3201 que
2793 3117 2933 3183 sola
2977 3116 3261 3202 dignitas
3306 3139 3642 3185 sacrorum
3679 3126 3971 3201 spectata
4004 3118 4148 3200 fuit,
4193 3141 4330 3186 non
4366 3127 4565 3185 autem

2622 3204 2882 3271 lucrum
2932 3202 3380 3271 sacerdotibus
3421 3205 3810 3288 quaesitum.

3175 3544 3309 3610 EX
3352 3545 3705 3613 NUMER.
3751 3546 4016 3613 XVIII.

2798 3719 2857 3784 8.
2906 3719 3231 3801 Loquutus
3288 3722 3379 3783 est
3433 3717 3667 3784 Iehova
3724 3720 3812 3786 ad
3865 3719 4163 3800 Aharon,
4228 3720 4415 3800 ane,
4468 3740 4560 3804 eqo

2626 3807 2774 3873 dedi
2815 3805 2930 3870 tibi
2969 3804 3318 3871 custodiam
3361 3803 3742 3871 oblationum
3784 3826 4084 3884 mearum,
4145 3827 4365 3873 omnes
4402 3826 4560 3872 sanc-

2626 3892 2993 3975 tificationes
3021 3890 3306 3972 filiorum
3349 3890 3563 3956 Israel
3594 3891 3747 3957 dedi
3778 3891 3894 3957 tibi
3917 3897 4179 3975 propter
4212 3894 4558 3971 unctionem,

2625 3984 2682 4043 et
2709 3977 2871 4060 filiis
2903 3978 3034 4042 tuis
3074 3977 3146 4041 in
3180 3980 3480 4043 statutum
3504 3982 3894 4059 perpetuum.
3962 3978 4023 4044 9.
4074 3977 4216 4045 Hoc
4248 3980 4371 4045 erit
4399 3983 4560 4043 tuum

2626 4084 2705 4129 ex
2748 4064 3072 4130 sanctitate
3112 4063 3528 4139 sanctitatum,
3575 4063 3835 4129 residua
3883 4063 3963 4128 ab
4002 4065 4175 4149 iyne:
4230 4066 4433 4131 omnis
4470 4062 4559 4128 ob-

2627 4150 2778 4215 latio
2834 4169 3076 4226 eorum,
3131 4149 3262 4214 sive
3313 4148 3532 4214 minna
3576 4169 3786 4215 eorum
3829 4150 3944 4228 sit,
3999 4150 4133 4215 sive
4187 4150 4414 4217 oblatio
4453 4168 4565 4233 pro

2617 4241 2868 4318 peccato
2927 4253 3171 4314 eorum,
3236 4235 3367 4301 sive
3423 4233 3646 4300 oblatio
3694 4256 3822 4316 pro
3874 4235 4089 4302 delicto
4133 4257 4353 4303 eorum
4392 4254 4563 4318 quam

2626 4322 2882 4388 reddent
2936 4321 3114 4400 mihi,
3170 4320 3478 4386 sanctitas
3531 4322 3935 4386 sanctitatum
3996 4321 4109 4386 tibi
4162 4324 4287 4387 erit
4328 4328 4384 4388 et
4417 4320 4562 4404 filiis

2626 4409 2773 4473 tuis,
2843 4406 2943 4473 10.
2988 4406 3073 4471 In
3095 4407 3423 4472 sanctitate
3455 4407 3851 4473 sanctitatum
3885 4408 4155 4474 comedes
4187 4428 4346 4489 eam,
4380 4406 4563 4472 omnis

2628 4493 2950 4560 masculus
2994 4492 3254 4558 comedet
3314 4513 3484 4558 eam:
3537 4494 3841 4559 sanctitas
3898 4495 4016 4559 erit
4071 4494 4202 4560 ati.
4300 4493 4397 4560 11.
4441 4491 4560 4558 Hoc

2629 4581 2815 4645 etiam
2842 4583 3018 4643 tuum
3051 4580 3188 4657 erit,
3225 4578 3590 4645 levationem
3610 4580 3895 4645 muneris
3916 4600 4146 4655 eorum,
4183 4601 4396 4646 omnes
4411 4578 4559 4645 obla-

2629 4667 2824 4731 tiones
2855 4663 3140 4746 filiorum
3171 4663 3381 4729 Israel
3412 4665 3524 4729 tibi
3558 4665 3705 4731 dedi
3740 4670 3799 4729 et
3837 4664 3998 4746 filiis
4044 4666 4174 4730 tuis
4219 4672 4278 4731 et
4320 4664 4556 4748 filiabus

2630 4752 2759 4816 tuis
2800 4755 2996 4816 tecum
3038 4751 3105 4815 in
3148 4755 3449 4815 stattatum
3478 4756 3888 4833 perpetuum.-
3945 4753 4147 4816 omnis
4188 4753 4459 4819 mundus
4494 4750 4557 4813 in

2628 4838 2804 4904 domo
2843 4842 2955 4902 tua
2995 4837 3255 4902 comedet
3297 4856 3452 4902 eam.
3528 4836 3627 4902 12.
3678 4836 3935 4903 Omnem
3957 4838 4405 4921 pinquedinem
4435 4835 4558 4916 olei,

2629 4929 2686 4990 et
2749 4943 2988 4989 omnem
3034 4923 3483 5004 pinquedinem
3545 4923 3684 4989 vini
3747 4927 3805 4988 et
3853 4922 4185 5005 frumenti,
4242 4923 4557 5006 primitias

2628 5029 2840 5075 eorum
2881 5029 3044 5091 quas
3083 5007 3319 5073 dabunt
3359 5007 3638 5086 Iehovae,
3683 5009 3797 5074 tibi
3831 5010 4024 5075 dedi:
4085 5008 4186 5074 13.
4238 5008 4556 5074 Primitiae

2631 5097 2911 5163 omnium
2953 5114 3114 5177 quae
3155 5096 3228 5158 in
3268 5098 3440 5159 terra
3484 5115 3727 5173 eonem,
3784 5116 3946 5177 quas
3988 5096 4252 5177 afferent
4294 5094 4552 5170 Iskome,

2628 5187 2774 5247 tuae
2815 5185 3030 5246 erunt.-
3086 5182 3290 5244 omnis
3330 5180 3604 5247 mundus
3645 5183 3716 5246 in
3757 5181 3933 5248 domo
3973 5187 4086 5247 tua
4128 5181 4404 5247 comedat
4437 5197 4548 5244 eas.

2634 5268 2733 5332 14.
2789 5266 2981 5333 Omne
3022 5265 3353 5331 anathema
3407 5267 3474 5330 in
3522 5266 3732 5333 Israel
3781 5272 3958 5333 tuum
4001 5270 4138 5333 erit.
4228 5267 4330 5333 15.
4381 5262 4552 5348 Quid-

2630 5354 2784 5436 quid
2812 5353 3017 5433 aperit
3035 5350 3287 5417 vulvam
3308 5352 3380 5416 in
3401 5354 3572 5418 omni
3592 5373 3782 5418 carne
3815 5354 3977 5436 quod
4010 5354 4263 5435 offerant
4286 5352 4545 5429 Iehovac,
