<?xml version="1.0" encoding="UTF-8"?>
<!DOCTYPE html PUBLIC "-//W3C//DTD XHTML 1.0 Transitional//EN"
    "http://www.w3.org/TR/xhtml1/DTD/xhtml1-transitional.dtd">
<html xmlns="http://www.w3.org/1999/xhtml" xml:lang="en" lang="en">
 <head>
  <title>
</title>
<meta http-equiv="Content-Type" content="text/html;charset=utf-8" />
  <meta name='ocr-system' content='tesseract 3.04.00' />
  <meta name='ocr-capabilities' content='ocr_page ocr_carea ocr_par ocr_line ocrx_word'/>
</head>
<body>
  <div class='ocr_page' id='page_1' title='image "./lta-2000/ioanniscalvinio04unkngoog/ioanniscalvinio04unkngoog_0121.png"; bbox 0 0 4867 6150; ppageno 0'>
   <div class='ocr_carea' id='block_1_1' title="bbox 337 431 458 497">
    <p class='ocr_par' dir='ltr' id='par_1_1' title="bbox 337 431 458 497">
     <span class='ocr_line' id='line_1_1' title="bbox 337 431 458 497; baseline -0.017 0"><span class='ocrx_word' id='word_1_1' title='bbox 337 431 458 497; x_wconf 83' lang='lat'><strong>213</strong></span> 
     </span>
    </p>
   </div>
   <div class='ocr_carea' id='block_1_2' title="bbox 291 617 2271 5432">
    <p class='ocr_par' dir='ltr' id='par_1_2' title="bbox 333 617 2270 1648">
     <span class='ocr_line' id='line_1_2' title="bbox 337 617 2270 703; baseline -0.001 -15"><span class='ocrx_word' id='word_1_2' title='bbox 337 619 562 688; x_wconf 86' lang='lat' dir='ltr'><strong>elicere</strong></span> <span class='ocrx_word' id='word_1_3' title='bbox 623 619 830 686; x_wconf 85' lang='lat' dir='ltr'><strong>debet.</strong></span> <span class='ocrx_word' id='word_1_4' title='bbox 934 619 1136 685; x_wconf 88' lang='lat' dir='ltr'><strong>Initio</strong></span> <span class='ocrx_word' id='word_1_5' title='bbox 1193 620 1433 703; x_wconf 90' lang='lat' dir='ltr'><strong>repetit</strong></span> <span class='ocrx_word' id='word_1_6' title='bbox 1490 619 1716 686; x_wconf 88' lang='lat' dir='ltr'><strong>eadem</strong></span> <span class='ocrx_word' id='word_1_7' title='bbox 1776 620 1980 686; x_wconf 86' lang='lat' dir='ltr'><strong>verba</strong></span> <span class='ocrx_word' id='word_1_8' title='bbox 2035 617 2270 702; x_wconf 87' lang='lat' dir='ltr'><strong>quibus</strong></span> 
     </span>
     <span class='ocr_line' id='line_1_3' title="bbox 337 704 2269 789; baseline -0.001 -18"><span class='ocrx_word' id='word_1_9' title='bbox 337 726 544 789; x_wconf 82' lang='lat' dir='ltr'><strong>nuper</strong></span> <span class='ocrx_word' id='word_1_10' title='bbox 605 726 768 770; x_wconf 87' lang='lat' dir='ltr'><strong>usus</strong></span> <span class='ocrx_word' id='word_1_11' title='bbox 832 704 1079 771; x_wconf 90' lang='lat' dir='ltr'><strong>fuerat:</strong></span> <span class='ocrx_word' id='word_1_12' title='bbox 1160 704 1317 773; x_wconf 90' lang='lat' dir='ltr'><strong>hinc</strong></span> <span class='ocrx_word' id='word_1_13' title='bbox 1392 707 1696 772; x_wconf 77' lang='lat' dir='ltr'><strong>hortatur</strong></span> <span class='ocrx_word' id='word_1_14' title='bbox 1760 714 1835 771; x_wconf 90' lang='lat' dir='ltr'><strong>ut</strong></span> <span class='ocrx_word' id='word_1_15' title='bbox 1898 704 2269 771; x_wconf 88' lang='lat' dir='ltr'><strong>custodiant</strong></span> 
     </span>
     <span class='ocr_line' id='line_1_4' title="bbox 335 791 2269 873; baseline -0.002 -14"><span class='ocrx_word' id='word_1_16' title='bbox 335 799 578 859; x_wconf 88' lang='lat' dir='ltr'><strong>statuta</strong></span> <span class='ocrx_word' id='word_1_17' title='bbox 620 812 743 856; x_wconf 91' lang='lat' dir='ltr'><strong>sua</strong></span> <span class='ocrx_word' id='word_1_18' title='bbox 785 800 851 855; x_wconf 90' lang='lat' dir='ltr'><strong>et</strong></span> <span class='ocrx_word' id='word_1_19' title='bbox 889 791 1148 871; x_wconf 90' lang='lat' dir='ltr'><strong>iudicia,</strong></span> <span class='ocrx_word' id='word_1_20' title='bbox 1193 792 1317 857; x_wconf 89' lang='lat' dir='ltr'><strong>hoc</strong></span> <span class='ocrx_word' id='word_1_21' title='bbox 1358 800 1480 873; x_wconf 90' lang='lat' dir='ltr'><strong>est,</strong></span> <span class='ocrx_word' id='word_1_22' title='bbox 1524 793 1593 856; x_wconf 88' lang='lat' dir='ltr'><strong>in</strong></span> <span class='ocrx_word' id='word_1_23' title='bbox 1637 792 1891 858; x_wconf 88' lang='lat' dir='ltr'><strong>animos</strong></span> <span class='ocrx_word' id='word_1_24' title='bbox 1935 812 2086 857; x_wconf 87' lang='lat' dir='ltr'><strong>suos</strong></span> <span class='ocrx_word' id='word_1_25' title='bbox 2121 791 2269 856; x_wconf 89' lang='lat' dir='ltr'><strong>dili·</strong></span> 
     </span>
     <span class='ocr_line' id='line_1_5' title="bbox 334 877 2268 963; baseline -0.001 -21"><span class='ocrx_word' id='word_1_26' title='bbox 334 884 564 963; x_wconf 79' lang='lat' dir='ltr'>genter</span> <span class='ocrx_word' id='word_1_27' title='bbox 608 886 959 960; x_wconf 74' lang='lat' dir='ltr'><strong>reponant:</strong></span> <span class='ocrx_word' id='word_1_28' title='bbox 1017 877 1254 942; x_wconf 89' lang='lat' dir='ltr'><strong>deinde</strong></span> <span class='ocrx_word' id='word_1_29' title='bbox 1297 878 1607 943; x_wconf 89' lang='lat' dir='ltr'><strong>admonet</strong></span> <span class='ocrx_word' id='word_1_30' title='bbox 1648 898 1959 962; x_wconf 84' lang='lat' dir='ltr'>quorsum</span> <span class='ocrx_word' id='word_1_31' title='bbox 2005 877 2088 942; x_wconf 91' lang='lat' dir='ltr'><strong>ad</strong></span> <span class='ocrx_word' id='word_1_32' title='bbox 2132 898 2268 943; x_wconf 87' lang='lat' dir='ltr'><strong>ser-</strong></span> 
     </span>
     <span class='ocr_line' id='line_1_6' title="bbox 335 962 2269 1047; baseline -0.001 -17"><span class='ocrx_word' id='word_1_33' title='bbox 335 963 616 1030; x_wconf 79' lang='lat' dir='ltr'><strong>vandam</strong></span> <span class='ocrx_word' id='word_1_34' title='bbox 641 963 852 1047; x_wconf 90' lang='lat' dir='ltr'><strong>legem</strong></span> <span class='ocrx_word' id='word_1_35' title='bbox 877 962 1155 1028; x_wconf 85' lang='lat' dir='ltr'><strong>debeant</strong></span> <span class='ocrx_word' id='word_1_36' title='bbox 1189 963 1548 1043; x_wconf 83' lang='lat' dir='ltr'><strong>attendere,</strong></span> <span class='ocrx_word' id='word_1_37' title='bbox 1587 984 1823 1047; x_wconf 90' lang='lat' dir='ltr'><strong>nempe</strong></span> <span class='ocrx_word' id='word_1_38' title='bbox 1856 972 1930 1028; x_wconf 91' lang='lat' dir='ltr'><strong>ut</strong></span> <span class='ocrx_word' id='word_1_39' title='bbox 1964 962 2269 1046; x_wconf 84' lang='lat' dir='ltr'><strong>operibus</strong></span> 
     </span>
     <span class='ocr_line' id='line_1_7' title="bbox 335 1048 2269 1134; baseline -0.002 -19"><span class='ocrx_word' id='word_1_40' title='bbox 335 1058 669 1134; x_wconf 84' lang='lat' dir='ltr'><strong>praestent</strong></span> <span class='ocrx_word' id='word_1_41' title='bbox 727 1069 893 1131; x_wconf 88' lang='lat' dir='ltr'><strong>quae</strong></span> <span class='ocrx_word' id='word_1_42' title='bbox 946 1049 1080 1115; x_wconf 90' lang='lat' dir='ltr'><strong>illic</strong></span> <span class='ocrx_word' id='word_1_43' title='bbox 1125 1048 1309 1115; x_wconf 91' lang='lat' dir='ltr'><strong>Deus</strong></span> <span class='ocrx_word' id='word_1_44' title='bbox 1351 1049 1575 1133; x_wconf 80' lang='lat' dir='ltr'><strong>exigit.</strong></span> <span class='ocrx_word' id='word_1_45' title='bbox 1662 1049 1802 1115; x_wconf 90' lang='lat' dir='ltr'><strong>Nec</strong></span> <span class='ocrx_word' id='word_1_46' title='bbox 1848 1069 2004 1114; x_wconf 84' lang='lat' dir='ltr'><strong>vero</strong></span> <span class='ocrx_word' id='word_1_47' title='bbox 2038 1048 2154 1115; x_wconf 88' lang='lat' dir='ltr'><strong>abs</strong></span> <span class='ocrx_word' id='word_1_48' title='bbox 2196 1069 2269 1113; x_wconf 89' lang='lat' dir='ltr'><strong>re</strong></span> 
     </span>
     <span class='ocr_line' id='line_1_8' title="bbox 334 1133 2268 1218; baseline -0.001 -18"><span class='ocrx_word' id='word_1_49' title='bbox 334 1138 400 1200; x_wconf 92' lang='lat' dir='ltr'><strong>in</strong></span> <span class='ocrx_word' id='word_1_50' title='bbox 457 1137 588 1200; x_wconf 90' lang='lat' dir='ltr'><strong>fine</strong></span> <span class='ocrx_word' id='word_1_51' title='bbox 643 1133 909 1201; x_wconf 89' lang='lat' dir='ltr'><strong>secundi</strong></span> <span class='ocrx_word' id='word_1_52' title='bbox 966 1155 1196 1199; x_wconf 81' lang='lat' dir='ltr'><strong>versus</strong></span> <span class='ocrx_word' id='word_1_53' title='bbox 1254 1135 1492 1199; x_wconf 90' lang='lat' dir='ltr'><strong>iterum</strong></span> <span class='ocrx_word' id='word_1_54' title='bbox 1549 1135 1940 1218; x_wconf 88' lang='lat' dir='ltr'><strong>pronunciat</strong></span> <span class='ocrx_word' id='word_1_55' title='bbox 1996 1155 2067 1199; x_wconf 87' lang='lat' dir='ltr'><strong>se</strong></span> <span class='ocrx_word' id='word_1_56' title='bbox 2125 1154 2268 1200; x_wconf 88' lang='lat' dir='ltr'><strong>esse</strong></span> 
     </span>
     <span class='ocr_line' id='line_1_9' title="bbox 333 1220 2269 1303; baseline -0.001 -17"><span class='ocrx_word' id='word_1_57' title='bbox 333 1221 646 1287; x_wconf 84' lang='lat' dir='ltr'><strong>Iehovam</strong></span> <span class='ocrx_word' id='word_1_58' title='bbox 666 1271 680 1298; x_wconf 93' lang='lat'><strong>,</strong></span> <span class='ocrx_word' id='word_1_59' title='bbox 759 1220 911 1303; x_wconf 90' lang='lat' dir='ltr'><strong>quia</strong></span> <span class='ocrx_word' id='word_1_60' title='bbox 989 1242 1112 1287; x_wconf 91' lang='lat' dir='ltr'><strong>nec</strong></span> <span class='ocrx_word' id='word_1_61' title='bbox 1182 1220 1584 1303; x_wconf 87' lang='lat' dir='ltr'><strong>praefractos</strong></span> <span class='ocrx_word' id='word_1_62' title='bbox 1649 1220 1904 1287; x_wconf 84' lang='lat' dir='ltr'><strong>animos</strong></span> <span class='ocrx_word' id='word_1_63' title='bbox 1966 1220 2269 1303; x_wconf 78' lang='lat' dir='ltr'><strong>subigere</strong></span> 
     </span>
     <span class='ocr_line' id='line_1_10' title="bbox 334 1306 2268 1390; baseline -0.001 -18"><span class='ocrx_word' id='word_1_64' title='bbox 334 1307 522 1373; x_wconf 76' lang='lat' dir='ltr'><strong>facile</strong></span> <span class='ocrx_word' id='word_1_65' title='bbox 564 1316 694 1381; x_wconf 88' lang='lat' dir='ltr'><strong>est,</strong></span> <span class='ocrx_word' id='word_1_66' title='bbox 743 1327 863 1371; x_wconf 91' lang='lat' dir='ltr'><strong>nec</strong></span> <span class='ocrx_word' id='word_1_67' title='bbox 908 1327 1111 1390; x_wconf 81' lang='lat' dir='ltr'><strong>vagos</strong></span> <span class='ocrx_word' id='word_1_68' title='bbox 1151 1308 1438 1370; x_wconf 87' lang='lat' dir='ltr'><strong>retinere</strong></span> <span class='ocrx_word' id='word_1_69' title='bbox 1480 1306 1549 1371; x_wconf 93' lang='lat' dir='ltr'><strong>in</strong></span> <span class='ocrx_word' id='word_1_70' title='bbox 1595 1306 1723 1371; x_wconf 90' lang='lat' dir='ltr'><strong>Dei</strong></span> <span class='ocrx_word' id='word_1_71' title='bbox 1767 1307 2019 1371; x_wconf 87' lang='lat' dir='ltr'><strong>timore.</strong></span> <span class='ocrx_word' id='word_1_72' title='bbox 2101 1306 2268 1371; x_wconf 90' lang='lat' dir='ltr'><strong>Pro·</strong></span> 
     </span>
     <span class='ocr_line' id='line_1_11' title="bbox 333 1390 2266 1474; baseline -0.001 -15"><span class='ocrx_word' id='word_1_73' title='bbox 333 1392 513 1459; x_wconf 84' lang='lat' dir='ltr'><strong>ximo</strong></span> <span class='ocrx_word' id='word_1_74' title='bbox 578 1413 774 1458; x_wconf 82' lang='lat' dir='ltr'><strong>versu</strong></span> <span class='ocrx_word' id='word_1_75' title='bbox 840 1391 1145 1459; x_wconf 89' lang='lat' dir='ltr'><strong>adiicitur</strong></span> <span class='ocrx_word' id='word_1_76' title='bbox 1207 1390 1577 1474; x_wconf 78' lang='lat' dir='ltr'><strong>epitheton:</strong></span> <span class='ocrx_word' id='word_1_77' title='bbox 1632 1390 2068 1458; x_wconf 81' lang='lat' dir='ltr'><strong>Sanctificans</strong></span> <span class='ocrx_word' id='word_1_78' title='bbox 2131 1411 2266 1467; x_wconf 82' lang='lat' dir='ltr'><strong>vos,</strong></span> 
     </span>
     <span class='ocr_line' id='line_1_12' title="bbox 334 1475 2268 1562; baseline -0.001 -18"><span class='ocrx_word' id='word_1_79' title='bbox 334 1490 404 1544; x_wconf 93' lang='lat' dir='ltr'><strong>ut</strong></span> <span class='ocrx_word' id='word_1_80' title='bbox 461 1477 930 1562; x_wconf 79' lang='lat' dir='ltr'><strong>gratitudinem</strong></span> <span class='ocrx_word' id='word_1_81' title='bbox 987 1499 1171 1543; x_wconf 86' lang='lat' dir='ltr'><strong>suam</strong></span> <span class='ocrx_word' id='word_1_82' title='bbox 1231 1476 1375 1543; x_wconf 91' lang='lat' dir='ltr'><strong>Deo</strong></span> <span class='ocrx_word' id='word_1_83' title='bbox 1435 1478 1707 1560; x_wconf 90' lang='lat' dir='ltr'><strong>probare</strong></span> <span class='ocrx_word' id='word_1_84' title='bbox 1765 1476 2099 1556; x_wconf 87' lang='lat' dir='ltr'><strong>studeant,</strong></span> <span class='ocrx_word' id='word_1_85' title='bbox 2156 1475 2268 1560; x_wconf 89' lang='lat' dir='ltr'><strong>qui</strong></span> 
     </span>
     <span class='ocr_line' id='line_1_13' title="bbox 333 1563 2265 1648; baseline -0.001 -18"><span class='ocrx_word' id='word_1_86' title='bbox 333 1563 650 1648; x_wconf 76' lang='lat' dir='ltr'><strong>singulari</strong></span> <span class='ocrx_word' id='word_1_87' title='bbox 693 1563 1034 1647; x_wconf 87' lang='lat' dir='ltr'><strong>privilegio</strong></span> <span class='ocrx_word' id='word_1_88' title='bbox 1076 1584 1189 1629; x_wconf 89' lang='lat' dir='ltr'><strong>eos</strong></span> <span class='ocrx_word' id='word_1_89' title='bbox 1233 1586 1268 1628; x_wconf 92' lang='lat' dir='ltr'><strong>e</strong></span> <span class='ocrx_word' id='word_1_90' title='bbox 1314 1563 1641 1629; x_wconf 84' lang='lat' dir='ltr'><strong>communi</strong></span> <span class='ocrx_word' id='word_1_91' title='bbox 1684 1584 1959 1629; x_wconf 89' lang='lat' dir='ltr'><strong>numero</strong></span> <span class='ocrx_word' id='word_1_92' title='bbox 2001 1563 2265 1628; x_wconf 85' lang='lat' dir='ltr'><strong>exemit.</strong></span> 
     </span>
    </p>

    <p class='ocr_par' dir='ltr' id='par_1_3' title="bbox 311 1645 2271 3536">
     <span class='ocr_line' id='line_1_14' title="bbox 502 1645 2267 1732; baseline -0.001 -17"><span class='ocrx_word' id='word_1_93' title='bbox 502 1650 719 1715; x_wconf 87' lang='lat' dir='ltr'><strong>Levit.</strong></span> <span class='ocrx_word' id='word_1_94' title='bbox 781 1649 883 1726; x_wconf 82' lang='lat'><strong>22,</strong></span> <span class='ocrx_word' id='word_1_95' title='bbox 944 1649 1046 1714; x_wconf 84' lang='lat'><strong>32.</strong></span> <span class='ocrx_word' id='word_1_96' title='bbox 1129 1645 1217 1714; x_wconf 79' lang='lat' dir='ltr'><strong>Et</strong></span> <span class='ocrx_word' id='word_1_97' title='bbox 1271 1670 1348 1713; x_wconf 80' lang='lat' dir='ltr'><strong>ne</strong></span> <span class='ocrx_word' id='word_1_98' title='bbox 1401 1649 1714 1732; x_wconf 73' lang='lat' dir='ltr'><strong>polluatis·</strong></span> <span class='ocrx_word' id='word_1_99' title='bbox 1810 1649 1984 1715; x_wconf 87' lang='lat' dir='ltr'><strong>Aliis</strong></span> <span class='ocrx_word' id='word_1_100' title='bbox 2049 1648 2267 1714; x_wconf 78' lang='lat' dir='ltr'><strong>verbis</strong></span> 
     </span>
     <span class='ocr_line' id='line_1_15' title="bbox 331 1735 2266 1818; baseline -0.002 -17"><span class='ocrx_word' id='word_1_101' title='bbox 331 1735 607 1801; x_wconf 89' lang='lat' dir='ltr'><strong>eandem</strong></span> <span class='ocrx_word' id='word_1_102' title='bbox 653 1735 1050 1800; x_wconf 87' lang='lat' dir='ltr'><strong>sententiam</strong></span> <span class='ocrx_word' id='word_1_103' title='bbox 1095 1736 1471 1812; x_wconf 88' lang='lat' dir='ltr'><strong>confirmat,</strong></span> <span class='ocrx_word' id='word_1_104' title='bbox 1530 1756 1732 1818; x_wconf 90' lang='lat' dir='ltr'><strong>quum</strong></span> <span class='ocrx_word' id='word_1_105' title='bbox 1792 1743 1975 1800; x_wconf 85' lang='lat' dir='ltr'><strong>vetat</strong></span> <span class='ocrx_word' id='word_1_106' title='bbox 2028 1755 2266 1799; x_wconf 88' lang='lat' dir='ltr'><strong>nomen</strong></span> 
     </span>
     <span class='ocr_line' id='line_1_16' title="bbox 331 1817 2268 1904; baseline -0.002 -16"><span class='ocrx_word' id='word_1_107' title='bbox 331 1843 526 1888; x_wconf 90' lang='lat' dir='ltr'><strong>suum</strong></span> <span class='ocrx_word' id='word_1_108' title='bbox 571 1820 806 1904; x_wconf 92' lang='lat' dir='ltr'><strong>pollui,</strong></span> <span class='ocrx_word' id='word_1_109' title='bbox 853 1820 1090 1902; x_wconf 87' lang='lat' dir='ltr'><strong>quibus</strong></span> <span class='ocrx_word' id='word_1_110' title='bbox 1135 1821 1355 1886; x_wconf 87' lang='lat' dir='ltr'><strong>verbis</strong></span> <span class='ocrx_word' id='word_1_111' title='bbox 1398 1820 1612 1887; x_wconf 88' lang='lat' dir='ltr'><strong>cultus</strong></span> <span class='ocrx_word' id='word_1_112' title='bbox 1657 1821 1801 1885; x_wconf 89' lang='lat' dir='ltr'><strong>eius</strong></span> <span class='ocrx_word' id='word_1_113' title='bbox 1844 1820 1924 1886; x_wconf 92' lang='lat' dir='ltr'><strong>ab</strong></span> <span class='ocrx_word' id='word_1_114' title='bbox 1969 1817 2268 1885; x_wconf 89' lang='lat' dir='ltr'><strong>omnibus</strong></span> 
     </span>
     <span class='ocr_line' id='line_1_17' title="bbox 329 1906 2266 1990; baseline -0.002 -16"><span class='ocrx_word' id='word_1_115' title='bbox 329 1907 724 1990; x_wconf 88' lang='lat' dir='ltr'><strong>corruptelis</strong></span> <span class='ocrx_word' id='word_1_116' title='bbox 788 1907 1137 1986; x_wconf 87' lang='lat' dir='ltr'><strong>asseritur,</strong></span> <span class='ocrx_word' id='word_1_117' title='bbox 1197 1918 1271 1972; x_wconf 91' lang='lat' dir='ltr'><strong>ut</strong></span> <span class='ocrx_word' id='word_1_118' title='bbox 1326 1927 1532 1989; x_wconf 89' lang='lat' dir='ltr'><strong>purus</strong></span> <span class='ocrx_word' id='word_1_119' title='bbox 1591 1913 1657 1970; x_wconf 88' lang='lat' dir='ltr'><strong>et</strong></span> <span class='ocrx_word' id='word_1_120' title='bbox 1713 1906 1971 1990; x_wconf 82' lang='lat' dir='ltr'><strong>integer</strong></span> <span class='ocrx_word' id='word_1_121' title='bbox 2028 1907 2266 1988; x_wconf 86' lang='lat' dir='ltr'><strong>vigeat.</strong></span> 
     </span>
     <span class='ocr_line' id='line_1_18' title="bbox 327 1991 2270 2077; baseline -0.002 -18"><span class='ocrx_word' id='word_1_122' title='bbox 327 1993 582 2059; x_wconf 85' lang='lat' dir='ltr'><strong>Eodem</strong></span> <span class='ocrx_word' id='word_1_123' title='bbox 661 2001 915 2077; x_wconf 85' lang='lat' dir='ltr'><strong>spectat</strong></span> <span class='ocrx_word' id='word_1_124' title='bbox 990 1992 1361 2075; x_wconf 87' lang='lat' dir='ltr'><strong>oppositum</strong></span> <span class='ocrx_word' id='word_1_125' title='bbox 1437 1991 1803 2057; x_wconf 87' lang='lat' dir='ltr'><strong>membrum</strong></span> <span class='ocrx_word' id='word_1_126' title='bbox 1874 1991 2045 2074; x_wconf 89' lang='lat' dir='ltr'><strong>quod</strong></span> <span class='ocrx_word' id='word_1_127' title='bbox 2111 2012 2270 2057; x_wconf 90' lang='lat' dir='ltr'><strong>mox</strong></span> 
     </span>
     <span class='ocr_line' id='line_1_19' title="bbox 329 2076 2268 2162; baseline -0.002 -18"><span class='ocrx_word' id='word_1_128' title='bbox 329 2081 646 2162; x_wconf 81' lang='lat' dir='ltr'><strong>sequitur.</strong></span> <span class='ocrx_word' id='word_1_129' title='bbox 749 2077 1183 2145; x_wconf 88' lang='lat' dir='ltr'><strong>Sanctificant</strong></span> <span class='ocrx_word' id='word_1_130' title='bbox 1244 2078 1415 2143; x_wconf 89' lang='lat' dir='ltr'><strong>enim</strong></span> <span class='ocrx_word' id='word_1_131' title='bbox 1479 2076 1608 2142; x_wconf 92' lang='lat' dir='ltr'><strong>Dei</strong></span> <span class='ocrx_word' id='word_1_132' title='bbox 1673 2098 1911 2143; x_wconf 92' lang='lat' dir='ltr'><strong>nomen</strong></span> <span class='ocrx_word' id='word_1_133' title='bbox 1972 2077 2083 2161; x_wconf 90' lang='lat' dir='ltr'><strong>qui</strong></span> <span class='ocrx_word' id='word_1_134' title='bbox 2137 2097 2268 2141; x_wconf 89' lang='lat' dir='ltr'><strong>non</strong></span> 
     </span>
     <span class='ocr_line' id='line_1_20' title="bbox 330 2162 2269 2245; baseline -0.001 -15"><span class='ocrx_word' id='word_1_135' title='bbox 330 2165 690 2230; x_wconf 89' lang='lat' dir='ltr'><strong>deflectunt</strong></span> <span class='ocrx_word' id='word_1_136' title='bbox 734 2186 772 2228; x_wconf 92' lang='lat' dir='ltr'><strong>a</strong></span> <span class='ocrx_word' id='word_1_137' title='bbox 815 2174 994 2229; x_wconf 91' lang='lat' dir='ltr'><strong>recto</strong></span> <span class='ocrx_word' id='word_1_138' title='bbox 1039 2174 1106 2229; x_wconf 91' lang='lat' dir='ltr'><strong>et</strong></span> <span class='ocrx_word' id='word_1_139' title='bbox 1147 2164 1404 2228; x_wconf 88' lang='lat' dir='ltr'><strong>sincero</strong></span> <span class='ocrx_word' id='word_1_140' title='bbox 1444 2165 1583 2229; x_wconf 88' lang='lat' dir='ltr'><strong>eius</strong></span> <span class='ocrx_word' id='word_1_141' title='bbox 1626 2164 1826 2229; x_wconf 90' lang='lat' dir='ltr'><strong>cultu.</strong></span> <span class='ocrx_word' id='word_1_142' title='bbox 1892 2164 2110 2245; x_wconf 88' lang='lat' dir='ltr'><strong>Atque</strong></span> <span class='ocrx_word' id='word_1_143' title='bbox 2149 2162 2269 2228; x_wconf 88' lang='lat' dir='ltr'><strong>hoc</strong></span> 
     </span>
     <span class='ocr_line' id='line_1_21' title="bbox 328 2249 2270 2332; baseline -0.001 -16"><span class='ocrx_word' id='word_1_144' title='bbox 328 2251 561 2317; x_wconf 89' lang='lat' dir='ltr'><strong>sedulo</strong></span> <span class='ocrx_word' id='word_1_145' title='bbox 609 2250 966 2315; x_wconf 83' lang='lat' dir='ltr'><strong>notandum</strong></span> <span class='ocrx_word' id='word_1_146' title='bbox 1012 2257 1116 2315; x_wconf 88' lang='lat' dir='ltr'><strong>est</strong></span> <span class='ocrx_word' id='word_1_147' title='bbox 1150 2270 1575 2332; x_wconf 90' lang='lat' dir='ltr'><strong>quaecunque</strong></span> <span class='ocrx_word' id='word_1_148' title='bbox 1621 2249 1920 2315; x_wconf 89' lang='lat' dir='ltr'><strong>homines</strong></span> <span class='ocrx_word' id='word_1_149' title='bbox 1955 2250 2270 2331; x_wconf 88' lang='lat' dir='ltr'><strong>figmenta</strong></span> 
     </span>
     <span class='ocr_line' id='line_1_22' title="bbox 326 2334 2267 2421; baseline -0.002 -18"><span class='ocrx_word' id='word_1_150' title='bbox 326 2338 728 2421; x_wconf 89' lang='lat' dir='ltr'><strong>excogitant,</strong></span> <span class='ocrx_word' id='word_1_151' title='bbox 773 2336 1039 2401; x_wconf 85' lang='lat' dir='ltr'><strong>totidem</strong></span> <span class='ocrx_word' id='word_1_152' title='bbox 1087 2356 1230 2402; x_wconf 87' lang='lat' dir='ltr'><strong>esse</strong></span> <span class='ocrx_word' id='word_1_153' title='bbox 1275 2336 1558 2400; x_wconf 89' lang='lat' dir='ltr'><strong>nominis</strong></span> <span class='ocrx_word' id='word_1_154' title='bbox 1594 2334 1722 2400; x_wconf 91' lang='lat' dir='ltr'><strong>Dei</strong></span> <span class='ocrx_word' id='word_1_155' title='bbox 1767 2335 2267 2418; x_wconf 77' lang='lat' dir='ltr'><strong>profanationes,</strong></span> 
     </span>
     <span class='ocr_line' id='line_1_23' title="bbox 328 2420 2269 2504; baseline -0.001 -17"><span class='ocrx_word' id='word_1_156' title='bbox 328 2421 782 2504; x_wconf 78' lang='lat' dir='ltr'><strong>Quantumvis</strong></span> <span class='ocrx_word' id='word_1_157' title='bbox 825 2423 1001 2488; x_wconf 92' lang='lat' dir='ltr'><strong>enim</strong></span> <span class='ocrx_word' id='word_1_158' title='bbox 1060 2422 1183 2487; x_wconf 90' lang='lat' dir='ltr'><strong>sibi</strong></span> <span class='ocrx_word' id='word_1_159' title='bbox 1241 2423 1544 2504; x_wconf 74' lang='lat' dir='ltr'><strong>placeant</strong></span> <span class='ocrx_word' id='word_1_160' title='bbox 1587 2420 1657 2485; x_wconf 92' lang='lat' dir='ltr'><strong>in</strong></span> <span class='ocrx_word' id='word_1_161' title='bbox 1701 2422 1838 2487; x_wconf 87' lang='lat' dir='ltr'><strong>suis</strong></span> <span class='ocrx_word' id='word_1_162' title='bbox 1880 2420 2269 2486; x_wconf 88' lang='lat' dir='ltr'><strong>commentis</strong></span> 
     </span>
     <span class='ocr_line' id='line_1_24' title="bbox 321 2506 2271 2592; baseline -0.002 -18"><span class='ocrx_word' id='word_1_163' title='bbox 321 2508 795 2592; x_wconf 85' lang='lat' dir='ltr'><strong>superstitiosi.</strong></span> <span class='ocrx_word' id='word_1_164' title='bbox 857 2516 994 2573; x_wconf 89' lang='lat' dir='ltr'><strong>tota</strong></span> <span class='ocrx_word' id='word_1_165' title='bbox 1051 2528 1275 2572; x_wconf 90' lang='lat' dir='ltr'><strong>eorum</strong></span> <span class='ocrx_word' id='word_1_166' title='bbox 1335 2507 1570 2591; x_wconf 88' lang='lat' dir='ltr'><strong>religio</strong></span> <span class='ocrx_word' id='word_1_167' title='bbox 1626 2506 1986 2589; x_wconf 87' lang='lat' dir='ltr'><strong>sacrilegiis</strong></span> <span class='ocrx_word' id='word_1_168' title='bbox 2029 2507 2271 2571; x_wconf 81' lang='lat' dir='ltr'><strong>referta</strong></span> 
     </span>
     <span class='ocr_line' id='line_1_25' title="bbox 320 2592 2267 2676; baseline -0.003 -15"><span class='ocrx_word' id='word_1_169' title='bbox 320 2606 442 2671; x_wconf 84' lang='lat' dir='ltr'><strong>est,</strong></span> <span class='ocrx_word' id='word_1_170' title='bbox 486 2596 722 2676; x_wconf 85' lang='lat' dir='ltr'><strong>quibus</strong></span> <span class='ocrx_word' id='word_1_171' title='bbox 747 2594 928 2659; x_wconf 89' lang='lat' dir='ltr'><strong>Deus</strong></span> <span class='ocrx_word' id='word_1_172' title='bbox 951 2595 1364 2660; x_wconf 87' lang='lat' dir='ltr'><strong>sanctitatem</strong></span> <span class='ocrx_word' id='word_1_173' title='bbox 1389 2614 1576 2659; x_wconf 87' lang='lat' dir='ltr'><strong>suam</strong></span> <span class='ocrx_word' id='word_1_174' title='bbox 1601 2592 1804 2675; x_wconf 91' lang='lat' dir='ltr'><strong>pollui</strong></span> <span class='ocrx_word' id='word_1_175' title='bbox 1828 2594 2267 2675; x_wconf 77' lang='lat' dir='ltr'><strong>conqueritur.</strong></span> 
     </span>
     <span class='ocr_line' id='line_1_26' title="bbox 317 2677 2269 2756; baseline -0.002 -11"><span class='ocrx_word' id='word_1_176' title='bbox 317 2679 635 2745; x_wconf 77' lang='lat' dir='ltr'><strong>Notanda</strong></span> <span class='ocrx_word' id='word_1_177' title='bbox 699 2681 894 2744; x_wconf 87' lang='lat' dir='ltr'><strong>etiam</strong></span> <span class='ocrx_word' id='word_1_178' title='bbox 963 2687 1064 2745; x_wconf 88' lang='lat' dir='ltr'><strong>est</strong></span> <span class='ocrx_word' id='word_1_179' title='bbox 1128 2689 1363 2744; x_wconf 90' lang='lat' dir='ltr'><strong>mutua</strong></span> <span class='ocrx_word' id='word_1_180' title='bbox 1425 2679 1688 2756; x_wconf 89' lang='lat' dir='ltr'><strong>relatio,</strong></span> <span class='ocrx_word' id='word_1_181' title='bbox 1767 2678 1876 2743; x_wconf 93' lang='lat' dir='ltr'><strong>ubi</strong></span> <span class='ocrx_word' id='word_1_182' title='bbox 1950 2698 2020 2742; x_wconf 90' lang='lat' dir='ltr'><strong>se</strong></span> <span class='ocrx_word' id='word_1_183' title='bbox 2089 2677 2269 2742; x_wconf 89' lang='lat' dir='ltr'><strong>Deus</strong></span> 
     </span>
     <span class='ocr_line' id='line_1_27' title="bbox 319 2764 2266 2848; baseline -0.001 -17"><span class='ocrx_word' id='word_1_184' title='bbox 319 2767 718 2831; x_wconf 86' lang='lat' dir='ltr'><strong>sanctificari</strong></span> <span class='ocrx_word' id='word_1_185' title='bbox 762 2765 1068 2848; x_wconf 87' lang='lat' dir='ltr'><strong>postulat,</strong></span> <span class='ocrx_word' id='word_1_186' title='bbox 1114 2765 1307 2830; x_wconf 85' lang='lat' dir='ltr'><strong>sicuti</strong></span> <span class='ocrx_word' id='word_1_187' title='bbox 1352 2765 1714 2829; x_wconf 86' lang='lat' dir='ltr'><strong>sanctificat</strong></span> <span class='ocrx_word' id='word_1_188' title='bbox 1756 2764 1896 2848; x_wconf 89' lang='lat' dir='ltr'><strong>ipse</strong></span> <span class='ocrx_word' id='word_1_189' title='bbox 1932 2764 2266 2845; x_wconf 91' lang='lat' dir='ltr'><strong>populum.</strong></span> 
     </span>
     <span class='ocr_line' id='line_1_28' title="bbox 317 2849 2266 2935; baseline -0.002 -18"><span class='ocrx_word' id='word_1_190' title='bbox 317 2851 508 2917; x_wconf 87' lang='lat' dir='ltr'><strong>Nihil</strong></span> <span class='ocrx_word' id='word_1_191' title='bbox 557 2852 730 2916; x_wconf 92' lang='lat' dir='ltr'><strong>enim</strong></span> <span class='ocrx_word' id='word_1_192' title='bbox 778 2852 987 2935; x_wconf 89' lang='lat' dir='ltr'><strong>magis</strong></span> <span class='ocrx_word' id='word_1_193' title='bbox 1031 2849 1377 2933; x_wconf 90' lang='lat' dir='ltr'><strong>indignum</strong></span> <span class='ocrx_word' id='word_1_194' title='bbox 1423 2871 1617 2933; x_wconf 89' lang='lat' dir='ltr'><strong>quam</strong></span> <span class='ocrx_word' id='word_1_195' title='bbox 1654 2852 1710 2916; x_wconf 91' lang='lat' dir='ltr'><strong>si</strong></span> <span class='ocrx_word' id='word_1_196' title='bbox 1732 2849 2074 2915; x_wconf 86' lang='lat' dir='ltr'><strong>Israelitae</strong></span> <span class='ocrx_word' id='word_1_197' title='bbox 2119 2870 2266 2914; x_wconf 91' lang='lat' dir='ltr'><strong>eum</strong></span> 
     </span>
     <span class='ocr_line' id='line_1_29' title="bbox 318 2935 2269 3021; baseline -0.002 -19"><span class='ocrx_word' id='word_1_198' title='bbox 318 2937 516 3004; x_wconf 87' lang='lat' dir='ltr'><strong>idolis</strong></span> <span class='ocrx_word' id='word_1_199' title='bbox 571 2940 1039 3021; x_wconf 82' lang='lat' dir='ltr'><strong>permisceant,</strong></span> <span class='ocrx_word' id='word_1_200' title='bbox 1096 2937 1282 3002; x_wconf 91' lang='lat' dir='ltr'><strong>cuius</strong></span> <span class='ocrx_word' id='word_1_201' title='bbox 1347 2937 1661 3002; x_wconf 87' lang='lat' dir='ltr'><strong>beneficio</strong></span> <span class='ocrx_word' id='word_1_202' title='bbox 1703 2935 2029 3001; x_wconf 91' lang='lat' dir='ltr'><strong>excellunt</strong></span> <span class='ocrx_word' id='word_1_203' title='bbox 2070 2955 2269 3017; x_wconf 88' lang='lat' dir='ltr'><strong>supra</strong></span> 
     </span>
     <span class='ocr_line' id='line_1_30' title="bbox 317 3020 2267 3107; baseline -0.001 -19"><span class='ocrx_word' id='word_1_204' title='bbox 317 3034 572 3107; x_wconf 81' lang='lat' dir='ltr'><strong>gentes.</strong></span> <span class='ocrx_word' id='word_1_205' title='bbox 641 3022 929 3090; x_wconf 89' lang='lat' dir='ltr'><strong>Perinde</strong></span> <span class='ocrx_word' id='word_1_206' title='bbox 951 3025 1126 3088; x_wconf 87' lang='lat' dir='ltr'><strong>enim</strong></span> <span class='ocrx_word' id='word_1_207' title='bbox 1151 3033 1348 3088; x_wconf 87' lang='lat' dir='ltr'><strong>estac</strong></span> <span class='ocrx_word' id='word_1_208' title='bbox 1384 3023 1440 3088; x_wconf 88' lang='lat' dir='ltr'><strong>si</strong></span> <span class='ocrx_word' id='word_1_209' title='bbox 1478 3032 1781 3106; x_wconf 87' lang='lat' dir='ltr'><strong>reputare</strong></span> <span class='ocrx_word' id='word_1_210' title='bbox 1818 3020 2071 3086; x_wconf 89' lang='lat' dir='ltr'><strong>iuberet</strong></span> <span class='ocrx_word' id='word_1_211' title='bbox 2092 3020 2267 3087; x_wconf 90' lang='lat' dir='ltr'><strong>unde</strong></span> 
     </span>
     <span class='ocr_line' id='line_1_31' title="bbox 317 3109 2265 3194; baseline -0.001 -21"><span class='ocrx_word' id='word_1_212' title='bbox 317 3110 576 3194; x_wconf 81' lang='lat' dir='ltr'><strong>egregii</strong></span> <span class='ocrx_word' id='word_1_213' title='bbox 633 3110 797 3189; x_wconf 89' lang='lat' dir='ltr'><strong>sint,</strong></span> <span class='ocrx_word' id='word_1_214' title='bbox 854 3117 930 3174; x_wconf 91' lang='lat' dir='ltr'><strong>ut</strong></span> <span class='ocrx_word' id='word_1_215' title='bbox 995 3130 1154 3174; x_wconf 86' lang='lat' dir='ltr'><strong>suae</strong></span> <span class='ocrx_word' id='word_1_216' title='bbox 1207 3110 1643 3192; x_wconf 85' lang='lat' dir='ltr'><strong>praestantiae</strong></span> <span class='ocrx_word' id='word_1_217' title='bbox 1709 3109 1922 3174; x_wconf 89' lang='lat' dir='ltr'><strong>autori</strong></span> <span class='ocrx_word' id='word_1_218' title='bbox 1991 3109 2265 3190; x_wconf 86' lang='lat' dir='ltr'><strong>gratiam</strong></span> 
     </span>
     <span class='ocr_line' id='line_1_32' title="bbox 316 3192 2269 3279; baseline -0.002 -18"><span class='ocrx_word' id='word_1_219' title='bbox 316 3196 701 3279; x_wconf 85' lang='lat' dir='ltr'><strong>rependant.</strong></span> <span class='ocrx_word' id='word_1_220' title='bbox 789 3195 872 3260; x_wconf 91' lang='lat' dir='ltr'><strong>In</strong></span> <span class='ocrx_word' id='word_1_221' title='bbox 932 3216 1219 3274; x_wconf 87' lang='lat' dir='ltr'><strong>summa,</strong></span> <span class='ocrx_word' id='word_1_222' title='bbox 1274 3192 1820 3277; x_wconf 88' lang='lat' dir='ltr'><strong>quemadmodum</strong></span> <span class='ocrx_word' id='word_1_223' title='bbox 1879 3215 1919 3259; x_wconf 90' lang='lat' dir='ltr'><strong>a</strong></span> <span class='ocrx_word' id='word_1_224' title='bbox 1976 3192 2269 3275; x_wconf 77' lang='lat' dir='ltr'><strong>profanis</strong></span> 
     </span>
     <span class='ocr_line' id='line_1_33' title="bbox 315 3279 2266 3366; baseline -0.003 -18"><span class='ocrx_word' id='word_1_225' title='bbox 315 3282 637 3366; x_wconf 86' lang='lat' dir='ltr'><strong>gentibus</strong></span> <span class='ocrx_word' id='word_1_226' title='bbox 681 3282 828 3346; x_wconf 89' lang='lat' dir='ltr'><strong>illos</strong></span> <span class='ocrx_word' id='word_1_227' title='bbox 872 3290 1364 3365; x_wconf 81' lang='lat' dir='ltr'><strong>segregaverat,</strong></span> <span class='ocrx_word' id='word_1_228' title='bbox 1409 3282 1504 3345; x_wconf 89' lang='lat' dir='ltr'><strong>ita</strong></span> <span class='ocrx_word' id='word_1_229' title='bbox 1545 3301 1772 3345; x_wconf 87' lang='lat' dir='ltr'><strong>omnes</strong></span> <span class='ocrx_word' id='word_1_230' title='bbox 1815 3279 2053 3362; x_wconf 88' lang='lat' dir='ltr'><strong>impias</strong></span> <span class='ocrx_word' id='word_1_231' title='bbox 2096 3279 2266 3343; x_wconf 89' lang='lat' dir='ltr'><strong>mix·</strong></span> 
     </span>
     <span class='ocr_line' id='line_1_34' title="bbox 313 3364 2267 3450; baseline -0.002 -18"><span class='ocrx_word' id='word_1_232' title='bbox 313 3378 505 3434; x_wconf 81' lang='lat' dir='ltr'><strong>tures</strong></span> <span class='ocrx_word' id='word_1_233' title='bbox 552 3368 839 3445; x_wconf 89' lang='lat' dir='ltr'><strong>damnat,</strong></span> <span class='ocrx_word' id='word_1_234' title='bbox 884 3367 1116 3450; x_wconf 88' lang='lat' dir='ltr'><strong>quibus</strong></span> <span class='ocrx_word' id='word_1_235' title='bbox 1161 3367 1432 3431; x_wconf 83' lang='lat' dir='ltr'><strong>vitiatur</strong></span> <span class='ocrx_word' id='word_1_236' title='bbox 1475 3366 1742 3450; x_wconf 89' lang='lat' dir='ltr'><strong>pietatis</strong></span> <span class='ocrx_word' id='word_1_237' title='bbox 1784 3364 2149 3449; x_wconf 86' lang='lat' dir='ltr'><strong>integritas,</strong></span> <span class='ocrx_word' id='word_1_238' title='bbox 2196 3374 2267 3429; x_wconf 91' lang='lat' dir='ltr'><strong>ut</strong></span> 
     </span>
     <span class='ocr_line' id='line_1_35' title="bbox 311 3452 1833 3536; baseline -0.003 -16"><span class='ocrx_word' id='word_1_239' title='bbox 311 3454 498 3521; x_wconf 88' lang='lat' dir='ltr'><strong>solus</strong></span> <span class='ocrx_word' id='word_1_240' title='bbox 542 3457 828 3520; x_wconf 88' lang='lat' dir='ltr'><strong>emineat</strong></span> <span class='ocrx_word' id='word_1_241' title='bbox 872 3453 1233 3536; x_wconf 89' lang='lat' dir='ltr'><strong>repudiatis</strong></span> <span class='ocrx_word' id='word_1_242' title='bbox 1275 3454 1581 3518; x_wconf 90' lang='lat' dir='ltr'><strong>omnibus</strong></span> <span class='ocrx_word' id='word_1_243' title='bbox 1626 3452 1833 3517; x_wconf 88' lang='lat' dir='ltr'><strong>idolis.</strong></span> 
     </span>
    </p>

    <p class='ocr_par' dir='ltr' id='par_1_4' title="bbox 291 3537 2270 5432">
     <span class='ocr_line' id='line_1_36' title="bbox 494 3537 2270 3617; baseline -0.001 -13"><span class='ocrx_word' id='word_1_244' title='bbox 494 3539 694 3606; x_wconf 93' lang='lat' dir='ltr'><strong>Deut.</strong></span> <span class='ocrx_word' id='word_1_245' title='bbox 762 3541 823 3617; x_wconf 90' lang='lat'><strong>4,</strong></span> <span class='ocrx_word' id='word_1_246' title='bbox 896 3541 952 3604; x_wconf 92' lang='lat'><strong>1.</strong></span> <span class='ocrx_word' id='word_1_247' title='bbox 1030 3538 1120 3604; x_wconf 78' lang='lat' dir='ltr'><strong>Et</strong></span> <span class='ocrx_word' id='word_1_248' title='bbox 1184 3558 1350 3603; x_wconf 81' lang='lat' dir='ltr'><strong>nune</strong></span> <span class='ocrx_word' id='word_1_249' title='bbox 1417 3537 1642 3603; x_wconf 80' lang='lat' dir='ltr'><strong>Israel.</strong></span> <span class='ocrx_word' id='word_1_250' title='bbox 1747 3537 2162 3602; x_wconf 86' lang='lat' dir='ltr'><strong>Docilitatem</strong></span> <span class='ocrx_word' id='word_1_251' title='bbox 2230 3558 2270 3601; x_wconf 89' lang='lat' dir='ltr'><strong>a</strong></span> 
     </span>
     <span class='ocr_line' id='line_1_37' title="bbox 309 3622 2265 3710; baseline -0.003 -19"><span class='ocrx_word' id='word_1_252' title='bbox 309 3626 566 3710; x_wconf 90' lang='lat' dir='ltr'><strong>populo</strong></span> <span class='ocrx_word' id='word_1_253' title='bbox 610 3626 905 3708; x_wconf 86' lang='lat' dir='ltr'><strong>requirit,</strong></span> <span class='ocrx_word' id='word_1_254' title='bbox 953 3648 1034 3689; x_wconf 88' lang='lat' dir='ltr'><strong>ex</strong></span> <span class='ocrx_word' id='word_1_255' title='bbox 1079 3645 1210 3706; x_wconf 90' lang='lat' dir='ltr'><strong>qua</strong></span> <span class='ocrx_word' id='word_1_256' title='bbox 1254 3622 1508 3689; x_wconf 88' lang='lat' dir='ltr'><strong>discant</strong></span> <span class='ocrx_word' id='word_1_257' title='bbox 1550 3624 1695 3690; x_wconf 93' lang='lat' dir='ltr'><strong>Deo</strong></span> <span class='ocrx_word' id='word_1_258' title='bbox 1738 3625 2007 3688; x_wconf 81' lang='lat' dir='ltr'><strong>servire.</strong></span> <span class='ocrx_word' id='word_1_259' title='bbox 2096 3622 2265 3687; x_wconf 87' lang='lat' dir='ltr'><strong>Nam</strong></span> 
     </span>
     <span class='ocr_line' id='line_1_38' title="bbox 309 3708 2268 3795; baseline -0.002 -19"><span class='ocrx_word' id='word_1_260' title='bbox 309 3712 486 3777; x_wconf 92' lang='lat' dir='ltr'><strong>bene</strong></span> <span class='ocrx_word' id='word_1_261' title='bbox 533 3722 838 3795; x_wconf 85' lang='lat' dir='ltr'><strong>recteque</strong></span> <span class='ocrx_word' id='word_1_262' title='bbox 882 3709 1148 3778; x_wconf 83' lang='lat' dir='ltr'><strong>vivendi</strong></span> <span class='ocrx_word' id='word_1_263' title='bbox 1190 3710 1453 3774; x_wconf 87' lang='lat' dir='ltr'><strong>initium</strong></span> <span class='ocrx_word' id='word_1_264' title='bbox 1499 3721 1617 3789; x_wconf 89' lang='lat' dir='ltr'><strong>est,</strong></span> <span class='ocrx_word' id='word_1_265' title='bbox 1663 3719 1889 3773; x_wconf 88' lang='lat' dir='ltr'><strong>tenere</strong></span> <span class='ocrx_word' id='word_1_266' title='bbox 1931 3708 2083 3791; x_wconf 91' lang='lat' dir='ltr'><strong>quid</strong></span> <span class='ocrx_word' id='word_1_267' title='bbox 2124 3709 2268 3773; x_wconf 90' lang='lat' dir='ltr'><strong>Deo</strong></span> 
     </span>
     <span class='ocr_line' id='line_1_39' title="bbox 309 3796 2266 3880; baseline -0.002 -18"><span class='ocrx_word' id='word_1_268' title='bbox 309 3797 556 3880; x_wconf 86' lang='lat' dir='ltr'><strong>placet.</strong></span> <span class='ocrx_word' id='word_1_269' title='bbox 622 3797 782 3863; x_wconf 89' lang='lat' dir='ltr'><strong>Ideo</strong></span> <span class='ocrx_word' id='word_1_270' title='bbox 827 3798 983 3864; x_wconf 89' lang='lat' dir='ltr'><strong>hinc</strong></span> <span class='ocrx_word' id='word_1_271' title='bbox 1023 3796 1277 3862; x_wconf 85' lang='lat' dir='ltr'><strong>orditur</strong></span> <span class='ocrx_word' id='word_1_272' title='bbox 1315 3796 1552 3875; x_wconf 89' lang='lat' dir='ltr'><strong>Moses,</strong></span> <span class='ocrx_word' id='word_1_273' title='bbox 1598 3797 1755 3859; x_wconf 89' lang='lat' dir='ltr'><strong>dnm</strong></span> <span class='ocrx_word' id='word_1_274' title='bbox 1799 3803 2082 3859; x_wconf 86' lang='lat' dir='ltr'><strong>attentos</strong></span> <span class='ocrx_word' id='word_1_275' title='bbox 2125 3815 2266 3859; x_wconf 85' lang='lat' dir='ltr'><strong>esse</strong></span> 
     </span>
     <span class='ocr_line' id='line_1_40' title="bbox 307 3878 2267 3968; baseline -0.001 -21"><span class='ocrx_word' id='word_1_276' title='bbox 307 3884 506 3950; x_wconf 89' lang='lat' dir='ltr'><strong>iubet</strong></span> <span class='ocrx_word' id='word_1_277' title='bbox 559 3883 643 3949; x_wconf 90' lang='lat' dir='ltr'><strong>ad</strong></span> <span class='ocrx_word' id='word_1_278' title='bbox 702 3883 999 3968; x_wconf 89' lang='lat' dir='ltr'><strong>regulam</strong></span> <span class='ocrx_word' id='word_1_279' title='bbox 1053 3887 1147 3948; x_wconf 83' lang='lat' dir='ltr'><strong>ex&#39;</strong></span> <span class='ocrx_word' id='word_1_280' title='bbox 1188 3882 1334 3964; x_wconf 90' lang='lat' dir='ltr'><strong>lege</strong></span> <span class='ocrx_word' id='word_1_281' title='bbox 1393 3881 1761 3963; x_wconf 86' lang='lat' dir='ltr'><strong>petendam.</strong></span> <span class='ocrx_word' id='word_1_282' title='bbox 1846 3878 2108 3945; x_wconf 89' lang='lat' dir='ltr'><strong>Deinde</strong></span> <span class='ocrx_word' id='word_1_283' title='bbox 2152 3880 2267 3945; x_wconf 90' lang='lat' dir='ltr'><strong>ad-</strong></span> 
     </span>
     <span class='ocr_line' id='line_1_41' title="bbox 306 3966 2263 4052; baseline -0.002 -18"><span class='ocrx_word' id='word_1_284' title='bbox 306 3977 547 4035; x_wconf 86' lang='lat' dir='ltr'><strong>monet</strong></span> <span class='ocrx_word' id='word_1_285' title='bbox 582 3978 656 4034; x_wconf 88' lang='lat' dir='ltr'><strong>ut</strong></span> <span class='ocrx_word' id='word_1_286' title='bbox 691 3979 828 4035; x_wconf 90' lang='lat' dir='ltr'><strong>tota</strong></span> <span class='ocrx_word' id='word_1_287' title='bbox 865 3970 1001 4035; x_wconf 83' lang='lat' dir='ltr'><strong>vita</strong></span> <span class='ocrx_word' id='word_1_288' title='bbox 1033 3967 1312 4052; x_wconf 91' lang='lat' dir='ltr'><strong>probent</strong></span> <span class='ocrx_word' id='word_1_289' title='bbox 1348 3969 1470 4032; x_wconf 89' lang='lat' dir='ltr'><strong>rit-e</strong></span> <span class='ocrx_word' id='word_1_290' title='bbox 1506 3987 1576 4033; x_wconf 91' lang='lat' dir='ltr'><strong>se</strong></span> <span class='ocrx_word' id='word_1_291' title='bbox 1611 3967 1679 4031; x_wconf 92' lang='lat' dir='ltr'><strong>in</strong></span> <span class='ocrx_word' id='word_1_292' title='bbox 1718 3966 1863 4050; x_wconf 88' lang='lat' dir='ltr'><strong>lege</strong></span> <span class='ocrx_word' id='word_1_293' title='bbox 1899 3967 2263 4048; x_wconf 84' lang='lat' dir='ltr'><strong>profecisse.</strong></span> 
     </span>
     <span class='ocr_line' id='line_1_42' title="bbox 306 4051 2265 4139; baseline -0.002 -19"><span class='ocrx_word' id='word_1_294' title='bbox 306 4054 680 4122; x_wconf 88' lang='lat' dir='ltr'><strong>Promissio</strong></span> <span class='ocrx_word' id='word_1_295' title='bbox 726 4077 891 4139; x_wconf 90' lang='lat' dir='ltr'><strong>quae</strong></span> <span class='ocrx_word' id='word_1_296' title='bbox 935 4054 1282 4131; x_wconf 87' lang='lat' dir='ltr'><strong>inseritur,</strong></span> <span class='ocrx_word' id='word_1_297' title='bbox 1350 4061 1611 4118; x_wconf 87' lang='lat' dir='ltr'><strong>tantum</strong></span> <span class='ocrx_word' id='word_1_298' title='bbox 1657 4075 1766 4119; x_wconf 87' lang='lat' dir='ltr'><strong>eos</strong></span> <span class='ocrx_word' id='word_1_299' title='bbox 1809 4072 1925 4135; x_wconf 92' lang='lat' dir='ltr'><strong>spe</strong></span> <span class='ocrx_word' id='word_1_300' title='bbox 1970 4051 2265 4117; x_wconf 88' lang='lat' dir='ltr'><strong>haeredi-</strong></span> 
     </span>
     <span class='ocr_line' id='line_1_43' title="bbox 305 4138 2263 4223; baseline -0.001 -18"><span class='ocrx_word' id='word_1_301' title='bbox 305 4143 475 4209; x_wconf 86' lang='lat' dir='ltr'><strong>tatis</strong></span> <span class='ocrx_word' id='word_1_302' title='bbox 545 4142 625 4208; x_wconf 89' lang='lat' dir='ltr'><strong>ad</strong></span> <span class='ocrx_word' id='word_1_303' title='bbox 693 4141 961 4208; x_wconf 90' lang='lat' dir='ltr'><strong>liberale</strong></span> <span class='ocrx_word' id='word_1_304' title='bbox 1022 4141 1402 4223; x_wconf 88' lang='lat' dir='ltr'><strong>obsequium</strong></span> <span class='ocrx_word' id='word_1_305' title='bbox 1470 4140 1726 4204; x_wconf 81' lang='lat' dir='ltr'><strong>invitat.</strong></span> <span class='ocrx_word' id='word_1_306' title='bbox 1827 4138 2263 4220; x_wconf 71' lang='lat' dir='ltr'><strong>Praecipuum</strong></span> 
     </span>
     <span class='ocr_line' id='line_1_44' title="bbox 304 4224 2265 4312; baseline -0.002 -18"><span class='ocrx_word' id='word_1_307' title='bbox 304 4236 516 4312; x_wconf 86' lang='lat' dir='ltr'><strong>caput</strong></span> <span class='ocrx_word' id='word_1_308' title='bbox 561 4237 679 4308; x_wconf 88' lang='lat' dir='ltr'><strong>est,</strong></span> <span class='ocrx_word' id='word_1_309' title='bbox 723 4247 809 4293; x_wconf 92' lang='lat' dir='ltr'><strong>ne</strong></span> <span class='ocrx_word' id='word_1_310' title='bbox 852 4228 1005 4310; x_wconf 89' lang='lat' dir='ltr'><strong>quid</strong></span> <span class='ocrx_word' id='word_1_311' title='bbox 1047 4226 1295 4291; x_wconf 90' lang='lat' dir='ltr'><strong>addant</strong></span> <span class='ocrx_word' id='word_1_312' title='bbox 1337 4225 1441 4292; x_wconf 86' lang='lat' dir='ltr'><strong>vel</strong></span> <span class='ocrx_word' id='word_1_313' title='bbox 1480 4224 1828 4291; x_wconf 85' lang='lat' dir='ltr'><strong>detrahant</strong></span> <span class='ocrx_word' id='word_1_314' title='bbox 1862 4244 2066 4308; x_wconf 89' lang='lat' dir='ltr'><strong>purae</strong></span> <span class='ocrx_word' id='word_1_315' title='bbox 2102 4224 2265 4308; x_wconf 86' lang='lat' dir='ltr'><strong>legis</strong></span> 
     </span>
     <span class='ocr_line' id='line_1_45' title="bbox 304 4310 2266 4396; baseline -0.001 -18"><span class='ocrx_word' id='word_1_316' title='bbox 304 4313 687 4380; x_wconf 86' lang='lat' dir='ltr'><strong>doctrinae:</strong></span> <span class='ocrx_word' id='word_1_317' title='bbox 747 4313 919 4396; x_wconf 90' lang='lat' dir='ltr'><strong>quod</strong></span> <span class='ocrx_word' id='word_1_318' title='bbox 974 4314 1115 4378; x_wconf 91' lang='lat' dir='ltr'><strong>fieri</strong></span> <span class='ocrx_word' id='word_1_319' title='bbox 1177 4332 1303 4378; x_wconf 89' lang='lat' dir='ltr'><strong>non</strong></span> <span class='ocrx_word' id='word_1_320' title='bbox 1367 4320 1584 4395; x_wconf 89' lang='lat' dir='ltr'><strong>potest</strong></span> <span class='ocrx_word' id='word_1_321' title='bbox 1638 4312 1797 4393; x_wconf 92' lang='lat' dir='ltr'><strong>quin</strong></span> <span class='ocrx_word' id='word_1_322' title='bbox 1851 4332 1921 4376; x_wconf 90' lang='lat' dir='ltr'><strong>se</strong></span> <span class='ocrx_word' id='word_1_323' title='bbox 1966 4310 2266 4376; x_wconf 87' lang='lat' dir='ltr'><strong>homines</strong></span> 
     </span>
     <span class='ocr_line' id='line_1_46' title="bbox 301 4395 2264 4483; baseline -0.003 -18"><span class='ocrx_word' id='word_1_324' title='bbox 301 4402 610 4482; x_wconf 90' lang='lat' dir='ltr'><strong>primum</strong></span> <span class='ocrx_word' id='word_1_325' title='bbox 654 4399 955 4466; x_wconf 91' lang='lat' dir='ltr'><strong>abdicent</strong></span> <span class='ocrx_word' id='word_1_326' title='bbox 999 4399 1259 4483; x_wconf 88' lang='lat' dir='ltr'><strong>proprio</strong></span> <span class='ocrx_word' id='word_1_327' title='bbox 1303 4419 1525 4477; x_wconf 89' lang='lat' dir='ltr'><strong>sensu,</strong></span> <span class='ocrx_word' id='word_1_328' title='bbox 1571 4395 1803 4462; x_wconf 90' lang='lat' dir='ltr'><strong>deinde</strong></span> <span class='ocrx_word' id='word_1_329' title='bbox 1846 4395 2080 4461; x_wconf 88' lang='lat' dir='ltr'><strong>alienis</strong></span> <span class='ocrx_word' id='word_1_330' title='bbox 2124 4416 2264 4460; x_wconf 93' lang='lat' dir='ltr'><strong>om-</strong></span> 
     </span>
     <span class='ocr_line' id='line_1_47' title="bbox 300 4482 2262 4565; baseline -0.002 -16"><span class='ocrx_word' id='word_1_331' title='bbox 300 4487 515 4552; x_wconf 91' lang='lat' dir='ltr'><strong>nibus</strong></span> <span class='ocrx_word' id='word_1_332' title='bbox 558 4487 945 4552; x_wconf 86' lang='lat' dir='ltr'><strong>commentis</strong></span> <span class='ocrx_word' id='word_1_333' title='bbox 989 4506 1181 4550; x_wconf 89' lang='lat' dir='ltr'><strong>aures</strong></span> <span class='ocrx_word' id='word_1_334' title='bbox 1223 4484 1552 4550; x_wconf 89' lang='lat' dir='ltr'><strong>claudant.</strong></span> <span class='ocrx_word' id='word_1_335' title='bbox 1640 4482 1869 4565; x_wconf 88' lang='lat' dir='ltr'><strong>Neque</strong></span> <span class='ocrx_word' id='word_1_336' title='bbox 1928 4482 2103 4547; x_wconf 91' lang='lat' dir='ltr'><strong>enim</strong></span> <span class='ocrx_word' id='word_1_337' title='bbox 2150 4482 2262 4547; x_wconf 89' lang='lat' dir='ltr'><strong>alii</strong></span> 
     </span>
     <span class='ocr_line' id='line_1_48' title="bbox 298 4568 2261 4657; baseline -0.002 -19"><span class='ocrx_word' id='word_1_338' title='bbox 298 4585 671 4638; x_wconf 90' lang='lat' dir='ltr'><strong>censentur</strong></span> <span class='ocrx_word' id='word_1_339' title='bbox 739 4573 900 4657; x_wconf 89' lang='lat' dir='ltr'><strong>legis</strong></span> <span class='ocrx_word' id='word_1_340' title='bbox 968 4571 1304 4655; x_wconf 90' lang='lat' dir='ltr'><strong>discipuli,</strong></span> <span class='ocrx_word' id='word_1_341' title='bbox 1360 4571 1490 4635; x_wconf 92' lang='lat' dir='ltr'><strong>nisi</strong></span> <span class='ocrx_word' id='word_1_342' title='bbox 1550 4568 1660 4653; x_wconf 90' lang='lat' dir='ltr'><strong>qui</strong></span> <span class='ocrx_word' id='word_1_343' title='bbox 1720 4590 1802 4633; x_wconf 88' lang='lat' dir='ltr'><strong>ex</strong></span> <span class='ocrx_word' id='word_1_344' title='bbox 1860 4589 1939 4633; x_wconf 87' lang='lat' dir='ltr'><strong>ea</strong></span> <span class='ocrx_word' id='word_1_345' title='bbox 2002 4577 2261 4634; x_wconf 90' lang='lat' dir='ltr'><strong>tantum</strong></span> 
     </span>
     <span class='ocr_line' id='line_1_49' title="bbox 296 4653 2264 4742; baseline -0.002 -19"><span class='ocrx_word' id='word_1_346' title='bbox 296 4659 600 4742; x_wconf 86' lang='lat' dir='ltr'><strong>sapiunt.</strong></span> <span class='ocrx_word' id='word_1_347' title='bbox 686 4658 973 4725; x_wconf 90' lang='lat' dir='ltr'><strong>Perinde</strong></span> <span class='ocrx_word' id='word_1_348' title='bbox 1016 4678 1173 4740; x_wconf 86' lang='lat' dir='ltr'><strong>ergo</strong></span> <span class='ocrx_word' id='word_1_349' title='bbox 1217 4666 1313 4721; x_wconf 82' lang='lat' dir='ltr'><strong>est</strong></span> <span class='ocrx_word' id='word_1_350' title='bbox 1359 4675 1435 4722; x_wconf 91' lang='lat' dir='ltr'><strong>ac</strong></span> <span class='ocrx_word' id='word_1_351' title='bbox 1477 4656 1534 4721; x_wconf 90' lang='lat' dir='ltr'><strong>si</strong></span> <span class='ocrx_word' id='word_1_352' title='bbox 1578 4656 1834 4720; x_wconf 89' lang='lat' dir='ltr'><strong>iuberet</strong></span> <span class='ocrx_word' id='word_1_353' title='bbox 1878 4653 2060 4718; x_wconf 91' lang='lat' dir='ltr'><strong>Deus</strong></span> <span class='ocrx_word' id='word_1_354' title='bbox 2125 4654 2264 4720; x_wconf 89' lang='lat' dir='ltr'><strong>suis</strong></span> 
     </span>
     <span class='ocr_line' id='line_1_50' title="bbox 293 4740 2260 4827; baseline -0.003 -17"><span class='ocrx_word' id='word_1_355' title='bbox 293 4744 686 4827; x_wconf 85' lang='lat' dir='ltr'><strong>praeceptis</strong></span> <span class='ocrx_word' id='word_1_356' title='bbox 751 4755 1092 4811; x_wconf 87' lang='lat' dir='ltr'><strong>contentos</strong></span> <span class='ocrx_word' id='word_1_357' title='bbox 1157 4763 1328 4809; x_wconf 85' lang='lat' dir='ltr'><strong>esse:</strong></span> <span class='ocrx_word' id='word_1_358' title='bbox 1396 4743 1549 4824; x_wconf 90' lang='lat' dir='ltr'><strong>quia</strong></span> <span class='ocrx_word' id='word_1_359' title='bbox 1609 4761 1738 4808; x_wconf 90' lang='lat' dir='ltr'><strong>non</strong></span> <span class='ocrx_word' id='word_1_360' title='bbox 1800 4740 1990 4805; x_wconf 86' lang='lat' dir='ltr'><strong>aliter</strong></span> <span class='ocrx_word' id='word_1_361' title='bbox 2050 4740 2260 4824; x_wconf 88' lang='lat' dir='ltr'><strong>legem</strong></span> 
     </span>
     <span class='ocr_line' id='line_1_51' title="bbox 294 4826 2264 4914; baseline -0.004 -18"><span class='ocrx_word' id='word_1_362' title='bbox 294 4828 721 4908; x_wconf 89' lang='lat' dir='ltr'><strong>custodient,</strong></span> <span class='ocrx_word' id='word_1_363' title='bbox 801 4851 996 4914; x_wconf 89' lang='lat' dir='ltr'><strong>quam</strong></span> <span class='ocrx_word' id='word_1_364' title='bbox 1061 4830 1117 4894; x_wconf 90' lang='lat' dir='ltr'><strong>si</strong></span> <span class='ocrx_word' id='word_1_365' title='bbox 1183 4848 1453 4911; x_wconf 87' lang='lat' dir='ltr'><strong>prorsus</strong></span> <span class='ocrx_word' id='word_1_366' title='bbox 1516 4828 1659 4892; x_wconf 90' lang='lat' dir='ltr'><strong>eius</strong></span> <span class='ocrx_word' id='word_1_367' title='bbox 1725 4826 2062 4891; x_wconf 90' lang='lat' dir='ltr'><strong>doctrinae</strong></span> <span class='ocrx_word' id='word_1_368' title='bbox 2127 4827 2264 4890; x_wconf 88' lang='lat' dir='ltr'><strong>sint</strong></span> 
     </span>
     <span class='ocr_line' id='line_1_52' title="bbox 298 4911 2259 4999; baseline -0.003 -18"><span class='ocrx_word' id='word_1_369' title='bbox 298 4915 584 4982; x_wconf 89' lang='lat' dir='ltr'><strong>addicti.</strong></span> <span class='ocrx_word' id='word_1_370' title='bbox 678 4915 866 4982; x_wconf 90' lang='lat' dir='ltr'><strong>Unde</strong></span> <span class='ocrx_word' id='word_1_371' title='bbox 924 4916 1253 4999; x_wconf 89' lang='lat' dir='ltr'><strong>sequitur,</strong></span> <span class='ocrx_word' id='word_1_372' title='bbox 1314 4934 1426 4979; x_wconf 87' lang='lat' dir='ltr'><strong>eos</strong></span> <span class='ocrx_word' id='word_1_373' title='bbox 1483 4912 1747 4978; x_wconf 89' lang='lat' dir='ltr'><strong>demum</strong></span> <span class='ocrx_word' id='word_1_374' title='bbox 1793 4911 2055 4978; x_wconf 89' lang='lat' dir='ltr'><strong>obedire</strong></span> <span class='ocrx_word' id='word_1_375' title='bbox 2101 4913 2259 4988; x_wconf 89' lang='lat' dir='ltr'><strong>Dec,</strong></span> 
     </span>
     <span class='ocr_line' id='line_1_53' title="bbox 296 4998 2261 5085; baseline -0.002 -19"><span class='ocrx_word' id='word_1_376' title='bbox 296 5004 421 5085; x_wconf 91' lang='lat' dir='ltr'><strong>qui</strong></span> <span class='ocrx_word' id='word_1_377' title='bbox 471 5011 734 5067; x_wconf 91' lang='lat' dir='ltr'><strong>tantum</strong></span> <span class='ocrx_word' id='word_1_378' title='bbox 778 5002 860 5068; x_wconf 89' lang='lat' dir='ltr'><strong>ab</strong></span> <span class='ocrx_word' id='word_1_379' title='bbox 907 5003 1047 5068; x_wconf 91' lang='lat' dir='ltr'><strong>eius</strong></span> <span class='ocrx_word' id='word_1_380' title='bbox 1092 5001 1438 5066; x_wconf 87' lang='lat' dir='ltr'><strong>autoritate</strong></span> <span class='ocrx_word' id='word_1_381' title='bbox 1483 4999 1803 5082; x_wconf 88' lang='lat' dir='ltr'><strong>pendent:</strong></span> <span class='ocrx_word' id='word_1_382' title='bbox 1855 5018 1930 5064; x_wconf 91' lang='lat' dir='ltr'><strong>ac</strong></span> <span class='ocrx_word' id='word_1_383' title='bbox 1975 4998 2104 5082; x_wconf 89' lang='lat' dir='ltr'><strong>legi</strong></span> <span class='ocrx_word' id='word_1_384' title='bbox 2150 4998 2261 5062; x_wconf 91' lang='lat' dir='ltr'><strong>de·</strong></span> 
     </span>
     <span class='ocr_line' id='line_1_54' title="bbox 291 5084 2262 5171; baseline -0.003 -18"><span class='ocrx_word' id='word_1_385' title='bbox 291 5088 487 5153; x_wconf 88' lang='lat' dir='ltr'><strong>ferre</strong></span> <span class='ocrx_word' id='word_1_386' title='bbox 534 5109 725 5153; x_wconf 89' lang='lat' dir='ltr'><strong>suum</strong></span> <span class='ocrx_word' id='word_1_387' title='bbox 769 5087 1080 5153; x_wconf 87' lang='lat' dir='ltr'><strong>honorem</strong></span> <span class='ocrx_word' id='word_1_388' title='bbox 1126 5089 1235 5170; x_wconf 90' lang='lat' dir='ltr'><strong>qui</strong></span> <span class='ocrx_word' id='word_1_389' title='bbox 1281 5086 1448 5151; x_wconf 89' lang='lat' dir='ltr'><strong>nihil</strong></span> <span class='ocrx_word' id='word_1_390' title='bbox 1486 5107 1525 5151; x_wconf 90' lang='lat' dir='ltr'><strong>a</strong></span> <span class='ocrx_word' id='word_1_391' title='bbox 1567 5085 1853 5171; x_wconf 91' lang='lat' dir='ltr'><strong>genuino</strong></span> <span class='ocrx_word' id='word_1_392' title='bbox 1887 5084 2027 5152; x_wconf 91' lang='lat' dir='ltr'><strong>eius</strong></span> <span class='ocrx_word' id='word_1_393' title='bbox 2062 5104 2262 5149; x_wconf 86' lang='lat' dir='ltr'><strong>sensu</strong></span> 
     </span>
     <span class='ocr_line' id='line_1_55' title="bbox 293 5172 2262 5256; baseline -0.002 -18"><span class='ocrx_word' id='word_1_394' title='bbox 293 5187 707 5240; x_wconf 85' lang='lat' dir='ltr'><strong>extraneum</strong></span> <span class='ocrx_word' id='word_1_395' title='bbox 765 5174 1140 5239; x_wconf 89' lang='lat' dir='ltr'><strong>admittunt.</strong></span> <span class='ocrx_word' id='word_1_396' title='bbox 1240 5172 1536 5256; x_wconf 88' lang='lat' dir='ltr'><strong>Insignis</strong></span> <span class='ocrx_word' id='word_1_397' title='bbox 1595 5175 1807 5249; x_wconf 89' lang='lat' dir='ltr'><strong>locus,</strong></span> <span class='ocrx_word' id='word_1_398' title='bbox 1862 5190 1987 5253; x_wconf 91' lang='lat' dir='ltr'><strong>quo</strong></span> <span class='ocrx_word' id='word_1_399' title='bbox 2035 5180 2262 5253; x_wconf 90' lang='lat' dir='ltr'><strong>aperte</strong></span> 
     </span>
     <span class='ocr_line' id='line_1_56' title="bbox 295 5256 2262 5343; baseline -0.003 -17"><span class='ocrx_word' id='word_1_400' title='bbox 295 5259 675 5326; x_wconf 82' lang='lat' dir='ltr'><strong>damnatur</strong></span> <span class='ocrx_word' id='word_1_401' title='bbox 752 5259 1067 5343; x_wconf 89' lang='lat' dir='ltr'><strong>quidquid</strong></span> <span class='ocrx_word' id='word_1_402' title='bbox 1145 5258 1485 5324; x_wconf 90' lang='lat' dir='ltr'><strong>hominum</strong></span> <span class='ocrx_word' id='word_1_403' title='bbox 1565 5257 1827 5342; x_wconf 88' lang='lat' dir='ltr'><strong>ingenio</strong></span> <span class='ocrx_word' id='word_1_404' title='bbox 1903 5256 2262 5340; x_wconf 87' lang='lat' dir='ltr'><strong>excogitari</strong></span> 
     </span>
     <span class='ocr_line' id='line_1_57' title="bbox 292 5345 1149 5432; baseline -0.001 -20"><span class='ocrx_word' id='word_1_405' title='bbox 292 5353 541 5432; x_wconf 86' lang='lat' dir='ltr'><strong>potest</strong></span> <span class='ocrx_word' id='word_1_406' title='bbox 581 5346 660 5411; x_wconf 90' lang='lat' dir='ltr'><strong>ad</strong></span> <span class='ocrx_word' id='word_1_407' title='bbox 705 5346 955 5413; x_wconf 91' lang='lat' dir='ltr'><strong>cultum</strong></span> <span class='ocrx_word' id='word_1_408' title='bbox 1002 5345 1149 5412; x_wconf 92' lang='lat' dir='ltr'><strong>Dei.</strong></span> 
     </span>
    </p>
   </div>
   <div class='ocr_carea' id='block_1_3' title="bbox 1776 430 2850 503">
    <p class='ocr_par' dir='ltr' id='par_1_5' title="bbox 1776 430 2850 503">
     <span class='ocr_line' id='line_1_58' title="bbox 1776 430 2850 503; baseline 0.001 -2"><span class='ocrx_word' id='word_1_409' title='bbox 1776 430 2309 501; x_wconf 77' lang='lat' dir='ltr'><strong>PRAEFATIO</strong></span> <span class='ocrx_word' id='word_1_410' title='bbox 2353 431 2454 499; x_wconf 84' lang='lat' dir='ltr'><strong>IN</strong></span> <span class='ocrx_word' id='word_1_411' title='bbox 2500 433 2850 503; x_wconf 76' lang='lat' dir='ltr'><strong>LEGEM.</strong></span> 
     </span>
    </p>
   </div>
   <div class='ocr_carea' id='block_1_4' title="bbox 2304 619 2339 5392">
    <p class='ocr_par' dir='ltr' id='par_1_6' title="bbox 2304 619 2339 5392">
     <span class='ocr_line' id='line_1_59' title="bbox 2304 619 2339 5392; baseline 0 0"><span class='ocrx_word' id='word_1_412' title='bbox 2304 619 2339 5392; x_wconf 95' lang='lat' dir='ltr'><strong> </strong></span> 
     </span>
    </p>
   </div>
   <div class='ocr_carea' id='block_1_5' title="bbox 4183 436 4321 506">
    <p class='ocr_par' dir='ltr' id='par_1_7' title="bbox 4183 436 4321 506">
     <span class='ocr_line' id='line_1_60' title="bbox 4183 436 4321 506; baseline 0 0"><span class='ocrx_word' id='word_1_413' title='bbox 4183 436 4321 506; x_wconf 78' lang='lat'><strong>214</strong></span> 
     </span>
    </p>
   </div>
   <div class='ocr_carea' id='block_1_6' title="bbox 2366 623 4350 3537">
    <p class='ocr_par' dir='ltr' id='par_1_8' title="bbox 2366 623 4350 2420">
     <span class='ocr_line' id='line_1_61' title="bbox 2547 623 4312 711; baseline 0.004 -24"><span class='ocrx_word' id='word_1_414' title='bbox 2547 623 2742 688; x_wconf 91' lang='lat' dir='ltr'><strong>Deut.</strong></span> <span class='ocrx_word' id='word_1_415' title='bbox 2789 624 2849 704; x_wconf 85' lang='lat'><strong>5,</strong></span> <span class='ocrx_word' id='word_1_416' title='bbox 2895 624 2998 690; x_wconf 84' lang='lat'><strong>32.</strong></span> <span class='ocrx_word' id='word_1_417' title='bbox 3068 624 3374 693; x_wconf 59' lang='lat' dir='ltr'><strong>Custodia</strong></span> <span class='ocrx_word' id='word_1_418' title='bbox 3416 647 3571 711; x_wconf 76' lang='lat' dir='ltr'><strong>erqo.</strong></span> <span class='ocrx_word' id='word_1_419' title='bbox 3640 627 3783 693; x_wconf 89' lang='lat' dir='ltr'><strong>Hoc</strong></span> <span class='ocrx_word' id='word_1_420' title='bbox 3818 648 4076 711; x_wconf 86' lang='lat' dir='ltr'><strong>quoque</strong></span> <span class='ocrx_word' id='word_1_421' title='bbox 4114 649 4312 695; x_wconf 86' lang='lat' dir='ltr'><strong>versu</strong></span> 
     </span>
     <span class='ocr_line' id='line_1_62' title="bbox 2370 711 4308 798; baseline 0.004 -26"><span class='ocrx_word' id='word_1_422' title='bbox 2370 727 2603 774; x_wconf 85' lang='lat' dir='ltr'><strong>rursus</strong></span> <span class='ocrx_word' id='word_1_423' title='bbox 2678 731 2810 775; x_wconf 91' lang='lat' dir='ltr'><strong>non</strong></span> <span class='ocrx_word' id='word_1_424' title='bbox 2878 720 3135 775; x_wconf 91' lang='lat' dir='ltr'><strong>tantum</strong></span> <span class='ocrx_word' id='word_1_425' title='bbox 3203 711 3501 777; x_wconf 86' lang='lat' dir='ltr'><strong>hortatur</strong></span> <span class='ocrx_word' id='word_1_426' title='bbox 3567 712 3877 796; x_wconf 90' lang='lat' dir='ltr'><strong>populum</strong></span> <span class='ocrx_word' id='word_1_427' title='bbox 3943 713 4025 779; x_wconf 90' lang='lat' dir='ltr'><strong>ad</strong></span> <span class='ocrx_word' id='word_1_428' title='bbox 4089 713 4308 798; x_wconf 87' lang='lat' dir='ltr'><strong>legem</strong></span> 
     </span>
     <span class='ocr_line' id='line_1_63' title="bbox 2369 794 4305 876; baseline 0.004 -19"><span class='ocrx_word' id='word_1_429' title='bbox 2369 794 2874 876; x_wconf 85' lang='lat' dir='ltr'><strong>amplexandam</strong></span> <span class='ocrx_word' id='word_1_430' title='bbox 2893 846 2908 873; x_wconf 94' lang='lat'><strong>,</strong></span> <span class='ocrx_word' id='word_1_431' title='bbox 2953 797 3067 861; x_wconf 89' lang='lat' dir='ltr'><strong>sed</strong></span> <span class='ocrx_word' id='word_1_432' title='bbox 3113 796 3314 862; x_wconf 87' lang='lat' dir='ltr'><strong>simul</strong></span> <span class='ocrx_word' id='word_1_433' title='bbox 3357 807 3700 865; x_wconf 90' lang='lat' dir='ltr'><strong>contentos</strong></span> <span class='ocrx_word' id='word_1_434' title='bbox 3739 819 3882 866; x_wconf 88' lang='lat' dir='ltr'><strong>esse</strong></span> <span class='ocrx_word' id='word_1_435' title='bbox 3922 799 4103 865; x_wconf 92' lang='lat' dir='ltr'><strong>iubet</strong></span> <span class='ocrx_word' id='word_1_436' title='bbox 4145 800 4305 865; x_wconf 87' lang='lat' dir='ltr'><strong>sim·</strong></span> 
     </span>
     <span class='ocr_line' id='line_1_64' title="bbox 2369 877 4309 968; baseline 0.004 -25"><span class='ocrx_word' id='word_1_437' title='bbox 2369 877 2525 962; x_wconf 92' lang='lat' dir='ltr'><strong>plici</strong></span> <span class='ocrx_word' id='word_1_438' title='bbox 2569 879 2709 945; x_wconf 87' lang='lat' dir='ltr'><strong>eius</strong></span> <span class='ocrx_word' id='word_1_439' title='bbox 2756 881 3064 948; x_wconf 89' lang='lat' dir='ltr'><strong>doctrina.</strong></span> <span class='ocrx_word' id='word_1_440' title='bbox 3157 883 3246 946; x_wconf 86' lang='lat' dir='ltr'><strong>Et</strong></span> <span class='ocrx_word' id='word_1_441' title='bbox 3302 892 3479 949; x_wconf 89' lang='lat' dir='ltr'><strong>certe</strong></span> <span class='ocrx_word' id='word_1_442' title='bbox 3535 882 3809 949; x_wconf 90' lang='lat' dir='ltr'><strong>dimidia</strong></span> <span class='ocrx_word' id='word_1_443' title='bbox 3850 894 4109 950; x_wconf 88' lang='lat' dir='ltr'><strong>tantum</strong></span> <span class='ocrx_word' id='word_1_444' title='bbox 4153 906 4309 968; x_wconf 84' lang='lat' dir='ltr'><strong>pars</strong></span> 
     </span>
     <span class='ocr_line' id='line_1_65' title="bbox 2368 964 4310 1056; baseline 0.005 -27"><span class='ocrx_word' id='word_1_445' title='bbox 2368 964 2774 1031; x_wconf 91' lang='lat' dir='ltr'><strong>obedientiae</strong></span> <span class='ocrx_word' id='word_1_446' title='bbox 2796 978 2912 1047; x_wconf 86' lang='lat' dir='ltr'><strong>est,</strong></span> <span class='ocrx_word' id='word_1_447' title='bbox 2936 978 3247 1050; x_wconf 88' lang='lat' dir='ltr'><strong>tanquam</strong></span> <span class='ocrx_word' id='word_1_448' title='bbox 3273 977 3526 1034; x_wconf 90' lang='lat' dir='ltr'><strong>rectum</strong></span> <span class='ocrx_word' id='word_1_449' title='bbox 3556 980 3625 1035; x_wconf 90' lang='lat' dir='ltr'><strong>et</strong></span> <span class='ocrx_word' id='word_1_450' title='bbox 3659 991 3937 1053; x_wconf 88' lang='lat' dir='ltr'><strong>aequum</strong></span> <span class='ocrx_word' id='word_1_451' title='bbox 3975 971 4310 1056; x_wconf 80' lang='lat' dir='ltr'><strong>suscipere</strong></span> 
     </span>
     <span class='ocr_line' id='line_1_66' title="bbox 2367 1050 4309 1138; baseline 0.005 -25"><span class='ocrx_word' id='word_1_452' title='bbox 2367 1050 2680 1134; x_wconf 91' lang='lat' dir='ltr'><strong>quidquid</strong></span> <span class='ocrx_word' id='word_1_453' title='bbox 2702 1052 2887 1117; x_wconf 89' lang='lat' dir='ltr'><strong>Deus</strong></span> <span class='ocrx_word' id='word_1_454' title='bbox 2921 1054 3257 1136; x_wconf 83' lang='lat' dir='ltr'><strong>praecipit,</strong></span> <span class='ocrx_word' id='word_1_455' title='bbox 3301 1055 3429 1121; x_wconf 90' lang='lat' dir='ltr'><strong>nisi</strong></span> <span class='ocrx_word' id='word_1_456' title='bbox 3464 1055 3730 1121; x_wconf 89' lang='lat' dir='ltr'><strong>accedat</strong></span> <span class='ocrx_word' id='word_1_457' title='bbox 3769 1055 3932 1122; x_wconf 89' lang='lat' dir='ltr'><strong>haec</strong></span> <span class='ocrx_word' id='word_1_458' title='bbox 3971 1057 4309 1138; x_wconf 85' lang='lat' dir='ltr'><strong>sobrietas,</strong></span> 
     </span>
     <span class='ocr_line' id='line_1_67' title="bbox 2369 1137 4309 1225; baseline 0.004 -25"><span class='ocrx_word' id='word_1_459' title='bbox 2369 1157 2455 1200; x_wconf 92' lang='lat' dir='ltr'><strong>ne</strong></span> <span class='ocrx_word' id='word_1_460' title='bbox 2494 1137 2652 1218; x_wconf 90' lang='lat' dir='ltr'><strong>quid</strong></span> <span class='ocrx_word' id='word_1_461' title='bbox 2697 1137 2874 1203; x_wconf 87' lang='lat' dir='ltr'><strong>ultra</strong></span> <span class='ocrx_word' id='word_1_462' title='bbox 2931 1139 3056 1205; x_wconf 90' lang='lat' dir='ltr'><strong>sibi</strong></span> <span class='ocrx_word' id='word_1_463' title='bbox 3114 1150 3450 1205; x_wconf 89' lang='lat' dir='ltr'><strong>accersant</strong></span> <span class='ocrx_word' id='word_1_464' title='bbox 3503 1141 3818 1209; x_wconf 87' lang='lat' dir='ltr'><strong>homines.</strong></span> <span class='ocrx_word' id='word_1_465' title='bbox 3906 1142 4138 1225; x_wconf 91' lang='lat' dir='ltr'><strong>Itaque</strong></span> <span class='ocrx_word' id='word_1_466' title='bbox 4177 1143 4309 1208; x_wconf 83' lang='lat' dir='ltr'><strong>alic</strong></span> 
     </span>
     <span class='ocr_line' id='line_1_68' title="bbox 2368 1222 4308 1311; baseline 0.005 -26"><span class='ocrx_word' id='word_1_467' title='bbox 2368 1241 2622 1303; x_wconf 91' lang='lat' dir='ltr'><strong>quoque</strong></span> <span class='ocrx_word' id='word_1_468' title='bbox 2665 1222 2805 1289; x_wconf 87' lang='lat' dir='ltr'><strong>loco</strong></span> <span class='ocrx_word' id='word_1_469' title='bbox 2848 1244 3040 1306; x_wconf 92' lang='lat' dir='ltr'><strong>quem</strong></span> <span class='ocrx_word' id='word_1_470' title='bbox 3088 1225 3393 1305; x_wconf 82' lang='lat' dir='ltr'><strong>adiunxi,</strong></span> <span class='ocrx_word' id='word_1_471' title='bbox 3446 1246 3581 1290; x_wconf 90' lang='lat' dir='ltr'><strong>non</strong></span> <span class='ocrx_word' id='word_1_472' title='bbox 3626 1228 3844 1292; x_wconf 91' lang='lat' dir='ltr'><strong>minus</strong></span> <span class='ocrx_word' id='word_1_473' title='bbox 3886 1249 4113 1293; x_wconf 86' lang='lat' dir='ltr'><strong>severe</strong></span> <span class='ocrx_word' id='word_1_474' title='bbox 4155 1248 4308 1311; x_wconf 84' lang='lat' dir='ltr'><strong>pro·</strong></span> 
     </span>
     <span class='ocr_line' id='line_1_69' title="bbox 2369 1305 4350 1396; baseline 0.004 -25"><span class='ocrx_word' id='word_1_475' title='bbox 2369 1305 2552 1371; x_wconf 90' lang='lat' dir='ltr'><strong>hibet</strong></span> <span class='ocrx_word' id='word_1_476' title='bbox 2597 1309 2780 1374; x_wconf 89' lang='lat' dir='ltr'><strong>Deus</strong></span> <span class='ocrx_word' id='word_1_477' title='bbox 2820 1330 2906 1374; x_wconf 90' lang='lat' dir='ltr'><strong>ne</strong></span> <span class='ocrx_word' id='word_1_478' title='bbox 2947 1310 3101 1392; x_wconf 92' lang='lat' dir='ltr'><strong>quid</strong></span> <span class='ocrx_word' id='word_1_479' title='bbox 3149 1310 3457 1386; x_wconf 86' lang='lat' dir='ltr'><strong>addatur,</strong></span> <span class='ocrx_word' id='word_1_480' title='bbox 3516 1333 3709 1396; x_wconf 90' lang='lat' dir='ltr'><strong>quam</strong></span> <span class='ocrx_word' id='word_1_481' title='bbox 3763 1335 3848 1378; x_wconf 93' lang='lat' dir='ltr'><strong>ne</strong></span> <span class='ocrx_word' id='word_1_482' title='bbox 3890 1313 4044 1396; x_wconf 88' lang='lat' dir='ltr'><strong>quid</strong></span> <span class='ocrx_word' id='word_1_483' title='bbox 4090 1313 4305 1379; x_wconf 88' lang='lat' dir='ltr'><strong>detra·</strong></span> <span class='ocrx_word' id='word_1_484' title='bbox 4340 1321 4350 1331; x_wconf 74' lang='grc'><strong>“</strong></span> 
     </span>
     <span class='ocr_line' id='line_1_70' title="bbox 2366 1390 4311 1482; baseline 0.005 -26"><span class='ocrx_word' id='word_1_485' title='bbox 2366 1390 2583 1459; x_wconf 88' lang='lat' dir='ltr'><strong>hatur.</strong></span> <span class='ocrx_word' id='word_1_486' title='bbox 2690 1397 2906 1479; x_wconf 86' lang='lat' dir='ltr'><strong>Atque</strong></span> <span class='ocrx_word' id='word_1_487' title='bbox 2969 1395 3131 1462; x_wconf 88' lang='lat' dir='ltr'><strong>haec</strong></span> <span class='ocrx_word' id='word_1_488' title='bbox 3197 1396 3493 1479; x_wconf 83' lang='lat' dir='ltr'><strong>apprime</strong></span> <span class='ocrx_word' id='word_1_489' title='bbox 3549 1395 3897 1463; x_wconf 86' lang='lat' dir='ltr'><strong>observatu</strong></span> <span class='ocrx_word' id='word_1_490' title='bbox 3955 1398 4155 1482; x_wconf 86' lang='lat' dir='ltr'><strong>digna</strong></span> <span class='ocrx_word' id='word_1_491' title='bbox 4206 1407 4311 1465; x_wconf 78' lang='lat' dir='ltr'><strong>est</strong></span> 
     </span>
     <span class='ocr_line' id='line_1_71' title="bbox 2368 1480 4313 1566; baseline 0.005 -24"><span class='ocrx_word' id='word_1_492' title='bbox 2368 1480 2697 1544; x_wconf 87' lang='lat' dir='ltr'><strong>sententia</strong></span> <span class='ocrx_word' id='word_1_493' title='bbox 2739 1482 3041 1563; x_wconf 89' lang='lat' dir='ltr'><strong>quoniam</strong></span> <span class='ocrx_word' id='word_1_494' title='bbox 3133 1491 3508 1565; x_wconf 89' lang='lat' dir='ltr'><strong>raepostera</strong></span> <span class='ocrx_word' id='word_1_495' title='bbox 3542 1483 3810 1548; x_wconf 81' lang='lat' dir='ltr'><strong>lascivia</strong></span> <span class='ocrx_word' id='word_1_496' title='bbox 3844 1484 4095 1566; x_wconf 88' lang='lat' dir='ltr'><strong>rapitur</strong></span> <span class='ocrx_word' id='word_1_497' title='bbox 4128 1492 4313 1551; x_wconf 85' lang='lat' dir='ltr'><strong>totus</strong></span> 
     </span>
     <span class='ocr_line' id='line_1_72' title="bbox 2368 1564 4315 1652; baseline 0.004 -24"><span class='ocrx_word' id='word_1_498' title='bbox 2368 1564 2503 1629; x_wconf 82' lang='lat' dir='ltr'><strong>fere</strong></span> <span class='ocrx_word' id='word_1_499' title='bbox 2545 1565 2830 1631; x_wconf 88' lang='lat' dir='ltr'><strong>mundus</strong></span> <span class='ocrx_word' id='word_1_500' title='bbox 2871 1567 2952 1630; x_wconf 91' lang='lat' dir='ltr'><strong>ad</strong></span> <span class='ocrx_word' id='word_1_501' title='bbox 2997 1589 3077 1632; x_wconf 90' lang='lat' dir='ltr'><strong>cu</strong></span> <span class='ocrx_word' id='word_1_502' title='bbox 3106 1580 3213 1632; x_wconf 90' lang='lat' dir='ltr'><strong>tus</strong></span> <span class='ocrx_word' id='word_1_503' title='bbox 3256 1568 3550 1647; x_wconf 89' lang='lat' dir='ltr'><strong>fictitios,</strong></span> <span class='ocrx_word' id='word_1_504' title='bbox 3608 1569 3721 1651; x_wconf 92' lang='lat' dir='ltr'><strong>qui</strong></span> <span class='ocrx_word' id='word_1_505' title='bbox 3765 1578 3984 1634; x_wconf 87' lang='lat' dir='ltr'><strong>tamen</strong></span> <span class='ocrx_word' id='word_1_506' title='bbox 4020 1571 4315 1652; x_wconf 83' lang='lat' dir='ltr'><strong>praecise</strong></span> 
     </span>
     <span class='ocr_line' id='line_1_73' title="bbox 2370 1652 4313 1729; baseline 0.003 -15"><span class='ocrx_word' id='word_1_507' title='bbox 2370 1670 2501 1715; x_wconf 90' lang='lat' dir='ltr'><strong>uno</strong></span> <span class='ocrx_word' id='word_1_508' title='bbox 2544 1652 2743 1716; x_wconf 81' lang='lat' dir='ltr'><strong>verbo</strong></span> <span class='ocrx_word' id='word_1_509' title='bbox 2787 1652 3218 1729; x_wconf 86' lang='lat' dir='ltr'><strong>damnantur,</strong></span> <span class='ocrx_word' id='word_1_510' title='bbox 3266 1653 3377 1718; x_wconf 91' lang='lat' dir='ltr'><strong>ubi</strong></span> <span class='ocrx_word' id='word_1_511' title='bbox 3424 1654 3605 1718; x_wconf 91' lang='lat' dir='ltr'><strong>Deus</strong></span> <span class='ocrx_word' id='word_1_512' title='bbox 3648 1656 3741 1718; x_wconf 89' lang='lat' dir='ltr'><strong>ita</strong></span> <span class='ocrx_word' id='word_1_513' title='bbox 3782 1655 3964 1719; x_wconf 89' lang='lat' dir='ltr'><strong>iubet</strong></span> <span class='ocrx_word' id='word_1_514' title='bbox 4005 1674 4159 1720; x_wconf 90' lang='lat' dir='ltr'><strong>suos</strong></span> <span class='ocrx_word' id='word_1_515' title='bbox 4203 1675 4313 1720; x_wconf 87' lang='lat' dir='ltr'><strong>ae-</strong></span> 
     </span>
     <span class='ocr_line' id='line_1_74' title="bbox 2369 1736 4315 1823; baseline 0.003 -24"><span class='ocrx_word' id='word_1_516' title='bbox 2369 1736 2699 1818; x_wconf 91' lang='lat' dir='ltr'><strong>quiescere</strong></span> <span class='ocrx_word' id='word_1_517' title='bbox 2764 1739 3015 1821; x_wconf 89' lang='lat' dir='ltr'><strong>positae</strong></span> <span class='ocrx_word' id='word_1_518' title='bbox 3078 1738 3239 1823; x_wconf 87' lang='lat' dir='ltr'><strong>legi,</strong></span> <span class='ocrx_word' id='word_1_519' title='bbox 3308 1761 3391 1804; x_wconf 91' lang='lat' dir='ltr'><strong>ne</strong></span> <span class='ocrx_word' id='word_1_520' title='bbox 3445 1740 3748 1805; x_wconf 88' lang='lat' dir='ltr'><strong>iustiores</strong></span> <span class='ocrx_word' id='word_1_521' title='bbox 3801 1761 3941 1805; x_wconf 91' lang='lat' dir='ltr'><strong>esse</strong></span> <span class='ocrx_word' id='word_1_522' title='bbox 3998 1751 4315 1822; x_wconf 84' lang='lat' dir='ltr'><strong>appetant</strong></span> 
     </span>
     <span class='ocr_line' id='line_1_75' title="bbox 2368 1823 4311 1904; baseline 0.004 -19"><span class='ocrx_word' id='word_1_523' title='bbox 2368 1842 2564 1904; x_wconf 90' lang='lat' dir='ltr'><strong>quam</strong></span> <span class='ocrx_word' id='word_1_524' title='bbox 2621 1823 2757 1888; x_wconf 88' lang='lat' dir='ltr'><strong>illio</strong></span> <span class='ocrx_word' id='word_1_525' title='bbox 2814 1824 3145 1890; x_wconf 84' lang='lat' dir='ltr'><strong>docentur.</strong></span> <span class='ocrx_word' id='word_1_526' title='bbox 3249 1824 3499 1890; x_wconf 79' lang='lat' dir='ltr'><strong>Similis</strong></span> <span class='ocrx_word' id='word_1_527' title='bbox 3556 1834 3658 1891; x_wconf 89' lang='lat' dir='ltr'><strong>est</strong></span> <span class='ocrx_word' id='word_1_528' title='bbox 3711 1826 3888 1891; x_wconf 91' lang='lat' dir='ltr'><strong>locus</strong></span> <span class='ocrx_word' id='word_1_529' title='bbox 3946 1826 4144 1891; x_wconf 90' lang='lat' dir='ltr'><strong>Deut.</strong></span> <span class='ocrx_word' id='word_1_530' title='bbox 4207 1826 4311 1892; x_wconf 89' lang='grc'><strong>12.</strong></span> 
     </span>
     <span class='ocr_line' id='line_1_76' title="bbox 2368 1908 4312 1995; baseline 0.002 -23"><span class='ocrx_word' id='word_1_531' title='bbox 2368 1929 2565 1973; x_wconf 80' lang='lat' dir='ltr'><strong>versu</strong></span> <span class='ocrx_word' id='word_1_532' title='bbox 2591 1908 2850 1973; x_wconf 88' lang='lat' dir='ltr'><strong>ultimo:</strong></span> <span class='ocrx_word' id='word_1_533' title='bbox 2892 1908 3009 1975; x_wconf 91' lang='lat' dir='ltr'><strong>sed</strong></span> <span class='ocrx_word' id='word_1_534' title='bbox 3044 1914 3198 1994; x_wconf 92' lang='lat' dir='ltr'><strong>quia</strong></span> <span class='ocrx_word' id='word_1_535' title='bbox 3232 1931 3530 1976; x_wconf 90' lang='lat' dir='ltr'><strong>annexus</strong></span> <span class='ocrx_word' id='word_1_536' title='bbox 3564 1919 3666 1977; x_wconf 88' lang='lat' dir='ltr'><strong>est</strong></span> <span class='ocrx_word' id='word_1_537' title='bbox 3698 1912 3996 1995; x_wconf 88' lang='lat' dir='ltr'><strong>propriae</strong></span> <span class='ocrx_word' id='word_1_538' title='bbox 4030 1912 4312 1977; x_wconf 89' lang='lat' dir='ltr'><strong>circum-</strong></span> 
     </span>
     <span class='ocr_line' id='line_1_77' title="bbox 2368 1993 4312 2080; baseline 0.002 -22"><span class='ocrx_word' id='word_1_539' title='bbox 2368 1993 2671 2074; x_wconf 85' lang='lat' dir='ltr'><strong>stantiae,</strong></span> <span class='ocrx_word' id='word_1_540' title='bbox 2718 2003 2784 2059; x_wconf 94' lang='lat' dir='ltr'><strong>et</strong></span> <span class='ocrx_word' id='word_1_541' title='bbox 2826 2017 2911 2060; x_wconf 91' lang='lat' dir='ltr'><strong>ex</strong></span> <span class='ocrx_word' id='word_1_542' title='bbox 2953 1998 3285 2079; x_wconf 87' lang='lat' dir='ltr'><strong>superiore</strong></span> <span class='ocrx_word' id='word_1_543' title='bbox 3319 1997 3646 2062; x_wconf 86' lang='lat' dir='ltr'><strong>sententia</strong></span> <span class='ocrx_word' id='word_1_544' title='bbox 3678 1998 3933 2080; x_wconf 88' lang='lat' dir='ltr'><strong>pendet,</strong></span> <span class='ocrx_word' id='word_1_545' title='bbox 3968 1997 4102 2064; x_wconf 90' lang='lat' dir='ltr'><strong>illic</strong></span> <span class='ocrx_word' id='word_1_546' title='bbox 4138 2018 4312 2064; x_wconf 90' lang='lat' dir='ltr'><strong>com-</strong></span> 
     </span>
     <span class='ocr_line' id='line_1_78' title="bbox 2368 2080 4310 2167; baseline 0.003 -24"><span class='ocrx_word' id='word_1_547' title='bbox 2368 2080 2625 2146; x_wconf 87' lang='lat' dir='ltr'><strong>modius</strong></span> <span class='ocrx_word' id='word_1_548' title='bbox 2668 2090 3036 2163; x_wconf 90' lang='lat' dir='ltr'><strong>reponetur.</strong></span> <span class='ocrx_word' id='word_1_549' title='bbox 3104 2082 3398 2147; x_wconf 77' lang='lat' dir='ltr'><strong>&#39;Pandem</strong></span> <span class='ocrx_word' id='word_1_550' title='bbox 3443 2083 3720 2162; x_wconf 89' lang='lat' dir='ltr'><strong>subiicit,</strong></span> <span class='ocrx_word' id='word_1_551' title='bbox 3765 2105 3897 2148; x_wconf 90' lang='lat' dir='ltr'><strong>nen</strong></span> <span class='ocrx_word' id='word_1_552' title='bbox 3941 2084 4131 2148; x_wconf 85' lang='lat' dir='ltr'><strong>aliter</strong></span> <span class='ocrx_word' id='word_1_553' title='bbox 4172 2083 4310 2167; x_wconf 88' lang='lat' dir='ltr'><strong>legi</strong></span> 
     </span>
     <span class='ocr_line' id='line_1_79' title="bbox 2366 2166 4310 2250; baseline 0.001 -19"><span class='ocrx_word' id='word_1_554' title='bbox 2366 2166 2845 2247; x_wconf 87' lang='lat' dir='ltr'><strong>satisfacturos,</strong></span> <span class='ocrx_word' id='word_1_555' title='bbox 2904 2190 3099 2250; x_wconf 90' lang='lat' dir='ltr'><strong>quam</strong></span> <span class='ocrx_word' id='word_1_556' title='bbox 3159 2168 3213 2233; x_wconf 88' lang='lat' dir='ltr'><strong>si</strong></span> <span class='ocrx_word' id='word_1_557' title='bbox 3273 2167 3450 2234; x_wconf 91' lang='lat' dir='ltr'><strong>intra</strong></span> <span class='ocrx_word' id='word_1_558' title='bbox 3504 2182 3714 2234; x_wconf 88' lang='lat' dir='ltr'><strong>metas</strong></span> <span class='ocrx_word' id='word_1_559' title='bbox 3774 2190 3843 2234; x_wconf 91' lang='lat' dir='ltr'><strong>se</strong></span> <span class='ocrx_word' id='word_1_560' title='bbox 3898 2171 4310 2237; x_wconf 87' lang='lat' dir='ltr'><strong>contineant:</strong></span> 
     </span>
     <span class='ocr_line' id='line_1_80' title="bbox 2369 2254 4316 2338; baseline 0.004 -23"><span class='ocrx_word' id='word_1_561' title='bbox 2369 2262 2456 2328; x_wconf 91' lang='lat' dir='ltr'><strong>et,</strong></span> <span class='ocrx_word' id='word_1_562' title='bbox 2502 2272 2629 2334; x_wconf 91' lang='lat' dir='ltr'><strong>quo</strong></span> <span class='ocrx_word' id='word_1_563' title='bbox 2673 2254 2804 2317; x_wconf 90' lang='lat' dir='ltr'><strong>sint</strong></span> <span class='ocrx_word' id='word_1_564' title='bbox 2848 2254 3060 2337; x_wconf 88' lang='lat' dir='ltr'><strong>magis</strong></span> <span class='ocrx_word' id='word_1_565' title='bbox 3094 2254 3413 2338; x_wconf 87' lang='lat' dir='ltr'><strong>proclives</strong></span> <span class='ocrx_word' id='word_1_566' title='bbox 3455 2254 3537 2319; x_wconf 90' lang='lat' dir='ltr'><strong>ad</strong></span> <span class='ocrx_word' id='word_1_567' title='bbox 3582 2255 3959 2337; x_wconf 91' lang='lat' dir='ltr'><strong>parendum,</strong></span> <span class='ocrx_word' id='word_1_568' title='bbox 4003 2255 4316 2323; x_wconf 84' lang='lat' dir='ltr'><strong>adiuncta</strong></span> 
     </span>
     <span class='ocr_line' id='line_1_81' title="bbox 2369 2338 3489 2420; baseline 0.004 -19"><span class='ocrx_word' id='word_1_569' title='bbox 2369 2339 2798 2420; x_wconf 85' lang='lat' dir='ltr'><strong>promissione</strong></span> <span class='ocrx_word' id='word_1_570' title='bbox 2843 2338 3081 2403; x_wconf 89' lang='lat' dir='ltr'><strong>blande</strong></span> <span class='ocrx_word' id='word_1_571' title='bbox 3124 2362 3233 2406; x_wconf 87' lang='lat' dir='ltr'><strong>eos</strong></span> <span class='ocrx_word' id='word_1_572' title='bbox 3267 2339 3489 2406; x_wconf 89' lang='lat' dir='ltr'><strong>allicit.</strong></span> 
     </span>
    </p>

    <p class='ocr_par' dir='ltr' id='par_1_9' title="bbox 2371 2424 4325 3537">
     <span class='ocr_line' id='line_1_82' title="bbox 2542 2424 4313 2509; baseline 0.004 -21"><span class='ocrx_word' id='word_1_573' title='bbox 2542 2424 2739 2490; x_wconf 90' lang='lat' dir='ltr'><strong>Deut.</strong></span> <span class='ocrx_word' id='word_1_574' title='bbox 2803 2425 2903 2505; x_wconf 87' lang='lat'><strong>13,</strong></span> <span class='ocrx_word' id='word_1_575' title='bbox 2965 2425 3063 2490; x_wconf 90' lang='lat'><strong>18.</strong></span> <span class='ocrx_word' id='word_1_576' title='bbox 3150 2426 3312 2508; x_wconf 74' lang='lat' dir='ltr'><strong>Quia</strong></span> <span class='ocrx_word' id='word_1_577' title='bbox 3367 2427 3609 2493; x_wconf 70' lang='lat' dir='ltr'><strong>audies.</strong></span> <span class='ocrx_word' id='word_1_578' title='bbox 3697 2424 4092 2509; x_wconf 80' lang='lat' dir='ltr'><strong>Quanquam</strong></span> <span class='ocrx_word' id='word_1_579' title='bbox 4147 2426 4313 2495; x_wconf 76' lang='lat' dir='ltr'><strong>haee</strong></span> 
     </span>
     <span class='ocr_line' id='line_1_83' title="bbox 2372 2509 4314 2599; baseline 0.003 -25"><span class='ocrx_word' id='word_1_580' title='bbox 2372 2509 2700 2574; x_wconf 87' lang='lat' dir='ltr'><strong>sententia</strong></span> <span class='ocrx_word' id='word_1_581' title='bbox 2740 2511 3003 2575; x_wconf 90' lang='lat' dir='ltr'><strong>aliunde</strong></span> <span class='ocrx_word' id='word_1_582' title='bbox 3048 2512 3314 2593; x_wconf 88' lang='lat' dir='ltr'><strong>pendet,</strong></span> <span class='ocrx_word' id='word_1_583' title='bbox 3375 2511 3477 2598; x_wconf 90' lang='lat' dir='ltr'><strong>(ut</strong></span> <span class='ocrx_word' id='word_1_584' title='bbox 3520 2511 3672 2577; x_wconf 89' lang='lat' dir='ltr'><strong>licet</strong></span> <span class='ocrx_word' id='word_1_585' title='bbox 3718 2513 3939 2577; x_wconf 87' lang='lat' dir='ltr'><strong>videre</strong></span> <span class='ocrx_word' id='word_1_586' title='bbox 3983 2534 4100 2578; x_wconf 87' lang='lat' dir='ltr'><strong>suo</strong></span> <span class='ocrx_word' id='word_1_587' title='bbox 4145 2509 4314 2599; x_wconf 90' lang='lat' dir='ltr'><strong>loco)</strong></span> 
     </span>
     <span class='ocr_line' id='line_1_84' title="bbox 2374 2596 4314 2683; baseline 0.003 -26"><span class='ocrx_word' id='word_1_588' title='bbox 2374 2596 2702 2679; x_wconf 87' lang='lat' dir='ltr'><strong>generalis</strong></span> <span class='ocrx_word' id='word_1_589' title='bbox 2768 2606 2990 2661; x_wconf 89' lang='lat' dir='ltr'><strong>tamen</strong></span> <span class='ocrx_word' id='word_1_590' title='bbox 3047 2607 3179 2675; x_wconf 85' lang='lat' dir='ltr'><strong>est,</strong></span> <span class='ocrx_word' id='word_1_591' title='bbox 3239 2608 3306 2662; x_wconf 91' lang='lat' dir='ltr'><strong>et</strong></span> <span class='ocrx_word' id='word_1_592' title='bbox 3363 2598 3738 2663; x_wconf 86' lang='lat' dir='ltr'><strong>extenditur</strong></span> <span class='ocrx_word' id='word_1_593' title='bbox 3778 2598 3861 2663; x_wconf 86' lang='lat' dir='ltr'><strong>ad</strong></span> <span class='ocrx_word' id='word_1_594' title='bbox 3904 2600 4104 2664; x_wconf 89' lang='lat' dir='ltr'><strong>totius</strong></span> <span class='ocrx_word' id='word_1_595' title='bbox 4149 2599 4314 2683; x_wconf 89' lang='lat' dir='ltr'><strong>legis</strong></span> 
     </span>
     <span class='ocr_line' id='line_1_85' title="bbox 2372 2681 4315 2762; baseline 0.001 -16"><span class='ocrx_word' id='word_1_596' title='bbox 2372 2681 3026 2749; x_wconf 89' lang='lat' dir='ltr'><strong>commendationem.</strong></span> <span class='ocrx_word' id='word_1_597' title='bbox 3115 2684 3339 2748; x_wconf 92' lang='lat' dir='ltr'><strong>Primo</strong></span> <span class='ocrx_word' id='word_1_598' title='bbox 3396 2694 3613 2748; x_wconf 87' lang='lat' dir='ltr'><strong>autem</strong></span> <span class='ocrx_word' id='word_1_599' title='bbox 3670 2683 3859 2749; x_wconf 89' lang='lat' dir='ltr'><strong>docet</strong></span> <span class='ocrx_word' id='word_1_600' title='bbox 3900 2684 4153 2762; x_wconf 85' lang='lat' dir='ltr'><strong>Moses,</strong></span> <span class='ocrx_word' id='word_1_601' title='bbox 4210 2705 4315 2749; x_wconf 87' lang='lat' dir='ltr'><strong>re·</strong></span> 
     </span>
     <span class='ocr_line' id='line_1_86' title="bbox 2372 2767 4316 2852; baseline 0.001 -21"><span class='ocrx_word' id='word_1_602' title='bbox 2372 2767 2595 2850; x_wconf 88' lang='lat' dir='ltr'><strong>gulam</strong></span> <span class='ocrx_word' id='word_1_603' title='bbox 2632 2769 2735 2850; x_wconf 92' lang='lat' dir='ltr'><strong>pie</strong></span> <span class='ocrx_word' id='word_1_604' title='bbox 2772 2768 3037 2833; x_wconf 83' lang='lat' dir='ltr'><strong>vivendi</strong></span> <span class='ocrx_word' id='word_1_605' title='bbox 3073 2791 3155 2834; x_wconf 89' lang='lat' dir='ltr'><strong>ex</strong></span> <span class='ocrx_word' id='word_1_606' title='bbox 3192 2790 3306 2834; x_wconf 90' lang='lat' dir='ltr'><strong>ore</strong></span> <span class='ocrx_word' id='word_1_607' title='bbox 3328 2769 3456 2834; x_wconf 87' lang='lat' dir='ltr'><strong>Dei</strong></span> <span class='ocrx_word' id='word_1_608' title='bbox 3488 2770 3835 2852; x_wconf 89' lang='lat' dir='ltr'><strong>petendam</strong></span> <span class='ocrx_word' id='word_1_609' title='bbox 3872 2791 4041 2835; x_wconf 88' lang='lat' dir='ltr'><strong>esse:</strong></span> <span class='ocrx_word' id='word_1_610' title='bbox 4082 2769 4316 2835; x_wconf 88' lang='lat' dir='ltr'><strong>deinde</strong></span> 
     </span>
     <span class='ocr_line' id='line_1_87' title="bbox 2374 2853 4312 2938; baseline 0 -20"><span class='ocrx_word' id='word_1_611' title='bbox 2374 2853 2672 2936; x_wconf 88' lang='lat' dir='ltr'><strong>adiungit</strong></span> <span class='ocrx_word' id='word_1_612' title='bbox 2716 2854 3079 2936; x_wconf 88' lang='lat' dir='ltr'><strong>parendum</strong></span> <span class='ocrx_word' id='word_1_613' title='bbox 3125 2877 3268 2921; x_wconf 90' lang='lat' dir='ltr'><strong>esse</strong></span> <span class='ocrx_word' id='word_1_614' title='bbox 3311 2877 3442 2920; x_wconf 92' lang='lat' dir='ltr'><strong>non</strong></span> <span class='ocrx_word' id='word_1_615' title='bbox 3490 2877 3574 2920; x_wconf 84' lang='lat' dir='ltr'><strong>ex</strong></span> <span class='ocrx_word' id='word_1_616' title='bbox 3618 2864 3837 2938; x_wconf 87' lang='lat' dir='ltr'><strong>parte,</strong></span> <span class='ocrx_word' id='word_1_617' title='bbox 3882 2856 3994 2920; x_wconf 89' lang='lat' dir='ltr'><strong>sed</strong></span> <span class='ocrx_word' id='word_1_618' title='bbox 4042 2855 4110 2919; x_wconf 95' lang='lat' dir='ltr'><strong>in</strong></span> <span class='ocrx_word' id='word_1_619' title='bbox 4157 2855 4312 2921; x_wconf 87' lang='lat' dir='ltr'><strong>soli-</strong></span> 
     </span>
     <span class='ocr_line' id='line_1_88' title="bbox 2375 2938 4317 3024; baseline 0.002 -22"><span class='ocrx_word' id='word_1_620' title='bbox 2375 2938 2551 3004; x_wconf 89' lang='lat' dir='ltr'><strong>dum.</strong></span> <span class='ocrx_word' id='word_1_621' title='bbox 2654 2939 3020 3005; x_wconf 84' lang='lat' dir='ltr'><strong>Confirmat</strong></span> <span class='ocrx_word' id='word_1_622' title='bbox 3077 2941 3274 3006; x_wconf 87' lang='lat' dir='ltr'><strong>etiam</strong></span> <span class='ocrx_word' id='word_1_623' title='bbox 3335 2941 3506 3024; x_wconf 89' lang='lat' dir='ltr'><strong>quod</strong></span> <span class='ocrx_word' id='word_1_624' title='bbox 3573 2940 3654 3005; x_wconf 89' lang='lat' dir='ltr'><strong>de</strong></span> <span class='ocrx_word' id='word_1_625' title='bbox 3721 2941 4089 3007; x_wconf 90' lang='lat' dir='ltr'><strong>obedientia</strong></span> <span class='ocrx_word' id='word_1_626' title='bbox 4153 2939 4317 3018; x_wconf 85' lang='lat' dir='ltr'><strong>dixi,</strong></span> 
     </span>
     <span class='ocr_line' id='line_1_89' title="bbox 2373 3024 4315 3110; baseline 0 -19"><span class='ocrx_word' id='word_1_627' title='bbox 2373 3024 2525 3108; x_wconf 92' lang='lat' dir='ltr'><strong>quia</strong></span> <span class='ocrx_word' id='word_1_628' title='bbox 2591 3045 2722 3090; x_wconf 91' lang='lat' dir='ltr'><strong>non</strong></span> <span class='ocrx_word' id='word_1_629' title='bbox 2787 3026 2977 3092; x_wconf 85' lang='lat' dir='ltr'><strong>aliter</strong></span> <span class='ocrx_word' id='word_1_630' title='bbox 3034 3026 3293 3110; x_wconf 87' lang='lat' dir='ltr'><strong>placent</strong></span> <span class='ocrx_word' id='word_1_631' title='bbox 3354 3027 3652 3092; x_wconf 87' lang='lat' dir='ltr'><strong>homines</strong></span> <span class='ocrx_word' id='word_1_632' title='bbox 3713 3027 3884 3107; x_wconf 84' lang='lat' dir='ltr'><strong>Dee,</strong></span> <span class='ocrx_word' id='word_1_633' title='bbox 3942 3047 4140 3110; x_wconf 91' lang='lat' dir='ltr'><strong>quam</strong></span> <span class='ocrx_word' id='word_1_634' title='bbox 4197 3025 4315 3093; x_wconf 89' lang='lat' dir='ltr'><strong>ubi</strong></span> 
     </span>
     <span class='ocr_line' id='line_1_90' title="bbox 2374 3112 4317 3195; baseline 0.002 -21"><span class='ocrx_word' id='word_1_635' title='bbox 2374 3113 2519 3176; x_wconf 81' lang='lat' dir='ltr'><strong>voci</strong></span> <span class='ocrx_word' id='word_1_636' title='bbox 2565 3113 2705 3175; x_wconf 90' lang='lat' dir='ltr'><strong>eius</strong></span> <span class='ocrx_word' id='word_1_637' title='bbox 2762 3112 3158 3180; x_wconf 88' lang='lat' dir='ltr'><strong>auscultant.</strong></span> <span class='ocrx_word' id='word_1_638' title='bbox 3247 3114 3456 3179; x_wconf 89' lang='lat' dir='ltr'><strong>Porro</strong></span> <span class='ocrx_word' id='word_1_639' title='bbox 3516 3113 3802 3177; x_wconf 85' lang='lat' dir='ltr'><strong>notanda</strong></span> <span class='ocrx_word' id='word_1_640' title='bbox 3853 3122 3954 3177; x_wconf 89' lang='lat' dir='ltr'><strong>est</strong></span> <span class='ocrx_word' id='word_1_641' title='bbox 4002 3112 4317 3195; x_wconf 88' lang='lat' dir='ltr'><strong>loquutio,</strong></span> 
     </span>
     <span class='ocr_line' id='line_1_91' title="bbox 2376 3194 4319 3281; baseline 0.002 -21"><span class='ocrx_word' id='word_1_642' title='bbox 2376 3194 2481 3260; x_wconf 91' lang='lat' dir='ltr'><strong>ubi</strong></span> <span class='ocrx_word' id='word_1_643' title='bbox 2552 3197 2771 3262; x_wconf 87' lang='lat' dir='ltr'><strong>Moses</strong></span> <span class='ocrx_word' id='word_1_644' title='bbox 2833 3197 2959 3262; x_wconf 90' lang='lat' dir='ltr'><strong>sibi</strong></span> <span class='ocrx_word' id='word_1_645' title='bbox 3025 3207 3246 3281; x_wconf 87' lang='lat' dir='ltr'><strong>partes</strong></span> <span class='ocrx_word' id='word_1_646' title='bbox 3303 3198 3589 3264; x_wconf 89' lang='lat' dir='ltr'><strong>ministri</strong></span> <span class='ocrx_word' id='word_1_647' title='bbox 3645 3198 3974 3263; x_wconf 87' lang='lat' dir='ltr'><strong>duntaxat</strong></span> <span class='ocrx_word' id='word_1_648' title='bbox 4028 3219 4319 3278; x_wconf 89' lang='lat' dir='ltr'><strong>sumens,</strong></span> 
     </span>
     <span class='ocr_line' id='line_1_92' title="bbox 2372 3280 4316 3368; baseline 0.002 -22"><span class='ocrx_word' id='word_1_649' title='bbox 2372 3282 2495 3346; x_wconf 90' lang='lat' dir='ltr'><strong>soli</strong></span> <span class='ocrx_word' id='word_1_650' title='bbox 2540 3280 2683 3347; x_wconf 91' lang='lat' dir='ltr'><strong>Deo</strong></span> <span class='ocrx_word' id='word_1_651' title='bbox 2729 3292 3117 3366; x_wconf 89' lang='lat' dir='ltr'><strong>potestatem</strong></span> <span class='ocrx_word' id='word_1_652' title='bbox 3163 3285 3484 3350; x_wconf 87' lang='lat' dir='ltr'><strong>vendicat.</strong></span> <span class='ocrx_word' id='word_1_653' title='bbox 3566 3284 3744 3350; x_wconf 91' lang='lat' dir='ltr'><strong>Dicit</strong></span> <span class='ocrx_word' id='word_1_654' title='bbox 3787 3285 3964 3349; x_wconf 90' lang='lat' dir='ltr'><strong>enim</strong></span> <span class='ocrx_word' id='word_1_655' title='bbox 4009 3306 4079 3350; x_wconf 91' lang='lat' dir='ltr'><strong>se</strong></span> <span class='ocrx_word' id='word_1_656' title='bbox 4121 3304 4316 3368; x_wconf 88' lang='lat' dir='ltr'><strong>prae·</strong></span> 
     </span>
     <span class='ocr_line' id='line_1_93' title="bbox 2371 3367 4325 3454; baseline 0.003 -23"><span class='ocrx_word' id='word_1_657' title='bbox 2371 3367 2603 3450; x_wconf 87' lang='lat' dir='ltr'><strong>cipere,</strong></span> <span class='ocrx_word' id='word_1_658' title='bbox 2640 3369 2753 3434; x_wconf 91' lang='lat' dir='ltr'><strong>sed</strong></span> <span class='ocrx_word' id='word_1_659' title='bbox 2792 3368 3034 3435; x_wconf 88' lang='lat' dir='ltr'><strong>diserte</strong></span> <span class='ocrx_word' id='word_1_660' title='bbox 3070 3370 3312 3453; x_wconf 90' lang='lat' dir='ltr'><strong>excipit</strong></span> <span class='ocrx_word' id='word_1_661' title='bbox 3336 3371 3460 3435; x_wconf 93' lang='lat' dir='ltr'><strong>Dei</strong></span> <span class='ocrx_word' id='word_1_662' title='bbox 3496 3391 3639 3436; x_wconf 85' lang='lat' dir='ltr'><strong>esse</strong></span> <span class='ocrx_word' id='word_1_663' title='bbox 3675 3391 4093 3454; x_wconf 88' lang='lat' dir='ltr'><strong>quaecunque</strong></span> <span class='ocrx_word' id='word_1_664' title='bbox 4128 3370 4325 3436; x_wconf 80' lang='lat' dir='ltr'><strong>affert</strong></span> 
     </span>
     <span class='ocr_line' id='line_1_94' title="bbox 2371 3464 2734 3537; baseline 0.006 -19"><span class='ocrx_word' id='word_1_665' title='bbox 2371 3464 2734 3537; x_wconf 88' lang='lat' dir='ltr'><strong>praecepta.</strong></span> 
     </span>
    </p>
   </div>
   <div class='ocr_carea' id='block_1_7' title="bbox 2974 3795 3714 3862">
    <p class='ocr_par' dir='ltr' id='par_1_10' title="bbox 2974 3795 3714 3862">
     <span class='ocr_line' id='line_1_95' title="bbox 2974 3795 3714 3862; baseline -0.001 -1"><span class='ocrx_word' id='word_1_666' title='bbox 2974 3796 3105 3861; x_wconf 79' lang='lat' dir='ltr'><strong>Ex</strong></span> <span class='ocrx_word' id='word_1_667' title='bbox 3150 3796 3545 3862; x_wconf 74' lang='lat' dir='ltr'><strong>DEUTER.</strong></span> <span class='ocrx_word' id='word_1_668' title='bbox 3593 3795 3714 3860; x_wconf 91' lang='lat' dir='ltr'><strong>IV.</strong></span> 
     </span>
    </p>
   </div>
   <div class='ocr_carea' id='block_1_8' title="bbox 2359 3965 4321 5492">
    <p class='ocr_par' dir='ltr' id='par_1_11' title="bbox 2359 3965 4321 5419">
     <span class='ocr_line' id='line_1_96' title="bbox 2540 3965 4309 4048; baseline -0.001 -15"><span class='ocrx_word' id='word_1_669' title='bbox 2540 3966 2601 4033; x_wconf 78' lang='lat'><strong>5.</strong></span> <span class='ocrx_word' id='word_1_670' title='bbox 2661 3967 2888 4045; x_wconf 80' lang='lat' dir='ltr'><strong>Videte,</strong></span> <span class='ocrx_word' id='word_1_671' title='bbox 2922 3969 3106 4035; x_wconf 76' lang='lat' dir='ltr'><strong>docui</strong></span> <span class='ocrx_word' id='word_1_672' title='bbox 3137 3987 3248 4033; x_wconf 82' lang='lat' dir='ltr'><strong>vos</strong></span> <span class='ocrx_word' id='word_1_673' title='bbox 3279 3971 3511 4032; x_wconf 72' lang='lat' dir='ltr'><strong>statuta</strong></span> <span class='ocrx_word' id='word_1_674' title='bbox 3544 3971 3601 4030; x_wconf 83' lang='lat' dir='ltr'><strong>et</strong></span> <span class='ocrx_word' id='word_1_675' title='bbox 3632 3965 3888 4045; x_wconf 78' lang='lat' dir='ltr'><strong>iudicia,</strong></span> <span class='ocrx_word' id='word_1_676' title='bbox 3921 3966 4082 4031; x_wconf 67' lang='lat' dir='ltr'><strong>siout</strong></span> <span class='ocrx_word' id='word_1_677' title='bbox 4113 3984 4309 4048; x_wconf 78' lang='lat' dir='ltr'><strong>prae-</strong></span> 
     </span>
     <span class='ocr_line' id='line_1_97' title="bbox 2367 4050 4311 4135; baseline -0.001 -16"><span class='ocrx_word' id='word_1_678' title='bbox 2367 4054 2524 4135; x_wconf 74' lang='lat' dir='ltr'><strong>cepit</strong></span> <span class='ocrx_word' id='word_1_679' title='bbox 2564 4054 2723 4118; x_wconf 73' lang='lat' dir='ltr'><strong>mihi</strong></span> <span class='ocrx_word' id='word_1_680' title='bbox 2746 4054 2977 4120; x_wconf 76' lang='lat' dir='ltr'><strong>Iehova</strong></span> <span class='ocrx_word' id='word_1_681' title='bbox 3010 4054 3191 4119; x_wconf 81' lang='lat' dir='ltr'><strong>Deus</strong></span> <span class='ocrx_word' id='word_1_682' title='bbox 3227 4073 3419 4129; x_wconf 76' lang='lat' dir='ltr'><strong>meus,</strong></span> <span class='ocrx_word' id='word_1_683' title='bbox 3463 4057 3533 4116; x_wconf 79' lang='lat' dir='ltr'><strong>ut</strong></span> <span class='ocrx_word' id='word_1_684' title='bbox 3572 4052 3664 4119; x_wconf 76' lang='lat' dir='ltr'><strong>sie</strong></span> <span class='ocrx_word' id='word_1_685' title='bbox 3703 4050 3963 4134; x_wconf 72' lang='lat' dir='ltr'><strong>faciatis</strong></span> <span class='ocrx_word' id='word_1_686' title='bbox 3993 4053 4066 4117; x_wconf 80' lang='lat' dir='ltr'><strong>in</strong></span> <span class='ocrx_word' id='word_1_687' title='bbox 4106 4052 4311 4118; x_wconf 59' lang='lat' dir='ltr'><strong>„tedio</strong></span> 
     </span>
     <span class='ocr_line' id='line_1_98' title="bbox 2365 4137 4309 4223; baseline 0 -20"><span class='ocrx_word' id='word_1_688' title='bbox 2365 4143 2569 4204; x_wconf 79' lang='lat' dir='ltr'><strong>terrae</strong></span> <span class='ocrx_word' id='word_1_689' title='bbox 2585 4191 2599 4219; x_wconf 89' lang='lat'><strong>,</strong></span> <span class='ocrx_word' id='word_1_690' title='bbox 2659 4141 2745 4205; x_wconf 80' lang='lat' dir='ltr'><strong>ad</strong></span> <span class='ocrx_word' id='word_1_691' title='bbox 2796 4161 2986 4223; x_wconf 87' lang='lat' dir='ltr'><strong>quam</strong></span> <span class='ocrx_word' id='word_1_692' title='bbox 3027 4160 3136 4205; x_wconf 74' lang='lat' dir='ltr'><strong>vos</strong></span> <span class='ocrx_word' id='word_1_693' title='bbox 3177 4138 3584 4223; x_wconf 75' lang='lat' dir='ltr'><strong>inqredimini</strong></span> <span class='ocrx_word' id='word_1_694' title='bbox 3625 4142 3697 4202; x_wconf 79' lang='lat' dir='ltr'><strong>ut</strong></span> <span class='ocrx_word' id='word_1_695' title='bbox 3729 4137 4108 4220; x_wconf 72' lang='lat' dir='ltr'><strong>possideatis</strong></span> <span class='ocrx_word' id='word_1_696' title='bbox 4150 4156 4309 4203; x_wconf 83' lang='lat' dir='ltr'><strong>eam.</strong></span> 
     </span>
     <span class='ocr_line' id='line_1_99' title="bbox 2368 4222 4309 4308; baseline -0.001 -18"><span class='ocrx_word' id='word_1_697' title='bbox 2368 4225 2427 4290; x_wconf 88' lang='lat'><strong>6.</strong></span> <span class='ocrx_word' id='word_1_698' title='bbox 2478 4225 2847 4292; x_wconf 58' lang='lat' dir='ltr'><strong>castodiens</strong></span> <span class='ocrx_word' id='word_1_699' title='bbox 2879 4227 3105 4308; x_wconf 76' lang='lat' dir='ltr'><strong>itaque,</strong></span> <span class='ocrx_word' id='word_1_700' title='bbox 3141 4231 3199 4290; x_wconf 77' lang='lat' dir='ltr'><strong>et</strong></span> <span class='ocrx_word' id='word_1_701' title='bbox 3226 4225 3509 4307; x_wconf 80' lang='lat' dir='ltr'><strong>facietis:</strong></span> <span class='ocrx_word' id='word_1_702' title='bbox 3543 4224 3697 4306; x_wconf 81' lang='lat' dir='ltr'><strong>quia</strong></span> <span class='ocrx_word' id='word_1_703' title='bbox 3719 4222 3868 4287; x_wconf 74' lang='lat' dir='ltr'><strong>haec</strong></span> <span class='ocrx_word' id='word_1_704' title='bbox 3887 4228 3976 4287; x_wconf 80' lang='lat' dir='ltr'><strong>est</strong></span> <span class='ocrx_word' id='word_1_705' title='bbox 3995 4223 4309 4303; x_wconf 74' lang='lat' dir='ltr'><strong>sapientia</strong></span> 
     </span>
     <span class='ocr_line' id='line_1_100' title="bbox 2365 4308 4309 4394; baseline -0.001 -19"><span class='ocrx_word' id='word_1_706' title='bbox 2365 4317 2572 4376; x_wconf 81' lang='lat' dir='ltr'><strong>vestra</strong></span> <span class='ocrx_word' id='word_1_707' title='bbox 2615 4317 2671 4376; x_wconf 69' lang='lat' dir='ltr'><strong>et</strong></span> <span class='ocrx_word' id='word_1_708' title='bbox 2712 4311 3118 4394; x_wconf 72' lang='lat' dir='ltr'><strong>intelliyentia</strong></span> <span class='ocrx_word' id='word_1_709' title='bbox 3158 4316 3364 4376; x_wconf 77' lang='lat' dir='ltr'><strong>vestra</strong></span> <span class='ocrx_word' id='word_1_710' title='bbox 3404 4328 3615 4375; x_wconf 82' lang='lat' dir='ltr'><strong>coram</strong></span> <span class='ocrx_word' id='word_1_711' title='bbox 3661 4308 3948 4390; x_wconf 75' lang='lat' dir='ltr'><strong>populis.-</strong></span> <span class='ocrx_word' id='word_1_712' title='bbox 4003 4311 4116 4390; x_wconf 80' lang='lat' dir='ltr'><strong>qui</strong></span> <span class='ocrx_word' id='word_1_713' title='bbox 4156 4309 4309 4374; x_wconf 81' lang='lat' dir='ltr'><strong>dum</strong></span> 
     </span>
     <span class='ocr_line' id='line_1_101' title="bbox 2366 4393 4308 4476; baseline -0.001 -15"><span class='ocrx_word' id='word_1_714' title='bbox 2366 4398 2688 4462; x_wconf 77' lang='lat' dir='ltr'><strong>audierint</strong></span> <span class='ocrx_word' id='word_1_715' title='bbox 2740 4399 2950 4463; x_wconf 76' lang='lat' dir='ltr'><strong>omnia</strong></span> <span class='ocrx_word' id='word_1_716' title='bbox 3006 4402 3243 4463; x_wconf 72' lang='lat' dir='ltr'><strong>statuta</strong></span> <span class='ocrx_word' id='word_1_717' title='bbox 3296 4396 3472 4475; x_wconf 78' lang='lat' dir='ltr'><strong>haec,</strong></span> <span class='ocrx_word' id='word_1_718' title='bbox 3529 4396 3758 4461; x_wconf 76' lang='lat' dir='ltr'><strong>dicent.-</strong></span> <span class='ocrx_word' id='word_1_719' title='bbox 3816 4393 3988 4459; x_wconf 80' lang='lat' dir='ltr'><strong>Certe</strong></span> <span class='ocrx_word' id='word_1_720' title='bbox 4031 4395 4308 4476; x_wconf 69' lang='lat' dir='ltr'><strong>populus</strong></span> 
     </span>
     <span class='ocr_line' id='line_1_102' title="bbox 2364 4480 4311 4566; baseline -0.001 -19"><span class='ocrx_word' id='word_1_721' title='bbox 2364 4482 2466 4548; x_wconf 73' lang='lat' dir='ltr'><strong>hie</strong></span> <span class='ocrx_word' id='word_1_722' title='bbox 2493 4484 2749 4565; x_wconf 76' lang='lat' dir='ltr'><strong>sapiens</strong></span> <span class='ocrx_word' id='word_1_723' title='bbox 2769 4489 2825 4548; x_wconf 68' lang='lat' dir='ltr'><strong>et</strong></span> <span class='ocrx_word' id='word_1_724' title='bbox 2856 4484 3206 4566; x_wconf 41' lang='lat' dir='ltr'><strong>intelli-qens</strong></span> <span class='ocrx_word' id='word_1_725' title='bbox 3239 4487 3325 4547; x_wconf 76' lang='lat' dir='ltr'><strong>est</strong></span> <span class='ocrx_word' id='word_1_726' title='bbox 3357 4501 3509 4565; x_wconf 77' lang='lat' dir='ltr'><strong>qens</strong></span> <span class='ocrx_word' id='word_1_727' title='bbox 3539 4480 3687 4546; x_wconf 76' lang='lat' dir='ltr'><strong>haec</strong></span> <span class='ocrx_word' id='word_1_728' title='bbox 3719 4500 3966 4563; x_wconf 77' lang='lat' dir='ltr'><strong>maqna.</strong></span> <span class='ocrx_word' id='word_1_729' title='bbox 4035 4481 4092 4546; x_wconf 83' lang='lat'><strong>7.</strong></span> <span class='ocrx_word' id='word_1_730' title='bbox 4136 4481 4311 4562; x_wconf 75' lang='lat' dir='ltr'><strong>Quae</strong></span> 
     </span>
     <span class='ocr_line' id='line_1_103' title="bbox 2364 4567 4306 4652; baseline -0.001 -19"><span class='ocrx_word' id='word_1_731' title='bbox 2364 4570 2531 4633; x_wconf 82' lang='lat' dir='ltr'><strong>enim</strong></span> <span class='ocrx_word' id='word_1_732' title='bbox 2567 4590 2721 4651; x_wconf 75' lang='lat' dir='ltr'><strong>qens</strong></span> <span class='ocrx_word' id='word_1_733' title='bbox 2762 4575 2893 4634; x_wconf 85' lang='lat' dir='ltr'><strong>tam</strong></span> <span class='ocrx_word' id='word_1_734' title='bbox 2934 4590 3164 4652; x_wconf 76' lang='lat' dir='ltr'><strong>mayna</strong></span> <span class='ocrx_word' id='word_1_735' title='bbox 3205 4573 3296 4633; x_wconf 74' lang='lat' dir='ltr'><strong>est</strong></span> <span class='ocrx_word' id='word_1_736' title='bbox 3335 4569 3441 4632; x_wconf 81' lang='lat' dir='ltr'><strong>oui</strong></span> <span class='ocrx_word' id='word_1_737' title='bbox 3497 4567 3590 4632; x_wconf 74' lang='lat' dir='ltr'><strong>sic</strong></span> <span class='ocrx_word' id='word_1_738' title='bbox 3646 4567 4145 4647; x_wconf 77' lang='lat' dir='ltr'><strong>appropinquent</strong></span> <span class='ocrx_word' id='word_1_739' title='bbox 4185 4567 4306 4644; x_wconf 77' lang='lat' dir='ltr'><strong>dii,</strong></span> 
     </span>
     <span class='ocr_line' id='line_1_104' title="bbox 2361 4652 4310 4735; baseline -0.001 -16"><span class='ocrx_word' id='word_1_740' title='bbox 2361 4655 2526 4720; x_wconf 78' lang='lat' dir='ltr'><strong>sicut</strong></span> <span class='ocrx_word' id='word_1_741' title='bbox 2568 4655 2798 4721; x_wconf 78' lang='lat' dir='ltr'><strong>Iehova</strong></span> <span class='ocrx_word' id='word_1_742' title='bbox 2840 4655 3020 4720; x_wconf 80' lang='lat' dir='ltr'><strong>Deus</strong></span> <span class='ocrx_word' id='word_1_743' title='bbox 3061 4659 3267 4721; x_wconf 73' lang='lat' dir='ltr'><strong>noster</strong></span> <span class='ocrx_word' id='word_1_744' title='bbox 3307 4654 3378 4718; x_wconf 77' lang='lat' dir='ltr'><strong>in</strong></span> <span class='ocrx_word' id='word_1_745' title='bbox 3432 4652 3894 4735; x_wconf 75' lang='lat' dir='ltr'><strong>quibuscunque</strong></span> <span class='ocrx_word' id='word_1_746' title='bbox 3946 4654 4310 4718; x_wconf 71' lang='lat' dir='ltr'><strong>invocamus</strong></span> 
     </span>
     <span class='ocr_line' id='line_1_105' title="bbox 2363 4737 4305 4823; baseline -0.002 -17"><span class='ocrx_word' id='word_1_747' title='bbox 2363 4741 2556 4806; x_wconf 76' lang='lat' dir='ltr'><strong>eum?</strong></span> <span class='ocrx_word' id='word_1_748' title='bbox 2644 4741 2704 4806; x_wconf 85' lang='lat'><strong>8.</strong></span> <span class='ocrx_word' id='word_1_749' title='bbox 2752 4741 2841 4806; x_wconf 74' lang='lat' dir='ltr'><strong>Et</strong></span> <span class='ocrx_word' id='word_1_750' title='bbox 2882 4761 3042 4823; x_wconf 82' lang='lat' dir='ltr'><strong>quae</strong></span> <span class='ocrx_word' id='word_1_751' title='bbox 3077 4760 3232 4823; x_wconf 78' lang='lat' dir='ltr'><strong>qens</strong></span> <span class='ocrx_word' id='word_1_752' title='bbox 3272 4744 3361 4805; x_wconf 80' lang='lat' dir='ltr'><strong>est</strong></span> <span class='ocrx_word' id='word_1_753' title='bbox 3401 4743 3530 4804; x_wconf 77' lang='lat' dir='ltr'><strong>tam</strong></span> <span class='ocrx_word' id='word_1_754' title='bbox 3571 4759 3803 4822; x_wconf 76' lang='lat' dir='ltr'><strong>maqua</strong></span> <span class='ocrx_word' id='word_1_755' title='bbox 3854 4737 3957 4802; x_wconf 78' lang='lat' dir='ltr'><strong>oui</strong></span> <span class='ocrx_word' id='word_1_756' title='bbox 4006 4738 4135 4803; x_wconf 76' lang='lat' dir='ltr'><strong>sint</strong></span> <span class='ocrx_word' id='word_1_757' title='bbox 4176 4743 4305 4803; x_wconf 77' lang='lat' dir='ltr'><strong>sta-</strong></span> 
     </span>
     <span class='ocr_line' id='line_1_106' title="bbox 2363 4822 4303 4901; baseline -0.002 -10"><span class='ocrx_word' id='word_1_758' title='bbox 2363 4832 2496 4891; x_wconf 77' lang='lat' dir='ltr'><strong>tuta</strong></span> <span class='ocrx_word' id='word_1_759' title='bbox 2567 4831 2622 4891; x_wconf 77' lang='lat' dir='ltr'><strong>et</strong></span> <span class='ocrx_word' id='word_1_760' title='bbox 2679 4827 2921 4892; x_wconf 79' lang='lat' dir='ltr'><strong>iudicia</strong></span> <span class='ocrx_word' id='word_1_761' title='bbox 2987 4827 3185 4901; x_wconf 79' lang='lat' dir='ltr'><strong>iusta,</strong></span> <span class='ocrx_word' id='word_1_762' title='bbox 3252 4827 3416 4891; x_wconf 76' lang='lat' dir='ltr'><strong>siout</strong></span> <span class='ocrx_word' id='word_1_763' title='bbox 3465 4830 3554 4891; x_wconf 75' lang='lat' dir='ltr'><strong>est</strong></span> <span class='ocrx_word' id='word_1_764' title='bbox 3615 4825 3911 4889; x_wconf 81' lang='lat' dir='ltr'><strong>universa</strong></span> <span class='ocrx_word' id='word_1_765' title='bbox 3978 4822 4126 4888; x_wconf 75' lang='lat' dir='ltr'><strong>haee</strong></span> <span class='ocrx_word' id='word_1_766' title='bbox 4182 4822 4303 4901; x_wconf 68' lang='lat' dir='ltr'><strong>lex,</strong></span> 
     </span>
     <span class='ocr_line' id='line_1_107' title="bbox 2363 4907 4302 4996; baseline -0.003 -18"><span class='ocrx_word' id='word_1_767' title='bbox 2363 4933 2555 4995; x_wconf 87' lang='lat' dir='ltr'><strong>quam</strong></span> <span class='ocrx_word' id='word_1_768' title='bbox 2593 4933 2698 4996; x_wconf 74' lang='lat' dir='ltr'><strong>eqo</strong></span> <span class='ocrx_word' id='word_1_769' title='bbox 2727 4933 3011 4994; x_wconf 76' lang='lat' dir='ltr'><strong>propono</strong></span> <span class='ocrx_word' id='word_1_770' title='bbox 3052 4911 3232 4977; x_wconf 77' lang='lat' dir='ltr'><strong>hodie</strong></span> <span class='ocrx_word' id='word_1_771' title='bbox 3262 4930 3472 4977; x_wconf 83' lang='lat' dir='ltr'><strong>eoram</strong></span> <span class='ocrx_word' id='word_1_772' title='bbox 3509 4912 3709 4976; x_wconf 81' lang='lat' dir='ltr'><strong>oeulis</strong></span> <span class='ocrx_word' id='word_1_773' title='bbox 3738 4908 4012 4974; x_wconf 75' lang='lat' dir='ltr'><strong>vestris?</strong></span> <span class='ocrx_word' id='word_1_774' title='bbox 4074 4909 4132 4974; x_wconf 89' lang='lat'><strong>9.</strong></span> <span class='ocrx_word' id='word_1_775' title='bbox 4186 4907 4302 4973; x_wconf 85' lang='lat' dir='ltr'><strong>Ve-</strong></span> 
     </span>
     <span class='ocr_line' id='line_1_108' title="bbox 2361 4993 4303 5074; baseline -0.003 -11"><span class='ocrx_word' id='word_1_776' title='bbox 2361 5003 2714 5064; x_wconf 79' lang='lat' dir='ltr'><strong>rumtamen</strong></span> <span class='ocrx_word' id='word_1_777' title='bbox 2757 5018 2902 5064; x_wconf 83' lang='lat' dir='ltr'><strong>cave</strong></span> <span class='ocrx_word' id='word_1_778' title='bbox 2944 4998 3073 5074; x_wconf 75' lang='lat' dir='ltr'><strong>tibi,</strong></span> <span class='ocrx_word' id='word_1_779' title='bbox 3120 5003 3178 5062; x_wconf 78' lang='lat' dir='ltr'><strong>et</strong></span> <span class='ocrx_word' id='word_1_780' title='bbox 3218 4998 3457 5063; x_wconf 67' lang='lat' dir='ltr'><strong>caeoetodi</strong></span> <span class='ocrx_word' id='word_1_781' title='bbox 3499 4999 3781 5061; x_wconf 77' lang='lat' dir='ltr'><strong>animam</strong></span> <span class='ocrx_word' id='word_1_782' title='bbox 3820 4999 3996 5058; x_wconf 78' lang='lat' dir='ltr'><strong>tuam</strong></span> <span class='ocrx_word' id='word_1_783' title='bbox 4029 4993 4303 5071; x_wconf 72' lang='lat' dir='ltr'><strong>sollicite,</strong></span> 
     </span>
     <span class='ocr_line' id='line_1_109' title="bbox 2361 5079 4305 5166; baseline -0.004 -17"><span class='ocrx_word' id='word_1_784' title='bbox 2361 5105 2440 5149; x_wconf 78' lang='lat' dir='ltr'><strong>ne</strong></span> <span class='ocrx_word' id='word_1_785' title='bbox 2493 5084 2884 5150; x_wconf 67' lang='lat' dir='ltr'><strong>obliviscaris</strong></span> <span class='ocrx_word' id='word_1_786' title='bbox 2938 5104 3153 5149; x_wconf 81' lang='lat' dir='ltr'><strong>rerum</strong></span> <span class='ocrx_word' id='word_1_787' title='bbox 3209 5103 3374 5166; x_wconf 81' lang='lat' dir='ltr'><strong>quas</strong></span> <span class='ocrx_word' id='word_1_788' title='bbox 3429 5082 3713 5147; x_wconf 74' lang='lat' dir='ltr'><strong>viderunt</strong></span> <span class='ocrx_word' id='word_1_789' title='bbox 3763 5079 3927 5145; x_wconf 78' lang='lat' dir='ltr'><strong>oculi</strong></span> <span class='ocrx_word' id='word_1_790' title='bbox 3975 5081 4098 5158; x_wconf 75' lang='lat' dir='ltr'><strong>tui,</strong></span> <span class='ocrx_word' id='word_1_791' title='bbox 4155 5099 4305 5143; x_wconf 75' lang='lat' dir='ltr'><strong>neve</strong></span> 
     </span>
     <span class='ocr_line' id='line_1_110' title="bbox 2361 5165 4303 5243; baseline -0.003 -8"><span class='ocrx_word' id='word_1_792' title='bbox 2361 5170 2647 5235; x_wconf 73' lang='lat' dir='ltr'><strong>recedant</strong></span> <span class='ocrx_word' id='word_1_793' title='bbox 2679 5191 2712 5235; x_wconf 89' lang='lat' dir='ltr'><strong>e</strong></span> <span class='ocrx_word' id='word_1_794' title='bbox 2748 5170 2929 5235; x_wconf 80' lang='lat' dir='ltr'><strong>eorde</strong></span> <span class='ocrx_word' id='word_1_795' title='bbox 2962 5175 3066 5235; x_wconf 78' lang='lat' dir='ltr'><strong>tuo</strong></span> <span class='ocrx_word' id='word_1_796' title='bbox 3100 5171 3337 5236; x_wconf 74' lang='lat' dir='ltr'><strong>eunctis</strong></span> <span class='ocrx_word' id='word_1_797' title='bbox 3369 5167 3585 5235; x_wconf 76' lang='lat' dir='ltr'><strong>diebus</strong></span> <span class='ocrx_word' id='word_1_798' title='bbox 3615 5169 3782 5232; x_wconf 81' lang='lat' dir='ltr'><strong>vitae</strong></span> <span class='ocrx_word' id='word_1_799' title='bbox 3812 5172 3971 5243; x_wconf 77' lang='lat' dir='ltr'><strong>tuae,</strong></span> <span class='ocrx_word' id='word_1_800' title='bbox 4006 5170 4063 5230; x_wconf 74' lang='lat' dir='ltr'><strong>et</strong></span> <span class='ocrx_word' id='word_1_801' title='bbox 4082 5165 4303 5230; x_wconf 75' lang='lat' dir='ltr'><strong>doceas</strong></span> 
     </span>
     <span class='ocr_line' id='line_1_111' title="bbox 2361 5249 4310 5338; baseline -0.003 -16"><span class='ocrx_word' id='word_1_802' title='bbox 2361 5277 2434 5322; x_wconf 86' lang='lat' dir='ltr'><strong>ea</strong></span> <span class='ocrx_word' id='word_1_803' title='bbox 2472 5256 2641 5337; x_wconf 76' lang='lat' dir='ltr'><strong>filios</strong></span> <span class='ocrx_word' id='word_1_804' title='bbox 2678 5261 2817 5322; x_wconf 77' lang='lat' dir='ltr'><strong>tuos</strong></span> <span class='ocrx_word' id='word_1_805' title='bbox 2858 5261 2913 5321; x_wconf 78' lang='lat' dir='ltr'><strong>et</strong></span> <span class='ocrx_word' id='word_1_806' title='bbox 2950 5256 3117 5338; x_wconf 78' lang='lat' dir='ltr'><strong>filios</strong></span> <span class='ocrx_word' id='word_1_807' title='bbox 3156 5255 3435 5335; x_wconf 68' lang='lat' dir='ltr'><strong>filiorum</strong></span> <span class='ocrx_word' id='word_1_808' title='bbox 3484 5260 3750 5320; x_wconf 79' lang='lat' dir='ltr'><strong>tuorum.</strong></span> <span class='ocrx_word' id='word_1_809' title='bbox 3843 5251 3941 5316; x_wconf 89' lang='lat'><strong>10.</strong></span> <span class='ocrx_word' id='word_1_810' title='bbox 4000 5249 4129 5315; x_wconf 77' lang='lat' dir='ltr'><strong>Die</strong></span> <span class='ocrx_word' id='word_1_811' title='bbox 4181 5269 4310 5331; x_wconf 86' lang='lat' dir='ltr'><strong>quo</strong></span> 
     </span>
     <span class='ocr_line' id='line_1_112' title="bbox 2359 5336 4321 5419; baseline -0.003 -11"><span class='ocrx_word' id='word_1_812' title='bbox 2359 5343 2585 5408; x_wconf 64' lang='lat' dir='ltr'><strong>stetisti</strong></span> <span class='ocrx_word' id='word_1_813' title='bbox 2620 5362 2830 5409; x_wconf 81' lang='lat' dir='ltr'><strong>eoram</strong></span> <span class='ocrx_word' id='word_1_814' title='bbox 2873 5342 3105 5408; x_wconf 74' lang='lat' dir='ltr'><strong>Iehova</strong></span> <span class='ocrx_word' id='word_1_815' title='bbox 3145 5343 3282 5408; x_wconf 90' lang='lat' dir='ltr'><strong>Deo</strong></span> <span class='ocrx_word' id='word_1_816' title='bbox 3324 5347 3426 5407; x_wconf 78' lang='lat' dir='ltr'><strong>tuo</strong></span> <span class='ocrx_word' id='word_1_817' title='bbox 3470 5342 3540 5406; x_wconf 79' lang='lat' dir='ltr'><strong>in</strong></span> <span class='ocrx_word' id='word_1_818' title='bbox 3578 5339 3800 5415; x_wconf 80' lang='lat' dir='ltr'><strong>Horeb,</strong></span> <span class='ocrx_word' id='word_1_819' title='bbox 3846 5356 4036 5419; x_wconf 80' lang='lat' dir='ltr'><strong>quum</strong></span> <span class='ocrx_word' id='word_1_820' title='bbox 4075 5336 4321 5403; x_wconf 72' lang='lat' dir='ltr'><strong>diceret</strong></span> 
     </span>
    </p>

    <p class='ocr_par' dir='ltr' id='par_1_12' title="bbox 3784 5437 3885 5492">
     <span class='ocr_line' id='line_1_113' title="bbox 3784 5437 3885 5492; baseline -0.01 0"><span class='ocrx_word' id='word_1_821' title='bbox 3784 5437 3885 5492; x_wconf 75' lang='lat'><strong>14*</strong></span> 
     </span>
    </p>
   </div>
  </div>
 </body>
</html>
