4867 6150
563 426 697 492 443

568 614 846 696 obiiciat,
890 621 1146 680 rectum
1190 633 1324 679 non
1367 613 1568 678 fuisse
1612 620 1688 678 ut
1730 611 2102 696 quicunque
2144 634 2228 678 ex
2250 612 2516 678 Levitis

567 700 990 787 primogeniti
1034 708 1253 765 essent
1294 709 1641 765 manerent
1686 700 1830 765 Deo
1889 701 2090 766 sacri:
2149 699 2516 782 respondeo

567 788 736 855 nihil
782 788 904 852 hac
947 788 1017 850 in
1063 793 1246 869 parte
1288 785 1491 850 fuisse
1535 783 1805 851 fraudis.
1895 784 2067 850 Nam
2113 806 2196 850 ex
2232 806 2520 868 quacun-

568 896 695 960 que
755 873 934 938 tribu
991 879 1212 937 essent
1267 871 1721 955 primogeniti,
1780 872 1913 936 iam
1959 873 2102 937 Deo
2161 871 2518 954 mancipati

570 967 762 1027 erant
804 979 957 1024 cum
1001 965 1139 1022 tota
1190 977 1311 1023 sua
1368 956 1607 1023 sobole.
1697 957 1846 1022 Non
1905 958 2029 1022 fuit
2086 958 2290 1041 igitur
2348 957 2519 1022 facta

573 1047 854 1115 deterior
912 1043 1139 1127 populi
1194 1042 1483 1109 conditio
1537 1043 1610 1107 in
1666 1045 2154 1127 permutatione
2211 1044 2519 1126 capitum,

569 1135 846 1216 ideoque
888 1130 1138 1214 optima
1180 1129 1512 1211 aequitate
1553 1129 1627 1193 in
1672 1136 2006 1213 posterum
2054 1130 2288 1195 statuit
2332 1130 2519 1194 Deus

569 1219 853 1306 pretium
885 1238 1014 1299 quo
1043 1235 1196 1281 suos
1232 1216 1703 1299 primogenitos
1740 1215 2137 1281 redimerent
2157 1214 2517 1280 Israelitae.

573 1304 770 1389 Quod
819 1313 1037 1367 autem
1100 1301 1288 1367 datos
1332 1301 1456 1367 sibi
1496 1301 1929 1383 pronunciat,
1985 1299 2256 1384 perinde
2301 1309 2401 1366 est
2445 1320 2520 1365 ac

571 1395 629 1461 si
673 1412 782 1457 eos
825 1388 951 1454 sibi
995 1409 1078 1453 ex
1123 1397 1460 1471 compacto
1497 1399 1834 1452 assereret.
1905 1387 2054 1453 Hoc
2095 1407 2290 1453 sensu
2329 1385 2516 1452 dicit:

571 1481 636 1546 A
680 1476 786 1542 die
830 1496 955 1558 quo
998 1474 1321 1557 percussit
1364 1472 1803 1557 primogenita
1828 1473 2141 1559 Aegypti,
2185 1495 2254 1539 se
2300 1472 2520 1556 acqui-

568 1566 753 1633 siisse
813 1558 1249 1645 primogenita
1290 1558 1579 1624 Israelis.
1667 1559 1927 1624 Deinde
1971 1558 2186 1639 addit,
2242 1579 2314 1625 se
2357 1566 2520 1623 tunc

567 1650 846 1718 Levitae
881 1645 1270 1728 sumpsisse:
1307 1664 1546 1728 nempe
1579 1654 1655 1710 ut
1691 1645 1760 1709 in
1797 1647 2219 1727 praeteritum
2257 1654 2520 1727 tempus

571 1737 902 1803 duntaxat
945 1731 1342 1814 transigeret
1385 1752 1537 1796 cum
1582 1730 1838 1815 populo.

746 1820 848 1886 19.
907 1817 998 1884 Et
1038 1817 1185 1883 dedi
1230 1816 1500 1882 Levitae.
1599 1817 1914 1884 Declarat
1971 1837 2100 1901 qua
2148 1814 2519 1882 conditione

568 1910 746 1993 ipsos
783 1926 922 1972 esse
957 1925 1108 1971 suos
1147 1904 1331 1967 velit:
1382 1924 1617 1986 nempe
1655 1913 1727 1968 ut
1766 1911 2083 1987 regantur
2118 1903 2200 1969 ab
2226 1902 2515 1980 Aharon,

570 1996 840 2078 eiusque
895 1989 1260 2075 praeceptis
1325 1989 1646 2054 obediant.
1736 1989 1963 2071 Neque
2023 1989 2200 2055 enim
2255 1986 2519 2054 donatio

570 2074 1003 2163 intelligenda
1047 2083 1180 2156 est,
1241 2096 1369 2157 qua
1411 2074 1517 2139 ius
1560 2095 1754 2139 suum
1796 2074 2121 2158 quispiam
2179 2074 2370 2139 alteri
2412 2095 2519 2138 re-

571 2168 791 2251 signat
832 2174 899 2229 et
942 2162 1145 2229 cedit:
1191 2161 1305 2226 sed
1351 2181 1552 2243 quum
1598 2181 1709 2226 eos
1753 2160 2013 2227 addicat
2055 2162 2242 2227 Deus
2285 2160 2519 2227 minis-

571 2254 736 2320 terio
780 2248 1169 2324 sanctuarii,
1215 2246 1363 2312 vult
1403 2246 1550 2312 illos
1597 2247 1836 2311 habere
1893 2244 2126 2311 ducem
2171 2254 2238 2312 et
2276 2247 2518 2329 magis-

571 2347 767 2406 trum.
856 2336 940 2400 In
983 2336 1118 2400 fine
1161 2353 1394 2400 versus
1439 2331 1562 2398 hoc
1607 2334 1749 2398 fieri
1794 2334 1865 2396 in
1926 2332 2170 2398 bonum
2229 2339 2296 2397 et
2337 2332 2519 2397 utili-

571 2433 776 2491 tatem
832 2422 1033 2486 totius
1089 2417 1313 2503 populi
1381 2417 1566 2485 docet
1624 2418 1862 2484 Moses.
1965 2417 2159 2485 Unde
2225 2419 2521 2500 sequitur

571 2531 704 2577 non
781 2528 921 2573 esse
984 2505 1273 2571 invidiae
1347 2505 1565 2569 locum
1583 2555 1597 2582 ,
1666 2504 1793 2569 nisi
1865 2504 2034 2569 forte
2093 2526 2288 2589 aegre
2354 2503 2523 2570 ferat

569 2594 871 2680 populus,
917 2592 1113 2658 saluti
1159 2612 1314 2657 suae
1359 2588 1681 2655 divinitus
1724 2599 2140 2674 prospectum
2187 2611 2346 2656 esse.
2418 2594 2520 2656 Ac

572 2681 817 2766 duplex
861 2676 1230 2744 ostenditur
1283 2675 1567 2750 utilitas,
1624 2676 1836 2758 prior,
1893 2674 2066 2758 quod
2122 2677 2329 2741 futuri
2384 2676 2523 2741 sint

571 2770 1071 2844 intercessores,
1152 2762 1259 2827 vel
1337 2761 1787 2844 expiationum
1870 2763 2148 2829 ministri
2215 2760 2520 2848 (uterque

575 2855 750 2920 enim
796 2871 1030 2916 sensus
1074 2849 1238 2914 bene
1273 2846 1606 2934 convenit)
1642 2845 1946 2924 secunda,
1991 2847 2164 2930 quod
2201 2848 2356 2913 dum
2392 2848 2520 2932 ipsi

571 2945 771 3006 erunt
811 2935 1173 3003 sanctuarii
1210 2931 1514 3001 custodes
1534 2984 1549 3011 ,
1610 2932 1975 3016 impedient
2018 2955 2100 2999 ne
2142 2934 2261 2999 filii
2307 2934 2517 3000 Israel

572 3024 919 3094 temerario
962 3041 1229 3088 accessu
1272 3017 1525 3088 cladem
1569 3020 1695 3086 sibi
1740 3027 2093 3086 accersant.

745 3111 849 3178 24.
898 3109 1033 3175 Hoc
1074 3112 1161 3174 est
1204 3106 1368 3190 quod
1411 3107 1496 3171 ad
1532 3106 1806 3173 Levitae.
1894 3107 2026 3171 Hic
2069 3113 2246 3172 aetas
2281 3106 2519 3189 praefi-

571 3200 752 3285 gitur
816 3217 946 3280 qua
1008 3192 1328 3277 incipiant
1395 3193 1674 3258 Levitae
1754 3201 1821 3257 et
1897 3193 2203 3258 desinant
2274 3213 2520 3258 munus

570 3306 764 3351 suum
805 3281 1090 3364 exsequi.
1160 3280 1353 3345 Iubet
1387 3289 1610 3344 autem
1635 3279 1818 3344 Deus
1858 3278 2033 3362 ipsos
2077 3279 2402 3360 auspicari
2437 3279 2520 3343 ab

573 3391 750 3438 anno
815 3368 1123 3434 vicesimo
1187 3366 1448 3449 quinto,
1514 3364 1922 3432 vacationem
1988 3364 2285 3431 concedit
2343 3385 2519 3430 anno

570 3454 1145 3542 quinquagesimo:
1191 3449 1442 3533 optima
1485 3462 1839 3533 utrumque
1881 3452 2151 3517 ratione.
2220 3449 2297 3517 Si
2341 3451 2520 3516 enim

572 3539 1042 3610 adolescentuli
1088 3537 1365 3603 fuissent
1420 3535 1724 3610 admissi,
1788 3542 2046 3619 poterat
2097 3557 2324 3602 eorum
2369 3557 2519 3619 pro·

573 3630 785 3696 tervia
819 3646 1156 3693 sacrorum
1190 3621 1602 3689 venerationi
1638 3621 1922 3687 multum
1959 3620 2340 3689 detrahere:
2387 3643 2519 3688 non

570 3715 762 3781 modo
802 3713 954 3797 quia
998 3712 1514 3791 intemperanter
1558 3707 1941 3792 plerumque
1974 3708 2332 3774 lasciviunt
2375 3709 2520 3792 qui-

571 3801 696 3867 bus
740 3797 1033 3865 nondum
1077 3794 1294 3861 virilis
1338 3802 1438 3859 est
1479 3795 1856 3860 maturitas:
1904 3794 2020 3859 sed
2062 3795 2216 3878 quia
2258 3793 2368 3860 vel
2404 3816 2520 3859 ne-

571 3887 823 3972 glectu,
884 3882 988 3949 vel
1031 3881 1329 3959 levitate,
1389 3880 1492 3944 vel
1533 3880 1991 3963 incogitantia,
2039 3880 2143 3945 vel
2187 3880 2522 3964 imperitia

571 3982 641 4039 et
683 3991 920 4047 errore,
967 3985 1310 4051 perperam
1353 3965 1564 4031 multa
1606 3965 1984 4032 turbassent
2024 3967 2097 4030 in
2141 3968 2322 4033 cultu
2371 3967 2518 4033 Dei.

572 4057 786 4125 Sicuti
823 4063 1042 4121 autem
1082 4053 1353 4117 minime
1388 4051 1608 4117 idonei
1646 4052 1911 4117 fuerunt
1946 4050 2030 4116 ad
2063 4074 2303 4119 munus
2338 4075 2522 4134 exer-

571 4142 850 4211 cendum
870 4193 886 4220 ,
948 4139 1154 4206 donec
1198 4137 1617 4222 prudentiam
1662 4147 1726 4204 et
1784 4138 2176 4222 gravitatem
2220 4139 2517 4224 collegis-

571 4238 750 4306 sent,
792 4229 885 4293 ita
930 4248 1015 4290 ne
1055 4226 1241 4290 senio
1287 4223 1693 4301 fatiscerent,
1753 4224 2143 4306 tempestive
2182 4225 2317 4291 illis
2359 4226 2518 4291 mis-

571 4317 823 4381 sionem
870 4312 1012 4379 dari
1055 4330 1338 4393 aequum
1375 4309 1518 4375 fuit.
1585 4310 1753 4375 Erat
1788 4309 1963 4374 enim
2000 4307 2102 4395 (ut
2146 4319 2304 4377 ante
2349 4312 2517 4376 dixi·
2552 4373 2566 4385 ,

569 4399 745 4488 mus)
794 4400 1116 4465 laboriosa
1168 4395 1539 4480 provincia,
1598 4404 1665 4460 et
1729 4415 1898 4477 quae
1960 4396 2162 4461 robur
2226 4397 2518 4480 corporis

567 4497 881 4572 posceret.
973 4483 1047 4551 Si
1095 4504 1248 4548 vero
1295 4481 1505 4565 placet
1551 4501 1846 4565 anagoge
1891 4481 1973 4546 ad
2016 4484 2343 4565 pastorale
2378 4504 2522 4548 mu-

568 4596 727 4652 nus,
770 4574 838 4637 in
885 4590 1129 4655 genere
1173 4568 1530 4634 tenendum
1590 4569 1749 4648 erit,
1816 4589 1951 4632 non
2006 4588 2150 4634 esse
2193 4570 2520 4652 quoslibet

569 4658 934 4744 eligendos,
978 4654 1093 4722 sed
1138 4655 1250 4737 qui
1294 4655 1426 4721 iam
1469 4653 1937 4719 moderationis
1980 4675 2138 4720 suae
2181 4654 2378 4720 fidem
2424 4657 2515 4721 fe-

568 4749 800 4823 cerint,
847 4764 966 4808 nec
1001 4740 1334 4825 urgendos
1368 4761 1512 4806 esse
1547 4740 1727 4806 ultra
1762 4738 2031 4805 modum
2065 4741 2178 4824 qui
2213 4742 2519 4808 alacriter

569 4855 640 4899 se
663 4827 1072 4914 impendunt,
1114 4848 1230 4893 nec
1254 4828 1403 4909 plus
1427 4825 1827 4911 exigendum
1861 4846 2056 4908 quam
2093 4825 2265 4891 ferat
2288 4849 2519 4893 eorum

568 4917 864 4986 facultas.
957 4911 1176 4980 Stulte
1235 4913 1410 4977 enim
1470 4933 1677 4977 annos
1735 4911 2001 4995 quidam
2064 4923 2518 4996 numerarunt,

570 5025 646 5069 ac
689 5005 744 5070 si
788 5011 944 5068 ante
991 4997 1373 5064 vicesimum
1427 5009 1733 5081 quartum
1793 5019 2043 5064 annum
2105 4999 2292 5065 nefas
2347 5009 2520 5066 esset

569 5101 898 5173 pastorem
944 5084 1219 5169 eligere,
1264 5085 1374 5167 qui
1420 5092 1643 5149 tamen
1688 5082 1932 5167 alioqui
1976 5088 2361 5152 necessariis
2404 5085 2518 5152 do-

571 5176 747 5243 tibus
790 5173 1081 5259 polleret.

1972 422 2488 492 SECUNDUM
2531 424 3180 493 PRAEOEPTUM.

3242 614 3372 680 EX
3418 608 3767 681 NUMER.
3816 613 3943 679 III.

2791 786 2851 851 5.
2894 786 3216 868 Loquutus
3249 789 3341 850 eet
3370 791 3578 851 autem
3618 785 3847 851 Iehova
3883 787 3968 850 ad
4006 782 4243 865 Mosen,
4283 787 4541 855 dicendo.-

2619 873 2680 938 6.
2727 870 3260 955 Appropinquare
3290 872 3396 955 fac
3429 871 3657 936 tribum
3698 871 3873 952 Levi,
3915 876 3972 938 et
4004 872 4155 936 siste
4188 893 4323 937 eam
4360 894 4542 939 eoram

2622 957 2920 1024 Ahar-one
2959 958 3286 1034 sacerdote,
3330 961 3403 1023 ut
3443 958 3754 1023 ministret
3794 959 3870 1022 ei.
3963 958 4021 1022 7.
4083 956 4173 1022 Et
4221 959 4542 1025 custodiant

2620 1044 2963 1111 custodiam
3019 1045 3184 1121 eius,
3250 1048 3307 1109 et
3356 1044 3702 1109 custodiam
3755 1044 4042 1109 universi
4095 1048 4297 1108 coetae
4354 1063 4542 1111 eoram

2622 1129 3014 1195 tabernaculo
3053 1129 3490 1207 conventionis,
3534 1134 3605 1193 ut
3643 1134 4059 1211 exsequantur
4100 1129 4335 1194 cultum
4367 1128 4543 1196 taber-

2621 1215 2852 1281 naculi.
2940 1216 2999 1282 8.
3051 1213 3416 1281 Custodiant
3471 1234 3708 1298 quoque
3762 1216 3976 1281 omnia
4024 1215 4322 1280 utensilia
4370 1215 4544 1282 taber-

2621 1302 2839 1368 naculi
2894 1302 3305 1367 conventionis
3320 1352 3336 1379 ,
3393 1302 3860 1384 custodiamque
3897 1302 4178 1382 filiorum
4223 1300 4450 1379 Israel,
4487 1306 4550 1367 at

2620 1393 3036 1470 exsequantur
3054 1388 3285 1453 cultum
3304 1387 3701 1453 tabernaculi.
3770 1386 3831 1452 9.
3876 1386 3992 1453 Da
4033 1388 4297 1469 inquam
4319 1387 4551 1453 Levitae

2620 1474 2753 1557 ips-i
2777 1474 3058 1553 Ahwron,
3097 1478 3155 1539 et
3189 1472 3350 1555 filiis
3385 1473 3555 1539 eius.-
3596 1473 3752 1551 dati,
3797 1474 3934 1538 dati
3974 1492 4244 1554 nmnque
4286 1479 4425 1539 sunt
4460 1474 4551 1540 illi

2621 1579 2700 1625 ex
2759 1558 2925 1641 filiis
2990 1559 3219 1625 Israel.
3336 1559 3433 1624 10.
3503 1559 3768 1625 Ahar-on
3828 1564 4036 1625 autem
4097 1563 4153 1624 et
4205 1558 4373 1641 filios
4430 1561 4553 1626 eine

2610 1644 2951 1726 praeficies
2965 1696 2981 1724 ,
3025 1646 3482 1727 ctwtodientque
3538 1646 3956 1712 sacerdotium
4010 1665 4230 1710 suum.-
4284 1650 4552 1711 aterum

2624 1732 2790 1796 enim
2830 1733 2943 1814 qui
2986 1732 3309 1798 accesserit
3345 1732 3663 1798 morietur.

2796 1902 2855 1968 5.
2900 1903 3231 1985 Loquutus
3267 1908 3373 1968 est.
3442 1902 3758 1968 Continet
3793 1903 3902 1969 hic
3935 1902 4119 1970 locus
4163 1901 4295 1968 duo
4338 1903 4548 1986 capita,

2623 2008 2859 2072 nempe
2904 2000 2975 2053 ut
3019 1999 3402 2072 separentur
3447 1989 3725 2055 Levitae
3770 1989 3841 2054 in
3887 1989 4331 2055 ministerium
4384 2010 4549 2056 sanc-

2622 2076 2823 2141 tuarii
2868 2085 2937 2140 et
2979 2074 3234 2140 altaris:
3296 2075 3530 2157 deinde
3578 2083 3656 2140 ut
3697 2075 4069 2159 praecipuis
4119 2074 4545 2141 sacerdotibus

2623 2182 2706 2226 ex
2772 2161 3019 2226 familia
3075 2160 3347 2226 Aharon
3412 2171 3711 2244 pareant,
3780 2181 3897 2226 nee
3961 2160 4319 2244 quidquam
4375 2168 4552 2245 agant

2624 2247 2751 2312 nisi
2820 2269 2904 2312 ex
2969 2266 3195 2312 eorum
3261 2248 3611 2313 autoritate
3665 2257 3729 2313 et
3786 2246 4113 2312 mandato.
4211 2247 4361 2313 Iam
4413 2267 4550 2312 vero

2624 2330 2874 2398 dictum
2916 2332 3061 2411 fuit,
3105 2341 3173 2397 et
3215 2333 3455 2398 iterum
3498 2341 3725 2416 postea
3767 2331 4132 2399 videbimus
4152 2384 4166 2410 ,
4216 2334 4293 2397 in
4335 2353 4552 2418 genere

2624 2420 2871 2485 tribum
2926 2419 3256 2484 leviticam
3317 2418 3635 2484 divinitus
3688 2419 3962 2485 electam
4005 2419 4204 2486 fuisse
4251 2419 4337 2485 ad
4387 2438 4552 2485 sacra

2624 2504 3028 2589 peragenda:
3095 2513 3170 2570 ut
3226 2505 3425 2571 sciret
3480 2505 3759 2589 populus
3804 2505 4139 2571 neminem
4186 2515 4327 2571 tam
4370 2506 4552 2571 hono·

2625 2591 2809 2656 rifico
2855 2612 3126 2656 munere
3173 2589 3448 2675 dignum
3503 2610 3678 2657 esse:
3738 2589 3853 2657 sed
3895 2590 3964 2656 id
4009 2592 4299 2675 pendere
4340 2612 4379 2657 a
4419 2612 4551 2675 gra-

2626 2677 2796 2742 tuita
2831 2677 3171 2742 vocatione
3195 2675 3341 2756 Dei,
3378 2678 3565 2743 cuius
3602 2693 3701 2744 est
3737 2677 3959 2742 omnia
3993 2698 4212 2743 creare
4237 2700 4321 2743 ex
4346 2676 4552 2742 nihilo.

2622 2762 2772 2827 Hoc
2813 2762 3006 2827 modo
3050 2784 3183 2828 non
3236 2770 3495 2828 tantum
3553 2784 3853 2846 repressa
3905 2764 4032 2828 fuit
4085 2784 4315 2829 eorum
4371 2772 4552 2829 teme·

2624 2849 2785 2914 ritas
2861 2849 2973 2931 qui
3060 2848 3379 2914 honorem
3455 2850 3658 2915 stulte
3739 2858 4154 2933 appeterent:
4239 2848 4359 2915 sed
4432 2857 4555 2915 tota

2624 2934 2897 3001 ecclesia
2939 2933 3164 3000 edocta
3206 2935 3360 3013 fuit,
3422 2934 3505 3001 ad
3550 2934 3770 3001 Deum
3813 2937 3942 3001 rite
4000 2933 4349 3002 colendum
4410 2956 4554 3018 opus

2625 3041 2768 3087 esse
2810 3020 3024 3087 alieno
3060 3019 3367 3087 subsidio.
3436 3020 3583 3088 Nisi
3626 3023 3803 3087 enim
3847 3020 4051 3088 medii
4092 3020 4561 3089 intercederent

2624 3108 2932 3185 Levitae,
2988 3107 3148 3174 alios
3194 3129 3230 3173 e
3276 3108 3514 3191 populo
3558 3108 3669 3174 lex
3714 3130 3753 3173 a
3798 3109 3925 3174 Dei
3969 3128 4235 3175 accessu
4293 3108 4557 3183 arcebat,

2625 3214 2700 3259 ac
2743 3195 2797 3259 si
2840 3202 3049 3259 totum
3098 3193 3455 3259 humanum
3517 3215 3727 3278 genus
3779 3194 4160 3278 pollutionis
4213 3194 4557 3259 damnaret.

2623 3280 2877 3346 Verum
2938 3300 3066 3363 quo
3124 3280 3370 3346 certius
3425 3277 3867 3364 dirigerentur
3923 3279 4006 3346 ad
4065 3301 4275 3346 unum
4333 3279 4559 3345 media·

2627 3375 2835 3431 torem
2858 3417 2873 3445 ,
2939 3386 3271 3433 summum
3336 3366 3770 3432 sacerdotium
3831 3368 3902 3432 in
3960 3366 4227 3432 sublimi
4286 3367 4560 3433 ‘locatum

2624 3452 2776 3530 fuit,
2844 3461 2910 3517 et
2974 3449 3239 3517 tandem
3301 3474 3472 3518 unus
3529 3454 3639 3536 qui
3698 3473 3899 3535 supra
3951 3473 4179 3518 omnes
4226 3453 4558 3518 emineret:

2624 3538 2748 3605 hac
2790 3539 3044 3603 ratione
3088 3537 3362 3605 Levitas
3407 3537 3689 3621 posteris
3735 3538 4010 3604 Aharon
4053 3537 4323 3606 subesse
4370 3537 4560 3606 voluit

2623 3624 2824 3690 Deus.
2915 3622 3154 3690 Ordini
3199 3624 3466 3708 quidem
3509 3624 3707 3691 simul
3751 3624 4116 3691 consuluit:
4173 3626 4334 3709 quia
4386 3624 4561 3690 turba

2620 3710 2752 3775 nisi
2806 3731 2845 3775 a
2902 3710 3223 3793 capitibus
3289 3721 3592 3794 regatur,
3659 3731 3917 3794 semper
3980 3709 4370 3777 turbulenta
4428 3709 4557 3775 erit.

2623 3796 2898 3861 Minime
2977 3809 3200 3861 tamen
3278 3794 3546 3863 dubium
3612 3807 3711 3862 est
3774 3797 3934 3880 quin
3999 3817 4259 3863 summa
4326 3794 4558 3864 christi

2621 3890 2908 3966 potestas
2972 3883 3041 3946 in
3108 3901 3389 3964 persona
3445 3883 3718 3948 Aharon
3785 3890 4284 3966 repraesentata
4343 3882 4557 3947 fuerit:

2621 3968 2800 4033 unde
2835 3967 3157 4034 refellitur
3190 3969 3602 4052 papistarum
3636 3969 4002 4046 inscientia,
4040 3969 4155 4053 qui
4190 3968 4560 4053 exemplum

2621 4052 2747 4119 hoc
2812 4052 2894 4119 ad
2969 4063 3214 4121 statum
3294 4054 3689 4121 christianae
3755 4055 4066 4121 eeclesiae
4142 4055 4558 4131 transferunt,

2622 4140 2729 4205 vel
2774 4140 2989 4223 potius
3034 4150 3356 4222 torquent,
3401 4150 3477 4206 ut
3521 4140 3939 4226 presbyteros
3983 4140 4337 4207 subiiciant
4404 4139 4557 4223 epis-

2621 4228 2826 4310 copis:
2875 4236 3069 4309 atque
3109 4225 3263 4291 inde
3297 4228 3584 4293 conflent
3620 4229 3974 4310 primatum
4011 4227 4187 4293 sedis
4232 4245 4553 4292 romanae.

2623 4311 2829 4396 Atqui
2896 4314 2953 4377 si
3020 4313 3217 4378 huius
3278 4314 3530 4397 figurae
3596 4314 3936 4396 quaeritur
3995 4313 4276 4393 veritae,
4356 4312 4557 4397 potius

2620 4399 2993 4464 ratiocinari
3072 4400 3448 4477 conveniet,
3538 4400 3907 4484 quicunque
3985 4408 4298 4465 creantur
4376 4396 4555 4464 hodie

2620 4484 2908 4550 ministri
2968 4494 3035 4550 et
3090 4493 3383 4567 pastores
3439 4485 3780 4565 eeclesiae,
3840 4485 4108 4551 Obristo
4165 4485 4341 4551 tradi
4385 4480 4556 4568 quasi

2620 4570 2742 4636 sub
2806 4590 3109 4636 manum:
3177 4592 3259 4636 ne
3327 4570 3483 4654 quid
3535 4572 3656 4637 sibi
3715 4572 3972 4655 imperii
4038 4580 4390 4654 usurpent,
4450 4565 4553 4634 sed

2619 4655 2914 4723 modeste
2975 4679 3046 4722 se
3114 4666 3378 4741 gerant,
3461 4667 3774 4740 tanquam
3855 4658 4174 4723 rationem
4246 4650 4553 4722 reddituri

2621 4764 2841 4808 coram
2877 4743 3037 4826 ipse,
3074 4743 3185 4826 qui
3221 4744 3522 4828 princeps
3558 4751 3660 4809 est
3691 4752 4027 4828 pastorum
4064 4741 4152 4830 (l.
4189 4742 4337 4808 Pet.
4381 4741 4440 4820 5,
4470 4737 4548 4838 4).

2619 4829 2813 4896 Unde
2858 4829 3241 4912 colligimus,
3286 4839 3600 4914 papatum
3647 4830 3906 4895 nonnisi
3940 4830 4008 4894 in
4045 4829 4323 4895 scelesto
4366 4846 4549 4894 sacn-

2620 4915 2794 5000 legio
2855 4914 3202 4980 fundatum
3266 4935 3439 4981 esse:
3508 4917 3660 4999 quia
3721 4917 3994 4999 eripitur
4059 4915 4327 4981 Ohristo
4390 4907 4549 4996 quod

2621 5022 2815 5067 suum
2852 5010 2968 5079 est,
3005 5002 3061 5066 si
3086 5000 3253 5066 alius
3278 5002 3596 5084 quispiam
3624 5003 3895 5086 fingitur
3917 5022 4248 5068 successor
4270 5000 4544 5066 Aharon.

2620 5088 2885 5153 Interea
2927 5109 3060 5152 non
3098 5087 3501 5170 repudianda
3545 5098 3644 5153 est
3682 5088 3943 5172 politica
3979 5087 4324 5165 distinctio,
4368 5102 4545 5170 quam

2621 5195 2856 5240 sensus
2876 5174 3017 5255 ipse
3040 5182 3312 5238 naturae
3335 5171 3540 5239 dictat
3574 5173 3656 5240 ad
3692 5174 4137 5240 confusionem
4176 5171 4543 5238 tollendam:

2623 5259 2737 5325 sed
2774 5280 2940 5343 quae
2976 5260 3046 5324 in
3082 5280 3233 5323 eum
3269 5259 3469 5324 finem
3508 5260 3843 5343 spectabit,
3889 5259 3985 5327 sic
4018 5260 4145 5326 erit
4178 5267 4541 5342 temperate,

2623 5351 2702 5410 ut
2742 5366 2954 5428 neque
2988 5344 3242 5412 Christi
3283 5345 3562 5429 gloriam
3604 5349 3924 5425 obscuret,
3970 5366 4180 5429 neque
4221 5337 4545 5410 ambitioni
