4867 6150
302 464 425 533 397

301 654 382 720 ad
442 653 822 721 diuturnam
878 664 1311 736 structuram,
1368 656 1483 724 sed
1539 657 1737 723 rudes
1794 665 1863 723 et
1916 657 2247 741 impolitos

300 741 369 806 in
411 741 746 807 cumulum
793 743 1043 821 comici,
1091 766 1175 809 ne
1218 745 1470 829 species
1514 743 1802 809 alliceret
1838 753 2129 827 posteros
2164 744 2246 809 ad

300 828 858 910 superstitionem.
950 832 1045 893 Ac
1104 831 1312 895 miror
1369 831 1763 913 interpretes
1818 829 1927 896 hic
1985 851 2055 895 se
2113 839 2246 895 tor-

299 934 498 997 quere
555 914 623 977 in
681 913 1015 998 fingendis
1060 915 1421 1000 allegoriis:
1481 937 1681 998 quum
1727 915 1857 981 Dei
1901 916 2245 983 consilium

300 1018 433 1064 non
506 998 686 1064 aliud
757 1001 961 1065 fuerit
1018 1022 1212 1083 quam
1274 1000 1668 1068 offendicula
1725 1000 1956 1067 tollere
2014 1003 2248 1084 quibus

300 1085 516 1152 averti
552 1095 818 1169 possent
840 1085 1184 1153 Israelitae
1219 1108 1259 1153 a
1302 1089 1695 1154 sanctuario.
1768 1085 2030 1153 Scimus
2071 1089 2243 1154 enim

298 1180 374 1236 ut
430 1182 757 1250 vetustas,
817 1182 886 1238 et
945 1183 1205 1255 patrum
1259 1174 1636 1257 exemplum
1685 1172 1948 1238 trabere
1993 1175 2249 1240 soleant

299 1256 481 1342 vulgi
542 1258 811 1323 animos.
901 1255 978 1325 Si
1023 1280 1152 1343 qua
1194 1260 1485 1327 stetisset
1528 1260 1754 1326 altaris
1797 1259 2067 1360 effigies,
2113 1270 2245 1326 sta-

299 1343 420 1408 tim
486 1344 730 1409 iniecta
788 1343 1022 1410 fuisset
1078 1344 1338 1431 religio,
1410 1367 1732 1430 nusquam
1794 1346 1949 1411 alibi
2008 1346 2245 1412 melius

297 1450 421 1495 nec
480 1430 775 1496 sanctius
831 1428 1047 1496 Deum
1110 1453 1299 1515 posse
1357 1432 1483 1499 coli
1540 1453 1733 1515 quam
1791 1431 1859 1496 in
1914 1431 2054 1498 loco
2113 1434 2244 1498 iam

298 1515 457 1580 olim
514 1536 554 1579 a
598 1515 894 1598 patribus
940 1516 1174 1585 dicato.
1263 1519 1370 1583 Ita
1413 1518 1666 1583 suborti
1711 1526 1924 1583 essent
1972 1518 2247 1601 degene-

297 1624 406 1667 res
440 1601 677 1682 cultus,
723 1611 789 1667 et
824 1610 1198 1687 contempta
1242 1604 1599 1669 sanctuarii
1648 1603 1952 1688 dignitas.
2019 1602 2246 1686 Quare

306 1687 460 1755 huic
484 1688 656 1753 malo
676 1689 1043 1754 occurritur
1078 1711 1278 1772 quum
1318 1691 1554 1755 altaria
1575 1691 1827 1755 exstrui
1868 1700 2043 1755 vetat
2078 1710 2245 1773 quae

305 1773 418 1838 diu
494 1775 857 1858 supersint:
927 1776 1043 1841 sed
1110 1786 1367 1846 tantum
1441 1774 1522 1841 ad
1578 1797 1770 1841 usum
1829 1786 2245 1859 praesentem

305 1861 520 1943 aptari
579 1862 937 1944 permittit,
1002 1862 1103 1927 vel
1149 1883 1230 1927 ex
1276 1872 1484 1940 terra,
1548 1861 1653 1927 vel
1697 1882 1779 1927 ex
1825 1861 2087 1927 informi
2131 1884 2244 1929 cu-

301 1946 484 2011 mulo
543 1945 856 2030 lapidum.
947 1946 1289 2030 Quantum
1351 1946 1431 2013 ad
1492 1947 1811 2014 sacrificia
1853 1948 2247 2032 prosperita-

301 2042 443 2098 tum
490 2041 772 2116 spectat,
828 2032 980 2100 alibi
1026 2054 1286 2099 causam
1334 2032 1586 2099 reddidi
1633 2055 1753 2099 cur
1795 2035 1887 2099 ita
1934 2035 2242 2100 verterim

299 2118 673 2184 hebraicam
737 2139 960 2184 vocem
1009 2132 1125 2188 0⁹0
1273 2140 1441 2203 quae
1487 2139 1834 2203 prosperos
1891 2141 2119 2186 omnes
2178 2131 2245 2187 et

295 2205 505 2270 laetos
555 2225 894 2271 successus
955 2206 1300 2291 significat.
1401 2205 1573 2271 Nam
1626 2205 1800 2289 quod
1859 2207 1971 2273 alii
2023 2215 2242 2272 trans-

293 2291 521 2357 ferunt
541 2291 842 2368 Pacifica,
889 2293 1159 2357 minime
1202 2291 1529 2359 convenit.
1598 2290 1793 2374 Quod
1839 2292 1909 2357 in
1955 2291 2245 2358 secunda

291 2386 487 2463 parte
522 2398 758 2443 versus
793 2375 1089 2442 additur:
1135 2378 1213 2444 In
1259 2378 1474 2444 locum
1520 2378 1630 2443 ubi
1674 2398 1951 2461 posuero
1996 2399 2243 2444 memo-

288 2463 464 2529 riam
512 2463 798 2528 nominis
842 2463 1005 2542 mei,
1062 2464 1326 2530 veniam
1369 2463 1451 2529 ad
1498 2478 1591 2541 te,
1636 2464 1870 2531 inscite
1914 2464 2241 2530 detortum

287 2548 430 2614 fuit
464 2550 548 2615 ab
582 2549 1084 2633 interpretibus:
1132 2562 1326 2634 atque
1361 2550 1468 2614 ita·
1493 2550 1792 2633 praebuit
1835 2551 2240 2617 occasionem

287 2634 583 2701 errandi.
659 2636 1002 2720 Legerunt
1045 2636 1220 2700 enim
1265 2657 1398 2702 uno
1443 2645 1787 2703 contextu:
1834 2657 1909 2702 ac
1952 2637 2010 2703 si
2054 2635 2239 2702 Deus

286 2721 367 2787 in
415 2730 638 2786 monte
672 2742 926 2804 quoque
952 2722 1113 2788 Sion
1150 2720 1474 2787 eiusmo’di
1518 2721 1727 2788 altare
1771 2723 1917 2788 fleri
1962 2732 2234 2789 vetaret.

294 2808 502 2891 Atqui
526 2807 743 2890 potius
766 2809 1051 2874 occurrit
1091 2808 1485 2873 dubitationi
1511 2828 1679 2891 quae
1706 2808 1950 2891 alioqui
1981 2809 2239 2874 titillas-

290 2903 398 2960 set
433 2894 659 2977 populi
699 2893 975 2959 animos.
1031 2893 1277 2960 Annon
1313 2895 1637 2979 propitius
1682 2896 1807 2960 erit
1843 2894 2031 2960 nobis
2054 2895 2239 2961 Deus

287 2980 407 3046 ubi
452 2978 795 3045 exaudivit
884 2990 1059 3045 atres
1105 2978 1408 3045 nostros?
1477 2976 1746 3060 Contra,
1789 2981 2078 3064 inquam,
2127 2980 2238 3048 ob-

286 3066 513 3134 iicitur
568 3066 945 3150 promissio,
999 3088 1110 3133 eos
1169 3067 1369 3150 probe
1426 3074 1496 3132 et
1548 3067 1673 3132 rite
1726 3087 1869 3134 esse
1911 3066 2234 3145 litaturos,

285 3152 489 3219 modo
531 3163 876 3236 praecepto
920 3153 1049 3219 Dei
1092 3154 1566 3236 obtemperent,
1611 3173 1730 3218 nec
1774 3153 1975 3219 alium
2018 3154 2231 3220 locum

286 3248 611 3323 appetant
661 3261 858 3322 quam
917 3240 1000 3305 ab
1041 3241 1184 3321 ipso
1229 3237 1526 3305 electum.
1615 3238 1762 3305 Hac
1809 3241 2059 3306 ratione
2103 3239 2234 3306 illis

287 3325 566 3402 dicitur,
625 3326 996 3408 ubicunque
1041 3324 1187 3392 Deo
1241 3324 1558 3408 placuerit
1614 3326 1835 3391 offerri
1891 3325 2233 3407 sacrificia,

284 3411 450 3477 illuc
493 3409 577 3476 ad
621 3431 738 3476 vos
783 3409 1149 3490 descendet,
1193 3420 1272 3476 ut
1313 3411 1398 3476 sit
1438 3410 1626 3476 vobis
1660 3413 2001 3495 propitius.

385 3575 398 3590 .
465 3497 571 3562 Ex
631 3495 825 3563 Deut.
885 3497 989 3578 27,
1048 3497 1108 3564 5.
1212 3497 1603 3580 Aedificabis
1656 3498 1729 3563 in
1782 3502 1981 3564 monte
2021 3495 2229 3565 'EbaL

282 3582 372 3647 In
439 3583 653 3666 primo
718 3591 931 3649 terrae
989 3583 1289 3667 ingressu
1348 3582 1531 3649 iubet
1585 3582 1709 3648 sibi
1770 3584 1953 3650 Deus
2009 3585 2233 3650 offerri

283 3670 684 3735 sacrificium
791 3670 1108 3735 ratiarum
1167 3670 1473 3735 actionis:
1534 3667 1706 3752 quod
1750 3671 2079 3753 praestitit
2120 3670 2230 3735 Io-

281 3776 437 3834 sue,
502 3692 1050 3837 quemadmodum
1110 3756 1393 3821 refertur
1452 3754 1663 3838 capite
1717 3765 1980 3822 octavo:
2040 3758 2231 3822 'l'unc

282 3838 661 3907 aedificavit
701 3840 898 3907 Iosue
948 3840 1154 3906 altare
1198 3840 1342 3907 Deo
1385 3840 1594 3906 Israel
1647 3842 1716 3906 in
1774 3852 1996 3909 monte
2039 3841 2228 3921 Ebal,

280 3927 460 3993 sicut
499 3936 920 4010 praeceperat
943 3928 1161 3992 Moses
1204 3949 1439 3993 servus
1471 3926 1760 3992 Iehovae
1804 3928 1957 3994 filiis
2000 3928 2227 4009 Israel,

279 4012 494 4078 altare
529 4033 608 4078 ex
654 4011 984 4096 lapidibus
1026 4013 1359 4097 impolitis.
1405 4034 1566 4096 quos
1609 4012 1857 4079 ferrum
1902 4036 2036 4080 non
2082 4016 2230 4080 teti-

276 4111 491 4183 gerat.
558 4098 856 4165 Primum
904 4119 1060 4183 ergo
1106 4100 1213 4165 hic
1255 4100 1541 4183 exigitur
1584 4101 2030 4167 testimonium
2077 4122 2225 4185 gra-

275 4183 620 4250 titudinis:
679 4195 757 4249 ut
809 4185 928 4251 filii
971 4185 1209 4263 Israel,
1256 4185 1452 4249 sim'ul
1499 4205 1573 4251 ac
1619 4185 1849 4269 pedem
1893 4186 2228 4269 coeperint

272 4271 351 4335 in
422 4279 597 4335 terra
664 4269 988 4337 Ohanaan
1053 4272 1290 4356 figere,
1372 4270 1704 4337 celebrent
1767 4271 1896 4337 Dei
1960 4273 2221 4339 laudes:

273 4355 522 4421 deinde
582 4365 763 4422 vetat
805 4379 998 4423 omne
1042 4358 1426 4435 artificium,
1486 4358 1638 4440 quia
1681 4360 1734 4422 si
1783 4358 2085 4425 durasset
2127 4360 2223 4424 al-

271 4454 443 4521 tare,
478 4443 723 4508 occasio
745 4442 978 4509 fuisset
1011 4444 1507 4527 superstitionis.
1546 4457 1611 4508 et
1650 4444 1985 4526 singulare
2007 4466 2225 4511 exem-

267 4529 468 4612 plum
527 4529 738 4611 pluris
780 4528 1015 4596 fuisset
1058 4551 1253 4613 quam
1296 4529 1404 4596 lex
1449 4527 1579 4594 Dei
1623 4541 1952 4613 perpetua.
2041 4530 2221 4600 Hinc

273 4626 468 4679 tanta
501 4614 841 4680 iracundia
874 4624 1260 4683 exarserunt
1303 4636 1541 4680 novem
1590 4616 1799 4681 tribus
1843 4626 1910 4681 et
1952 4616 2221 4683 dimidia

269 4709 508 4765 contra
565 4698 729 4767 duas
786 4701 1021 4768 Ruben
1081 4712 1150 4768 et
1206 4701 1390 4780 Gad,
1451 4709 1518 4766 et
1574 4700 1912 4767 dimidiam
1971 4702 2217 4767 tribum

267 4786 622 4866 Manasse,
696 4797 964 4872 propter
1030 4788 1235 4854 altare
1300 4787 1381 4853 ad
1442 4789 1654 4871 ripam
1713 4787 2015 4853 Iordanis
2066 4810 2219 4854 con—

268 4882 634 4939 structum:
682 4882 754 4938 ut
796 4874 1148 4940 statuerint
1188 4874 1427 4941 fratres
1470 4895 1624 4939 suos
1666 4894 1937 4958 prorsus
1980 4873 2216 4954 delere,

267 4956 486 5022 donec
527 4980 597 5024 se
643 4972 1035 5043 purgarunt,
1081 4959 1250 5042 quod
1297 4972 1553 5026 tantum
1602 4961 1669 5026 in
1716 4969 2218 5027 monumentum

265 5043 609 5108 fraternae
655 5045 1129 5111 coniunctionis
1173 5044 1338 5111 illud
1382 5054 1761 5123 erexerant,
1821 5068 1952 5112 non
1998 5058 2218 5112 autem

266 5129 360 5194 ad
418 5131 750 5197 sacrificia.
841 5131 1142 5196 Fuerunt
1198 5144 1374 5197 certe
1430 5132 1528 5196 illi
1584 5132 1960 5217 boni·legis
2014 5135 2220 5199 inter-

268 5227 531 5298 pretes,
609 5217 719 5300 qui
799 5215 1197 5300 inexpiabile
1266 5219 1514 5284 crimen
1577 5217 1942 5298 duxerunt,
2015 5220 2221 5285 altare

263 5304 554 5385 posteris
635 5302 948 5386 relinqui,
1031 5301 1203 5385 quod
1277 5304 1594 5386 populum
1665 5304 2075 5369 abstraheret
2139 5306 2221 5370 ab

263 5388 467 5453 unico
490 5389 879 5469 sanctuario,
906 5400 1100 5473 atque
1121 5389 1209 5454 ita
1245 5387 1593 5455 divelleret
1625 5389 1779 5455 fidei
1809 5410 2246 5457 consensum..

1693 468 2207 537 SECUNDUM
2251 464 2904 538 PRAECEPTUM.

4169 473 4296 540 398

2952 658 3082 725 EX
3128 657 3429 725 EXODI
3473 659 3699 728 XXV.

2526 830 2584 896 1.
2632 829 2721 896 Et
2776 830 3070 913 loquutus
3127 836 3217 897 est
3277 830 3507 897 Iehova
3566 832 3651 897 ad
3695 830 3953 913 Mosen,
4010 832 4300 899 dicendo:

2347 919 2426 985 2.·
2457 916 2787 1000 Alloquere
2840 915 3010 997 filios
3054 916 3266 983 Israel
3316 922 3386 982 ut
3438 917 3659 984 tollant
3710 917 3871 982 mihi
3903 919 4298 985 levationem.-

2350 1004 2428 1070 ab
2471 1004 2642 1068 omni
2681 1003 2822 1068 viro
2861 1004 3045 1068 cuius
3087 1023 3191 1068 cor
3233 1002 3582 1069 voluntarie
3639 1003 3877 1069 dederit
3919 1004 4129 1081 illam,
4190 1026 4298 1071 su-

2346 1091 2529 1156 metis
2592 1089 2952 1155 levationem
3013 1109 3234 1154 meam.
3334 1088 3394 1154 3.
3464 1090 3604 1154 Ista
3667 1095 3873 1155 autem
3938 1096 4025 1155 est
4076 1090 4300 1157 oblatio

2347 1196 2540 1259 quam
2598 1174 2857 1255 capietis
2910 1172 2989 1239 ab
3045 1175 3138 1240 eis
3155 1224 3169 1251 ‚
3237 1195 3466 1240 aurum
3524 1180 3582 1240 et
3637 1181 3960 1260 argentum
3974 1228 3990 1255 ,
4059 1181 4116 1241 et
4166 1197 4297 1256 aes,

2347 1263 2410 1327 4.
2456 1260 2544 1327 Et
2587 1259 3004 1343 hyacinthum,
3051 1264 3106 1326 et
3139 1281 3530 1342 purpuram,
3574 1265 3631 1326 et
3671 1261 4077 1327 vermiculum
4119 1264 4295 1342 cocci,

2348 1354 2404 1413 et
2463 1347 2744 1429 byssum,
2803 1350 2859 1411 et
2889 1345 3070 1427 pilos
3111 1366 3470 1430 caprarum.
3559 1347 3620 1413 5.
3666 1344 3757 1412 Et
3790 1348 3990 1433 pelles
4028 1350 4295 1415 arietum

2346 1433 2725 1508 rubricatas,
2770 1436 2825 1495 et
2855 1431 3057 1514 pelles
3098 1437 3407 1507 taxarum,
3450 1438 3508 1498 et
3549 1432 3599 1497 Ζ·
3679 1453 3723 1498 a
3762 1434 3976 1499 sittim.
4044 1435 4102 1499 6.
4159 1433 4296 1500 Ole-

2345 1540 2456 1585 um
2495 1539 2623 1601 pro
2676 1518 3014 1591 luminari,
3075 1524 3362 1584 aromata
3398 1540 3519 1602 pro
3562 1539 3597 1583 o
3655 1539 3690 1583 o
3733 1520 4046 1586 unctionis
4087 1523 4142 1586 et
4168 1541 4297 1604 pro

2345 1606 2746 1689 thymiamate
2780 1608 3162 1669 aromatum.-
3218 1603 3277 1670 7.
3325 1603 3608 1686 Lapides
3642 1605 3990 1689 onychinos,
4037 1610 4092 1672 et
4133 1606 4296 1689 lapi-

2346 1694 2459 1758 des
2502 1690 2974 1775 plenitudinum
3005 1711 3132 1772 pro
3183 1690 3379 1772 ephod
3433 1695 3490 1755 et
3526 1710 3647 1771 pro
3677 1691 3999 1773 pectorali.
4089 1691 4149 1757 8.
4205 1691 4294 1757 Et

2343 1778 2577 1860 facient
2618 1776 2779 1842 mihi
2819 1777 3267 1857 sanctuarium,
3309 1781 3382 1842 ut
3421 1775 3688 1842 habitem
3722 1777 3789 1842 in
3824 1777 4025 1842 medio
4058 1797 4288 1844 eorum.

2348 1863 2407 1930 9.
2463 1863 2727 1929 Omnino
2779 1866 2852 1927 ut
2907 1883 3011 1946 eqo
3067 1863 3378 1928 ostendam
3435 1863 3550 1927 tibi
3599 1862 4079 1929 similitudinem
4121 1863 4295 1929 habi-

2345 1950 2553 2029 taculi,
2598 1954 2653 2013 et
2686 1948 3158 2014 similitudinem
3197 1950 3475 2014 omnium
3517 1968 3816 2014 vasorum
3859 1951 4015 2029 eius,
4058 1950 4151 2014 sic
4189 1951 4292 2033 fa-

2345 2037 2536 2101 cietis
2652 2034 2751 2101 10.
2822 2032 3083 2101 Facient
3160 2035 3348 2100 etiam
3420 2054 3638 2100 arcam
3700 2055 3733 2099 e
3796 2035 3989 2120 liquis
4052 2035 4253 2101 sittim
4270 2061 4290 2101 .·

2343 2121 2612 2187 duorum
2656 2120 2999 2186 cubitorum
3041 2126 3096 2186 et
3136 2121 3325 2187 semis
3360 2121 3479 2186 erit
3506 2119 3820 2205 lonyitudo
3854 2121 4009 2197 eius,
4044 2121 4293 2187 cubitus

2343 2227 2488 2272 vero
2540 2213 2594 2272 et
2647 2207 2837 2272 semis
2878 2206 3142 2274 latitudo
3181 2210 3350 2287 eius,
3408 2205 3602 2271 cubiti
3642 2208 3792 2273 item
3834 2211 3887 2273 et
3925 2207 4113 2272 semis
4146 2207 4290 2273 alti·

2345 2293 2493 2358 tudo
2528 2294 2682 2358 eius.
2748 2292 2847 2359 11.
2900 2291 3278 2376 Operiesque
3308 2313 3448 2358 eam
3489 2312 3647 2357 auro
3679 2312 3869 2374 puro,
3912 2293 4289 2359 intrinsecus

2342 2384 2396 2443 et
2432 2380 2842 2461 extrinsecus,
2886 2380 3144 2461 operies,
3190 2379 3485 2461 inquam,
3532 2398 3700 2456 eam,
3740 2379 4054 2461 faciesque
4094 2399 4287 2461 super

2342 2484 2482 2530 eam
2535 2484 2824 2530 coronam
2877 2484 3138 2530 auream
3194 2465 3262 2529 in
3316 2466 3599 2531 circuitu.
3692 2464 3791 2529 12.
3840 2464 4101 2531 Fundes
4141 2485 4287 2548 quo-

2341 2571 2459 2634 que
2492 2551 2551 2614 ei
2585 2555 2854 2633 quatuor
2890 2551 3155 2617 annulos
3189 2571 3430 2629 aureos,
3477 2570 3629 2633 quos
3652 2571 3850 2634 pones
3893 2551 3979 2615 ad
4018 2556 4286 2634 quatuor

2342 2637 2609 2721 anyulos
2674 2636 2841 2701 eius.-
2906 2638 3065 2704 cluos
3116 2634 3394 2704 videlicet
3446 2636 3713 2702 annulos
3768 2638 3840 2702 in
3891 2637 4082 2702 latere
4144 2637 4284 2703 eius

2342 2743 2502 2801 uuo,
2564 2726 2621 2786 et
2659 2721 2820 2789 duos
2862 2722 3134 2788 annulos
3177 2724 3243 2788 in
3291 2723 3478 2788 latere
3522 2724 3661 2787 eius
3700 2723 3911 2789 altere.
4004 2722 4106 2787 13.
4156 2721 4285 2788 Fa-

2340 2810 2467 2874 cies
2509 2812 2845 2890 praeterea
2897 2812 3090 2874 vectes
3132 2828 3210 2873 ev
3253 2809 3446 2893 liquis
3486 2809 3713 2889 sittim,
3780 2828 3934 2891 quos
3976 2809 4284 2891 cooperies

2340 2915 2518 2960 auro.
2612 2893 2711 2960 14.
2760 2894 3144 2976 Inducesque
3186 2899 3378 2961 vectes
3418 2895 3485 2958 in
3528 2893 3795 2960 annulos
3837 2895 3950 2976 qui
3990 2899 4172 2959 erunt
4212 2895 4283 2959 in

2339 2980 2641 3046 lateribus
2682 2978 2861 3046 illius
2905 3000 3103 3060 arcae,
3146 2985 3215 3045 ut
3256 2979 3392 3045 illis
3432 2979 3752 3062 deferatur
3795 3000 3961 3045 arca.
4046 2980 4146 3045 15.
4195 2978 4280 3044 In

2339 3065 2599 3132 annulis
2656 3065 2836 3134 illius
2893 3088 3079 3134 arcae
3131 3071 3308 3134 erunt
3363 3071 3579 3148 vectes,
3638 3087 3760 3132 non
3817 3064 4280 3132 removebuntur

2339 3153 2418 3218 ab
2462 3174 2552 3219 ea.
2641 3152 2740 3218 16.
2793 3152 3114 3235 Ponesque
3157 3155 3225 3220 in
3269 3172 3420 3219 arca
3464 3153 3880 3219 testimonium
3922 3153 4086 3235 quod
4116 3152 4278 3219 dabo

2338 3238 2469 3304 tibi.
2564 3238 2664 3303 17.
2716 3237 2944 3305 Facies
2996 3246 3053 3304 et
3102 3238 3454 3322 operculum
3497 3259 3572 3303 ex
3615 3259 3772 3304 auro
3811 3240 4076 3304 mundo.-
4129 3241 4280 3305 duo-

2335 3345 2482 3389 rum
2536 3325 2882 3391 cubitorum
2940 3331 2999 3390 et
3052 3325 3309 3391 dimidii
3352 3326 3473 3391 erit
3513 3325 3825 3410 lonyituclo
3861 3326 4030 3406 eius,
4086 3325 4280 3391 cubiti

2332 3431 2475 3476 vero
2530 3415 2585 3476 et
2626 3411 2886 3478 dimidii
2926 3411 3191 3478 latitudo
3233 3412 3388 3477 eius.
3480 3410 3581 3476 18.
3631 3409 3859 3477 Facies
3892 3412 4079 3476 etiam
4121 3412 4279 3477 duos

2337 3495 2668 3563 Cherubim
2710 3517 2968 3562 aureos.-
3010 3498 3269 3564 ductiles
3306 3496 3503 3579 facies
3539 3517 3642 3562 eos
3682 3499 3754 3563 in
3796 3496 4040 3562 duabus
4081 3502 4278 3562 extre·

2331 3584 2653 3649 mitatibus
2714 3577 3168 3665 propitiatorii.
3285 3583 3384 3648 19.
3466 3582 3693 3649 Facies
3760 3588 3963 3648 autem
4037 3581 4277 3648 Cherub

2328 3690 2525 3734 unum
2567 3671 2638 3734 in
2681 3674 2945 3735 extremo
2987 3671 3163 3750 hinc,
3206 3674 3262 3734 et
3308 3668 3549 3736 Cherub
3591 3669 3855 3735 alterum
3897 3668 3968 3733 in
4010 3674 4277 3735 extremo

2330 3756 2512 3821 inde.-
2567 3776 2645 3820 ex
2676 3757 3123 3839 propitiatorio
3163 3755 3412 3838 facietis
3459 3754 3820 3834 Cherubim,
3879 3754 4123 3820 duabus
4165 3774 4274 3820 ex-

2326 3841 2742 3907 tremitatibus
2792 3843 2948 3907 eius.
3032 3841 3136 3907 20.
3184 3841 3681 3925 Expandentque
3727 3839 4057 3907 Cherubim
4111 3840 4277 3906 duas

2329 3927 2476 3992 alas
2527 3948 2795 4010 superne
2847 3933 3108 4012 tepentes
3164 3927 3290 3994 alis
3346 3929 3485 3993 suis
3518 3927 4033 4011 propitiatorium
4050 3974 4064 3999 .
4110 3931 4165 3990 et
4205 3945 4275 3992 se

2329 4018 2540 4078 mutuo
2594 4014 2929 4094 aspicient.-
2983 4013 3070 4079 ad
3100 4014 3621 4098 propitiatorium
3663 4017 3841 4078 erunt
3879 4011 4077 4094 facies
4126 4010 4275 4078 Che-

2327 4099 2553 4164 rubim.
2640 4099 2744 4165 21.
2798 4099 2997 4166 Pones
3043 4106 3249 4165 autem
3282 4101 3796 4184 propitiatorium
3835 4119 4028 4181 super
4056 4117 4275 4164 arcam

2326 4206 2613 4269 superne,
2658 4190 2714 4251 et
2759 4186 2825 4251 in
2865 4206 3019 4251 arca
3049 4206 3248 4269 pones
3290 4186 3705 4252 testimonium
3747 4184 3907 4266 quod
3949 4183 4105 4249 dabo
4139 4182 4269 4249 tibi.

2326 4271 2430 4338 22.
2481 4271 2605 4337 Con
2613 4271 2975 4355 veniamque
3007 4277 3201 4339 tecum
3244 4273 3412 4351 illuc,
3456 4278 3513 4336 et
3554 4271 3775 4355 lowar
3813 4276 4009 4337 tecum
4053 4290 4087 4334 e
4117 4291 4266 4352 pro·

2312 4358 2644 4440 pitiatorio
2686 4358 2849 4423 inter
2889 4359 3052 4423 duos
3089 4357 3420 4424 Cherubim
3464 4358 3628 4440 quod
3669 4358 3788 4423 erit
3827 4375 4017 4437 super
4053 4375 4271 4421 arcam

2324 4444 2690 4595 testz'monii,
2744 4464 3144 4527 quaecunque
3193 4445 3589 4527 praecipiam
3648 4442 3760 4509 tibi
3817 4441 3904 4509 ad
3957 4440 4127 4522 filios
4172 4442 4273 4508 Is-

2322 4551 2435 4595 rae
2462 4581 2476 4594 .

2886 4873 3013 4938 EX
3058 4871 3361 4940 EXODI
3407 4871 3707 4939 XXXV.

2493 5046 2554 5111 4.
2606 5045 2911 5128 Dixitque
2928 5044 3138 5111 Moses
3183 5044 3270 5109 ad
3311 5046 3677 5112 universam
3719 5065 4105 5130 synaqoyam
4145 5045 4270 5126 fili-

2322 5153 2506 5198 orum
2552 5128 2794 5212 Israel,
2852 5130 2957 5196 his
3005 5130 3244 5196 verbis:
3286 5130 3422 5197 Hoc
3463 5136 3552 5197 est
3594 5132 3841 5197 verbum
3884 5132 4049 5213 quod
4077 5151 4270 5230 prae-

2321 5219 2482 5301 cepit
2524 5216 2788 5294 Iehova,
2845 5216 3129 5283 dicendo.-
3184 5217 3244 5283 5.
3293 5217 3574 5299 Accipite
3613 5238 3657 5283 a
3692 5217 3866 5283 vobis
3900 5217 4272 5282 oblationem

2326 5303 2618 5369 Iehovae:
2651 5305 2856 5369 omnis
2888 5309 3262 5385 spontancus
3303 5304 3483 5370 corde
3527 5323 3641 5369 suo
3686 5305 3897 5385 afferet
3940 5323 4078 5368 eam
4111 5301 4272 5368 obla-

2323 5392 2553 5457 tionem
2580 5387 2858 5472 Iehovae,
2903 5409 3153 5469 aurem,
3199 5394 3545 5474 arpentum,
3594 5395 3651 5454 et
3694 5409 3800 5454 aes
3816 5414 3835 5453 .·
3882 5388 3942 5453 6.
3990 5388 4079 5453 Et
4120 5387 4271 5472 hya-
