4867 6150
336 455 463 522 533

334 644 722 729 sanguinem
791 646 1120 712 funderet:
1202 648 1369 715 tales
1440 649 1733 715 victimas
1800 667 1974 715 nunc
2035 649 2276 714 iterum

332 739 504 797 totas
546 734 822 798 cremari
867 734 1049 799 iubet
1092 734 1292 801 Deus.
1363 734 1471 799 Ita
1514 734 1623 801 hic
1665 734 1845 801 locus
1889 733 2058 799 nihil
2095 734 2276 800 aliud

332 826 433 884 est
498 837 693 899 quam
762 818 1040 884 aliorum
1104 820 1541 897 confirmatio,
1613 821 1725 886 ubi
1799 819 2014 886 simile
2081 819 2279 885 datur

330 902 732 971 mandatum.
843 904 1036 972 Unde
1100 906 1430 989 apostolus
1485 903 1716 992 (Hebr.
1771 906 1885 985 13,
1957 903 2067 992 10)
2124 927 2279 972 con-

329 991 526 1055 cinna
584 989 900 1056 allusione
955 990 1203 1075 colligit
1259 990 1574 1057 abolitum
1619 1012 1763 1057 esse
1808 992 2099 1059 ciborum
2145 991 2276 1058 dis·

329 1074 617 1142 crimen:
675 1075 832 1141 dicit
883 1076 1060 1142 enim
1120 1097 1300 1143 nunc
1356 1085 1582 1161 patere
1625 1078 1814 1143 nobis
1857 1078 2138 1143 interius
2182 1077 2276 1143 al-

329 1168 491 1241 tare,
537 1160 710 1243 quod
754 1162 876 1228 sub
919 1162 1065 1246 lege
1108 1170 1250 1229 erat
1293 1161 1766 1243 absconditum,
1828 1162 2099 1246 ideoque
2143 1185 2279 1229 non

332 1245 617 1331 amplius
660 1249 834 1313 vesci
876 1247 1198 1333 legalibus
1243 1249 1611 1328 sacrificiis,
1671 1248 1803 1315 imo
1847 1249 2004 1333 quia
2046 1249 2278 1316 unicus

329 1333 631 1400 sacerdos
674 1344 895 1399 noster
949 1335 1339 1420 sanguinem
1395 1355 1586 1401 suum
1644 1333 1712 1400 in
1759 1335 2118 1401 sacrarium
2175 1335 2273 1399 in-

330 1417 503 1498 tulit,
549 1426 808 1485 tantum
854 1420 1042 1486 nobis
1087 1430 1356 1498 restare,
1398 1427 1477 1487 ut
1514 1429 1662 1505 post
1703 1421 1923 1505 ipsum
1961 1441 2278 1487 exeamus

328 1515 518 1571 extra
561 1514 791 1571 castra.

966 1847 1098 1914 EX
1142 1846 1447 1914 LEVI'P.
1493 1847 1650 1915 VH.

501 2021 561 2087 1.
609 2018 753 2086 Ista
799 2023 1004 2085 autem
1044 2025 1136 2086 est
1175 2018 1280 2085 lex
1321 2018 1558 2085 hostiae
1590 2040 1715 2102 pro
1755 2020 2005 2087 delicto:
2044 2021 2276 2085 sancti·

324 2106 532 2190 ficatio
573 2105 1134 2189 sanctificationum
1175 2109 1283 2171 est.
1357 2105 1416 2170 2.
1471 2107 1605 2189 Quo
1644 2107 1718 2173 in
1765 2107 1893 2173 loco
1926 2105 2279 2172 mactabunt
2321 2154 2322 2157 η

327 2193 593 2293 hostiam
635 2192 1008 2291 holocausti,
1063 2190 1416 2258 mactabunt
1454 2190 1723 2258 bostiam
1755 2213 1879 2276 pro
1922 2191 2166 2292 delicto,
2223 2197 2279 2258 et

326 2297 890 2463 ΞἭῖἶῗέυᾷῗ
900 2277 1701 2464 ..mdemfflz
1740 2299 1867 2445 525
1890 2283 2280 2442 ..tamt

327 2450 577 2535 adipem
624 2454 990 2534 operientem
1046 2453 1357 2515 iuteshna.
1453 2450 1513 2515 4.
1572 2448 1761 2517 Duos
1803 2470 2041 2533 quoque
2081 2470 2276 2529 renes,

326 2537 673 2621 etadipem
719 2534 832 2618 qui
888 2541 979 2602 est
1031 2555 1224 2619 super
1280 2535 1423 2602 illos
1478 2537 1592 2618 qui
1643 2540 1964 2619 estprope
2020 2535 2171 2611 ilia,
2226 2541 2280 2602 et

323 2624 553 2706 fibram
571 2641 761 2705 super
801 2621 990 2704 icem,
1032 2640 1172 2688 cum
1191 2620 1447 2688 renibus
1479 2620 1817 2689 removebit.
1865 2622 1925 2689 5.
1964 2621 2280 2688 Adolebit-

329 2730 448 2795 que
488 2709 606 2776 illa
647 2708 938 2774 sacerdos
978 2728 1170 2790 super
1193 2766 1204 2805 ἱ
1224 2707 1423 2773 altare
1464 2705 1830 2774 oblationem
1872 2709 2137 2793 iynitam
2180 2708 2283 2774 Ie-

327 2796 549 2863 bovae:
592 2794 814 2862 oblatio
843 2815 970 2876 pro
1010 2794 1227 2861 delicto
1270 2800 1378 2860 est.

510 2973 564 3032 1.
609 2964 748 3032 Ista
790 2970 998 3031 autem
1035 2969 1125 3031 est
1165 2964 1278 3030 lex.
1330 2964 1561 3048 Nuper
1603 2964 1936 3032 confessus
1979 2986 2127 3031 sum
2173 2986 2278 3031 me

328 3076 466 3122 non
514 3053 678 3120 satis
727 3061 949 3117 tenere
999 3049 1318 3135 quomodo
1362 3052 1529 3117 istae
1575 3050 1744 3117 duae
1784 3071 1983 3118 voces
2024 3062 2169 3120 &mn
2214 3059 2280 3116 et

330 3155 487 3211 ow&
532 3143 707 3206 inter
749 3159 820 3203 se
864 3137 1192 3218 differant,
1238 3137 1514 3221 ideoque
1558 3148 1871 3220 sequutus
1915 3159 2060 3203 sum
2105 3137 2277 3221 quod

332 3228 532 3313 vulgo
591 3234 929 3309 receptum
976 3232 1138 3302 erat,
1197 3230 1272 3288 ut
1315 3222 1597 3289 dicerem
1643 3223 1929 3289 hostiam
1972 3244 2091 3307 pro
2133 3245 2278 3308 pec-

330 3323 511 3391 cato,
555 3312 663 3380 vel
708 3332 827 3395 pro
873 3309 1164 3392 delicto..
1218 3309 1365 3375 Etsi
1424 3319 1641 3374 autem
1700 3309 1807 3375 hic
1863 3310 1933 3374 in
1991 3308 2279 3376 secunda

328 3398 548 3484 specie
592 3395 870 3464 eundem
917 3398 1119 3462 ritum
1165 3416 1359 3479 quem
1403 3395 1473 3460 in
1528 3394 1732 3478 priori
1779 3396 2039 3461 servari
2076 3396 2278 3479 iubet,

372 3484 650 3551 uaedam
687 3491 912 3548 tamen
935 3481 1249 3566 exprimit
1283 3501 1452 3565 quae
1476 3502 1689 3566 nuper
1722 3481 2051 3562 omiserat,
2089 3481 2281 3547 sicuti

376 3593 414 3637 e
472 3570 848 3654 aspersione
905 3569 1244 3654 sanguinis
1304 3589 1419 3651 per
1485 3566 1712 3632 altaris
1776 3567 2138 3647 circuitum,
2200 3567 2282 3632 de

328 3657 659 3723 oblatione
682 3653 914 3740 adipis,
951 3662 1019 3721 et
1052 3675 1305 3734 renum,
1343 3660 1408 3718 et
1432 3653 1772 3731 similibus,
1810 3674 2091 3736 quorum
2127 3661 2281 3720 ante

325 3744 500 3809 facta
543 3764 672 3807 non
717 3739 938 3808 fuerat
982 3740 1243 3805 mentio.
1290 3738 1572 3805 Summa
1615 3740 1747 3805 huc
1783 3738 2014 3820 tendit,
2060 3747 2137 3805 ut
2171 3761 2281 3806 eo-

326 3829 474 3895 dem
513 3830 647 3894 ritu
684 3844 749 3892 et
784 3827 977 3894 modo
1021 3834 1157 3891 tam
1193 3845 1314 3909 pro
1355 3834 1622 3910 peccato
1657 3845 1855 3910 quam
1890 3845 2010 3909 pro
2046 3825 2282 3893 delicto

321 3915 714 4067 sfflficent,
762 3935 973 3999 neque
1017 3911 1351 3977 tantillum
1393 3910 1744 3978 deflectant
1789 3932 1829 3978 a
1872 3913 2104 3997 regula
2153 3911 2282 3980 sibi

846 4341 978 4408 EX
1020 4339 1351 4407 EODEM
1396 4337 1759 4406 CAPI'I'E.

502 4515 605 4581 11.
652 4513 828 4581 Haec
882 4517 1089 4578 autem
1142 4516 1231 4578 est
1271 4511 1373 4578 lex
1394 4598 1405 4611 ι
1428 4512 1733 4594 sacrificii
1760 4513 2278 4612 prosper-itam,

323 4598 1077 4764 ewulerffeilelugffhaeauid
1121 4596 2282 4784 obgdszrprzagrnfflmgaffamwm

327 4774 598 4841 aetionis
612 4825 629 4855 ,
674 4774 1004 4857 placentas
1066 4771 1543 4853 infermentatas
1583 4775 1864 4836 versatas
1907 4790 1976 4834 in
2018 4769 2140 4834 oleo
2154 4820 2170 4848 ‚
2225 4774 2283 4835 et

324 4862 562 4946 laqana
616 4860 1054 4943 infermentata
1107 4863 1295 4923 uncta
1349 4856 1476 4923 oleo
1492 4907 1508 4937 ‚
1582 4861 1640 4922 et
1691 4856 1971 4921 similam
2024 4856 2282 4937 frictam

327 4966 462 5012 una
517 4965 658 5011 cum
710 4944 1010 5029 placentis
1067 4943 1201 5011 alis
1252 4943 1519 5009 versatis
1583 4943 1654 5008 in
1712 4942 1855 5008 oleo.
1957 4940 2059 5005 13.
2123 4939 2282 5006 Cum

317 5032 628 5116 placentis
660 5032 862 5114 panis
900 5029 1259 5113 fermentati
1291 5029 1499 5112 offeret
1538 5028 2125 5094 oblationem.suam
2152 5047 2281 5109 pro

328 5117 642 5199 sacrificio
700 5117 1061 5202 ,oratiarum
1128 5117 1392 5181 actionis
1435 5115 1929 5198 prosperitatum
1991 5132 2274 5179 suarum.

334 5203 435 5269 14.
489 5202 828 5286 Offeretqae
868 5223 947 5268 ex
988 5221 1056 5267 eo
1097 5221 1294 5266 unum
1331 5221 1586 5284 pam,
1647 5221 1725 5266 eze
1765 5202 1932 5266 omni
1979 5200 2281 5265 oblatione

329 5289 695 5356 oblationem
716 5288 998 5354 Iehovae.
1066 5287 1167 5353 15.
1211 5285 1376 5353 Caro
1410 5292 1621 5352 autem
1659 5285 1896 5354 hostiae
1924 5285 2282 5371 gratiarum

329 5375 598 5443 actionis
627 5376 1121 5457 prosperitatum
1154 5374 1307 5451 eius,
1354 5373 1426 5437 in
1458 5373 1560 5439 die
1592 5372 1921 5446 oblationis
1955 5374 2094 5439 eius
2126 5392 2284 5439 com-

1740 457 2250 527 SECUNDUM
2293 459 2942 531 PRAEGEP'PUM.

4204 472 4338 539 534

2380 649 2619 716 edetur:
2678 671 2801 717 uon
2851 651 3154 735 relinquet
3205 675 3283 720 ex
3339 674 3406 720 eo
3447 676 3641 743 usque
3682 676 3883 723 mane.
3990 660 4092 726 16.

2379 736 2443 833 si
2484 739 2706 814 votum,
2750 737 2849 804 vel
2889 743 3297 820 spoeuaneum
3335 742 3530 823 fuerit
3571 742 3955 823 sacrificium
4003 745 4334 813 oblationis

2381 839 2537 901 eius,
2580 821 2686 888 die
2727 843 2846 905 quo
2889 823 2997 889 ille
3039 824 3323 891 obtulerit
3358 827 3750 909 sacrificium
3793 848 3997 910 suum,
4062 833 4335 898 comede·

2381 911 2522 985 tur,
2569 912 2629 973 et
2669 910 2946 990 sequenti
2988 908 3091 974 die
3135 912 3472 978 comedetur
3511 914 3675 997 quod
3698 915 4087 997 superfuerit
4126 937 4204 982 ex
4243 937 4332 983 eo,

2385 992 2485 1057 17.
2539 994 2716 1076 Quod
2748 1014 2889 1062 vero
2930 995 3313 1078 superfuerit
3341 998 3418 1063 de
3458 1018 3647 1065 carue
3689 1002 3993 1081 sacrifi-cii
4017 1001 4119 1068 die
4150 1004 4336 1068 tertia

2380 1079 2522 1161 iqui
2563 1079 2969 1146 comburetur.
3062 1081 3163 1146 18.
3213 1081 3290 1147 Si
3331 1088 3537 1150 autem
3579 1086 3936 1152 comedendo
3979 1088 4334 1155 comedatur

2381 1163 2630 1246 aliquid
2651 1164 2727 1230 de
2768 1186 2951 1232 earne
2972 1167 3273 1250 sacrificii
3285 1171 3786 1251 prosperitatum
3826 1174 3967 1238 eius
3986 1173 4091 1239 die
4125 1174 4331 1253 tertia,

2380 1269 2508 1348 nori
2541 1249 2815 1350 placebit
2856 1253 3116 1334 offerens
3149 1253 3328 1334 illud,
3367 1275 3559 1338 neque
3600 1258 4013 1341 imputabitur
4053 1258 4186 1339 illi,
4225 1260 4332 1325 ab·

2380 1340 2679 1402 minatio
2721 1341 2869 1435 eritf
2926 1343 2983 1403 et
3035 1340 3255 1405 anima
3309 1342 3624 1409 eamden-s·
3676 1363 3757 1409 ea·
3818 1363 3885 1409 eo
3938 1344 4332 1427 iniquitatem

2380 1440 2568 1487 suam
2619 1422 2901 1504 portabit.

2973 1763 3109 1831 Ex
3151 1766 3458 1833 LEVI'I'.
3506 1766 3739 1835 XXII.

2553 1934 2656 2000 29.
2710 1935 2914 2018 Quum
2955 1956 3098 2001 vero
3138 1939 3644 2021 sacrificaveritis
3677 1940 4062 2023 sacrificium
4090 1942 4336 2025 qratia·-

2379 2040 2526 2085 rum
2569 2022 2831 2088 actionis
2875 2021 3166 2103 Iebovae,
3225 2024 3297 2089 iu
3338 2026 3813 2107 aoeepuztionem
3850 2027 4047 2094 vestri
4087 2026 4335 2109 sacrifi-

2379 2105 2622 2173 cabitis.
2710 2106 2813 2173 30.
2859 2107 3009 2185 Die
3043 2108 3189 2190 ipsa
3231 2110 3574 2177 comedetur
3590 2137 3609 2176 .-
3661 2133 3784 2178 mm
3824 2113 4189 2194 relinquetis
4228 2133 4337 2179 us·

2380 2212 2499 2275 que
2539 2213 2724 2259 mane
2762 2213 2841 2259 ex
2878 2214 2981 2260 eo:
3032 2214 3139 2279 eqo
3183 2192 3434 2262 Iehova.
3577 2222 3583 2228 ·
4268 2190 4277 2203 ’

2999 2484 3135 2551 EX
3180 2487 3483 2554 LEVI'I'.
3520 2486 3718 2554 XIX.

2556 2619 2618 2687 5.
2663 2620 2752 2687 Et
2791 2623 3041 2704 quando
3075 2623 3583 2706 sacrificaveritis
3601 2624 3987 2706 sacrificium
4008 2626 4337 2709 prosperi·

2381 2710 2579 2772 tatum
2643 2706 2939 2788 Iebovae,
3004 2709 3076 2774 in
3131 2713 3604 2794 acceptationem
3654 2712 3847 2777 vestri
3900 2711 4337 2794 sacrificabitis

2379 2791 2561 2859 illud.
2635 2793 2697 2859 6.
2734 2793 2864 2860 Die
2902 2815 3022 2877 quo
3061 2795 3568 2879 sacrificaveritis
3611 2796 3972 2875 comedetur,
4016 2802 4071 2862 et
4101 2798 4339 2879 postri-

2381 2878 2520 2944 die.-
2579 2879 2749 2962 quod
2803 2884 3010 2946 autem
3051 2882 3436 2964 superfuerit
3486 2901 3687 2963 usque
3727 2881 3815 2947 ad
3856 2881 4021 2948 diem
4063 2884 4335 2962 tertium,

2382 2965 2518 3047 igni
2580 2963 2987 3032 comburetur.
3089 2967 3148 3031 7.
3216 2968 3397 3049 Quod
3453 2969 3515 3033 si
3568 2967 3927 3033 comedendo
3980 2967 4341 3033 comedatur

2382 3050 2487 3117 die
2529 3052 2721 3129 tertie,
2766 3071 2892 3134 pro
2922 3073 3115 3119 anum
3155 3054 3304 3130 erit,
3360 3075 3553 3136 neque
3599 3052 3884 3134 placebit.
3975 3053 4033 3120 8.
4081 3053 4171 3119 Et
4224 3054 4340 3138 qui

2382 3137 2708 3203 comederit
2740 3138 2818 3205 ill
2909 3188 2924 3218 ,
2959 3158 3230 3221 poenam
3263 3140 3623 3222 iniquitatis
3655 3160 3810 3205 suae
3834 3139 4141 3221 portabit.-
4182 3142 4339 3223 quia

2381 3224 2784 3324 sanctitatem·
2817 3223 3077 3290 Iebovae
3110 3224 3371 3308 polluit.-
3411 3231 3470 3291 et
3509 3225 3822 3292 excidetur
3857 3225 4077 3290 anima
4110 3227 4260 3307 ipsa
4301 3247 4336 3292 e

2382 3308 2638 3391 populis
2676 3329 2834 3375 suis.

2560 3480 2662 3546 11.
2712 3479 2889 3545 Haec
2920 3484 3126 3546 autem
3159 3486 3250 3546 est
3284 3481 3386 3547 lex
3419 3482 3741 3565 sacrificii.
3790 3480 3930 3547 Gur
3962 3482 4087 3547 hoc
4119 3502 4337 3567 genus

2386 3566 2689 3632 sacrificii
2746 3566 3033 3632 vocarim
3079 3568 3607 3650 prosperitatum,
3668 3567 3825 3633 alibi
3868 3570 4189 3634 rationem
4236 3576 4336 3633 at-

2385 3652 2530 3717 tuli.
2622 3650 2972 3719 Caeterum
3030 3672 3163 3717 non
3225 3653 3417 3719 modo
3473 3655 3544 3718 in
3589 3654 3849 3738 signum
3910 3653 4337 3737 gratitudinis

2387 3737 2606 3803 oblata
2646 3738 2863 3816 fuisse,
2910 3737 3025 3803 sed
3070 3759 3272 3821 quum
3315 3739 3443 3804 Dei
3488 3760 3678 3822 opem
3729 3737 4190 3822 implorarent,
4249 3761 4337 3805 ex

2387 3824 2511 3890 hoc
2577 3823 2718 3890 loco
2791 3831 2857 3888 et
2927 3824 3071 3889 aliis
3136 3833 3338 3909 patet.
3455 3824 3669 3891 Modis
3738 3833 3959 3890 tamen
4033 3826 4337 3894 omnibus

2386 3911 2605 3975 testati
2663 3915 2820 3976 sunt
2873 3930 2943 3976 se
3002 3929 3356 3995 agnoscere
3401 3911 3618 3977 Deum
3665 3911 3986 3976 bonorum
4039 3913 4337 3977 omnium

2388 4004 2714 4061 autorem:
2768 3993 2909 4061 sive
2943 3993 3025 4060 ob
3058 3996 3320 4081 insigne
3356 3996 3618 4080 aliquod
3655 3996 4049 4063 beneficium
4086 3998 4337 4082 gratias

2388 4081 2703 4166 agebant:
2748 4080 2891 4147 sive
2935 4080 3247 4164 petebant
3290 4083 3434 4150 eius
3468 4101 3590 4167 ope
3632 4082 3896 4148 liberari
3918 4104 3956 4147 a
3988 4083 4334 4167 periculis:

2387 4168 2529 4234 sive
2585 4168 2658 4232 in
2715 4188 2956 4252 genere
3022 4168 3497 4252 profitebantur
3552 4189 3741 4235 suam
3797 4170 4138 4251 pietatem,
4198 4170 4336 4235 sive

2386 4262 2546 4319 vota
2589 4253 2965 4334 solvebant,
3024 4275 3194 4338 quae
3237 4254 3622 4338 simpliciter
3665 4262 3735 4319 et
3777 4255 3918 4320 sine
3961 4255 4336 4321 conditione

2385 4340 2655 4405 fuerunt
2697 4347 3101 4423 nuncupata:
3164 4360 3315 4404 nam
3376 4341 3510 4406 voti
3566 4340 4019 4407 conditionalis
4077 4340 4337 4423 solutio,

2385 4426 2748 4511 gratiarum
2795 4427 2962 4491 actio
3005 4434 3164 4492 erat.
3211 4426 3420 4491 Porro
3465 4427 3616 4510 quia
3659 4426 3873 4491 Deum
3919 4426 3992 4492 in
4035 4428 4339 4493 omnibus

2387 4512 2607 4578 debito
2651 4511 2831 4578 cultu
2916 4512 3452 4595 rosequebantur‚
3497 4511 3918 4597 gratitudinis
3953 4532 4115 4577 suae
4146 4513 4337 4578 testi-

2386 4597 2682 4664 monium
2756 4595 2837 4661 de
2884 4607 3097 4663 erunt.
3200 4598 3380 4664 Hinc
3450 4597 3690 4662 merito
3758 4617 3998 4662 nomen
4067 4599 4339 4682 imposi-

2385 4691 2528 4749 tum
2574 4682 2936 4750 sacrificiis:
2985 4685 3138 4766 quia
3183 4682 3287 4749 vel
3334 4682 3417 4749 ab
3462 4703 3538 4749 eo
3580 4681 3890 4767 optabant
3932 4682 4155 4750 felices
4190 4706 4339 4751 suc-

2387 4790 2637 4850 cessus,
2696 4769 2800 4834 vel
2845 4788 3010 4851 quos
3052 4768 3185 4833 iam
3230 4768 3449 4853 adepti
3493 4777 3699 4850 erant,
3765 4768 3905 4835 eius
3946 4773 4199 4854 gratiae
4242 4770 4337 4835 fe-

2387 4857 2622 4922 rebant
2670 4863 3000 4939 acceptos:
3070 4854 3173 4919 vel
3219 4855 3289 4919 in
3348 4856 3545 4922 rebus
3590 4852 3885 4922 adversis
3941 4856 4335 4921 levationem

2385 4942 2806 5025 flagitabant,
2866 4940 2968 5005 vel
3029 4939 3109 5006 de
3151 4940 3354 5006 salvis
3412 4950 3478 5007 et
3533 4941 3814 5026 integris
3877 4941 4003 5006 sibi
4047 4941 4336 5027 gratula-

2393 5026 2650 5092 bantur.
2739 5025 2944 5091 Ponit
2999 5033 3221 5091 tamen
3275 5027 3493 5094 Moses
3549 5028 3733 5111 quasi
3794 5028 4077 5111 speciem
4134 5048 4335 5092 unam

2388 5112 2469 5177 ab
2525 5112 2671 5178 aliis
2730 5111 3141 5194 distinctam,
3201 5114 3591 5180 sacrificium
3648 5134 3769 5197 pro
3827 5113 4184 5197 gratiarum
4232 5132 4337 5178 ac-

2387 5199 2591 5264 tione:
2673 5219 2911 5283 nempe
2976 5196 3087 5263 ubi
3153 5219 3237 5263 ex
3298 5199 3591 5283 professo
3659 5198 3741 5264 de
3805 5198 4049 5282 insigni
4115 5198 4337 5282 aliqua

2386 5285 2770 5350 liberatione
2828 5285 3075 5368 gratias
3134 5283 3447 5369 agebant:
3518 5286 3687 5369 quod
3736 5303 3866 5350 non
3911 5305 4168 5367 semper
4218 5286 4338 5350 fle-

2392 5372 2522 5438 bat.
2610 5371 2694 5435 In
2754 5369 2876 5437 hac
2928 5370 3145 5456 specie
3202 5371 3380 5436 iubet
3437 5371 3776 5454 placentas
3820 5369 3961 5435 sine
4015 5369 4341 5436 fermento

3825 5469 3928 5524 34*
