4867 6150
558 432 686 501 627

562 622 852 709 cognita,
898 622 956 688 si
992 621 1379 706 simplicitas
1423 620 1526 687 vel
1572 619 2002 705 incogitantia
2038 619 2373 686 hominem
2410 640 2524 685 ex·

563 714 848 777 cusaret.
936 708 1122 774 Haec
1178 707 1401 790 itaque
1459 706 1762 790 specialis
1819 715 1921 773 est
1976 705 2307 790 exceptio,
2363 726 2528 789 quae

565 795 894 862 iudicibus
960 793 1284 876 permittit
1351 793 1756 877 distinguere
1837 813 2159 858 noxarum
2239 793 2526 876 species:

566 901 810 965 nempe
853 879 912 945 si
955 888 1361 962 compertum
1408 879 1537 947 illis
1582 881 1782 944 fuerit
1823 878 2159 945 hominem
2205 899 2337 944 non
2382 898 2527 943 esse

568 967 803 1034 mortis
857 986 1080 1042 reum,
1140 974 1215 1030 ut
1272 967 1413 1032 eius
1457 975 1682 1031 tamen
1724 964 2201 1051 negligentiam
2246 964 2527 1048 pecunia

569 1053 908 1120 mulctent.

743 1138 847 1205 31.
899 1136 1044 1202 Sive
1081 1135 1293 1217 filium
1323 1156 1518 1203 cornu
1546 1137 1821 1219 petierit.
1889 1133 2083 1218 Quod
2121 1137 2203 1201 ad
2239 1144 2525 1203 aetatem

568 1222 838 1310 quidam
896 1223 1222 1302 referunt,
1290 1244 1366 1288 ac
1408 1224 1466 1289 si
1509 1222 1631 1288 filii
1675 1233 1742 1287 et
1782 1222 1959 1288 filiae
2016 1224 2525 1289 nominarentur

613 1311 756 1376 ueri
804 1322 869 1375 et
911 1307 1190 1392 puellae,
1237 1309 1457 1375 nescio
1498 1328 1585 1374 an
1625 1310 2004 1376 conveniat:
2053 1330 2262 1392 neque
2300 1319 2525 1373 tamen

566 1333 742 1463 hanc
786 1394 1183 1461 sententiam
1227 1395 1471 1461 reiicio.
1558 1393 1953 1478 Quanquam
1998 1393 2258 1460 videtur
2300 1394 2524 1461 Moses

569 1482 969 1567 amplificare
1026 1480 1277 1564 legem,
1331 1481 1389 1546 si
1445 1480 1561 1547 bos
1617 1481 1917 1564 petulcus
1973 1479 2249 1546 herilem
2308 1482 2520 1546 filium

568 1568 914 1647 occiderit,
971 1575 1047 1632 ut
1090 1573 1278 1650 pater
1320 1567 1461 1651 ipse
1503 1586 1754 1651 poenae
1798 1565 2161 1646 subiaceat,
2227 1567 2338 1650 qui
2384 1586 2521 1631 non

567 1655 805 1720 melius
884 1652 1107 1720 liberis
1185 1652 1322 1718 suis
1386 1653 1814 1738 prospexerit.
1924 1651 2232 1718 Dubitari
2297 1663 2521 1718 autem

568 1741 807 1824 potuit,
852 1759 1222 1822 aequumne
1265 1748 1435 1804 esset
1479 1749 1732 1822 patrem
1775 1739 1908 1804 iam
1954 1738 2257 1804 orbitatis
2302 1736 2524 1803 dolore

565 1826 932 1893 confectum
979 1822 1062 1889 ad
1096 1832 1374 1890 mortem
1411 1824 1703 1891 trabere:
1752 1845 1986 1891 verum
2029 1823 2112 1889 ad
2147 1823 2522 1907 exemplum

567 1912 884 1996 pertinet,
945 1930 1080 1975 non
1138 1910 1409 1993 impune
1452 1910 1682 1976 cedere
1739 1908 2122 1994 parentibus
2181 1911 2238 1975 si
2293 1929 2523 1975 eorum

566 1997 759 2082 culpa
803 1997 922 2063 filii
965 1997 1069 2062 vel
1114 1997 1288 2062 filiae
1327 2005 1623 2080 pereant.

740 2083 844 2150 32.
911 2082 987 2148 Si
1027 2103 1293 2149 semum.
1383 2081 1576 2164 Quod
1628 2082 1761 2148 iam
1806 2082 2084 2147 minoris
2141 2082 2527 2148 aestimatur

566 2170 748 2237 servi
793 2169 987 2235 occisi
1032 2190 1240 2253 poena
1283 2189 1479 2252 quam
1526 2168 1811 2234 hominis
1845 2167 2056 2247 liberi,
2100 2167 2357 2233 ratione
2393 2187 2524 2232 non

567 2265 767 2324 caret.
837 2254 1180 2335 Quantum
1220 2253 1303 2319 ad
1337 2254 1591 2321 crimen
1634 2254 1852 2321 caedis
1889 2254 2331 2333 voluntariae,
2377 2254 2527 2318 nul-

565 2342 706 2407 lum
750 2342 881 2407 fuit
923 2341 1276 2407 discrimen
1320 2341 1492 2406 inter
1536 2361 1761 2407 servos
1805 2360 1880 2406 ac
1924 2339 2257 2407 dominos:
2298 2340 2370 2404 in
2416 2338 2529 2404 de-

565 2428 721 2494 lict-o
789 2436 1011 2493 autem
1079 2426 1296 2509 potuit
1361 2425 1607 2511 aliquid
1676 2425 1755 2491 de
1822 2428 2175 2492 severitate
2242 2426 2525 2491 remitti:

563 2513 954 2598 praesertim
1013 2533 1212 2595 quum
1271 2510 1458 2578 bovis
1517 2510 1835 2596 lapidatio
1893 2511 1976 2577 ad
2022 2510 2527 2578 detestationem

566 2599 783 2665 caedis
822 2597 1173 2664 sufficeret.
1241 2596 1515 2680 Optima
1549 2619 1706 2683 ergo
1741 2597 2191 2664 moderatione
2228 2618 2388 2664 usus
2424 2605 2527 2663 est

566 2685 753 2751 Deus
817 2705 1020 2768 quum
1088 2684 1364 2767 triginta
1416 2684 1594 2750 siclis
1654 2683 1995 2749 damnavit
2049 2683 2524 2767 negligentiam

567 2770 848 2836 domini:
894 2771 1128 2836 bovem
1175 2790 1327 2835 vero
1370 2769 1441 2834 in
1487 2769 1859 2853 exemplum
1906 2770 2270 2854 proposuit,
2338 2771 2525 2835 cuius

565 2878 727 2923 nece
762 2877 993 2922 omnes
1031 2856 1609 2921 commonefierent
1642 2864 2044 2941 quantopere
2079 2856 2408 2941 pretiosus
2437 2857 2527 2921 sit

564 2941 714 3010 Deo
759 2943 1093 3009 humanus
1136 2941 1426 3025 sanguis.

1185 3284 1319 3352 EX
1353 3285 1623 3353 DEUT.
1670 3284 1902 3351 XVII.

740 3459 802 3524 6.
865 3457 950 3523 In
1005 3478 1109 3524 ονε
1148 3458 1421 3524 duorum
1461 3458 1558 3523 vel
1596 3458 1793 3523 trium
1835 3455 2083 3522 testium
2124 3456 2529 3539 interficietur

561 3545 1091 3698 tqgssismoritums
1154 3549 1278 3623 est,
1355 3564 1480 3610 non
1552 3543 1955 3626 iactet-ficiam
2030 3544 2105 3608 in
2168 3563 2270 3609 ονε
2331 3545 2530 3612 unius

1202 3969 1334 4038 EX
1378 3970 1649 4038 DEU'JJ.
1693 3968 1893 4036 XIX.

742 4143 845 4210 15.
915 4143 1065 4212 Non
1116 4142 1306 4210 stabit
1358 4144 1533 4208 testis
1572 4161 1742 4208 unus
1785 4147 1999 4208 omatra
2043 4163 2414 4227 quemquam
2458 4148 2528 4213 in

570 4251 937 4313 quacunque
998 4230 1366 4313 iniquitate,
1422 4234 1478 4295 et
1529 4228 1602 4294 in
1658 4247 2017 4311 quocunque
2060 4236 2311 4311 peccato
2365 4234 2531 4315 quod

557 4317 940 4399 peccaverit:
993 4317 1064 4381 in
1120 4336 1224 4381 ονε
1273 4317 1543 4381 duorum
1592 4314 1845 4380 testium
1895 4316 1994 4381 vel
2047 4316 2119 4381 in
2175 4337 2279 4382 ore
2328 4320 2530 4385 trium

568 4403 818 4467 testium
859 4402 1047 4468 stabit
1090 4401 1361 4468 verbum,

747 4571 960 4638 Sicuti
1004 4574 1323 4640 severitas
1357 4574 1427 4638 in
1464 4572 1792 4655 exigenda
1826 4593 2055 4657 poena,
2104 4572 2209 4638 ubi
2256 4574 2524 4641 caedem

570 4659 813 4726 factam
860 4679 1006 4726 esse
1048 4667 1338 4737 constat,
1382 4658 1671 4725 ostendit
1713 4659 1945 4742 quanti
1990 4660 2295 4725 aestimet
2338 4659 2527 4728 Deus

572 4745 916 4812 hominum
980 4745 1220 4825 vitam,
1288 4746 1380 4810 ita
1432 4743 1709 4809 eandem
1769 4744 2203 4812 conservandi
2268 4747 2524 4813 innoxii

570 4832 915 4917 sanguinis
957 4852 1179 4896 curam
1242 4830 1530 4896 declarat
1589 4851 1753 4913 quae
1807 4831 1917 4897 hic
1974 4834 2246 4915 ponitur
2301 4831 2523 4899 mode·

572 4919 760 4984 ratio.
851 4916 1026 4999 Quia
1083 4918 1262 4981 enim
1319 4917 1526 4982 nimia
1583 4915 1939 4984 crudelitas
2002 4938 2196 5002 saepe
2239 4916 2524 4985 iudicem

568 5004 936 5088 impelleret
969 5002 1053 5069 ad
1098 5003 1390 5069 insontes
1434 5002 1857 5083 damnandos,
1903 5003 2058 5071 huic
2094 5004 2267 5070 malo
2311 5025 2525 5071 reme-

569 5090 752 5156 dium
795 5089 982 5155 Deus
1028 5088 1325 5165 adhibet,
1382 5088 1493 5153 ubi
1545 5090 1827 5169 crimen,
1891 5090 2015 5156 nisi
2073 5091 2283 5155 firmis
2339 5094 2524 5158 testi-

570 5177 812 5241 moniis
872 5174 1252 5260 probatum,
1312 5174 1532 5259 puniri
1593 5182 1790 5241 vetat.
1883 5176 2032 5242 Etsi
2091 5197 2249 5242 vero
2308 5176 2522 5261 legem

567 5261 741 5328 hanc
786 5262 1176 5327 naturaliter
1232 5261 1583 5345 insculpsit
1637 5261 1930 5327 omnium
1989 5263 2325 5343 cordibus,
2391 5285 2521 5347 quo

563 5355 788 5413 tamen
854 5348 1142 5414 sanctior
1221 5358 1393 5414 esset
1470 5347 1842 5415 observatio
1919 5348 2095 5433 apud
2161 5348 2522 5431 Israelitas,

2035 429 2422 498 SEXTUM
2465 429 3115 499 PRAEOEPTUM.

4433 431 4542 500 628

2627 621 2825 686 scribi
2872 620 3116 688 voluit:
3175 621 3331 707 quia
3385 622 3559 688 nihil
3616 623 3832 708 magis
3889 620 4323 705 periculosum
4377 641 4548 704 quam

2629 708 2827 773 unius
2888 706 3179 773 hominis
3246 707 3514 793 linguae
3579 707 3902 775 subiicere
3963 707 4279 792 cuiusque
4341 709 4551 775 vitam:

2628 792 2743 857 ubi
2789 800 3007 858 autem
3054 814 3416 860 consensus
3473 795 3757 862 duorum
3817 793 3919 859 vel
3965 792 4166 858 trium
4211 793 4377 859 serio
4416 814 4553 859 exa-

2626 879 2952 956 minatur,
3020 888 3097 944 ut
3161 880 3521 964 plurimum
3581 878 3986 964 deprehendi
4048 887 4265 963 potest
4328 880 4385 943 si
4442 900 4556 963 qua

2627 964 2789 1029 latet
2830 964 3101 1032 falsitas.
3189 966 3288 1032 Er
3335 988 3374 1030 o
3418 988 3506 1033 ne
3549 968 3654 1034 vel
3699 966 3956 1034 levibus
3999 965 4418 1044 coniecturis,
4463 966 4556 1030 vel

2628 1070 2862 1133 parum
2908 1050 3165 1117 idoneis
3209 1053 3291 1119 de
3319 1052 3681 1135 ationibus,
3730 1053 3833 1118 vel
3878 1051 4121 1134 iniquis
4162 1050 4560 1136 praeiudiciis

2627 1139 3252 1221 temere-quisquam
3293 1138 3661 1217 damnetur,
3707 1160 3783 1205 ae
3818 1139 3913 1203 ita
3947 1140 4358 1222 opprimatur
4389 1137 4560 1202 inno·

2626 1223 2858 1303 centia,
2904 1222 3090 1289 Deus
3124 1245 3198 1290 se
3231 1225 3523 1292 medium
3569 1226 3857 1310 opponit,
3905 1245 4025 1290 nec
4066 1225 4317 1307 patitur
4355 1242 4562 1306 quem·

2626 1329 2823 1392 quam
2868 1309 3096 1376 durius
3141 1313 3413 1377 tractari
3458 1313 3585 1378 nisi
3630 1311 3835 1395 probe
3878 1311 4275 1378 convictum.

3243 1650 3376 1718 EX
3418 1650 3690 1719 DEU'P.
3735 1649 3970 1716 XXII.

2800 1821 2862 1888 8.
2909 1821 2987 1888 Si
3029 1822 3470 1896 aedificaveris
3510 1822 3762 1888 domum
3803 1842 4060 1900 novam,
4101 1821 4303 1904 facies
4343 1825 4570 1893 tabula-

2626 1912 2760 1974 tum
2790 1928 2917 1990 per
2956 1909 3292 1975 circuitum
3332 1910 3403 1973 in
3447 1913 3591 1974 tecto
3633 1915 3768 1976 mo.-
3824 1929 3933 1975 nec
3972 1929 4173 1991 pones
4211 1912 4571 1995 sanguim

2625 1993 4134 2078 indomotua,siquispiamoecideritexeo.

2803 2165 2950 2231 Hoc
2992 2186 3249 2250 quoque
3284 2175 3706 2250 praeceptum
3742 2164 3823 2230 ad
3863 2166 4189 2232 humanae
4223 2169 4402 2234 vitae
4434 2190 4571 2235 con-

2630 2252 3076 2317 servationem
3128 2262 3398 2335 spectat.
3484 2250 3749 2318 Scimus
3802 2252 4067 2320 Iudaeis
4125 2254 4324 2338 plana
4380 2254 4569 2321 fuisse

2632 2349 2820 2419 tecta,
2856 2350 2933 2403 ut
2954 2338 3196 2404 liberae
3218 2338 3354 2404 illic
3375 2349 3597 2404 essent
3631 2337 4124 2405 ambulationes.
4183 2338 4262 2406 Si
4298 2340 4571 2407 claustra

2630 2445 2765 2489 non
2823 2425 3104 2491 fuissent
3159 2425 3491 2508 opposita,
3555 2423 3819 2490 lethalis
3877 2424 4111 2491 fuisset
4167 2425 4430 2510 lapsus:
4487 2428 4572 2492 ita

2631 2528 2828 2593 saepe
2872 2510 3105 2576 domus
3150 2531 3379 2576 omnes
3422 2512 3702 2576 fuissent
3766 2511 4084 2577 funestae.
4172 2512 4376 2579 Iubet
4432 2533 4574 2598 ergo

2632 2596 2815 2661 Deus
2859 2596 3168 2663 claustris
3211 2598 3320 2664 vel
3373 2595 3684 2662 cancellis
3726 2596 3832 2663 vel
3880 2598 4027 2664 aliis
4069 2597 4400 2666 clausuris
4442 2620 4575 2664 mu·

2632 2681 2765 2747 niri
2840 2682 3221 2763 circuitum,
3298 2691 3365 2748 et
3441 2681 3704 2764 quidem
3784 2703 4018 2749 severa
4085 2683 4575 2752 denunciatione

2630 2768 3054 2851 interposita:
3100 2769 3324 2835 domos
3369 2769 3545 2833 enim
3590 2768 3916 2853 sanguine
3963 2771 4404 2837 contaminari
4441 2792 4574 2853 pro-

2631 2855 2903 2921 nunciat
2946 2856 3000 2921 si
3048 2856 3195 2938 quis
3230 2877 3312 2921 ex
3349 2863 3523 2920 tecto
3561 2875 3694 2919 non
3729 2855 3955 2921 clauso
3993 2854 4328 2924 deciderit.
4397 2855 4574 2939 Quod

2629 2941 2685 3007 si
2731 2940 2868 3006 sola
2911 2942 3167 3007 incuria
3209 2951 3583 3007 contractus
3626 2940 3753 3006 fuit
3799 2952 4054 3021 reatus,
4117 2943 4273 3010 hinc
4316 2948 4576 3029 apparet

2628 3037 3029 3111 quantopere
3066 3027 3251 3094 Deus
3293 3029 3707 3093 abominetur
3749 3025 4171 3095 deliberatam
4216 3030 4572 3097 saevitiam.

2629 3114 2719 3179 Et
2763 3114 2819 3179 si
2864 3135 3400 3198 unumquemque
3452 3115 3546 3179 ita
3590 3114 3940 3181 sollicitum
3984 3137 4130 3181 esse
4171 3118 4465 3200 oportuit
4503 3114 4576 3182 de

2628 3201 2909 3265 fratrum
2955 3221 3227 3266 suorum
3274 3201 3442 3280 vita,
3502 3199 3658 3267 hinc
3703 3214 3977 3285 apparet
4032 3214 4358 3285 quantum
4404 3203 4575 3269 nefas

2628 3285 2828 3351 fuerit
2872 3306 2981 3352 eos
3025 3285 3180 3352 data
3224 3306 3425 3370 opera
3472 3286 3800 3352 hostiliter
3844 3288 4133 3372 aggredi.

3131 3583 3153 3608 ⁹
3221 3629 3354 3696 nx
3393 3628 3670 3697 nsum.
3714 3629 3984 3700 xxlv.

2804 3800 2863 3865 7.
2913 3798 2992 3865 Si
3024 3800 3171 3882 quis
3200 3801 3462 3883 floreius
3490 3801 3689 3884 fuerit
3721 3804 4005 3870 anismam
4041 3825 4073 3870 ε
4105 3804 4420 3888 fratribus
4449 3804 4575 3873 suis

2629 3884 2873 4038 maij}
2876 3884 3130 4039 Ιένῗηεῑεᾶ
3130 3890 3196 4039 1ἐξ
3228 3888 3607 4039 vtztdiderit:
3640 3889 3943 3956 morietur
3959 3892 4065 3957 vir
4093 3890 4221 3972 iae,
4256 3897 4319 3958 et
4337 3895 4574 3978 aufer&

2805 4142 2947 4210 Iam
3014 4145 3095 4245 in·
3151 4145 3514 4231 plagiarios⁴
3569 4147 3798 4213 eadem
3865 4168 4028 4231 qnae
4092 4148 4168 4215 in
4225 4151 4573 4217 homicidas

2630 4249 2844 4313 poena
2887 4233 3343 4312 constituitur,
3399 4242 3468 4298 et
3522 4233 3794 4299 merito:
3839 4254 3995 4300 nam
4041 4246 4115 4301 ut
4159 4238 4403 4303 misera
4443 4242 4575 4303 erat

2632 4337 2974 4382 servorum
3029 4316 3348 4398 conditio,
3407 4320 3555 4402 plus
3600 4340 3798 4403 quam
3844 4320 4194 4387 dimidium
4238 4326 4418 4390 vitae
4458 4323 4573 4389 fuit

2632 4400 2920 4468 libertas.
3020 4403 3372 4469 Hominem
3432 4426 3591 4490 ergo
3641 4406 3906 4488 privare
3964 4418 4150 4474 tanto
4209 4409 4382 4476 bono
4437 4430 4571 4495 pro-

2630 4487 2980 4571 pemodum
3023 4490 3325 4575 iugulare
3377 4490 3527 4558 fuit.
3613 4492 3805 4558 Adde
3864 4491 4036 4577 quod
4100 4515 4232 4560 non
4291 4497 4571 4581 plagium

2630 4573 2826 4640 modo
2867 4574 2977 4642 hic
3022 4575 3388 4655 damnatur,
3435 4576 3551 4643 sed
3596 4589 3935 4661 praeterea
3979 4582 4264 4647 accessio
4305 4581 4571 4649 crudeli·

2630 4659 2787 4727 tatis
2830 4670 2897 4726 et
2938 4660 3103 4727 doli:
3149 4663 3204 4728 si
3250 4665 3306 4729 is
3348 4665 3461 4748 qui
3504 4666 3760 4731 furatus
3802 4675 3906 4731 est
3957 4667 4327 4747 hominem,
4386 4665 4570 4734 simul
4622 4659 4645 4688 ⁹

2629 4744 3019 4814 vendiderit.
3129 4749 3443 4816 Venditio
3513 4763 3729 4816 autem
3800 4752 3913 4816 vix
3979 4755 4122 4819 fieri
4186 4764 4449 4839 poterat
4502 4753 4568 4817 in

2629 4833 2873 4917 populo
2960 4834 3079 4899 uin
3122 4856 3282 4900 mox
3325 4838 3571 4901 crimen
3634 4836 4083 4922 detegeretur:
4138 4840 4305 4906 nihil
4361 4849 4566 4907 autem

2624 4920 2839 5003 magis
2883 4940 2922 4984 o
2970 4922 3179 4987 iosum
3222 4943 3420 5005 quam
3465 4924 3630 4989 filios
3667 4924 3800 4989 Dei
3835 4925 4109 4992 alienari
4152 4927 4236 4992 ab
4290 4925 4566 5002 ecclesia,

2626 5015 2693 5071 et
2736 5004 2949 5073 addici
2992 5008 3282 5092 profanis
3323 5007 3648 5092 gentibus.
