4867 6150
322 486 406 553 37
1501 486 2243 557 COMMENTARIUS
2292 489 2387 554 IN
2435 489 2737 557 EXODI
2781 490 2979 559 CAP.
3026 491 3154 558 III.

321 677 592 761 penitus
649 696 719 741 se
778 676 1104 754 insinuat,
1162 686 1236 742 ut
1293 687 1604 759 tanquam
1665 678 1746 743 ad
1793 676 1920 743 Dei
1981 678 2271 745 tribunal

321 764 598 839 citatus,
646 763 730 826 sit
774 761 853 827 ad
901 760 1284 827 discendum
1343 764 1686 829 attentior:
1747 761 1981 828 deinde
2024 765 2274 830 calceos

322 870 573 916 exuere
617 849 851 913 iubens
895 848 1325 915 admiratione
1368 863 1434 914 et
1478 859 1656 913 metu
1705 850 1784 914 ad
1834 849 2272 917 humilitatem

321 936 541 1021 ipsum
582 934 799 999 erudit
835 954 909 999 ac
932 933 1190 1000 format.
1251 933 1642 1018 Quanquam
1669 933 1748 1000 de
1775 935 1899 1002 hoc
1918 936 2276 1019 posteriore

326 1020 620 1091 membro
667 1029 955 1087 certatur
998 1021 1174 1085 inter
1216 1021 1486 1094 multos.
1534 1042 1693 1104 quos
1738 1022 2071 1087 oblectant
2115 1023 2273 1089 alle-

330 1109 567 1193 goriae.
657 1107 808 1171 Non
850 1105 1131 1171 referam
1192 1107 1346 1189 quid
1407 1108 1647 1190 singuli
1695 1108 2060 1190 proferant,
2123 1108 2274 1191 quia

328 1194 606 1278 simplex
648 1192 786 1257 veri
823 1213 1060 1258 sensus
1094 1193 1414 1276 expositio
1460 1194 1681 1259 futiles
1717 1214 1944 1259 omnes
1981 1197 2276 1278 argutias

325 1281 653 1347 discutiet.
743 1279 998 1361 Nempe
1042 1280 1290 1345 calceos
1336 1280 1595 1345 solvere
1633 1281 1851 1345 iussus
1894 1290 1997 1346 est
2035 1282 2272 1359 Moses,

323 1376 406 1432 ut
460 1368 603 1449 ipsa
668 1364 909 1447 pedum
978 1363 1237 1429 nuditas
1302 1365 1681 1449 religionem
1749 1366 2071 1433 incuteret
2134 1367 2273 1431 eius

327 1453 567 1519 animo.
638 1451 785 1516 Non
823 1472 1011 1517 secus
1047 1450 1126 1516 de
1163 1451 1283 1517 loci
1321 1451 1671 1518 sanctitate
1715 1451 1840 1516 fuit
1882 1452 2272 1529 admonitus,

330 1539 498 1623 quod
544 1539 613 1602 in
658 1538 959 1621 precibus
992 1558 1166 1621 genu
1204 1537 1397 1603 flexio
1440 1538 1798 1621 capitisque
1843 1537 2118 1604 detectio
2155 1560 2274 1604 nos

328 1626 413 1692 ad
482 1624 608 1689 Dei
676 1623 1165 1689 venerationem
1236 1625 1497 1691 excitat.
1610 1622 1803 1704 Quod
1870 1648 1952 1689 ex
2019 1626 2274 1692 ratione

329 1733 482 1777 mox
541 1709 763 1774 addita
817 1709 976 1784 satis
1032 1709 1277 1790 liquere
1334 1710 1647 1788 arbitror,
1716 1724 1955 1775 terram
2022 1711 2087 1775 in
2146 1733 2274 1794 qua

325 1798 549 1862 stabat
572 1796 806 1876 Moses,
843 1807 1137 1861 sanctam
1181 1816 1342 1874 esse,
1385 1796 1659 1879 ideoque
1705 1816 1835 1860 non
1883 1804 2130 1862 temere
2165 1797 2274 1862 vel

325 1884 601 1968 profano
644 1902 828 1948 more
871 1880 1281 1947 calcandam:
1329 1881 1504 1946 unde
1548 1881 1945 1966 colligimus,
2003 1894 2275 1949 externo

328 1969 731 2034 adorationis
775 1967 1069 2051 symbolo
1114 1965 1411 2033 edoctum
1458 1967 1687 2047 fuisse,
1748 1979 1824 2032 ut
1866 1969 2162 2051 trepidus
2209 1984 2276 2034 et

329 2056 614 2139 supplex
660 2055 723 2117 in
762 2052 890 2119 Dei
937 2066 1350 2136 conspectum
1391 2054 1741 2118 accederet.
1810 2053 2092 2119 Dixerat
2134 2057 2274 2137 qui-

325 2142 511 2207 dem:
558 2142 727 2206 Ecce
769 2161 889 2224 ego
933 2137 1129 2225 (quod
1178 2139 1520 2204 docilitatis
1563 2151 1628 2204 et
1667 2132 1937 2222 'paratae
1982 2142 2048 2205 in
2094 2142 2275 2206 ohse-

328 2228 555 2311 quium
604 2227 842 2290 mentis
886 2227 1328 2291 testimonium
1375 2224 1561 2312 erat),
1608 2227 1821 2290 acrius
1858 2238 2077 2293 tamen
2120 2228 2275 2291 utile

324 2314 454 2379 fuit
496 2314 941 2396 expergefieri,
984 2322 1054 2375 ut
1078 2313 1291 2376 Deum
1331 2313 1575 2377 maiore
1612 2324 1788 2376 metu
1828 2324 2272 2378 veneraretur.

327 2399 523 2480 Quod
569 2401 621 2463 si
669 2399 784 2461 tali
831 2399 1324 2480 praeparatione
1367 2419 1529 2480 opus
1567 2398 1795 2463 habuit
1829 2398 2273 2464 nobilissimus

328 2486 461 2551 Dei
506 2484 864 2567 Propheta,
922 2482 1085 2547 nihil
1136 2484 1374 2547 mirum
1421 2484 1472 2548 si
1524 2485 1705 2547 Deus
1752 2484 1950 2549 variis
1994 2483 2271 2553 admini-

327 2572 526 2649 culis,
588 2571 698 2635 ubi
759 2571 838 2634 de
893 2569 1185 2653 legitimo
1242 2570 1383 2633 eius
1438 2569 1616 2634 cultu
1667 2571 1917 2652 agitur,
1978 2580 2272 2636 nostram

324 2657 673 2742 segnitiem
723 2668 1040 2721 exerceat.
1126 2657 1266 2720 Etsi
1313 2665 1532 2719 autem
1579 2677 1710 2720 uon
1755 2656 2056 2721 omnibus
2098 2657 2269 2721 idem

322 2743 497 2828 quod
524 2743 695 2809 Mosi
731 2742 1150 2826 praecipitur,
1177 2742 1501 2807 discamus
1537 2754 1753 2805 tamen
1782 2741 1959 2808 hunc
1980 2746 2268 2809 omnium

321 2831 882 2897 caeremoniarum
942 2830 1140 2893 finem
1201 2848 1376 2907 esse,
1436 2837 1508 2892 ut
1551 2826 1678 2891 Dei
1725 2829 2030 2893 maiestas
2075 2829 2272 2911 probe

320 2925 391 2982 et
429 2916 600 2980 serio
646 2915 886 2979 animis
930 2915 1168 2981 nostris
1212 2922 1523 2997 concepta
1564 2915 1669 2979 ius
1711 2935 1903 2977 suum
1965 2913 2267 2992 obtineat,

321 3014 388 3068 et
432 3022 551 3087 pro
596 3000 915 3087 dignitate
955 3021 1074 3064 sua
1119 3000 1244 3064 rite
1281 3002 1694 3084 suspiciatur.
1763 2998 1837 3066 Si
1875 3002 1980 3064 cui
2020 3001 2270 3083 placeat

320 3109 651 3172 anagoge,
713 3109 845 3153 non
905 3108 1092 3169 posse
1151 3086 1370 3152 Deum
1429 3086 1673 3165 audiri,
1735 3087 1937 3152 donec
1997 3087 2269 3154 affectus

318 3185 620 3242 terrenos
664 3174 1068 3251 exuerimus,
1116 3195 1242 3238 non
1291 3194 1614 3258 repugno:
1671 3173 1862 3237 modo
1925 3174 2271 3257 praecedat

318 3263 655 3347 genuinus
719 3260 832 3325 ille
909 3281 1172 3324 sensus:
1243 3259 1476 3324 Mosen
1543 3259 1748 3324 iuberi
1829 3258 2081 3325 calceos
2147 3260 2268 3326 sihi

319 3345 698 3425 detrahere,
757 3367 882 3430 quo
939 3366 1081 3411 sese
1137 3343 1219 3414 ad
1277 3346 1491 3410 Deum
1556 3342 1958 3410 audiendum
2021 3346 2268 3411 maiore

318 3433 695 3499 reverentia
757 3432 1072 3515 accingat.
1189 3431 1384 3496 Nunc
1449 3431 1506 3496 si
1572 3430 1653 3498 de
1720 3431 1843 3496 loci
1923 3431 2270 3497 sanctitate

316 3519 679 3602 quaeritur,
726 3517 931 3583 facilis
975 3518 1314 3600 responsio
1358 3525 1477 3598 est,
1519 3515 1841 3601 singulari
1886 3517 2007 3582 hoc
2049 3520 2269 3583 ornari

318 3606 534 3689 elogio
616 3615 870 3668 tantum
951 3603 1021 3667 in
1102 3604 1381 3686 gratiam
1448 3603 1739 3669 visionis.
1850 3603 2001 3669 Non
2068 3603 2272 3688 igitur

314 3690 709 3756 natm-diter
753 3690 1018 3772 propria
1060 3689 1276 3771 aliqua
1331 3690 1677 3754 sanctitate
1731 3689 2041 3755 excelluit
2085 3710 2271 3755 mons

320 3775 546 3843 Sinai:
611 3776 725 3842 sed
783 3778 935 3859 quia
992 3775 1175 3840 Deus
1233 3775 1343 3857 qui
1403 3777 1625 3840 omnia
1681 3777 2076 3854 sanctificat,
2136 3777 2269 3842 illic

313 3863 630 3947 dignatus
696 3873 797 3927 est
864 3862 1268 3944 praesentiae
1333 3882 1488 3930 suae
1553 3863 1814 3945 signum
1880 3862 2053 3928 dare.
2154 3863 2269 3929 Sic

286 3948 559 4014 ·Bethel
605 3948 941 4030 praeclaro
997 3949 1289 4012 encomio
1357 3947 1727 4013 celebratus
1786 3947 1911 4012 fuit
1970 3970 2011 4013 a.
2068 3948 2266 4014 Iacob

308 4033 521 4122 (Gen.
589 4035 691 4115 28,
762 4032 890 4120 17),
968 4032 1137 4116 quod
1217 4032 1530 4098 terribilis
1607 4042 1779 4100 esset
1854 4034 2068 4104 locus:
2137 4032 2266 4100 Dei

307 4122 798 4198 sanctuarium,
863 4130 929 4184 et
994 4130 1180 4202 porta
1244 4119 1438 4184 coeli:
1504 4140 1742 4202 nempe
1807 4127 2130 4202 quatenus
2195 4120 2267 4185 in

310 4206 719 4292 peculiarem
786 4204 1204 4272 revelationis
1268 4227 1462 4270 usum
1540 4215 1955 4271 consecratus
2033 4207 2265 4274 fuerat.

308 4293 495 4359 Nam
562 4294 930 4375 ubicunque
994 4292 1425 4375 perspicimus
1489 4289 1754 4375 signum
1821 4290 2083 4374 aliquod
2139 4293 2266 4360 Dei

309 4380 586 4465 gloriae,
633 4379 811 4444 hunc
846 4376 1297 4443 admirationis
1332 4398 1597 4443 sensum
1637 4377 1813 4442 elicit
1845 4400 1928 4444 ex
1963 4376 2268 4446 cordibus

308 4468 567 4531 nostris
601 4467 825 4549 pietas.
908 4464 1188 4541 Interea,
1235 4475 1309 4528 ut
1348 4484 1587 4540 sumus
1623 4464 1689 4528 in
1736 4464 2263 4546 superstitionem

310 4551 601 4618 nimium
648 4551 1007 4636 proclives,
1063 4550 1191 4615 duo
1237 4549 1345 4615 hic
1388 4549 1684 4623 cavenda
1728 4560 1883 4614 sunt
1925 4549 2120 4630 vitia,
2181 4571 2265 4616 ne

307 4658 540 4705 crassa
579 4637 1046 4722 imaginatione
1090 4636 1305 4701 Deum
1351 4635 1537 4702 velut
1581 4657 1618 4700 e
1661 4636 1858 4703 coelis
1902 4634 2262 4703 detractum

308 4723 667 4807 affigamus
741 4723 1022 4788 terrenis
1104 4723 1291 4788 locis:
1373 4720 1607 4787 deinde
1687 4744 1771 4786 ne
1850 4724 2261 4789 sanctitatem

304 4818 633 4896 putemus
660 4831 804 4876 esse
824 4818 1208 4893 perpetuam
1232 4828 1394 4891 quae
1417 4809 1794 4890 temporalis
1830 4816 1947 4874 est.
2014 4809 2265 4875 Prioris

307 4896 476 4962 mali
508 4896 868 4961 remedium
906 4908 1007 4960 est
1041 4892 1410 4977 expendere
1454 4895 1578 4960 Dei
1618 4905 1950 4960 naturam:
1989 4896 2263 4966 secundi

304 5003 497 5061 vero,
542 4982 887 5048 consilium
921 4982 1061 5046 eius
1097 4982 1463 5059 observare,
1501 4988 1824 5062 quatenus
1859 4990 1928 5045 et
1961 4982 2029 5045 in
2066 5002 2258 5063 quem

307 5089 511 5134 usum
548 5067 689 5134 loca
720 5068 1101 5133 sanctificet.
1168 5067 1395 5149 Neque
1433 5070 1623 5140 enim,
1664 5087 1865 5150 quum
1901 5067 2260 5149 spiritualis

308 5155 404 5221 sit
431 5153 562 5219 Dei
609 5166 863 5230 natura,
908 5167 1245 5218 terrenum
1291 5152 1640 5236 quidquam
1687 5154 1768 5217 de
1810 5173 1886 5216 ea
1933 5153 2037 5217 vel
2082 5175 2257 5219 cras-

310 5262 462 5307 sum
506 5241 855 5323 imaginari
903 5240 1001 5304 fas
1045 5250 1175 5316 est,
1224 5261 1432 5323 neque
1483 5240 1624 5304 eius
1668 5240 2075 5305 immensitas
2114 5239 2256 5306 loco

309 5325 567 5393 includi
622 5327 883 5410 patitur.
970 5326 1261 5392 Rursum
1317 5324 1397 5390 ad
1455 5325 1998 5390 manifestationis
2054 5325 2251 5390 finem

311 5411 771 5496 restringenda
812 5423 916 5476 est
954 5411 1297 5486 sanctitas·‚
1368 5422 1442 5475 ut
1487 5432 1672 5477 mons
1716 5410 1943 5475 Horeb
1987 5409 2254 5478 san'ctus

4241 497 4330 563 38

2378 678 2502 745 fuit
2571 678 2740 764 legis
2797 681 3256 765 promulgatae
3321 694 3660 765 respectu,
3717 702 3883 764 quac
3940 704 4166 749 verum
4229 685 4338 751 De

2378 764 2626 829 cultum
2694 769 3136 848 praescribit.·
3195 767 3339 832 Hoc
3391 768 3448 831 si
3504 767 4027 833 considerassent
4085 772 4329 852 posteri

2378 850 2603 929 Iacob,
2672 873 3005 935 nunquam
3059 855 3517 938 opposuissent
3572 853 3808 919 Bethel
3867 857 4050 937 quasi
4108 855 4329 921 locum

2377 957 2642 1001 sacrum
2690 936 2909 1003 Sioni:
2973 940 3128 1022 quia
3185 941 3378 1006 sicuti
3422 938 3607 1004 Deus
3664 940 3867 1007 semel
3913 941 4330 1024 patriarchae

2378 1023 2705 1105 apparuit,
2751 1034 2971 1088 tamen
3018 1025 3230 1091 locum
3278 1026 3462 1091 illum
3509 1046 3639 1090 non
3690 1027 4022 1110 elegerat:
4056 1027 4331 1112 ideoque

2375 1109 2545 1192 quod
2592 1110 2931 1193 singulare
2975 1122 3151 1189 erat,
3212 1133 3553 1196 perperam
3599 1113 3668 1177 in
3714 1133 4062 1178 commune
4104 1133 4328 1180 exem·

2376 1195 2553 1277 plum
2603 1206 2967 1261 traxerunt.

2548 1367 2608 1432 6.
2655 1366 2791 1449 Eyo
2837 1368 3015 1433 Deus
3049 1369 3264 1450 patris
3322 1369 3450 1435 tui.-
3504 1369 3684 1436 Deus
3726 1370 4087 1448 Abraham,
4148 1370 4328 1436 Deus

2377 1454 2586 1532 Isaac,
2631 1458 2688 1518 et
2720 1453 2900 1520 Deus
2935 1455 3140 1521 Iacob.
3207 1454 3295 1519 Et
3327 1457 3570 1536 operuit
3604 1455 3815 1522 Moses
3852 1457 4080 1538 faciem
4121 1477 4324 1535 suam,

2376 1541 2530 1620 quia
2572 1540 2784 1605 timuit
2840 1542 3116 1621 aspicere
3156 1541 3243 1607 ad
3286 1541 3513 1607 Deum.
3605 1542 3662 1606 7.
3708 1541 3796 1606 Et
3848 1544 4014 1608 dixit
4057 1542 4326 1609 Iehova:

2394 1624 2671 1690 Videndo
2711 1625 2851 1691 vidi
2908 1627 3305 1707 afflictionem
3358 1626 3582 1709 populi
3633 1629 3758 1692 mei
3798 1630 3910 1710 qui
3949 1634 4041 1693 est
4082 1630 4151 1692 ire-
4194 1630 4324 1694 Ae-

2371 1717 2557 1794 qypto
2575 1761 2589 1789 ,
2644 1717 2701 1776 et
2754 1712 3082 1779 clanim-em
3139 1733 3351 1778 eorum
3405 1713 3632 1778 audivi
3675 1736 3718 1779 a
3768 1715 3933 1796 facie
3971 1720 4327 1782 evaeorum

2374 1800 2539 1861 eius.-
2583 1801 2739 1863 certe
2782 1800 3030 1880 eoynovi
3068 1797 3110 1885 ¹)
3154 1800 3394 1865 dolores
3427 1800 3584 1865 eius.
3654 1800 3711 1865 8.
3761 1798 4070 1866 Descendi
4111 1802 4325 1882 itaque

2376 1883 2464 1947 ad
2496 1882 2888 1949 liberandum
2910 1905 3050 1950 eum
3082 1906 3114 1949 e
3146 1905 3341 1950 manu
3367 1884 3829 1969 Aegyptiorwm
3861 1890 3919 1950 et
3950 1887 4325 1951 educendum

2377 1989 2407 2032 e
2452 1973 2621 2033 terra
2664 1971 2788 2034 ista
2833 1972 2902 2035 in
2955 1976 3190 2036 terram
3250 1970 3517 2052 fertilem
3559 1992 3633 2036 ac
3690 1972 3915 2052 latam,
3973 1972 4047 2036 in
4084 1977 4320 2038 terram

2366 2055 2658 2134 fluentem
2702 2056 2855 2121 lacte
2895 2062 2950 2122 et
2990 2057 3180 2134 melle,
3226 2058 3295 2121 in
3340 2056 3537 2123 locum
3582 2055 3907 2122 Cananaei
3949 2063 4004 2122 et
4042 2057 4326 2124 Hitthaei

2375 2145 2430 2205 et
2499 2142 2874 2207 Amorrhaei
2905 2210 2908 2213 ,
2936 2147 2992 2207 et
3051 2141 3393 2208 Pher-esaei
3463 2148 3519 2207 et
3584 2142 3819 2209 Hivaei
3887 2149 3942 2208 et
4009 2144 4325 2210 lebusaei.

2375 2226 2434 2292 9.
2501 2227 2687 2292 Nunc
2744 2249 2870 2294 ecce
2921 2228 3153 2295 clamor
3203 2229 3484 2309 filiorum
3542 2227 3753 2295 Israel
3815 2232 3982 2295 venit
4044 2232 4131 2295 ad
4196 2251 4326 2295 me.-

2376 2317 2558 2393 atque
2619 2314 2808 2381 etiam
2869 2314 3006 2380 vidi
3082 2316 3481 2396 afflictionem
3546 2336 3674 2396 qua
3739 2317 4038 2399 Aeyyptii
4115 2317 4329 2399 oppri-

2373 2404 2553 2465 munt
2595 2420 2714 2465 eoa.

2547 2571 2607 2636 6.
2655 2571 2792 2655 Eyo
2825 2571 3004 2637 Deus
3037 2572 3251 2655 patris
3289 2572 3401 2637 tui.
3491 2573 3641 2638 Non
3686 2582 3946 2637 tantum
3983 2595 4055 2639 se
4098 2573 4328 2638 aethe-

2379 2677 2566 2721 reum
2611 2656 2872 2741 aliquod
2917 2679 3160 2723 numen
3223 2678 3364 2723 esse
3423 2661 3843 2742 pronunciat,
3903 2679 4024 2724 nec
4067 2668 4326 2725 tantum

2377 2742 2445 2807 in
2491 2764 2730 2826 genere
2772 2743 2893 2809 sibi
2940 2746 3243 2810 vendicat
3267 2745 3392 2808 Dei
3439 2765 3696 2822 nomen,
3742 2747 3855 2810 sed
3903 2745 4180 2812 foederis
4224 2748 4326 2812 sui

2376 2829 2531 2892 olim
2598 2850 2747 2895 cum
2830 2830 3124 2911 patribus
3202 2831 3433 2895 sanciti
3515 2834 3896 2896 memoriam
3978 2853 4325 2914 renovans,

2377 2915 2737 2997 prosternit
2789 2916 3009 2979 omnia
3053 2916 3225 2981 idola
3284 2925 3348 2980 et
3406 2917 3668 2982 fictitios
3716 2918 3922 2996 Deos,
3982 2927 4048 2981 et
4093 2919 4324 2983 Mosen

2375 3001 2444 3065 in
2493 3014 2669 3066 recta
2713 3000 2840 3067 fide
2883 3003 3248 3068 confirmat.
3336 3002 3515 3068 Hinc
3560 3004 3737 3067 enim
3782 3014 3959 3068 certo
4013 3005 4326 3089 cognovit

2376 3109 2446 3150 se
2512 3108 2644 3150 non
2711 3089 2956 3154 frustra
3018 3110 3316 3172 sperasse
3382 3090 3451 3153 in
3513 3088 3655 3154 Deo
3722 3110 3915 3172 quem
3983 3089 4326 3156 coluerant

2376 3171 2711 3240 Abraham
2758 3184 2828 3239 et
2869 3175 2981 3239 alii
3025 3187 3261 3258 patres,
3305 3184 3374 3240 et
3415 3178 3527 3258 qui
3575 3174 3938 3258 adoptionis
3981 3176 4324 3260 privilegio

2375 3271 2840 3343 segregaverat
2875 3281 3083 3344 genus
3125 3262 3418 3344 ipsorum
3455 3281 3495 3325 a
3538 3263 3789 3328 cunctis
3826 3262 4153 3345 gentibus.
4231 3271 4324 3329 At

2376 3366 2460 3408 ne
2523 3343 2719 3430 longo
2799 3348 3114 3430 temporis
3177 3361 3390 3412 tractu
3467 3347 3830 3413 obsoletum
3912 3369 4054 3413 esso
4133 3359 4326 3432 putet

2372 3431 2626 3512 Moses,
2693 3431 2866 3515 quod
2932 3434 3012 3497 de
3078 3433 3412 3498 Abraham
3494 3433 3808 3498 traditum
3890 3454 4009 3517 per
4085 3455 4326 3502 manus

2373 3518 2604 3594 fuerat,
2645 3518 2886 3584 diserte
2921 3518 3116 3583 fidem
3163 3540 3349 3584 suam
3388 3516 3604 3584 adhuc
3639 3529 3938 3586 constare
3974 3521 4320 3605 exprimit:

2374 3601 2591 3669 Deum
2638 3626 2707 3669 se
2751 3604 2959 3687 patris
3007 3606 3146 3670 eius
3191 3605 3502 3670 vocando.
3596 3604 3772 3685 Quia
3822 3628 3978 3672 vero
4020 3606 4324 3693 redemp-

2371 3689 2572 3756 tionis
2633 3711 2814 3773 spem
2874 3690 3199 3771 facturus,
3256 3690 3535 3757 foederis
3589 3693 3970 3757 memoriam
4024 3706 4321 3775 renovat,

2371 3775 2525 3840 inde
2604 3777 2933 3863 colligitur
3011 3797 3141 3842 non
3222 3777 3640 3842 obliteratum
3722 3779 3920 3844 fuisse
3982 3779 4050 3843 in
4126 3780 4319 3846 corde

2371 3861 2603 3928 Mosis:
2651 3864 2806 3945 quia
2848 3861 3205 3928 absurdum
3242 3863 3471 3929 fuisset
3506 3863 3588 3927 de
3624 3885 3696 3928 re
3740 3865 4073 3948 incognita
4117 3866 4322 3931 verba

2369 3946 2611 4013 facere:
2661 3969 2782 4014 nec
2828 3947 3183 4030 profuisset
3226 3949 3577 4032 quidquam
3625 3950 3901 4014 obiicere
3941 3953 4319 4032 promissio-

2368 4054 2508 4112 nes,
2531 4055 2805 4116 quarum
2832 4035 3077 4100 nullius
3110 4036 3180 4099 in
3216 4035 3408 4101 corde
3433 4036 3634 4101 Mosis
3657 4037 3976 4120 viguisset
4010 4039 4317 4121 cognitiO.

2370 4117 2701 4199 Quoniam
2747 4141 2903 4204 ergo
2947 4142 2988 4186 a
3029 4120 3309 4198 foedere,
3354 4119 3526 4206 quod
3570 4122 3726 4187 olim
3771 4124 4110 4205 pepigerat
4134 4124 4317 4190 Deus

2367 4225 2518 4270 cum
2565 4207 2986 4288 patriarchis,
3047 4207 3372 4290 pendebat
3414 4229 3562 4290 spes
3612 4208 4079 4291 redemptionis
4123 4209 4318 4277 electi

2368 4291 2613 4374 populi,
2656 4304 3122 4359 commemorat
3163 4316 3292 4359 non
3342 4293 3590 4360 frustra
3625 4294 3748 4359 sibi
3784 4294 4105 4359 creditum
4152 4317 4313 4375 esse,

2369 4379 2522 4459 quia
2587 4378 2800 4461 pactio
2867 4401 3001 4445 non
3059 4380 3183 4444 erit
3240 4379 3448 4446 irrita.
3552 4380 3742 4460 Quod
3802 4381 4024 4447 Moses
4081 4382 4312 4448 faciem

2366 4485 2554 4528 suam
2613 4465 2810 4548 texit,
2870 4486 2997 4529 non
3059 4476 3316 4529 tantum
3387 4465 3796 4530 reverentiae
3850 4466 3974 4531 fuit
4028 4468 4314 4552 signum,

2366 4548 2482 4614 sed
2540 4551 2738 4614 etiam
2794 4551 3084 4617 terroris.
3173 4552 3461 4633 Uterque
3519 4563 3736 4616 tamen
3796 4553 4065 4619 affectus
4123 4555 4316 4622 nobis

2365 4634 2879 4702 considerandus
2924 4646 3053 4714 est,
3113 4638 3281 4719 quod
3327 4638 3544 4702 subito
3589 4640 4007 4703 exhorruerit
4051 4639 4131 4704 ad
4182 4640 4310 4706 Dei

2365 4732 2814 4805 conspectum,
2880 4732 2949 4787 et
3001 4725 3141 4788 eius
3207 4723 3612 4788 maiestatem
3671 4735 3903 4806 sponte
3957 4736 4313 4793 veneratus

2365 4807 2472 4873 sit.
2557 4808 2902 4892 Religione
2961 4829 3115 4873 vero
3173 4810 3356 4893 tangi
3404 4830 3478 4874 ac
3523 4809 3781 4892 percelli
3830 4811 3971 4876 eius
4014 4812 4308 4878 animum

2365 4914 2605 4978 operae
2649 4896 2928 4978 pretium
2975 4893 3131 4971 fuit,
3192 4910 3264 4959 ut
3321 4895 3402 4959 ad
3464 4894 3895 4960 obediendum
3943 4908 4113 4963 esset
4157 4920 4307 4981 pro·

2361 4982 2645 5063 pensior.
2737 4980 2977 5046 Velare
3020 4981 3216 5045 etiam
3261 4983 3527 5064 angelos
3589 4982 3818 5046 faciem
3872 5003 4092 5061 suam,
4155 4985 4311 5066 quia

2360 5068 2749 5131 immensam
2797 5067 2923 5132 Dei
2968 5067 3243 5151 gloriam
3306 5090 3434 5131 non
3487 5068 3737 5148 ferunt,
3802 5068 4078 5152 legimus
4132 5068 4308 5152 apud

2359 5153 2597 5218 Isaiam
2641 5154 2702 5228 6,
2748 5152 2808 5218 2.
2891 5152 3071 5217 Nihil
3116 5152 3338 5235 itaque
3384 5154 3624 5217 mirum
3669 5153 3726 5218 si
3770 5155 4065 5221 mortalis
4111 5155 4306 5235 homo

2357 5258 2502 5302 eam
2549 5239 2840 5322 aspicere
2884 5259 3084 5304 ausus
3144 5261 3275 5303 non
3329 5240 3541 5303 fuerit.
3628 5240 3755 5304 Dei
3815 5262 4006 5323 porro
4063 5262 4308 5307 nomen

2494 5427 2553 5498 1)
2588 5425 2662 5480 In
2696 5427 2970 5496 margine.-
3005 5426 3130 5494 Vel,
3168 5428 3296 5496 quia
3330 5428 3573 5497 cognovi.

3822 5511 3890 5566 3*
