4867 6150
578 431 707 500 675

572 621 975 773 linlidessent
1027 621 1099 686 in
1151 624 1489 705 Aegypte,
1545 619 1954 705 indiguerint
2006 620 2224 686 aliena
2279 620 2536 687 miseri-

576 729 656 776 co
737 729 821 775 ia.

1207 998 1342 1065 EX
1383 998 1689 1064 LEVIT.
1724 996 1923 1065 XIX.

754 1135 856 1203 35.
929 1134 1076 1202 Non
1115 1135 1366 1218 facietis
1413 1136 1813 1219 iniquitatem
1869 1137 1943 1200 in
1998 1137 2266 1215 iudicio,
2323 1137 2392 1200 in
2445 1136 2537 1201 di·

577 1223 920 1302 mensione,
976 1222 1047 1287 in
1079 1222 1355 1303 pondere
1396 1225 1453 1286 et
1497 1242 1809 1288 mensura.
1898 1221 2000 1287 36.
2051 1221 2299 1289 Statera
2343 1223 2535 1302 iusta,

567 1309 864 1392 pondera
905 1309 1095 1389 iusta,
1146 1307 1308 1392 epha
1349 1308 1606 1390 iustum,
1664 1314 1720 1374 et
1760 1308 1871 1373 hin
1910 1309 2148 1374 iustum
2192 1308 2310 1374 erit
2347 1308 2537 1374 vobi-9.

1202 1595 1334 1660 EX
1377 1594 1647 1663 DEU'P.
1691 1592 1907 1662 XXV.

756 1731 857 1799 13.
929 1732 1077 1799 Non
1110 1733 1233 1798 erit
1272 1731 1387 1796 tibi
1443 1733 1516 1798 in
1569 1732 1814 1799 sacculo
1854 1739 1957 1799 tuo
1985 1737 2243 1816 pondus
2285 1742 2343 1802 et
2370 1757 2536 1819 pon-

579 1818 738 1899 dua,
781 1819 996 1885 maius
1028 1823 1083 1884 et
1125 1819 1365 1883 minus:
1412 1818 1512 1882 14.
1583 1818 1728 1883 Non
1775 1821 1896 1885 erit
1935 1822 2048 1886 tibi
2090 1823 2162 1887 in
2204 1822 2382 1889 domo
2425 1829 2538 1890 tua

577 1905 829 1971 modius
871 1909 928 1970 et
967 1905 1232 1984 modius,
1274 1905 1481 1969 maior
1522 1908 1577 1969 et
1616 1906 1841 1971 minor.
1934 1905 2032 1972 15.
2106 1908 2367 1975 Pondus
2389 1930 2541 1992 per-

575 1992 809 2075 fectum
848 1997 907 2056 et
948 1991 1185 2056 iustum
1227 1991 1344 2055 erit
1388 1990 1501 2055 tibi
1517 2040 1533 2069 ,
1591 1992 1841 2057 modius
1868 1993 2189 2074 perfectus
2233 2000 2289 2060 et
2327 1997 2539 2063 iustus

579 2077 699 2143 erit
755 2077 901 2153 tibi,
959 2080 1028 2141 ut
1059 2096 1358 2159 prov-oyes
1399 2076 1536 2141 dies
1620 2082 1760 2142 taos
1814 2098 2003 2161 super
2056 2084 2286 2145 terram
2344 2103 2537 2163 quam

580 2162 811 2229 Iehova
876 2161 1058 2227 Deus
1123 2167 1274 2227 tuus
1336 2162 1446 2227 dat
1522 2161 1654 2227 tibi.
1749 2163 1848 2229 16.
1929 2165 2098 2247 Quia
2160 2166 2537 2233 abominatio

581 2248 849 2315 Iehovae
893 2247 1022 2314 Dei
1085 2248 1183 2312 tui
1221 2252 1311 2311 est
1352 2249 1704 2331 quicunque
1741 2250 1897 2331 facit
1938 2249 2116 2331 haec,
2174 2254 2381 2319 omni-s·
2431 2255 2533 2337 fa·

575 2335 745 2400 ciens
787 2334 1202 2415 iniquitatem.

753 2504 977 2569 Levit.
1043 2504 1144 2582 19,
1224 2503 1327 2571 35.
1413 2506 1561 2570 Non
1632 2506 1881 2588 facietis
1953 2506 2367 2589 iniquitatem.
2459 2508 2536 2575 Si

578 2588 893 2657 iudicium
937 2591 1165 2655 stricte
1217 2589 1522 2673 accipian,
1576 2592 1855 2673 speciale
1911 2592 2036 2657 erit
2091 2605 2533 2677 praeceptum,

576 2685 656 2741 ut
698 2675 948 2742 iudices
990 2676 1272 2742 fideliter
1316 2677 1546 2759 cuique
1590 2677 1692 2743 ius
1737 2699 1931 2744 suum
1978 2677 2274 2755 reddant,
2320 2700 2533 2764 neque

577 2772 882 2828 evertant
924 2760 1128 2828 bonas
1169 2784 1405 2829 causas
1449 2762 1676 2828 favore
1721 2764 1824 2828 vel
1867 2764 2033 2830 odio.
2081 2765 2534 2849 Verum'quia

579 2868 820 2913 nomen
881 2859 1087 2916 mntem
1153 2870 1272 2933 pro
1337 2849 1726 2915 rectitudine
1793 2870 1986 2932 saepe
2051 2851 2343 2935 eapitur,
2400 2874 2531 2917 non

576 2933 751 3001 male
795 2935 1163 3013 conveniet,
1206 2937 1279 2999 in
1323 2956 1567 3019 genere
1610 2935 1913 3002 damnari
1955 2957 2183 3002 omnes
2224 2937 2531 3021 iniquita-

579 3031 680 3087 tes
755 3019 1126 3106 integritati
1188 3021 1586 3088 contrarias:
1655 3020 1891 3088 deinde
1964 3022 2046 3089 ad
2113 3024 2362 3107 species
2420 3024 2531 3091 de·

575 3106 824 3181 scendi,
870 3129 1032 3190 quas
1068 3108 1274 3173 altero
1299 3107 1441 3174 loco
1487 3112 1934 3192 prosequitur:
1977 3109 2092 3175 ubi
2129 3110 2308 3176 furta
2350 3131 2532 3176 com-

578 3205 904 3259 memorat
946 3216 1105 3278 prae
1149 3193 1292 3258 aliis
1338 3193 1626 3259 maxime
1662 3196 1878 3271 noxia,
1923 3205 1991 3260 et
2027 3217 2193 3279 quae
2245 3217 2532 3262 crassam

577 3278 822 3364 publici
866 3279 1027 3345 iuris
1070 3278 1494 3346 violationem
1538 3300 1760 3346 secum
1801 3281 2093 3348 trahant.
2180 3280 2533 3365 Corruptio

582 3367 757 3431 enim
817 3386 981 3448 quae
1042 3365 1122 3432 ad
1170 3364 1526 3431 evertenda
1569 3365 1810 3433 iudicia
1857 3367 2068 3432 tendit
2116 3368 2218 3433 vel
2263 3370 2529 3433 rectitu-

582 3450 805 3516 dinem
848 3449 1348 3551 [labefactandm
1393 3459 1767 3517 contractus
1810 3473 2038 3518 omnes
2084 3454 2273 3518 vitiat
2308 3502 2322 3530 ,
2367 3452 2535 3519 nihil

582 3537 901 3622 relinquit
956 3538 1243 3605 salvum:
1300 3536 1554 3603 falsitas
1610 3547 1829 3603 autem
1887 3537 1960 3604 in
2015 3538 2409 3623 ponderibus
2469 3549 2536 3605 et

585 3624 912 3689 mensuris
946 3644 1178 3689 omnes
1211 3623 1538 3708 legitimas
1572 3624 2003 3690 contrahendi
2040 3625 2328 3691 rationes
2362 3626 2540 3691 tollit

588 3721 654 3774 et
697 3709 931 3775 abolet.
975 3710 1185 3775 Porro
1228 3722 1536 3793 corrupto
1582 3709 1910 3776 vendendi
1955 3720 2022 3775 et
2065 3711 2326 3777 emendi
2369 3712 2539 3791 iure,

589 3793 1065 3878 quodammodo
1089 3795 1445 3878 dissipatur
1481 3795 1819 3862 hominum
1859 3798 2150 3874 societas,
2191 3806 2266 3862 ut
2298 3815 2535 3880 parum

590 3880 853 3946 differat
905 3880 1018 3965 qui
1075 3882 1144 3945 in
1204 3882 1600 3964 aequalitate
1656 3882 1962 3966 ponderis
2023 3883 2125 3948 vel
2187 3904 2538 3948 mensurae

590 3966 791 4054 fallit,
857 3966 941 4032 ab
1004 3988 1080 4031 eo
1145 3970 1254 4050 qui
1334 3968 1646 4051 supponit
1726 3988 2028 4033 nummos
2106 3969 2536 4034 adulterinos.

589 4052 811 4134 Quare
889 4053 1065 4117 inter
1151 4053 1448 4119 falsarios
1525 4064 1915 4118 numeratur
1995 4055 2108 4136 qui
2189 4075 2536 4121 mensuras

588 4139 846 4223 publice
891 4139 1232 4222 probatas,
1279 4140 1448 4215 vini,
1493 4138 1843 4218 frumenti,
1894 4139 1994 4204 vel
2052 4140 2148 4206 rei
2191 4140 2541 4206 cuiuslibet

588 4226 985 4308 corruperit,
1034 4226 1175 4290 sive
1225 4236 1480 4308 emptor
1523 4224 1662 4289 sive
1720 4223 2040 4290 venditor.
2132 4228 2229 4293 Ac
2286 4225 2355 4291 in
2416 4224 2537 4290 du-

588 4310 772 4394 plum
832 4311 1091 4394 quidem
1158 4310 1412 4395 legibus
1475 4311 1797 4376 Romanis
1857 4311 2238 4377 damnatur:
2303 4332 2539 4377 verum

592 4396 853 4461 decreto
895 4417 1014 4462 suo
1062 4396 1397 4462 Adrianus
1442 4397 1512 4460 in
1555 4397 1839 4461 insulam
1883 4396 2132 4481 relegat
2157 4396 2225 4486 ¹).
2316 4397 2541 4479 Quare

593 4502 724 4547 non
765 4481 879 4547 abs
915 4503 986 4548 re
1021 4482 1258 4548 iterum
1298 4481 1576 4549 eandem
1598 4483 1994 4548 sententiam
2017 4484 2254 4566 repetit
2278 4481 2546 4549 Solomo

594 4566 819 4655 (Prov.
865 4567 981 4646 20,
1031 4567 1171 4657 10),
1217 4590 1345 4652 quo
1387 4568 1621 4634 melius
1654 4589 1797 4633 eam
1846 4568 2087 4652 defigat
2130 4572 2199 4633 in
2246 4570 2539 4635 omnium

593 4651 918 4721 cordibus.
1005 4654 1151 4719 Etsi
1210 4665 1431 4720 autem
1490 4654 1693 4738 pestis
1743 4654 1906 4720 haec
1951 4654 2222 4719 minime
2266 4654 2543 4720 ferenda

593 4750 726 4815 est,
787 4738 902 4803 sed
947 4740 1182 4804 acriter
1232 4740 1668 4820 vendicanda,
1730 4740 1912 4806 Deus
1970 4749 2222 4820 tamen,
2282 4741 2540 4806 etiamsi

591 4832 855 4891 cessent
889 4823 1109 4909 legum
1144 4846 1407 4909 poenae,
1445 4828 1871 4893 conscientias
1911 4829 1990 4893 ad
2021 4826 2306 4892 tribunal
2346 4846 2541 4892 suum

590 4918 889 4977 revocat:
952 4910 1149 4992 idque
1228 4922 1363 4977 tam
1430 4911 1871 4995 promittendo
1935 4933 2130 4995 quam
2207 4912 2539 4978 minando.

592 4996 865 5063 Pondus
917 5018 1230 5080 aequum,
1296 4999 1537 5080 inquit,
1602 5010 1671 5063 et
1726 4999 1899 5063 iusta
1955 5019 2262 5065 mensura
2316 5019 2541 5083 proro-

594 5084 847 5168 gabunt
900 5083 1151 5148 homini
1211 5086 1446 5148 vitam:
1514 5085 1624 5166 qui
1683 5105 1843 5148 vero
1897 5084 1968 5150 in
2025 5083 2131 5150 his
2199 5085 2543 5168 deceperit,

594 5169 992 5235 abominatio
1035 5178 1137 5234 est
1178 5188 1394 5236 coram
1441 5191 1563 5234 me.
1643 5169 2010 5254 improprie
2044 5169 2304 5255 quidem
2351 5170 2545 5235 iustis

769 5359 827 5428 1)
864 5359 1155 5414 Modestia.
1191 5359 1261 5412 ad
1296 5359 1471 5428 legem
1509 5355 1666 5410 Corn.
1703 5357 1771 5410 de
1805 5356 1972 5412 falsis.

2012 430 2468 501 octavum
2511 404 3159 501 mmmmm.

4437 433 4540 500 676

2637 622 3035 707 ponderibus
3066 633 3131 688 et
3160 622 3484 688 mensuris
3521 619 3910 687 adscribitur
3942 620 4119 685 vitae
4154 619 4544 692 diuturnitas:

2640 709 2754 775 sed
2800 709 2951 793 quia
2993 709 3180 774 avari
3223 708 3494 791 impium
3541 708 3797 773 lucrum
3843 704 4199 789 captando,
4248 707 4429 775 nimis
4465 720 4545 775 at·

2643 796 2811 860 tenti
2857 804 3015 860 eunt
3069 793 3149 860 ad
3196 793 3505 860 caducam
3553 793 3725 859 hanc
3781 794 4023 868 vitam,
4072 790 4256 857 Deus
4298 802 4371 858 ut
4422 816 4548 862 suos

2641 903 2680 947 a
2714 901 2905 947 caeca
2937 880 3055 946 illa
3087 890 3153 945 et
3188 880 3526 964 praecipiti
3562 878 3918 962 cupiditate
3954 878 4277 958 retrahat,
4318 878 4548 963 longam

2640 967 2846 1032 vitam
2884 967 3222 1050 promittit,
3269 967 3324 1031 si
3366 988 3405 1030 a
3440 964 3587 1029 dolo
3631 965 3805 1030 malo
3849 976 3913 1029 et
3958 985 4265 1048 perverso
4307 977 4553 1047 quaestu

2641 1053 2765 1118 sibi
2823 1065 3115 1118 caveant.
3226 1051 3576 1119 Caeterum
3632 1072 3716 1116 ex
3769 1052 3900 1116 fine
3950 1051 4391 1134 cognoscitur,
4442 1072 4554 1118 non

2640 1139 2833 1223 modo
2887 1139 2957 1203 in
3014 1159 3144 1204 una
3202 1139 3326 1204 hac
3368 1148 3583 1220 parte,
3644 1137 3759 1202 sed
3814 1138 3886 1200 in
3950 1134 4249 1201 omnibus
4306 1138 4556 1221 negotiis

2641 1225 2937 1289 damnari
2982 1224 3274 1289 fallacias
3307 1244 3535 1301 omnes
3570 1222 3804 1305 quibus
3847 1221 4130 1304 proximi
4174 1220 4555 1289 fraudantur.

2644 1311 2998 1393 Postquam
3064 1312 3240 1376 enim
3308 1308 3475 1375 dixit
3541 1308 3756 1374 Deum
3823 1307 4187 1373 abominari
4251 1309 4360 1391 qui
4421 1308 4559 1375 haec

2640 1397 2919 1474 faciunt,
2983 1417 3136 1461 mox
3203 1395 3571 1480 explicandi
3644 1414 3842 1460 causa
3892 1393 4186 1459 subiicit:
4275 1392 4559 1477 Quisquis

2638 1482 2792 1548 facit
2837 1483 3270 1566 iniquitatem.
3349 1482 3668 1547 Videmus
3713 1502 3888 1564 ergo,
3933 1490 4006 1545 ut
4050 1479 4242 1545 malis
4286 1481 4559 1546 omnibus

2640 1579 2707 1633 et
2749 1568 2997 1634 illicitis
3041 1568 3338 1634 lucrandi
3383 1568 3632 1633 artibus
3674 1576 3990 1633 occurrat.

3274 1928 3407 1994 EX
3455 1927 3721 1994 DEUT.
3768 1924 3953 1993 XIX.

2817 2101 2916 2166 14.
2989 2099 3136 2166 Non
3176 2099 3522 2182 transferes
3577 2099 3912 2163 terminum
3942 2096 4236 2180 proximi
4280 2097 4376 2161 tui
4413 2116 4569 2178 quem

2632 2186 2916 2268 finierint
2956 2187 3231 2251 maiores
3269 2187 3339 2250 in
3383 2184 3757 2251 haereditate
3797 2190 3926 2263 tua,
3971 2203 4161 2267 quam
4215 2182 4571 2248 haereditate

2638 2273 2909 2355 accipies
2952 2273 3019 2338 in
3065 2277 3232 2339 terra
3274 2292 3467 2354 quam
3510 2269 3741 2336 Iehova
3783 2269 3966 2337 Deus
4024 2273 4170 2334 tuus
4204 2269 4321 2335 dat
4376 2267 4479 2333 tibi
4514 2271 4573 2332 ut

2628 2358 2965 2441 possideas
3005 2378 3162 2424 eam.

2808 2529 2940 2595 Hic
2985 2530 3336 2596 damnatur
3379 2528 3538 2593 furti
3578 2550 3789 2613 genus
3837 2525 4008 2610 quod
4067 2547 4302 2592 severe
4357 2525 4571 2591 Roma-

2640 2616 2743 2680 nis
2802 2614 3058 2700 legibus
3118 2615 3519 2681 vindicatum
3570 2628 3686 2680 est.
3775 2613 3945 2678 Nam
3994 2625 4068 2676 ut
4108 2621 4296 2678 certa
4338 2614 4425 2679 sit
4464 2611 4572 2676 cui·

2639 2722 2763 2785 que
2821 2725 2940 2767 sua
2989 2702 3336 2786 possessio,
3395 2700 3707 2766 terminos
3754 2698 4058 2764 finiendis
4113 2700 4297 2782 agris
4354 2699 4572 2781 positos

2640 2808 2907 2853 manere
2969 2790 3247 2853 intactos
3304 2795 3592 2870 oportet,
3662 2808 3738 2852 ac
3788 2787 3843 2850 si
3908 2785 4076 2851 sacri
4126 2796 4374 2850 essent.
4457 2781 4572 2865 Qui

2639 2876 2990 2938 terminum
3027 2873 3476 2939 fraudulenter
3510 2871 3755 2951 avellit,
3793 2871 3916 2937 hoc
3961 2892 4093 2935 uno
4128 2870 4401 2936 sceleris
4433 2869 4572 2935 satis

2638 2961 2980 3026 convictus
3024 2969 3150 3037 est,
3212 2958 3383 3043 quod
3443 2957 3783 3023 dominum
3820 2956 4190 3041 legitimum
4238 2979 4329 3022 ex
4373 2956 4568 3040 quieta

2639 3046 2783 3131 agri
2829 3047 3231 3131 possessione
3277 3045 3610 3111 deturbat:
3664 3046 3773 3127 qui
3836 3064 3989 3110 vero
4048 3052 4260 3110 metas
4307 3043 4448 3129 agri
4485 3039 4573 3107 sui

2638 3154 2788 3198 cum
2855 3133 3129 3199 alterius
3195 3132 3536 3215 dispendio
3608 3131 3872 3215 longius
3950 3127 4282 3214 producit,
4351 3131 4570 3195 crimen

2640 3217 2962 3302 duplicat,
3043 3219 3328 3284 falsitate
3405 3219 3654 3283 furtum
3734 3216 4033 3299 tegendo,
4130 3215 4326 3282 Unde
4399 3215 4573 3280 etiam

2638 3304 3004 3390 colligitur,
3070 3306 3245 3369 fures
3311 3325 3456 3369 esse
3512 3325 3645 3367 non
3702 3302 3894 3368 modo
3943 3303 4053 3385 qui
4109 3323 4253 3367 rem
4317 3301 4572 3367 alienam

2639 3411 2838 3455 manu
2883 3392 3219 3469 auferunt,
3272 3390 3384 3474 qui
3434 3389 3775 3474 pecuniam
3823 3388 4067 3454 tollunt
4115 3409 4200 3452 ex
4248 3408 4438 3465 arca,
4486 3381 4573 3450 vel

2637 3496 2721 3541 ex
2766 3476 2949 3542 cellis
2992 3489 3058 3541 et
3100 3476 3352 3541 horreis
3395 3476 3828 3559 praedantur,
3878 3472 3992 3540 sed
4038 3474 4241 3539 etiam
4288 3474 4400 3557 qui
4441 3470 4574 3536 fun·

2639 3560 2754 3628 dos
2796 3560 3045 3628 alienos
3085 3563 3331 3628 iniuste
3376 3570 3719 3645 occupant.

3239 3936 3376 4004 EX
3417 3935 3719 4004 EXODI
3768 3936 3995 4002 XXII.

2810 4110 2895 4175 26
2923 4107 2987 4210 ¹).
3060 4108 3138 4174 Si
3190 4111 3260 4174 in
3307 4108 3552 4192 piynus
3610 4110 3923 4189 acceperis
3977 4109 4406 4173 vestimentum
4451 4121 4578 4201 pro-

2638 4196 2803 4260 ximi
2857 4201 2986 4271 tui,
3028 4202 3367 4277 antequam
3423 4193 3770 4260 occubuerit
3824 4193 3918 4259 sol
3956 4194 4248 4259 restitues
4310 4191 4473 4256 illud
4510 4209 4575 4254 ei.

2641 4281 2744 4347 27.
2793 4283 2958 4363 Quia
2990 4282 3203 4364 ipsum
3236 4281 3443 4347 solum
3462 4286 3550 4344 est
3569 4282 4016 4362 operimentum
4043 4280 4196 4355 eius,
4236 4278 4404 4343 illud
4422 4275 4577 4341 vesti·

2640 4373 2913 4433 meatim
2974 4368 3111 4433 eiua
3167 4372 3260 4432 est
3313 4368 3439 4433 cuti
3491 4387 3647 4432 suae
3697 4367 3771 4430 in
3825 4385 3945 4447 quo
4000 4365 4307 4442 dormiat,
4370 4369 4428 4429 et
4476 4362 4580 4426 ent

2641 4474 2835 4535 quum
2876 4454 3238 4520 clamaverit
3295 4454 3382 4530 ad
3437 4473 3562 4532 me,
3619 4457 3766 4518 tunc
3815 4451 4186 4518 exaudiam.-
4239 4470 4384 4515 sim
4434 4464 4581 4513 enm

2640 4560 3012 4607 miser-acore.

3237 4896 3366 4961 EX
3421 4896 3692 4963 DEU'I'.
3735 4895 4000 4963 XXIV.

2818 5071 2881 5135 6.
2948 5068 3094 5134 Non
3136 5068 3395 5149 accipiet
3434 5068 3775 5150 quisquam
3817 5068 4495 5152 propiqnoremetam
4531 5068 4581 5131 d

2642 5155 2942 5233 catillum,
2984 5154 3139 5235 qaia
3178 5154 3462 5219 animam
3506 5155 3645 5235 ipse
3691 5155 3991 5236 acciperet
4015 5174 4143 5235 pro
4163 5155 4446 5239 piynore.

2824 5357 2882 5428 1)
2915 5356 3078 5412 nest.
3115 5356 3203 5413 25.
3236 5356 3322 5412 as.
