4867 6150
600 463 697 527 ‘27
1724 560 1731 569 .
1806 456 2547 533 COMMENTARIUS
2590 456 2688 522 IN
2734 458 3035 526 EXODI
3078 459 3277 525 CAP.
3322 458 3416 524 II.
4533 458 4609 526 28

616 652 852 716 Mosen
897 669 1031 713 non
1075 649 1280 714 fuisse
1326 649 1676 714 temerario
1721 648 1859 713 zelo
1904 647 2257 731 impulsum
2303 658 2381 711 ut
2422 667 2565 711 cae-

616 737 765 802 dem
826 742 1265 819 perpetraret:
1312 735 1429 800 sed
1473 734 1628 817 quia
1671 743 1942 817 noverat
1984 756 2054 798 se
2078 732 2392 799 divinitus
2427 751 2570 796 esse

616 821 802 907 genti
844 841 1003 887 suae
1046 819 1447 885 destinatum
1491 819 1815 886 vindicem
1855 839 1931 885 ac
1972 819 2344 884 ministrum
2389 817 2569 881 salu-

621 910 728 974 tis.
834 906 1300 989 Circumspicit
1357 916 1580 970 tamen
1636 927 1719 970 an
1779 906 2102 989 quispiam
2160 904 2333 969 adsit
2385 925 2569 986 spec·

615 1004 808 1073 tator,
854 1014 975 1059 nec
1018 990 1215 1057 audet
1256 991 1650 1056 maleficium
1688 992 1941 1075 punire,
1987 992 2111 1055 nisi
2155 989 2351 1055 caede
2387 989 2568 1056 clan-

617 1080 892 1146 destina.
983 1078 1215 1162 Itaque
1259 1076 1558 1143 videmus
1600 1098 1736 1141 non
1775 1077 1954 1144 omni
1998 1099 2078 1141 ex
2135 1087 2320 1159 parte
2364 1075 2570 1141 fuisse

615 1163 1113 1251 magnanimum
1173 1174 1245 1229 ut
1301 1164 1597 1241 decebat,
1661 1162 1775 1228 sed
1836 1184 1982 1228 cum
2036 1184 2157 1229 sua
2217 1161 2569 1227 timiditate

613 1252 937 1319 luctatum
1005 1271 1165 1315 esse.
1268 1249 1531 1314 Rursus
1596 1270 1678 1313 ex
1752 1249 2172 1315 vacillatione
2237 1248 2570 1332 colligitur

616 1338 772 1405 fidei
816 1336 1148 1402 debilitas:
1212 1356 1296 1399 ne
1341 1345 1649 1418 putemus
1693 1335 1785 1399 ita
1843 1334 2092 1399 laudari
2149 1336 2226 1400 ab
2277 1334 2569 1416 apostolo

617 1425 803 1508 quasi
850 1422 1012 1487 nihil
1061 1422 1143 1486 ad
1188 1420 1651 1505 perfectionem
1700 1421 2001 1487 defuerit.
2094 1420 2320 1486 Primo
2364 1420 2570 1502 igitur

618 1508 982 1575 tenendum
1005 1518 1127 1583 est,
1173 1508 1405 1572 Mosen
1431 1528 1563 1572 non
1587 1518 1830 1572 temere
1866 1507 2221 1590 arripuisse
2258 1505 2576 1590 gladium,·

617 1595 733 1662 sed
779 1603 1105 1661 armatum
1152 1591 1359 1658 fuisse
1403 1592 1668 1658 coelesti
1727 1592 2058 1673 mandato,
2118 1603 2183 1657 et
2237 1593 2568 1657 conscium

616 1680 949 1766 legitimae
995 1678 1374 1754 vocationis,
1420 1688 1598 1744 recto
1641 1677 1877 1744 iudicio
1922 1680 2042 1745 has
2086 1686 2305 1761 partes
2347 1696 2569 1742 susce-

614 1770 809 1852 pisse,
854 1786 1131 1848 quarum
1190 1764 1473 1831 habebat
1526 1765 1745 1829 Deum
1807 1774 2124 1830 autorem.
2213 1763 2408 1830 Unde
2465 1784 2568 1828 se-

619 1853 862 1938 quitur,
902 1872 1242 1934 perperam
1279 1851 1568 1916 facturos
1605 1850 1904 1916 homines
1940 1852 2251 1934 privatos,
2290 1861 2356 1913 et
2389 1849 2570 1913 illius

620 1937 925 2020 exemplo
966 1937 1238 2001 minime
1283 1936 1515 2016 iuvari,
1576 1935 1633 2001 si
1681 1937 1746 2001 vi
1791 1943 1858 2000 et
1900 1957 2098 2001 manu
2156 1944 2573 2019 compescant

622 2025 916 2090 iniurias.
985 2023 1138 2088 Huc
1162 2042 1367 2104 usque
1410 2043 1530 2087 nos
1554 2022 1761 2087 Mosis
1791 2022 2155 2087 imitatores
2176 2042 2319 2086 esse
2365 2020 2569 2100 decet,

622 2119 701 2176 ut
743 2119 1001 2194 praesto
1055 2110 1262 2173 simus
1316 2106 1761 2173 laborantibus
1816 2120 1880 2172 et
1937 2107 2301 2191 oppressis,
2358 2105 2571 2191 quoad

625 2205 931 2279 suppetet
975 2193 1288 2273 facultas,
1346 2215 1468 2259 nec
1514 2193 1886 2258 dubitemus
1929 2193 2376 2278 improborum
2422 2192 2574 2257 odia

624 2283 693 2348 in
731 2303 850 2348 nos
887 2301 1276 2364 provocare,
1328 2280 1486 2345 dum
1534 2299 1763 2344 eorum
1800 2278 2112 2345 audaciae
2147 2300 2266 2346 nos
2300 2280 2573 2362 opponi-

623 2388 805 2433 mus:
863 2365 1154 2451 gladium
1200 2386 1358 2431 vero
1401 2385 1518 2449 pro
1562 2386 1787 2429 eorum
1832 2364 2211 2431 defensione
2268 2385 2574 2431 exserere

625 2453 1088 2539 permittamus
1131 2449 1475 2533 iudicibus,
1520 2451 1632 2533 qui
1677 2451 1934 2534 publico
1976 2453 2253 2536 imperio
2294 2450 2577 2535 praediti

623 2548 798 2606 sunt.
903 2536 976 2605 Si
1039 2557 1264 2602 eorum
1334 2536 1581 2601 auxilio
1650 2536 2041 2603 fraudentur
2103 2537 2359 2602 innoxii
2416 2536 2574 2602 dum

623 2626 846 2707 inique
888 2622 1258 2702 laeduntur,
1307 2632 1600 2687 nostrum
1648 2632 1748 2687 est
1792 2643 2088 2707 gemere:
2133 2622 2324 2690 sicuti
2365 2644 2577 2706 neque

624 2711 798 2777 Mosi
859 2710 1038 2775 ultra
1100 2708 1405 2793 progredi
1471 2708 1794 2787 licuisset,
1864 2710 1993 2775 nisi
2072 2708 2264 2776 datus
2341 2708 2579 2775 fuisset

622 2797 862 2880 populo
925 2793 1172 2860 vindex
1250 2804 1317 2859 et
1394 2793 1783 2878 redemptor.
1895 2794 2086 2876 Quod
2167 2795 2249 2860 ad
2330 2804 2577 2860 metum

624 2890 893 2966 spectat,
936 2882 1008 2946 in
1054 2901 1181 2965 quo
1224 2881 1487 2965 signum
1534 2879 1711 2945 dedit
1757 2880 1979 2964 pusilli
2024 2882 2249 2959 animi,
2293 2881 2578 2947 necdum

622 2969 789 3034 bene
833 2967 1193 3050 comparati
1231 2967 1316 3032 ad
1358 2988 1599 3032 munus
1643 2988 1836 3032 suum
1882 2967 2399 3050 exsequendum,
2446 2966 2576 3031 dis-

624 3076 882 3133 camus,
940 3064 1310 3119 sanctorum
1372 3051 1715 3136 obsequia,
1777 3073 1944 3137 quae
2009 3053 2190 3122 vitiis
2246 3054 2579 3137 permixta

624 3149 799 3220 sunt,
823 3140 1256 3206 nihilominus
1290 3140 1621 3205 interdum
1659 3161 1775 3222 per
1807 3139 2284 3224 indulgentiam
2321 3140 2579 3224 placere

622 3228 798 3294 Deo:
861 3248 936 3292 ac
980 3225 1252 3310 proinde
1295 3226 1598 3308 quamvis
1643 3227 1710 3290 in
1755 3226 1968 3291 officio
2013 3227 2405 3310 praestando
2457 3247 2579 3291 nos

623 3314 841 3381 carnis
884 3314 1151 3396 ignavia
1194 3310 1500 3390 retardet,
1547 3333 1630 3376 ne
1668 3321 1888 3377 tamen
1929 3312 2138 3378 obniti
2184 3312 2576 3379 desinamus.

624 3400 811 3464 Haec
856 3399 1028 3462 euim
1076 3396 1318 3463 fiducia
1359 3418 1495 3462 non
1552 3418 1784 3481 parum
1836 3398 2054 3466 valere
2097 3396 2289 3465 debet
2332 3398 2410 3463 ad
2458 3418 2579 3464 nos

626 3483 1032 3562 animandos,
1077 3483 1187 3548 ubi
1233 3484 1529 3566 persuasi
1567 3506 1812 3560 sumus,
1857 3486 2259 3551 cunctationi
2294 3495 2578 3563 nostrae,

626 3568 816 3636 modo
861 3591 943 3634 ne
987 3568 1313 3649 cedamus,
1356 3579 1652 3653 paratam
1699 3591 1840 3636 esse
1887 3572 2165 3635 veniam.

800 3656 901 3721 13.
949 3654 1107 3721 Ecce
1149 3656 1272 3721 duo
1313 3656 1444 3720 viri
1480 3655 1769 3722 Hebraei.
1859 3657 2042 3723 Haec
2087 3655 2581 3740 perseverentia

628 3741 1036 3808 demonstrat
1055 3742 1289 3807 Mosen
1326 3743 1514 3806 firmo
1551 3744 1999 3825 constantique
2023 3743 2227 3807 animi
2249 3743 2579 3825 proposito

627 3829 979 3913 quaesiisse
1024 3826 1303 3893 reditum
1351 3827 1434 3892 ad
1492 3829 1757 3907 fratres,
1817 3835 1892 3892 ut
1951 3829 2138 3895 aulae
2188 3828 2579 3895 valediceret

628 3935 704 3980 ac
744 3915 1043 3980 consulto
1077 3914 1454 3997 repudiasse
1488 3914 1664 3979 illius
1701 3913 2135 3997 splendorem,
2173 3914 2579 3997 opulentiam

627 4022 704 4067 ac
769 4000 1095 4080 lautitias,
1160 4021 1360 4083 quum
1427 4009 1645 4064 tamen
1711 4001 1982 4065 minime
2055 4002 2329 4085 ignarus
2407 4010 2582 4067 esset

628 4088 893 4171 quantis
928 4107 998 4152 se
1034 4086 1316 4151 miseriis
1351 4086 1677 4162 obiiceret,
1704 4106 1779 4151 ac
1814 4107 2008 4168 quam
2035 4086 2199 4151 dura
2233 4095 2300 4151 et
2328 4107 2579 4169 aspera,

631 4175 764 4239 imo
808 4183 873 4239 ει
915 4173 1351 4256 ignominiosa
1404 4193 1557 4235 eum
1617 4184 1910 4235 maneret
1965 4173 2262 4238 conditio.
2354 4171 2581 4253 Quare

629 4260 797 4324 nihil
853 4259 1094 4322 mirum
1152 4258 1208 4323 si
1269 4257 1440 4322 dicat
1499 4256 1832 4339 apostolus
1888 4256 2082 4343 (Heb.
2147 4258 2248 4334 11,
2297 4259 2401 4325 25.
2449 4257 2579 4346 26),

632 4366 784 4409 eum
822 4343 1133 4408 maluisse
1167 4342 1340 4407 ultro
1364 4342 1616 4407 Christi
1652 4343 1892 4426 probra
1926 4344 2330 4426 perferendo,
2375 4344 2579 4426 affligi

634 4452 766 4495 una
804 4451 952 4495 cum
998 4429 1232 4512 populo
1257 4428 1401 4505 Dei,
1446 4447 1646 4511 quam
1692 4430 2068 4512 temporarii
2112 4432 2360 4513 peccati
2404 4451 2579 4495 com·

633 4514 845 4580 modis
887 4515 1035 4578 frui.
1139 4513 1325 4579 Adde
1369 4513 1541 4596 quod
1587 4515 1796 4581 tristis
1861 4527 2164 4599 aspectus
2232 4516 2580 4581 violentiae

634 4601 1018 4686 tyrannicae
1073 4613 1138 4664 et-
1194 4621 1467 4665 onerum
1512 4601 1747 4685 quibus
1802 4604 2268 4684 premebantur
2322 4605 2578 4678 fratres,

637 4686 802 4751 nihil
846 4705 1142 4750 remorae
1199 4685 1422 4749 attulit
1482 4688 1831 4769 quominus
1886 4699 2213 4770 pergeret:
2272 4689 2422 4770 quia
2465 4709 2579 4771 spe

633 4774 896 4838 futurae
952 4773 1493 4837 remunerationis
1550 4772 1631 4837 ad
1688 4773 1899 4838 crucis
1943 4772 2359 4837 tolerantiam
2404 4794 2581 4838 com·-

635 4858 906 4943 positus,
952 4867 1363 4941 praesentem
1408 4869 1656 4922 metum
1703 4858 1959 4925 devicit.
2049 4857 2399 4924 Caeterum
2446 4879 2579 4923 non

637 4944 1053 5026 exsequitur,
1102 4952 1180 5009 ut
1243 4955 1453 5017 antea,
1502 4943 1734 5009 iudicis
1798 4957 2048 5027 partes:
2114 4944 2230 5010 sed
2294 4945 2578 5011 officium

637 5039 929 5113 praestat
985 5029 1156 5111 quod
1214 5029 1294 5095 ab
1364 5050 1626 5112 unoque
1698 5030 1905 5114 exigit
1964 5032 2259 5098 caritatis
2316 5031 2579 5114 regula:

639 5118 795 5181 dum
840 5115 1213 5199 pacificator
1255 5116 1500 5181 accedit
1557 5113 1640 5180 ad
1685 5116 2050 5201 litigantes,
2106 5128 2173 5182 et
2229 5129 2582 5198 utrumque

639 5200 724 5267 ad
766 5200 1175 5268 concordiam
1222 5202 1540 5280 hortatur,
1585 5204 1966 5285 praesertim
2014 5225 2169 5268 vero
2211 5203 2579 5269 maleficum

639 5290 958 5373 obiurgat.
1049 5286 1106 5349 N
1111 5308 1194 5350 on
1261 5287 1385 5350 fuit
1452 5288 1573 5352 hoc
1618 5289 1786 5353 Mosi
1853 5289 2213 5372 peculiare,
2280 5288 2395 5354 sed
2454 5288 2580 5371 piis

641 5373 945 5441 omnibus
989 5392 1337 5438 commune
1379 5373 1660 5438 officium
1712 5384 1811 5439 est
1853 5373 1968 5440 ubi
2007 5374 2235 5442 vident
2275 5376 2580 5454 innoxios

2675 644 2997 711 violenter
3039 647 3271 729 premi,
3316 669 3386 713 se
3428 648 3665 713 offerre
3707 656 4040 732 patronos,
4085 656 4154 712 et
4236 660 4512 714 uantum
4544 650 4610 713 in

2674 752 2748 797 se
2791 741 2892 797 est
2934 732 3368 800 intercedere:
3428 755 3512 798 ne
3570 733 3897 800 robustior
3953 754 4156 818 praev
4227 744 4350 800 eat.
4439 734 4609 799 Fieri

2673 816 2798 884 hoc
2838 817 2957 884 vix
3001 825 3216 900 potest
3270 820 3427 903 quin
3482 840 3946 903 exasperemus
4002 839 4114 883 eos
4171 819 4283 901 qui
4333 821 4610 904 prompti

2673 912 2833 969 sunt
2867 902 2948 968 ad
2985 904 3386 971 nocendum:
3426 904 3542 971 sed
3583 906 3751 970 nihil
3795 905 3962 970 tanti
4004 926 4148 970 esse
4191 904 4386 971 nobis
4430 905 4612 971 debet

2672 997 2752 1054 ut
2801 1010 3025 1055 eorum
3076 991 3407 1074 protervia
3450 991 3768 1056 obruatur
3807 992 4118 1075 aequitas,
4166 991 4356 1057 nobis
4401 999 4609 1057 tacen-

2672 1075 2865 1141 tibus.
2954 1076 3125 1140 Nam
3188 1075 3620 1142 dissimulatio
3674 1077 3744 1141 in
3801 1075 3924 1142 hac
3981 1087 4169 1159 parte
4226 1079 4478 1159 species
4519 1083 4610 1143 est

2672 1182 3049 1227 consensus.
3155 1163 3412 1228 Modico
3476 1172 3698 1227 autem
3753 1172 3819 1227 et
3874 1162 4132 1227 lenibus
4192 1164 4415 1229 verbis
4471 1182 4609 1229 eum

2672 1249 2948 1332 castigat
2992 1249 3246 1326 Moses,
3305 1249 3421 1331 qui
3477 1249 3667 1314 fratri
3725 1258 3868 1314 erat
3911 1249 4223 1314 iniurius:
4286 1251 4446 1332 quia
4485 1267 4609 1314 non

2671 1342 2806 1398 tam
2844 1336 3241 1416 exprobrare
3285 1333 3430 1398 vult
3472 1333 3703 1417 culpae
3747 1333 4136 1418 gravitatem
4177 1356 4376 1419 quam
4414 1354 4610 1402 reme·

2672 1418 2853 1484 dium
2898 1421 3157 1500 quaerit
3199 1418 3525 1485 sedandae
3570 1422 3711 1486 eius
3756 1421 4051 1487 ferociae.

2848 1506 2948 1571 14.
3012 1507 3167 1588 Quis
3219 1510 3276 1571 te
3331 1506 3661 1571 constituit.
3762 1506 3950 1571 Nihil
4013 1506 4252 1572 mirum
4314 1508 4371 1572 si
4429 1508 4608 1575 homo

2673 1592 2989 1657 scelestus
3047 1611 3122 1656 ac
3176 1611 3460 1673 nequam
3516 1591 3678 1657 adeo
3732 1592 4055 1675 placidam
4106 1594 4610 1661 admonitionem

2673 1678 3146 1744 contumaciter
3197 1677 3472 1760 repellit.
3565 1676 3676 1744 Sic
3734 1679 3913 1743 enim
3974 1679 4192 1744 solent
4239 1681 4477 1762 quibus
4517 1684 4610 1746 ius

2636 1771 2742 1827 .et
2827 1765 2925 1828 fas
3003 1784 3427 1848 perrumpere
3510 1762 3841 1830 decretum
3930 1773 4062 1844 est,
4150 1766 4351 1832 simul
4427 1776 4609 1850 atque

2674 1858 3072 1932 arguuntur,
3117 1850 3537 1929 tumultuari,
3592 1858 3660 1915 et
3718 1852 4026 1917 conviciis
4081 1852 4348 1935 abigere
4393 1853 4610 1935 probos

2674 1937 3047 2001 monitores.
3157 1936 3249 1999 Et
3325 1944 3503 2001 certe
3579 1956 3770 2001 rarae
3848 1937 4116 2002 virtutis
4194 1945 4299 2003 est
4371 1938 4609 2020 culpam

2675 2041 3047 2105 agnoscere,
3095 2031 3162 2086 ει
3200 2021 3489 2087 modeste
3534 2021 3885 2087 admittere
3920 2023 4411 2089 correctionem.
4476 2022 4609 2104 Quo

2675 2119 2893 2173 autem
2951 2109 3225 2192 quisque
3284 2107 3567 2173 deterior
3617 2116 3720 2173 est
3762 2118 3957 2192 atque
4001 2109 4273 2193 gravius
4318 2109 4609 2194 peccavit,

2677 2215 2753 2259 eo
2811 2194 3021 2277 magis
3086 2194 3381 2277 superbit
3447 2194 3848 2273 admonitus,
3917 2204 3985 2259 et
4050 2196 4299 2260 maiore
4366 2195 4611 2261 licentia

2675 2281 3007 2364 iurgatur:
3063 2278 3338 2364 ideoque
3394 2278 3476 2344 ad
3537 2279 3709 2345 hanc
3768 2279 4228 2364 indignitatem
4291 2280 4608 2348 ferendam

2676 2375 2936 2451 paratos
3000 2387 3142 2432 esse
3205 2375 3461 2448 oportet
3524 2367 3897 2449 quicunque
3976 2365 4060 2431 ad
4125 2366 4609 2450 compescendos

2677 2451 3007 2535 improbos
3064 2473 3134 2517 se
3198 2452 3571 2535 accingunt.
3674 2451 3767 2516 Et
3831 2460 4050 2517 tamen
4115 2473 4199 2518 ex
4268 2454 4609 2537 petulantia

2679 2540 2876 2604 unius
2935 2538 3238 2622 colligere
3294 2537 3448 2604 licet
3503 2558 3697 2620 quam
3758 2558 4070 2620 perversa
4126 2539 4385 2604 fuerint
4427 2542 4608 2604 totius

2680 2625 2818 2689 fere
2872 2624 3088 2708 gentis
3143 2624 3427 2707 ingenia.
3518 2622 3669 2704 Qua
3723 2625 3977 2689 ratione
4023 2623 4409 2708 Stephanus
4474 2624 4610 2690 dicit

2682 2709 2853 2797 (Act.
2917 2712 2974 2791 7,
3029 2708 3139 2796 35)
3199 2710 3434 2775 Mosen
3491 2709 3693 2775 fuisse
3752 2730 3793 2775 a
3849 2710 3985 2775 suis
4045 2711 4365 2777 reiectum
4383 2762 4398 2789 ,
4456 2708 4608 2776 unde

2681 2817 2906 2862 omnes
2965 2794 3458 2881 ingratitudinis
3523 2795 3866 2861 convincit.
3954 2796 4204 2862 Verum
4263 2805 4339 2863 ιιι
4392 2795 4608 2881 populo

2681 2890 3028 2966 parcatur,
3085 2880 3392 2946 docemur
3447 2880 3573 2948 hoc
3621 2882 3924 2966 exemplo
3968 2903 4162 2964 quam
4208 2881 4607 2949 indomabilis

2683 2970 2773 3034 sit
2792 2989 3017 3033 eorum
3053 2974 3289 3033 natura
3323 2987 3482 3051 quos
3505 2969 3690 3033 Deus
3723 2989 3854 3033 non
3890 2969 4339 3035 mansuefecit.
4405 2969 4610 3051 Neque

2683 3054 2861 3121 enim
2925 3053 3146 3121 minus
3213 3053 3464 3119 duriter
3528 3055 3986 3138 castigationes
4065 3055 4333 3139 repellit
4407 3073 4607 3122 eorum

2685 3142 3077 3225 pervicacia,
3136 3161 3336 3224 quam
3396 3139 3477 3204 ab
3535 3141 3771 3206 incude
3814 3143 4137 3224 excipitur
4178 3143 4349 3208 ictus
4391 3138 4607 3206 mallei.

2681 3227 2964 3310 Quando
3021 3228 3224 3312 igitur
3267 3226 3363 3291 ita
3406 3236 3560 3292 sunt
3587 3257 3592 3262 ’
3620 3228 3968 3309 praefracti
4028 3237 4102 3291 ιιι
4161 3227 4380 3295 decies
4437 3223 4605 3291 fracti

2686 3334 3022 3397 nunquam
3069 3327 3285 3378 tamen
3333 3313 3776 3396 corrigantur:
3831 3312 4001 3376 nihil
4059 3315 4302 3378 mirum
4348 3313 4405 3379 si
4445 3312 4607 3376 Deus

2684 3401 2752 3466 in
2799 3400 2944 3465 illos
2982 3400 3275 3483 asperius
3310 3399 3579 3475 saeviat,
3615 3397 4158 3482 quemadmodum
4196 3399 4513 3466 facturum
4545 3413 4605 3462 se

2685 3485 3041 3552 denunciat
3098 3506 3214 3569 per
3267 3506 3341 3550 os
3388 3483 3663 3551 Davidis
3720 3483 3921 3571 (Psal.
3985 3485 4084 3565 18,
4128 3486 4211 3551 27
4248 3537 4263 3551 .
4351 3485 4489 3550 Hoc
4536 3500 4606 3547 ne

2683 3571 3133 3655 experiamur,
3192 3579 3448 3636 mature
3505 3591 3628 3636 nos
3679 3571 4147 3637 submittamus
4265 3573 4324 3636 ei
4373 3569 4604 3635 ferulis:

2682 3669 2750 3722 et
2794 3657 3053 3741 quando
3097 3676 3232 3722 non
3276 3657 3577 3723 omnibus
3623 3656 3849 3721 datum
3893 3667 3993 3722 est
4039 3678 4350 3741 rogemus
4394 3664 4466 3721 ut
4503 3673 4605 3718 nos

2684 3744 2767 3809 ad
2813 3764 3039 3808 veram
3096 3742 3492 3808 docilitatem
3549 3743 3805 3808 formet.
3895 3742 4068 3824 Quid
4117 3745 4293 3808 enim
4338 3739 4604 3826 proficie-

2683 3851 2832 3896 mus
2868 3840 3094 3896 contra
3128 3828 3468 3894 stimulum
3501 3828 3942 3894 calcitrando?
3991 3828 4180 3895 Adde
4216 3828 4387 3913 quod
4433 3825 4604 3889 talem

2682 3916 3162 3984 contumaciam
3244 3917 3536 3999 sequitur
3622 3933 3841 3979 comes
3926 3914 4220 3981 belluina
4307 3911 4602 3998 quaedam

2683 4003 3093 4082 immanitas,
3161 4010 3238 4065 ut
3291 4001 3360 4065 in
3426 4001 3548 4065 hoc
3614 4000 3914 4082 exemplo
3978 4001 4217 4065 iterum
4279 3999 4601 4065 cernimus.

2684 4089 2906 4171 Rogat
2929 4088 3155 4152 Mosen
3194 4087 3327 4151 vile
3362 4094 3430 4151 et
3472 4085 3798 4152 abiectum
3841 4087 4242 4169 mancipium
4289 4088 4428 4170 quis
4469 4099 4602 4148 eum

2684 4173 3028 4240 constituit
3069 4172 3350 4238 iudicem
3399 4192 3598 4254 super
3641 4171 4010 4236 Hebraeos:
4061 4192 4140 4236 ac
4181 4177 4238 4239 si
4284 4193 4412 4238 non
4453 4173 4605 4233 esset

2683 4260 2825 4344 ipse
2868 4281 3015 4325 cum
3063 4267 3195 4321 toto
3232 4278 3351 4322 suo
3395 4278 3636 4341 genere
3680 4258 4015 4340 expositus
4060 4261 4352 4323 omnium
4395 4263 4602 4322 contu-

2683 4346 2918 4411 meliis.
3017 4342 3390 4426 Colaphum
3457 4345 3512 4407 si
3576 4345 3718 4427 quis
3798 4344 4179 4408 incussisset
4247 4367 4328 4410 ex
4398 4341 4604 4406 infima

2684 4432 2874 4516 plebe
2933 4432 3351 4514 aegyptiaca,
3404 4450 3535 4494 non
3590 4449 3787 4494 ausus
3843 4440 4015 4494 esset
4076 4432 4341 4495 mutire:
4399 4433 4602 4491 contra

2684 4518 2992 4583 blandam
3029 4516 3539 4581 admonitionem
3575 4535 3707 4579 non
3742 4515 3957 4580 minus
3993 4515 4340 4600 imperiose
4377 4518 4600 4599 proter-

2686 4605 2783 4670 vit
2840 4624 2914 4669 ac
2961 4603 3018 4667 si
3064 4603 3146 4667 ab
3190 4603 3367 4666 omni
3413 4601 3810 4667 subiectione
3853 4612 4023 4666 esset
4067 4602 4250 4667 liber.
4317 4595 4599 4666 Deterius

2684 4691 3043 4755 etiamnum
3092 4688 3259 4770 quod
3307 4689 3635 4770 sequitur,
3697 4708 3779 4751 an
3826 4689 3929 4752 vis
3975 4708 4079 4752 me
4121 4689 4408 4754 occidere
4449 4684 4599 4777 sicu}

2685 4775 3136 4858 Aegyptium?
3221 4775 3555 4840 Debuerat
3599 4773 3862 4850 Mosen,
3929 4773 4012 4837 ob
4076 4776 4206 4838 tale
4268 4774 4357 4858 pii
4419 4764 4598 4862 studu

2685 4862 3180 4940 documentum,
3238 4882 3367 4924 non
3413 4881 3601 4926 secus
3646 4880 3721 4925 ac
3768 4860 3887 4923 Dei
3935 4860 4247 4943 angelum
4290 4855 4596 4939 ampleonr

2683 4948 2864 5029 atqui
2944 4947 3332 5012 beneficium
3397 4946 3465 5011 in
3547 4945 3794 5011 crimen
3873 4957 4168 5025 vertens,
4237 4966 4364 5012 non
4428 4934 4597 5003 modo

2682 5032 2901 5099 odiose
2944 5031 3296 5116 exprobrat
3338 5032 3508 5115 quod
3553 5032 3747 5096 laude
3791 5033 4091 5115 prosequi
4143 5049 4413 5116 aequum
4454 5033 4592 5118 erat,

2684 5120 2797 5185 sed
2858 5119 3053 5182 etiam
3116 5119 3423 5182 minatur.
3510 5116 3776 5182 Interea
3826 5118 4094 5182 dubium
4153 5140 4283 5184 non
4326 5123 4420 5180 est
4452 5124 4594 5208 quin

2685 5205 3023 5288 perculsus
3077 5205 3277 5269 fuerit
3332 5214 3599 5268 sanctus
3657 5205 3763 5268 vir
3829 5205 4191 5287 impetuosa
4247 5208 4594 5268 tentationis

2683 5292 3023 5369 machina,
3092 5292 3203 5355 ubi
3269 5292 3337 5354 in
3400 5299 3598 5373 gente
3672 5310 3793 5354 sua
3869 5289 4298 5373 deprehendit
4370 5289 4589 5348 tantam

2685 5377 3069 5443 barbariem.
3149 5376 3511 5459 Aegyptios
3555 5375 3816 5458 quidem
3859 5376 4105 5441 sciebat
4138 5374 4260 5443 sibi
4300 5366 4593 5457 professos
