4867 6150
306 447 433 513 485

306 638 474 702 omni
517 637 641 702 loco
683 657 791 702 vos
833 643 888 703 et
928 639 1150 704 domus
1203 644 1407 705 vestra
1424 664 1443 703 :
1485 641 1641 721 quia
1682 660 1910 707 merces
1953 646 2043 707 est
2084 640 2256 706 vobis

295 744 419 806 pro
445 724 793 788 ministerio
813 728 1013 788 vestro
1055 726 1126 790 in
1146 725 1538 791 tabernaculo
1559 727 1992 792 conventionis
2040 727 2144 792 32.
2168 725 2258 792 Et

303 828 422 874 non
459 809 793 890 portabitis
834 829 1028 892 super
1059 831 1125 876 eo
1156 815 1495 892 peecatum,
1539 833 1733 894 quum
1772 832 1879 877 vos
1915 811 2255 879 obtuleritis

289 896 744 979 pinquedinem
797 895 966 996 eius·
999 916 1077 961 ex
1133 918 1199 963 eo
1213 922 1232 961 :
1294 902 1349 962 et
1405 897 1921 997 sanctificationes
1973 900 2255 980 tiliorum

307 980 519 1047 Israel
556 1001 681 1046 non
705 982 1016 1064 polluetis,
1061 1002 1137 1049 ne
1180 985 1564 1049 moriamini.

481 1151 580 1218 15.
639 1153 965 1234 Loquutus
1027 1159 1119 1219 est
1184 1153 1413 1220 Iehova
1478 1156 1563 1221 ad
1627 1156 1909 1221 Aharon.
2022 1155 2253 1222 Altera

301 1240 550 1323 species
607 1238 1040 1316 decimarum,
1100 1239 1223 1305 hoc
1283 1248 1388 1305 est
1445 1244 1802 1308 centesima
1847 1263 1999 1326 pars
2055 1243 2252 1307 totius

302 1332 681 1408 proventae,
748 1345 942 1406 quam
1009 1325 1451 1407 sacerdotibus
1516 1327 1891 1410 pendebant
1957 1330 2250 1394 Levitae.

301 1411 595 1478 Tertiam
639 1411 891 1476 faciunt
936 1411 1084 1476 alii:
1144 1411 1255 1477 sed
1314 1413 1635 1478 rationem
1692 1414 1885 1478 attuli
1929 1434 2046 1479 cur
2091 1413 2252 1479 mihi

299 1520 434 1563 non
472 1498 790 1580 probetur
824 1517 1050 1561 eorum
1086 1499 1322 1581 opinio.
1391 1499 1478 1564 Et
1514 1512 1692 1565 certe
1729 1500 2083 1576 verisimile
2119 1522 2252 1565 non

297 1596 404 1650 est
439 1604 574 1648 uno
610 1603 785 1648 anne
823 1593 1089 1649 exactas
1125 1584 1324 1650 fuisse
1361 1606 1435 1651 ac
1470 1586 1717 1651 solutas
1756 1586 2048 1671 duplices
2079 1585 2251 1653 deci-

297 1690 462 1734 mas.
534 1669 711 1752 Ergo
758 1668 939 1734 nobis
984 1671 1269 1736 sufficiat
1311 1671 1578 1753 partitio
1629 1671 2035 1737 bimembris:
2082 1673 2250 1737 Lar·

297 1757 450 1840 gior
494 1766 714 1820 autem
760 1757 974 1838 portio
1020 1756 1463 1822 sacerdotibus
1508 1757 1662 1822 data
1704 1759 1848 1836 fuit,
1895 1780 2026 1823 non
2064 1758 2253 1823 modo

297 1841 570 1906 honoris
612 1862 842 1919 causa,
902 1842 1014 1906 sed
1078 1843 1229 1924 quia
1277 1843 1480 1908 maior
1524 1844 1754 1928 religio
1799 1853 1868 1910 et
1912 1845 2254 1927 integritas

295 1929 372 1993 in
420 1928 907 2010 dispensatione
953 1926 1035 1993 ab
1080 1928 1208 1994 illis
1266 1930 1589 2012 speranda
1647 1937 1821 1994 erat:
1883 1929 2116 1995 deinde
2178 1939 2253 1995 ut

294 2013 529 2079 multis
573 2013 1117 2079 extraordinariis
1176 2014 1485 2080 oneribus
1543 2015 2016 2082 satisfacerent.
2106 2016 2250 2081 Iam

291 2121 385 2166 ne
462 2099 746 2165 restricti
814 2099 1096 2165 nimium
1179 2101 1281 2165 vel
1361 2101 1606 2167 sordidi
1670 2114 1892 2167 essent
1957 2103 2250 2182 Levitae,

291 2186 693 2269 pronunciat
751 2184 934 2250 Deus
995 2208 1127 2251 non
1182 2187 1402 2253 minus
1463 2188 1741 2271 impium
1798 2209 1942 2253 esse
2000 2188 2251 2254 furtum

289 2273 354 2338 si
401 2273 575 2336 mala
635 2269 765 2337 fide
810 2280 1013 2356 agant
1054 2292 1204 2337 cum
1250 2273 1727 2353 sacerdotibus,
1789 2294 1982 2356 quam
2030 2276 2084 2338 si
2137 2295 2252 2357 po-

289 2357 492 2441 pulus
551 2378 631 2421 ex
693 2363 866 2422 iusta
922 2379 1145 2423 eorum
1203 2359 1502 2440 portione
1557 2360 1801 2443 aliquid
1864 2360 2249 2444 subriperet.

287 2444 452 2510 Huc
510 2443 687 2508 enim
732 2453 1034 2527 spectant
1078 2445 1294 2522 verba,
1343 2446 1614 2527 perinde
1658 2447 1794 2511 fore
1840 2446 2123 2512 decimas
2167 2468 2248 2511 ex

287 2529 570 2597 decimis
624 2551 784 2612 quas
851 2530 1136 2612 pendere
1179 2531 1522 2610 iubentur,
1581 2551 1657 2597 ac
1714 2532 1771 2596 si
1831 2553 1912 2596 ex
1972 2552 2122 2597 area
2184 2543 2253 2597 et

286 2615 612 2683 torculari
656 2615 1020 2681 solverent:
1067 2638 1141 2682 ac
1185 2618 1242 2682 si
1279 2617 1524 2683 dictum
1563 2627 1752 2696 esset,
1793 2617 2000 2682 nihilo
2039 2618 2248 2703 magis

284 2722 440 2767 esse
484 2703 810 2766 immunes
855 2723 894 2766 a
937 2702 1239 2769 secundis
1288 2703 1554 2770 decimis
1598 2724 1792 2787 quam
1844 2705 2161 2787 populum
2209 2725 2246 2768 a

284 2787 548 2872 primis.
639 2787 937 2871 Longius
982 2787 1217 2854 deinde
1264 2789 1387 2855 hoc
1431 2790 1828 2868 extenditur,
1877 2800 1950 2855 ut
1985 2812 2067 2855 ex
2110 2791 2242 2855 sin·

285 2874 473 2958 gulis
516 2872 953 2940 oblationibus
1012 2887 1267 2957 partem
1328 2877 1623 2942 offerant.
1714 2876 1936 2941 Tertio
1991 2878 2248 2943 sincera

284 2960 695 3044 praecipitur
738 2959 1124 3026 liberalitas:
1175 2983 1255 3026 ne
1291 2961 1463 3043 quod
1500 2962 1673 3028 exile
1708 2963 1851 3040 erit,
1903 2962 2006 3026 vel
2045 2963 2244 3028 maci-

284 3046 585 3123 lentum,
646 3047 750 3110 vel
799 3046 931 3111 ullo
978 3047 1167 3113 modo
1212 3048 1534 3126 deterius,
1589 3057 1914 3132 reponant
1968 3049 2037 3115 in
2095 3070 2245 3132 par·

285 3141 431 3198 tem
491 3133 935 3208 sacerdotum,
998 3134 1110 3200 sed
1179 3135 1606 3201 selectissima
1673 3136 1887 3218 potius
1956 3156 2247 3218 quaeque

286 3220 594 3285 offerant.
685 3217 763 3283 Id
805 3220 981 3283 enim
1025 3220 1417 3302 intelligitur
1461 3243 1577 3304 per
1621 3242 1845 3287 vocem
1891 3235 1934 3288 2
1978 3234 2021 3289 Π
2049 3243 2244 3305 quam

288 3305 410 3371 alii
456 3303 714 3387 adipem
759 3313 1048 3372 vertunt.
1116 3306 1374 3372 Nomen
1418 3308 1842 3391 pinguedinis
1887 3310 2103 3373 visum
2149 3318 2248 3374 est

286 3391 531 3458 melius
573 3390 911 3473 quadrare,
958 3391 1030 3455 in
1075 3413 1201 3475 quo
1248 3403 1466 3458 tamen
1512 3402 1613 3458 est
1658 3394 2058 3478 metaphora.

470 3475 571 3540 31.
623 3476 963 3543 Comedetis
1025 3483 1230 3543 atatem
1287 3478 1463 3545 illud.
1570 3478 1744 3560 Quia
1809 3481 1984 3545 inter
2029 3500 2248 3545 sacras

287 3562 660 3628 oblationes
725 3564 1202 3645 reputabantur
1270 3564 1593 3642 decimae,
1676 3566 1925 3632 moveri
1991 3573 2248 3650 peterat

285 3650 609 3733 quaestio,
672 3670 755 3713 an
818 3648 947 3716 illis
1015 3651 1194 3716 vesci
1240 3650 1393 3715 alibi
1440 3652 1662 3717 liceret
1706 3674 1900 3734 quam
1945 3653 2017 3717 in
2063 3671 2248 3716 sanc-

289 3736 536 3801 tuar-ie.
625 3734 856 3818 Itaque
912 3737 1300 3818 pronunciat
1358 3738 1573 3815 Deus,
1633 3737 1742 3803 ubi
1792 3740 2251 3822 separaverint

287 3822 577 3888 Levitae
612 3819 1109 3903 δευτεροδεκάτας,
1158 3825 1438 3888 transire
1464 3824 1796 3889 residuum
1832 3825 1904 3888 in
1941 3833 2249 3889 naturam

289 3915 358 3972 et
405 3906 702 3972 ordinem
746 3909 1192 3973 communium
1216 3908 1541 3974 ciborum:
1590 3910 1926 3992 quiatunc
1961 3909 2249 3993 quolibet

288 3994 367 4059 in
432 3994 569 4059 loco
628 4014 862 4077 panem
926 4015 1010 4057 ex
1078 3994 1409 4059 frumento
1467 3995 1826 4062 decumano
1883 3995 2246 4075 comedent,

287 4089 608 4162 tanquam
666 4100 751 4143 ex
811 4100 1121 4163 agrorum
1180 4101 1443 4145 suorum
1512 4091 1858 4165 proventu.
1964 4080 2249 4147 Videtur

285 4166 559 4251 quidem
624 4166 896 4230 minime
961 4175 1113 4249 apta
1179 4188 1321 4231 esse
1387 4188 1551 4250 quae
1628 4168 1974 4234 subiicitur
2059 4168 2247 4248 ratio,

288 4250 472 4336 quod
537 4271 787 4318 merces
850 4252 938 4317 sit
1002 4274 1121 4335 pro
1188 4252 1409 4318 labore
1475 4273 1667 4336 quem
1728 4253 2122 4336 impendunt
2179 4255 2245 4317 in

286 4338 477 4405 cultu
536 4336 960 4404 tabernaculi.
1062 4337 1229 4404 Inde
1295 4340 1472 4403 enim
1539 4339 1977 4424 colligendum
2037 4338 2246 4424 magis

285 4434 487 4504 esset,
534 4424 779 4490 victum
808 4424 984 4490 hunc
1029 4424 1446 4507 peculiariter
1490 4423 1890 4491 destinatum
1937 4446 2079 4492 esse
2125 4426 2244 4489 mi·

285 4511 544 4589 nistriS,
589 4509 903 4595 quamdiu
941 4532 1211 4576 munere
1246 4532 1366 4576 suo
1401 4510 1783 4594 fungentur,
1830 4521 1894 4576 et
1936 4511 2245 4577 excubias

286 4603 500 4681 agent
554 4597 626 4661 in
693 4596 1142 4674 tabernaculo,
1203 4596 1308 4662 vel
1370 4597 1750 4662 mactabunt
1806 4598 2105 4663 victimas
2162 4597 2242 4661 ad

287 4683 523 4749 altare.
613 4682 866 4747 Verum
909 4684 1062 4766 quia
1108 4684 1233 4749 Dei
1282 4682 1589 4748 mandato
1633 4685 1842 4766 sparsi
1889 4693 2079 4749 erant
2129 4704 2246 4766 per

285 4777 499 4835 totam
559 4776 838 4846 terram,
898 4791 1018 4834 nee
1070 4777 1340 4852 propter
1384 4768 1508 4835 loci
1555 4770 1933 4836 distantiam
1990 4769 2243 4835 desine-

283 4856 457 4920 bant
493 4854 892 4920 tabernaculi
932 4875 1074 4921 esse
1116 4854 1421 4933 ministri,
1468 4856 1704 4920 merito
1747 4856 1882 4922 illis
1927 4855 2247 4938 permitti-

286 4950 426 5018 tur,
472 4940 841 5023 ubicunqne
885 4941 1051 5020 sint,
1110 4943 1287 5008 victu
1333 4942 1650 5007 divinitus
1705 4943 2003 5008 ordinato
2052 4941 2242 5007 vesci.

291 5027 378 5093 Si
415 5026 801 5109 particulam
845 5040 907 5094 ’3
962 5026 1375 5092 adversative
1419 5031 1711 5112 accipere
1745 5028 1965 5108 libeat,
2011 5047 2245 5092 sensus

283 5112 427 5178 erit
467 5112 848 5196 expeditior.
938 5113 1252 5177 Proximo
1309 5134 1504 5180 versu
1564 5116 1911 5181 confirmat
1968 5112 2242 5179 eandem

286 5200 712 5279 sententiam,
777 5198 1024 5264 nullius
1086 5198 1333 5265 scilicet
1398 5201 1628 5283 culpae
1694 5202 1832 5267 fore
1896 5222 2060 5278 reos,
2130 5198 2245 5264 ubi

287 5284 741 5351 sacerdotibus
785 5284 984 5369 probe
1030 5285 1488 5352 satisfecerint.
1582 5285 1830 5353 Severe
1887 5295 2106 5352 tamen
2156 5285 2242 5350 si-

285 5372 433 5436 mul
497 5379 846 5437 monentur
889 5392 974 5436 ne
1020 5391 1146 5453 qua
1188 5370 1416 5437 fraude
1460 5393 1530 5438 se
1582 5374 2028 5458 obstringant:
2090 5371 2244 5455 quia

1704 448 2218 519 SECUNDUM
2264 452 2913 521 PRAEOEPTUM.

4182 462 4319 529 486

2358 642 2689 727 sacrilegii
2735 644 2873 709 loco
2916 644 3057 710 fore
3104 645 3460 712 denunciat
3482 646 3664 711 Deus
3709 647 3763 712 si
3810 648 3967 731 quid
4004 649 4319 717 furaciter

2361 731 2739 807 averterint,
2777 740 2846 794 et
2879 731 3221 813 capitalem
3261 752 3536 814 poenam
3575 734 3882 799 minatur.
3952 736 4123 801 Nam
4168 737 4321 819 pol·

2358 812 2543 880 luere
2587 816 3136 883 sanctificationes
3182 817 3423 901 populi,
3473 817 3861 884 tantundem
3909 821 4082 887 valet
4117 833 4315 906 atque

2357 901 2704 982 profanare
2782 902 2955 985 quod
3034 904 3239 968 totius
3318 904 3541 986 populi
3619 906 3886 970 nomine
3972 929 4321 976 consecra-

2356 997 2500 1051 tum
2546 996 2704 1053 erat.

2943 1326 3076 1395 Ex
3122 1328 3391 1396 DEUT.
3437 1328 3704 1397 XVIII.

2450 1544 2456 1550 -
2530 1500 2587 1565 1.
2651 1499 2796 1566 Non
2854 1500 2972 1566 erit
3029 1499 3448 1566 sacerdotibus
3502 1502 3744 1567 Levitis
3813 1510 3870 1568 et
3932 1505 4039 1571 toti
4110 1506 4313 1573 tribui

2356 1586 2514 1651 Levi
2556 1588 2772 1667 portio
2829 1592 2884 1651 et
2940 1585 3295 1652 haereditas
3353 1607 3492 1652 cum
3533 1588 3769 1670 reliquo
3814 1590 4084 1670 Israele,
4145 1592 4312 1658 obla-

2354 1673 2553 1737 tiones
2593 1673 2827 1754 iffnitas
2866 1671 3160 1753 ΙεΙιουαε,
3221 1677 3276 1737 et
3318 1672 3757 1739 haereditatem
3802 1678 3939 1741 eius
3980 1678 4306 1745 comedent.

2354 1758 2414 1822 2.
2463 1757 2555 1822 Et
2593 1758 2944 1823 haereditas
2998 1780 3122 1824 non
3169 1759 3289 1823 erit
3340 1758 3442 1823 illi
3484 1761 3552 1824 in
3605 1761 3805 1825 medio
3844 1763 4123 1843 fratrum
4164 1786 4308 1830 suo-

2352 1864 2517 1922 rum,
2566 1843 2801 1908 Iehova
2844 1849 2931 1909 est
2973 1843 3331 1909 haereditas
3371 1845 3528 1922 eius,
3575 1848 4091 1927 quemadmodum
4143 1851 4309 1916 dixit

2353 1929 2474 1994 illi.
2564 1930 2624 1993 3.
2683 1930 2873 1995 Istud
2926 1935 3132 1996 auwm
3186 1931 3307 1995 erit
3364 1932 3468 1996 ius
3520 1934 3908 1998 sacerdotum
3963 1956 4007 1999 a
4049 1936 4305 2017 populo,

2353 2015 2564 2096 quoad
2582 2015 3007 2096 sacrificantes
3037 2015 3442 2096 sacrificium,
3485 2019 3617 2082 sive
3637 2017 3865 2099 bovem,
3899 2022 4033 2084 sive
4054 2042 4306 2105 aynum,

2353 2101 2593 2166 dabunt
2630 2102 2935 2167 sacerdoti
2979 2121 3244 2178 armum,
3302 2107 3360 2167 et
3397 2103 3718 2181 maxillas,
3779 2111 3834 2170 et
3874 2107 4304 2174 ventriculum.

2354 2187 2413 2251 4.
2468 2188 2806 2252 Primitiae
2846 2188 3146 2269 frumenti
3184 2189 3297 2265 tui,
3343 2190 3478 2253 vini
3519 2190 3633 2263 tui,
3680 2194 3735 2254 et
3769 2192 3890 2255 olei
3929 2193 4042 2272 tui,
4087 2199 4142 2258 et
4165 2195 4307 2276 pri-

2352 2273 2571 2338 mitias
2623 2272 2871 2338 velleris
2927 2274 3134 2338 ovium
3187 2278 3443 2339 tuarum
3502 2274 3682 2341 dabis
3736 2275 3852 2341 illi.
3952 2276 4011 2342 5.
4075 2278 4304 2360 Ipsum

2351 2358 2517 2424 enim
2558 2358 2735 2443 eleyit
2777 2358 3007 2424 Iehova
3051 2359 3235 2424 Deus
3289 2365 3435 2425 tuus
3477 2382 3510 2426 e
3552 2362 3784 2426 eunetis
3826 2363 4107 2429 tribubus
4154 2367 4302 2444 tuis,

2350 2451 2422 2510 ut
2463 2451 2580 2511 stet
2621 2446 2708 2509 ad
2746 2445 3242 2510 ministrandum
3283 2446 3523 2511 nomini
3566 2445 3847 2526 Iehovae,
3902 2450 4040 2529 ipse
4081 2455 4138 2514 et
4174 2450 4305 2532 filii

2352 2533 2492 2596 eius
2527 2531 2813 2598 omnibus
2853 2531 3086 2596 diebus.
3177 2532 3237 2596 6.
3292 2534 3496 2612 Quum
3540 2538 3749 2597 autem
3806 2536 4039 2599 venerit
4084 2536 4306 2602 Levita

2351 2638 2428 2682 ea:
2467 2616 2689 2698 aliqua
2719 2622 3056 2697 portarum
3094 2622 3368 2689 tuarum,
3415 2640 3491 2682 ex
3525 2619 3693 2683 omni
3729 2618 3986 2697 Israele,
4029 2622 4138 2687 ubi
4174 2623 4306 2704 ipse

2342 2703 2889 2787 pereyrinabitur,
2948 2709 3005 2768 et
3056 2705 3293 2768 venerit
3343 2709 3460 2769 toto
3511 2705 3817 2771 desiderio
3860 2708 4111 2772 animae
4150 2727 4307 2773 suae

2352 2790 2438 2854 ad
2480 2789 2679 2854 locum
2722 2809 2901 2870 quem
2936 2790 3180 2872 elegerit
3216 2789 3480 2856 lehova:
3542 2790 3597 2854 7.
3637 2790 4036 2856 Minis-trabit
4067 2794 4310 2859 nomini

2353 2873 2617 2939 Iehovae
2656 2874 2787 2940 Dei
2829 2875 2954 2951 sui,
2996 2876 3161 2940 sieut
3203 2895 3413 2941 omnes
3450 2874 3689 2956 fratres
3730 2878 3869 2942 eius
3904 2877 4161 2944 Levitae
4196 2880 4308 2960 qui

2351 2965 2518 3026 stant
2574 2960 2708 3026 illie
2771 2980 2980 3026 eoram
3038 2960 3287 3026 Iehova.
3379 2962 3436 3026 8.
3502 2961 3755 3026 Partem
3811 2963 4082 3029 similem
4121 2965 4309 3046 parti

2351 3046 2628 3113 aliorum
2669 3047 2975 3113 comedent
2991 3098 3011 3124 ,
3044 3051 3304 3128 praeter
3344 3047 3720 3113 venditiones
3762 3048 3903 3114 eius
3944 3050 4031 3116 ad
4064 3056 4303 3133 patres.

2529 3221 2585 3284 1.
2637 3219 2783 3284 Non
2839 3219 2957 3284 erit
3014 3218 3452 3284 sacerdotibus.
3542 3219 3697 3283 Tria
3756 3229 3911 3284 sunt
3956 3223 4308 3304 praecipua

2353 3304 2551 3370 huius
2595 3303 2717 3369 loci
2763 3304 2994 3388 capita.
3086 3305 3311 3369 Primo
3357 3306 3531 3369 enim
3577 3306 3868 3370 ostendit
3910 3307 4113 3384 Deus,
4171 3329 4306 3373 non

2350 3412 2494 3456 esse
2516 3410 2634 3456 cur
2668 3401 3034 3474 graventur
3053 3390 3399 3456 Israelitae
3435 3390 3720 3457 decimas
3744 3393 4001 3458 solvere
4024 3393 4305 3474 Levitis,

2350 3477 2677 3560 primitias
2719 3485 2788 3541 et
2833 3477 2994 3542 alias
3052 3476 3415 3543 oblationes
3468 3479 3801 3543 remittere
3838 3479 4307 3559 sacerdotibus,

2349 3562 2657 3645 quoniam
2698 3563 2860 3629 haee
2904 3561 3117 3628 tribus
3163 3561 3566 3628 haereditate
3609 3564 3868 3646 privata
3905 3565 4122 3630 fuerit.
4186 3564 4307 3631 Se·

2349 3649 2563 3715 cundo
2621 3650 2840 3734 iurgia
2898 3649 3125 3714 omnia
3168 3649 3543 3727 antevertit,
3601 3651 3955 3732 compescit
3998 3651 4305 3717 illicitum

2348 3749 2717 3818 quaestum,
2763 3744 2829 3799 et
2873 3733 3176 3818 turpibus
3222 3735 3469 3816 rapinis
3505 3734 3743 3815 obviat,
3790 3736 4046 3802 Levitis
4089 3745 4156 3802 et
4201 3759 4304 3803 sa·

2351 3821 2725 3887 cerdotibus
2768 3822 3013 3886 iustam
3058 3829 3310 3903 partem
3356 3820 3741 3886 attribuens.
3809 3822 4030 3887 Tertio
4076 3820 4307 3888 definit

2350 3905 2670 3990 quomodo
2735 3908 2907 3971 inter
2971 3926 3042 3972 se
3106 3906 3335 3989 partiri
3404 3904 3684 3972 debeant
3761 3907 4154 3987 oblationes,
4235 3916 4302 3974 et

2352 3992 2509 4077 quid
2561 4014 2642 4057 ex
2707 3992 2990 4059 victimis
3049 3992 3379 4076 sumpturi
3434 3993 3568 4058 sint
3622 3992 4009 4059 sacerdotes.
4111 3994 4305 4075 Quod

2351 4079 2434 4144 ad
2480 4080 2770 4162 primum
2818 4078 3190 4143 membrum
3235 4087 3507 4161 spectat,
3564 4080 3873 4161 quoniam
3919 4080 4103 4145 Deus
4165 4088 4307 4145 erat

2350 4165 2534 4248 quasi
2579 4164 2824 4230 fundus
2868 4162 3292 4229 haereditatis
3336 4165 3646 4247 ipsorum,
3715 4165 3816 4229 ius
3860 4165 4031 4248 qued
4075 4166 4146 4230 in
4191 4187 4305 4231 eos

2350 4251 2800 4327 transtulerat,
2838 4251 3074 4315 merito
3110 4249 3237 4315 sibi
3274 4249 3726 4316 vendicarunt.
3774 4249 3850 4316 Si
3888 4250 4184 4317 odiosum
4216 4254 4304 4317 sit

2348 4337 2590 4421 populo
2636 4346 3028 4419 proventum
3072 4357 3262 4401 suum
3312 4335 3653 4415 decimari,
3712 4337 3895 4401 Deus
3937 4338 4123 4419 quasi
4166 4360 4301 4403 me-

2350 4423 2497 4489 dius
2554 4422 2929 4503 intercedit,
2986 4422 3243 4505 sibique
3300 4423 3443 4486 iure
3506 4422 3684 4505 regio
3743 4421 3964 4488 deberi
4007 4444 4300 4506 pronun·

2348 4509 2558 4589 cians,
2622 4508 2873 4575 villicos
2927 4517 2996 4572 et
3051 4519 3374 4574 coactores
3431 4508 3562 4573 illis
3622 4508 3961 4591 exigendis
4005 4511 4301 4591 praeficit

2348 4595 2641 4661 Levitae.
2687 4595 2836 4660 Non
2881 4602 2982 4660 est
3024 4594 3227 4678 igitur
3271 4615 3387 4660 cur
3430 4594 3613 4658 litem
3658 4594 3979 4678 quispiam
4018 4607 4299 4675 moveat,

2350 4682 2479 4746 nisi
2527 4681 2685 4746 velit
2730 4702 2813 4746 ex
2857 4681 3147 4764 professo
3193 4679 3409 4744 Deum
3454 4677 3753 4762 spoliare.
3844 4678 4124 4763 Saepius
4184 4703 4300 4746 au-

2348 4777 2484 4832 tem
2550 4767 2833 4834 occurrit
2901 4767 3061 4832 haec
3105 4766 3466 4831 sententia:
3528 4766 3839 4848 quoniam
3902 4788 4300 4851 magnopere

2347 4853 2669 4918 intererat
2709 4852 3022 4937 populum
3069 4871 3454 4936 persuasum
3500 4872 3642 4917 esse
3667 4903 3682 4928 ,
3730 4852 3947 4916 Deum
3994 4853 4063 4916 in
4110 4853 4299 4916 tabu-

2347 4939 2445 5004 las
2487 4960 2643 5004 suas
2687 4947 2948 5022 accepta
2994 4938 3238 5003 referre
3303 4957 3467 5020 quae
3509 4938 3770 5003 Levitis
3814 4939 4297 5021 assignaverat:

2347 5046 2480 5090 non
2548 5026 2740 5089 modo
2807 5046 2892 5090 ne
2955 5024 3111 5106 quid
3177 5024 3435 5090 Levitis
3501 5023 3983 5106 subriperetur,
4051 5022 4163 5088 sed
4222 5031 4299 5087 ut

2346 5111 2628 5176 libenter
2688 5109 2816 5175 Dei
2882 5111 3199 5176 ministris
3261 5109 3625 5195 legitimum
3686 5109 3971 5192 vectigal
4026 5110 4298 5191 quisque

2347 5196 2687 5280 penderet:
2735 5196 2972 5262 deinde
3017 5218 3100 5261 ne
3144 5198 3290 5280 quis
3336 5197 3620 5280 maligne
3665 5194 4084 5277 obstreperet,
4125 5192 4301 5277 quod

2344 5286 2414 5349 in
2462 5283 2850 5348 alimentum
2884 5282 3296 5349 sacerdotum
3333 5282 3651 5349 cedebant
3684 5280 4030 5363 primitiae,
4069 5288 4135 5345 et
4177 5280 4299 5343 ali·

2346 5391 2474 5454 qua
2520 5390 2606 5435 ex
2649 5369 2984 5436 sacrificiis
3042 5369 3271 5454 portio.
3362 5369 3597 5434 Altera
3654 5367 3849 5432 etiam
3906 5366 4309 5448 exprimitur

3780 5466 3883 5521 31*
