4867 6150
579 423 721 491 523

585 635 738 680 esse
781 611 1015 695 quibus
1059 609 1440 694 profanatur
1461 606 1589 673 Dei
1625 624 1899 672 nomen:
1946 605 2100 687 quia
2133 603 2192 668 si
2228 602 2543 671 vitiosum

591 700 685 765 sit
725 698 1141 782 principium,
1185 697 1255 761 in
1300 693 1735 761 obstinatione
1780 690 2024 774 duplex
2068 698 2172 755 est
2215 690 2543 772 impietas.

594 785 832 869 Itaque
867 781 1251 849 malefacere
1284 781 1411 847 hoc
1447 781 1584 845 loco
1625 800 1756 844 non
1793 788 1895 844 est
1929 774 2179 861 aliquid
2200 797 2543 860 perperam

595 882 889 946 tentare,
955 868 1068 934 sed
1135 866 1379 949 aliquid
1445 865 1779 948 suscipere
1843 863 2009 947 quod
2077 864 2258 929 carni
2303 862 2545 946 alioqui

593 978 801 1042 grave
843 967 912 1020 et
952 955 1297 1019 molestum
1357 960 1488 1017 est:
1546 948 2098 1035 quemadmodum
2143 949 2201 1013 si
2246 949 2391 1032 quis
2438 948 2543 1013 vel

595 1049 862 1127 sumptu
905 1061 1046 1106 rem
1091 1039 1514 1105 domesticam
1558 1038 1812 1102 minuat
1857 1036 1960 1101 vel
2002 1036 2223 1119 privet
2266 1056 2337 1100 se
2381 1034 2544 1100 deli·

595 1130 724 1204 tiis,
770 1126 875 1193 vel
920 1126 1385 1192 abstinentiam
1429 1123 1555 1190 sibi
1598 1125 1693 1188 rei
1741 1132 1969 1207 gratae
2018 1121 2121 1187 vel
2166 1122 2544 1187 commodae

592 1215 856 1280 indicat.

767 1300 827 1365 6.
896 1297 1180 1364 Adducet
1240 1296 1619 1363 oblationem.
1729 1295 2090 1360 Continuat
2152 1292 2321 1377 quod
2388 1302 2544 1357 ante

596 1384 884 1450 vidimus
928 1383 1008 1449 de
1050 1382 1307 1467 piaculo
1351 1382 1672 1458 tollendo,
1729 1379 1845 1447 sed
1896 1380 2130 1462 incipit
2173 1379 2545 1444 discernere

598 1472 775 1537 inter
818 1469 1058 1535 divites
1102 1478 1169 1534 et
1211 1489 1557 1552 pauperes:
1620 1488 1788 1550 quae
1833 1465 2162 1532 distinctio
2220 1464 2304 1529 ad
2348 1486 2544 1548 supe-

595 1559 772 1623 riora
837 1554 1246 1621 extenditur:
1330 1555 1504 1620 unde
1570 1563 1872 1636 apparet,
1953 1550 2336 1616 methodum
2408 1571 2543 1616 non

595 1652 825 1709 exacte
868 1641 1204 1708 observari
1247 1660 1284 1704 a
1328 1642 1533 1719 Mose,
1575 1640 1728 1723 quia
1770 1641 2018 1721 species
2057 1659 2221 1720 quas
2264 1637 2547 1702 inseruit

596 1729 907 1795 videntur
950 1727 1137 1793 filum
1191 1728 1707 1810 interrumpere:
1764 1747 1868 1791 res
1924 1734 2143 1788 tamen
2202 1724 2547 1808 perspicua

595 1824 838 1892 manet,
884 1815 1255 1897 quicunque
1300 1833 1523 1878 errore
1569 1812 1731 1894 lapsi
1777 1821 1938 1876 sunt
1972 1808 2346 1876 immundos
2380 1830 2543 1887 esse,

597 1901 803 1968 donec
862 1900 1296 1984 placationem
1355 1896 1732 1964 obtulerint.
1821 1894 2017 1978 Quod
2083 1908 2300 1961 autem
2346 1895 2545 1960 omis·

597 2009 742 2053 sum
802 1987 1016 2053 fuerat
1073 2007 1246 2051 nunc
1311 1985 1733 2067 exprimitur,
1804 2003 2122 2066 pauperes
2181 1992 2249 2047 et
2303 2002 2545 2065 egenos

599 2095 732 2140 non
775 2092 917 2138 esse
963 2071 1288 2155 urgendos
1332 2070 1482 2154 plus
1517 2091 1713 2153 quam
1756 2067 1925 2133 ferat
1970 2090 2196 2133 eorum
2232 2066 2539 2132 facultas:

596 2162 729 2225 imo
796 2159 1039 2244 gradus
1105 2168 1444 2241 ponuntur
1500 2166 1576 2219 ut
1632 2156 1871 2240 exigua
1929 2154 2176 2220 farinae
2235 2174 2546 2219 mensura

597 2245 868 2330 defungi
910 2243 1120 2327 possit
1162 2244 1272 2309 cui
1316 2263 1453 2306 non
1496 2241 1625 2307 erit
1660 2239 2070 2306 commodum
2103 2240 2340 2306 offerre
2375 2239 2543 2304 duos

595 2341 888 2396 turtures
929 2330 1038 2394 vel
1080 2325 1427 2395 columbas.
1514 2326 1709 2394 Unde
1767 2327 2138 2411 colligimus
2183 2348 2313 2392 non
2364 2325 2544 2390 aliud

595 2419 798 2483 fuisse
842 2416 986 2481 Deo
1030 2415 1432 2499 propositum
1480 2435 1674 2497 quam
1721 2434 1950 2479 verum
2007 2423 2075 2479 et
2131 2413 2395 2479 unicum
2442 2432 2543 2476 re-

594 2502 1068 2570 conciliationis
1106 2500 1371 2566 modum
1400 2500 1640 2583 populo
1676 2499 2041 2575 ostendere,
2079 2507 2156 2565 ut
2190 2498 2271 2564 ad
2295 2496 2541 2563 media-

597 2598 805 2654 torem
850 2598 918 2653 et
961 2587 1353 2653 sacrificium
1395 2608 1470 2651 se
1526 2585 1917 2652 conferrent.
2006 2585 2136 2651 Hic
2197 2585 2373 2651 enim
2434 2583 2543 2649 vel

597 2675 764 2740 duos
808 2680 1116 2748 turtures,
1164 2673 1269 2738 vel
1315 2670 1624 2756 pusillum
1667 2672 1915 2736 farinae
1957 2670 2271 2736 iubentur
2305 2670 2545 2736 offerre

596 2779 947 2844 pauperes:
1001 2757 1173 2842 quod
1220 2757 1491 2842 perinde
1533 2757 1697 2840 ipsis
1739 2758 1958 2823 Deum
2002 2759 2307 2840 propitiet
2347 2768 2546 2839 atque

599 2846 910 2913 divitibus
976 2845 1242 2910 victima
1305 2865 1470 2927 quae
1536 2844 1618 2909 ab
1695 2843 1858 2927 ipsis
1934 2844 2241 2926 exigitur.
2351 2842 2544 2924 Quod

597 2944 820 2998 tamen
861 2932 1070 2995 citant
1115 2932 1319 2995 nostri
1364 2931 1756 3012 interpretes
1811 2951 1896 2994 ex
1955 2941 2179 3013 poeta,
2235 2929 2545 2994 mutilum

596 3031 714 3098 est,
760 3039 1023 3101 nempe:
1073 3016 1470 3100 Quicunque
1515 3016 1597 3081 ad
1645 3016 1886 3099 templa
1922 3016 2267 3082 attulerint
2304 3016 2544 3081 mentis

597 3107 1067 3189 integritatem,
1113 3104 1286 3169 farre
1333 3105 1550 3168 litare:
1598 3104 1753 3185 quia
1795 3123 2024 3169 caecus
2069 3103 2179 3168 ille
2215 3125 2348 3168 non
2380 3101 2547 3168 vidit

600 3212 912 3275 quorsum
949 3189 1295 3256 tenderent
1339 3189 1694 3254 sacrificia:
1755 3203 1951 3271 atque
1994 3190 2088 3255 ita
2131 3189 2354 3254 omnia
2399 3190 2546 3253 lita-

602 3277 853 3342 tionum
898 3298 1140 3360 genera
1183 3275 1501 3358 despexit,
1546 3296 1622 3341 ac
1665 3275 1721 3340 si
1766 3277 1906 3341 sola
1947 3276 2200 3359 puritas
2245 3287 2312 3340 et
2352 3275 2546 3340 inno·

600 3364 816 3429 centia
856 3363 1342 3428 commendaret
1399 3361 1698 3427 homines
1742 3362 1903 3427 Deo.
1992 3362 2379 3426 Tenendum
2422 3361 2547 3444 igi·

604 3459 714 3513 tur
747 3460 863 3526 est,
901 3449 1202 3514 victimas
1234 3447 1480 3513 nullius
1504 3469 1621 3530 per
1655 3468 1726 3511 se
1761 3447 1963 3513 fuisse
1987 3448 2320 3526 momenti,
2355 3456 2425 3512 et
2448 3455 2549 3511 ta-

603 3555 754 3599 men
798 3533 1113 3617 populum
1157 3545 1441 3600 veterem
1485 3536 1916 3599 exercitatum
1974 3534 2174 3600 fuisse
2218 3536 2284 3599 in
2330 3554 2549 3599 caere-

604 3620 870 3697 moniis,
928 3641 1092 3703 quae
1155 3618 1463 3686 docerent
1517 3641 1648 3685 non
1707 3621 1897 3686 aliter
1955 3641 2152 3703 quam
2194 3621 2404 3703 pretio
2448 3640 2551 3685 re·

604 3705 1001 3789 demptionis
1047 3704 1266 3771 Deum
1311 3706 1575 3788 placari.

1125 3996 1250 4062 EX
1297 3997 1628 4064 EODEM
1678 3997 2035 4063 CAPI'I'E.

781 4136 879 4200 14.
925 4135 1253 4217 Loquutus
1293 4140 1383 4200 est
1435 4135 1698 4215 insuper
1741 4134 1972 4200 Iehova
2028 4136 2113 4201 ad
2156 4132 2382 4200 Mosen
2400 4185 2415 4213 ,
2461 4134 2557 4199 di-

603 4223 822 4288 cendo:
909 4221 1011 4288 15.
1071 4221 1316 4287 Anima
1370 4242 1564 4303 quum
1616 4222 2065 4304 praevaricata
2116 4219 2314 4302 fuerit
2357 4240 2556 4301 prae·

604 4308 1048 4374 caricationem
1064 4357 1079 4386 ,
1138 4313 1198 4372 et
1225 4309 1573 4390 peccaverit
1601 4328 1726 4389 per
1766 4327 2037 4373 errorem
2081 4308 2152 4371 in
2190 4326 2323 4371 una
2363 4328 2433 4372 re
2476 4327 2554 4371 ex

604 4393 1197 4474 sanctificationibus
1240 4392 1530 4473 Iehovae,
1575 4394 1848 4460 adducat
1891 4392 2258 4458 oblationem
2290 4411 2414 4473 pro
2453 4394 2547 4458 de·

600 4480 742 4545 licto
784 4500 900 4545 suo
941 4480 1219 4557 Iehovae,
1268 4480 1525 4545 arietem
1564 4480 1905 4561 perfectum
1945 4479 2024 4544 de
2055 4479 2417 4559 pecudibuS,
2462 4498 2555 4544 se-

600 4565 874 4630 cundum
917 4567 1404 4631 aestimationem
1445 4571 1620 4630 tuam
1661 4565 1901 4648 arpenti
1953 4565 2249 4631 siclorum
2264 4614 2279 4642 ,
2335 4585 2551 4631 seeun-

600 4651 755 4717 dum
792 4651 1017 4716 siolum
1057 4652 1409 4717 sanctitatis
1441 4672 1565 4734 pro
1606 4651 1840 4717 delicto,
1935 4651 2034 4717 16.
2082 4650 2170 4716 Et
2212 4650 2374 4733 quod
2404 4671 2551 4732 pec-

600 4738 835 4803 caverit
891 4737 961 4800 in
1025 4737 1503 4818 sanctificatione
1565 4737 1779 4803 reddet
1794 4787 1808 4812 ‚
1863 4743 1919 4802 et
1970 4739 2258 4819 quintam
2301 4742 2552 4819 partem

602 4824 814 4906 ipsius
855 4822 1041 4889 addet
1080 4824 1155 4899 ei,
1190 4824 1504 4906 tradetque
1536 4824 1700 4890 illud
1732 4825 2050 4896 sacerdoti,
2092 4823 2377 4889 sacerdos
2409 4843 2552 4889 vero

602 4908 881 4990 expiabit
922 4928 1062 4974 eum
1102 4909 1174 4973 in
1215 4910 1411 4974 ariete
1446 4909 1771 4975 oblationis
1802 4932 1929 4993 pro
1961 4910 2211 4975 delicto:
2254 4913 2314 4973 et
2342 4909 2552 4974 remit-

601 5000 763 5061 tetur
814 4994 889 5060 ei.
995 4994 1094 5058 17.
1153 4993 1377 5076 Itaque
1429 4997 1490 5061 si
1543 4998 1761 5062 anima
1801 4996 2176 5078 peccaverit,
2230 5001 2288 5061 et
2335 4994 2553 5077 fecerit

602 5101 802 5146 unum
842 5081 920 5145 ab
962 5079 1247 5146 omnibus
1286 5082 1641 5161 praeceptis
1684 5081 1946 5147 Iehovae
1961 5132 1977 5162 ,
2035 5102 2197 5166 quae
2236 5101 2361 5147 non
2401 5086 2552 5148 sunt

600 5166 923 5249 facienda,
971 5171 1026 5230 et
1066 5187 1190 5231 non
1230 5168 1570 5249 coqnoverit
1610 5171 1667 5232 et
1706 5168 2067 5249 deliquerit,
2109 5173 2166 5233 et
2196 5168 2549 5251 portaverit

603 5253 1002 5333 iniquitatem
1042 5272 1261 5317 suam:
1349 5252 1448 5318 18.
1501 5254 1674 5318 Tunc
1718 5254 1977 5319 adducet
2021 5256 2278 5319 arietem
2319 5254 2548 5320 imma-

603 5338 881 5403 culatum
922 5339 998 5403 de
1027 5337 1375 5419 pecudibus
1390 5387 1405 5414 ,
1462 5338 1799 5405 secundum
1840 5341 2328 5407 aestimationem
2369 5345 2549 5407 tuam

1996 414 2508 485 SECUNDUM
2553 418 3200 488 PRAEOEPTUM.

4443 422 4548 491 524

2651 608 2723 674 in
2763 607 3125 673 oblationem
3155 628 3282 689 pro
3338 609 3560 675 delicto
3615 610 3705 675 ad
3757 608 4161 688 sacerdotem,
4216 612 4272 672 et
4317 611 4549 692 expiabit

2649 712 2793 758 eum
2847 694 3137 760 sacerdos
3193 694 3270 759 ab
3322 714 3532 760 errore
3585 715 3700 760 suo
3753 714 4089 776 quemper
4129 714 4548 763 erroremcom-

2646 779 2839 857 misit,
2885 799 3079 860 neque
3120 780 3451 856 intellexit,
3497 785 3553 845 et
3593 781 3937 846 remittetur
3975 781 4053 845 ei.
4145 780 4242 845 19.
4281 780 4551 848 Delictum

2646 870 2769 931 est.-
2809 864 3215 947 delinquendo
3257 865 3518 948 deliquit
3561 865 3839 932 Iehovae.

2822 1037 2923 1102 14.
2991 1037 3318 1120 Loquutus
3382 1042 3474 1102 est
3526 1038 3808 1119 insuper.
3913 1035 4285 1103 Diversitas
4337 1037 4556 1107 hostiae

2646 1123 2822 1189 clare
2866 1124 3273 1189 demonstrat
3329 1122 3510 1189 aliud
3567 1144 3779 1206 genus
3834 1121 4054 1188 delicti
4109 1144 4285 1189 nunc
4333 1125 4555 1208 attingi,

2647 1210 2803 1292 quia
2861 1210 2999 1275 loco
3052 1210 3333 1274 feminae
3390 1210 3754 1275 masculum
3817 1227 3996 1273 nunc
4055 1209 4324 1292 requirit
4382 1211 4556 1276 Deus.

2646 1294 2827 1360 Ante
2884 1304 3233 1361 contentus
3296 1294 3425 1360 fuit
3482 1316 3655 1379 agna
3709 1294 3816 1361 vel
3869 1314 4093 1376 capra:
4160 1296 4313 1378 quia
4369 1307 4558 1361 autem

2648 1381 2867 1446 maius
2910 1392 3011 1447 est
3056 1380 3339 1464 pretium
3384 1382 3627 1459 arietis,
3680 1381 3977 1464 sequitur
4019 1400 4297 1463 poenam
4339 1379 4559 1466 iniungi

2648 1469 2936 1550 graviori
2979 1467 3236 1534 delicto.
3325 1465 3579 1549 Oulpae
3622 1488 3775 1533 vero
3819 1466 4111 1550 gravitas
4166 1488 4248 1532 ex
4294 1467 4386 1532 rei
4423 1489 4558 1550 qua-

2646 1554 2836 1619 litate
2878 1552 3152 1637 pendet,
3211 1552 3328 1618 ubi
3382 1552 3631 1619 scilicet
3689 1552 4014 1636 quispiam
4066 1574 4199 1618 non
4262 1552 4559 1619 hominem

2648 1648 2907 1704 tantum
2952 1639 3293 1704 mortalem
3350 1639 3570 1718 laesit,
3634 1638 3750 1704 sed
3795 1639 4016 1703 Deum
4074 1639 4326 1723 ipsum:
4379 1660 4560 1721 neque

2648 1725 3035 1809 simpliciter
3120 1746 3329 1791 unum
3408 1745 3493 1790 ex
3571 1725 3933 1809 praeceptis
4012 1726 4264 1808 primae
4337 1725 4563 1791 tabulae

2648 1822 3101 1895 transgressus
3155 1811 3387 1895 fuerit,
3440 1810 3554 1877 sed
3613 1810 3727 1894 qui
3771 1819 3998 1876 votum
4043 1831 4174 1875 non
4220 1808 4562 1890 reddiderit,

2647 1898 2757 1963 vel
2801 1898 3110 1964 obtulerit
3153 1897 3456 1963 vitiosam
3499 1898 3815 1975 hostiam,
3875 1895 3984 1961 vel
4037 1897 4106 1962 in
4151 1897 4382 1980 quavis
4412 1897 4564 1963 obla·

2648 1985 2824 2048 tione
2891 1983 3107 2049 Deum
3172 1982 3581 2049 fraudaverit
3642 1983 3789 2048 iure
3853 2000 4008 2047 suo:
4076 1983 4201 2049 hoc
4267 1981 4386 2047 sibi
4444 1983 4567 2048 vult

2647 2070 2988 2154 particula,
3035 2070 3140 2135 Ex
3186 2068 3807 2136 sanctificationibus
3846 2069 4152 2134 Iehovae.
4244 2067 4395 2150 Qua
4432 2089 4567 2135 voce

2646 2156 3100 2238 complectitur
3146 2156 3365 2222 Moses
3406 2166 3547 2221 tam
3590 2165 3747 2223 vota
3787 2163 4019 2239 sponte
4053 2166 4370 2240 concepta
4402 2176 4571 2238 quam

2647 2242 3005 2308 oblationes
3040 2242 3388 2326 legitimas,
3423 2251 3497 2306 ιιι
3520 2250 3711 2307 erant
3749 2239 4057 2320 decimae,
4078 2241 4426 2324 primitiae,
4457 2242 4569 2325 pri·

2646 2328 3135 2412 mogenitorum
3176 2326 3451 2393 oblatio:
3519 2327 3835 2410 quoniam
3878 2326 3951 2391 in
3996 2328 4103 2393 his
4148 2328 4449 2394 omnibus
4487 2347 4571 2392 se-

2649 2434 2805 2480 vere
2848 2415 3010 2479 iussi
3065 2415 3329 2479 fuerant
3370 2413 3713 2480 Israelitae
3770 2414 4089 2495 optimam
4144 2412 4345 2480 fidem
4404 2433 4569 2497 prae·

2646 2509 2825 2566 stare
2871 2499 3030 2565 Deo.
3124 2497 3200 2566 Si
3240 2501 3407 2565 forte
3451 2499 3735 2564 avaritia
3777 2501 4152 2583 quempiam
4195 2519 4565 2565 excaecave-

2649 2598 2770 2662 rat,
2818 2599 2893 2650 ut
2929 2586 3268 2669 proprium
3314 2585 3568 2651 lucrum
3612 2585 3938 2668 captando
3982 2586 4205 2651 minus
4251 2606 4442 2669 quam
4473 2604 4572 2668 par

2649 2682 2792 2738 erat
2833 2673 2976 2737 Deo
3018 2671 3326 2747 solveret,
3395 2672 3628 2737 merito
3672 2672 3990 2738 securitas
4033 2671 4410 2755 graviorem
4445 2692 4572 2754 poe-

2649 2780 2806 2825 nam
2849 2758 3185 2824 sustinuit.
3278 2757 3640 2825 Sciendum
3694 2766 3916 2823 tamen
3975 2768 4078 2822 est
4130 2756 4439 2823 delictum
4484 2757 4571 2821 hic

2649 2844 2899 2924 notari,
2957 2843 3067 2909 ubi
3111 2844 3294 2909 fraus
3337 2852 3404 2908 et
3446 2843 3636 2909 dolus
3681 2844 3893 2909 malus
3938 2863 4073 2908 non
4116 2844 4572 2910 intervenerat:

2650 2932 2839 3014 quia,
2907 2930 2965 2994 si
3021 2931 3167 3013 quis
3224 2930 3377 2995 data
3435 2951 3635 3012 opera
3694 2941 3759 2994 et
3824 2939 4041 2995 astute
4095 2929 4271 3012 quod
4339 2948 4571 2996 sacrum

2651 3026 2794 3084 erat
2879 3016 2951 3081 in
3041 3037 3179 3083 rem
3265 3036 3452 3083 suam
3542 3015 3876 3094 vertisset,
3963 3035 4099 3081 non
4188 3024 4332 3082 tam
4413 3013 4575 3082 facile

2651 3106 2918 3186 expiata
2960 3102 3191 3169 fuisset
3233 3103 3538 3186 impietas
3581 3102 3926 3187 sacrilegii.
4014 3101 4149 3169 Sed
4190 3104 4348 3187 quia
4408 3122 4576 3184 saepe

2652 3189 2974 3274 contingit
3016 3198 3092 3254 ut
3134 3188 3258 3253 sibi
3305 3190 3501 3254 nimis
3542 3187 3967 3273 indulgenter
4008 3198 4291 3273 parcant
4343 3200 4576 3255 tenaces

2653 3287 2724 3343 et
2765 3277 2966 3352 avari,
3010 3275 3403 3341 sacrificium
3445 3274 3738 3359 iniungit
3782 3272 3967 3340 Deus
4008 3274 4133 3339 hoc
4175 3276 4353 3354 loco,
4396 3277 4451 3341 si
4488 3274 4578 3338 do-

2656 3361 2926 3428 mestica
2995 3361 3244 3427 utilitas
3308 3362 3575 3445 pietatis
3641 3359 3857 3426 studio
4005 3382 4041 3425 r
4102 3361 4576 3447 incogitantiam

2654 3448 3109 3532 praevaluerit.
3163 3447 3357 3528 Quod
3381 3447 3636 3526 dicitur,
3674 3445 3896 3513 Secun
3944 3468 4055 3512 um
4078 3447 4577 3513 aestimationem

2656 3543 2870 3614 tuam,
2930 3533 3041 3599 alii
3097 3533 3182 3599 ad
3222 3534 3486 3615 Mosen,
3538 3534 3649 3599 alii
3708 3531 3791 3597 ad
3833 3531 4238 3599 sacerdotem
4286 3533 4573 3600 referunt.

2656 3621 2802 3705 Ego
2860 3641 3014 3686 vero
3071 3621 3333 3703 passive
3390 3622 3681 3703 accipere
3737 3620 3909 3685 malo
3966 3640 4083 3703 pro
4145 3619 4577 3685 aestimatione

2656 3705 2972 3773 divinitus
3015 3707 3443 3790 praescripta:
3489 3726 3655 3789 quae
3694 3705 3840 3771 ideo
3884 3705 4104 3789 populi
4149 3705 4412 3785 dicitur,
4450 3703 4578 3787 quia

2657 3792 2789 3877 legi
2835 3814 2875 3857 a
2920 3791 3062 3856 Deo
3105 3792 3355 3874 positae
3399 3792 3809 3875 acquiescere
3862 3791 4118 3872 debuit,
4174 3813 4264 3857 ne
4323 3792 4578 3877 pretium

2658 3900 2776 3962 pro
2799 3879 3066 3944 arbitrio
3100 3886 3404 3944 mutaret.
3464 3879 3741 3944 Duobus
3777 3888 3998 3943 autem
4034 3878 4209 3943 siclis
4253 3875 4578 3945 sanctuarii

2657 3965 2963 4030 aestimat
3008 3964 3227 4030 Moses
3287 3964 3589 4043 arietem,
3645 3963 3752 4029 vel
3813 3971 4092 4047 quatuor
4141 3964 4327 4030 siclis
4374 3963 4577 4046 vulga-

2659 4052 2856 4131 ribus,
2880 4050 2994 4132 qui
3014 4049 3311 4115 efficiunt
3332 4049 3605 4135 gallicae
3628 4059 3927 4116 monetae
3962 4050 4222 4116 circiter
4258 4051 4363 4117 28.
4404 4067 4576 4116 asses.

2833 4137 2933 4201 16.
2987 4135 3076 4201 Et
3123 4137 3288 4219 quod
3332 4137 3692 4217 peccaverit.
3794 4136 3975 4201 Hinc
4029 4136 4274 4204 clarius
4334 4141 4581 4221 apparet

2657 4221 2830 4306 quod
2874 4244 3086 4305 nuper
3129 4222 3334 4307 attigi,
3377 4223 3448 4286 in
3486 4223 3999 4288 sanctificatione
4034 4242 4340 4305 peccasse
4378 4223 4482 4305 qui
4512 4240 4581 4284 ex

2657 4310 2915 4392 integro
2938 4308 3066 4373 Dei
3100 4308 3241 4374 iure
3275 4308 3518 4391 aliquid
3558 4307 4018 4374 detrahebant:
4064 4308 4220 4391 quia
4265 4309 4585 4376 restituere
4690 4362 4697 4370 .

2657 4396 2968 4460 iubentur
3044 4395 3277 4478 quinta
3352 4402 3539 4477 parte
3616 4393 4055 4478 superaddita.
4173 4393 4583 4461 Meminerint

2656 4493 2881 4547 tamen
2925 4480 3216 4561 lectores,
3261 4500 3393 4546 non
3437 4480 3521 4545 ad
3564 4481 4043 4546 restitutionem
4086 4481 4234 4564 cogi
4279 4481 4395 4564 qui
4434 4481 4583 4546 frau-

2656 4566 2957 4632 dulenter
2999 4588 3103 4633 res
3147 4586 3365 4633 sacras
3408 4576 3803 4645 averterant,
3849 4566 3967 4632 sed
4009 4566 4125 4649 qui
4167 4587 4345 4633 vano
4382 4565 4580 4648 aliquo

2655 4659 3002 4736 praetextu
3046 4652 3169 4718 sibi
3213 4653 3297 4718 ad
3339 4660 3601 4737 tempus
3644 4652 3923 4718 blanditi
3965 4652 4253 4734 fuerant,
4303 4662 4378 4718 ιιι
4419 4648 4581 4718 nulla

2652 4761 2762 4805 eos
2808 4746 3111 4824 tangeret
3154 4740 3384 4823 culpae
3426 4739 3756 4805 admissio.
3818 4739 4008 4804 Finis
4051 4759 4208 4823 ergo
4253 4739 4451 4805 huius
4488 4756 4578 4803 sa-

2651 4826 2880 4892 crificii
2925 4825 3080 4903 fuit,
3127 4835 3455 4891 attentum
3499 4824 3808 4909 populum
3852 4824 4158 4904 reddere,
4217 4837 4293 4891 ut
4336 4822 4578 4909 postha-

2653 4911 2806 4978 bitis
2851 4912 3124 4996 privatis
3167 4910 3554 4990 commodis,
3599 4910 3961 4977 liberaliter
4005 4912 4149 4977 Deo
4193 4913 4578 4995 persolveret

2651 4997 2824 5082 quod
2868 4996 3161 5063 debebat.
3227 4995 3474 5063 Inscite
3509 5018 3666 5063 vero
3701 4996 3968 5080 quidam
4003 5008 4344 5082 nugantur
4365 4997 4576 5063 Mosen

2652 5104 2853 5167 quum
2900 5092 3094 5150 antea
3138 5083 3218 5148 de
3260 5083 3546 5167 peccatis
3587 5083 3900 5167 loquutus
3945 5086 4064 5163 sit,
4110 5104 4288 5150 nunc
4332 5082 4573 5149 modum

2650 5169 3097 5253 praescribere
3155 5168 3466 5252 expiandi
3523 5168 3792 5237 delicta:
3852 5167 4026 5235 idem
4084 5171 4262 5235 enim
4320 5169 4573 5235 verbum

2654 5256 2889 5339 ubique
2933 5254 3301 5339 promiscue
3336 5265 3631 5338 usurpat,
3675 5267 3742 5321 et
3777 5254 4000 5321 eodem
4038 5276 4294 5339 quoque
4333 5254 4574 5320 nomine

2654 5340 2953 5426 designat
3015 5362 3241 5407 omnes
3308 5341 3630 5408 victimas.
3743 5340 4077 5408 Delictum
4150 5362 4306 5409 vero
4381 5341 4575 5406 facere
