4867 6150
409 447 531 513 321

405 647 625 704 tamen
661 635 996 702 hominem
1040 638 1677 702 non-contaminant.
1725 637 1977 702 Verum
2014 637 2167 719 quia
2202 656 2362 701 non-

407 724 628 790 nullae
695 725 944 806 species
988 744 1028 786 a
1069 723 1253 806 lepra
1296 744 1424 787 non
1471 724 1566 787 ita
1607 722 1890 787 multum
1936 722 2183 788 distant
2226 723 2359 804 pri·

408 831 517 875 mo
557 810 825 885 intuitu,
868 807 974 895 (ut
1015 817 1118 874 est
1158 809 1446 893 ophiasis
1482 817 1548 875 et
1592 807 1903 896 alopecia)
1946 810 2091 873 ideo
2128 808 2358 873 distin·

408 916 610 981 gnere
644 916 907 961 necesse
951 894 1091 960 fuit.

579 981 685 1046 44.
767 981 886 1046 Vir
948 980 1231 1062 leprosus
1294 985 1400 1057 est,
1470 981 1836 1046 immundus
1910 984 2017 1046 est.
2128 979 2358 1044 Priore

407 1068 701 1135 membro
759 1088 990 1133 versus
1046 1067 1206 1133 dicit
1269 1067 1600 1150 leprosum
1655 1066 1889 1131 debere
1945 1064 2358 1130 immundum

410 1154 688 1221 censeri:
734 1152 1019 1219 secundo
1065 1161 1285 1218 antem
1318 1152 1503 1218 iubet
1536 1151 1936 1219 sacerdotem
1973 1151 2053 1215 de
2089 1152 2213 1217 hac
2235 1151 2357 1214 im-

409 1238 729 1306 munditie
764 1240 1152 1304 sententiam
1197 1240 1386 1317 ferre,
1429 1259 1512 1304 ne
1555 1240 1623 1303 in
1670 1247 1859 1304 coetu
1901 1237 2167 1302 feratur.
2214 1236 2361 1302 Hac

409 1327 661 1392 ratione
720 1324 905 1389 dicit:
974 1326 1183 1409 Plaga
1238 1325 1379 1390 eius
1430 1345 1629 1409 super
1685 1333 1883 1407 caput
1950 1323 2124 1389 eius:
2189 1320 2360 1404 quod

410 1411 798 1478 tantundem
835 1410 1012 1476 valet
1049 1431 1124 1477 ac
1168 1410 1398 1477 subiici
1434 1413 1646 1476 iustae
1679 1409 2097 1493 ignominiae.
2146 1407 2366 1475 Sumit

412 1498 583 1564 enim
631 1517 750 1581 pro
792 1497 1082 1562 confesso
1126 1497 1363 1574 Moses,
1411 1498 1627 1562 Deum
1680 1507 1909 1561 notare
1954 1495 2211 1579 publica
2265 1495 2363 1559 in·

412 1584 610 1650 famia
651 1603 1069 1667 quoscunque
1111 1583 1295 1666 lepra
1338 1584 1637 1666 percutit,
1698 1602 1774 1648 ac
1819 1581 2088 1664 proinde
2139 1580 2362 1645 admo-

412 1680 528 1736 net
548 1670 782 1734 merito
817 1680 883 1733 et
917 1669 1088 1734 iuste
1127 1670 1453 1734 sustinere
1475 1669 1647 1734 hanc
1670 1687 1964 1751 poenam.
2011 1668 2364 1732 Proximus

413 1777 643 1823 versus
708 1765 773 1819 et
837 1756 1071 1820 tertius
1135 1753 1415 1820 formam
1458 1754 1950 1836 exsequutionis
1993 1754 2364 1819 continent:

412 1863 647 1925 nempe
691 1849 765 1906 ut
807 1842 1157 1906 scissuram
1202 1842 1272 1905 in
1323 1849 1503 1905 veste
1562 1849 1809 1924 gestet,
1866 1861 2031 1923 quae
2083 1841 2170 1904 sit
2214 1848 2368 1904 nota

412 1928 777 2001 dedecoris,
833 1926 1096 1992 incedat
1139 1928 1352 2010 capite
1412 1937 1668 2009 aperto,
1725 1936 1792 1990 et
1848 1946 1960 1990 ore
2016 1935 2187 1992 tecto
2248 1922 2370 2011 (sic

411 2015 588 2079 enim
644 2014 1043 2095 interpretor
1109 2014 1587 2095 operimentum
1646 2009 1864 2097 labii),
1930 2011 2011 2076 ad
2076 2012 2236 2077 haec
2295 2019 2371 2076 nt

413 2102 502 2166 sit
542 2100 681 2181 ipse
724 2118 957 2182 praeco
1000 2120 1157 2164 suae
1201 2097 1614 2180 pollutionis:
1663 2098 1941 2181 deniqne
1999 2107 2077 2162 nt
2118 2096 2373 2162 habitet

415 2197 604 2251 extra
647 2195 891 2263 castra,
952 2186 1136 2268 quasi
1193 2185 1533 2267 ablegatus
1591 2185 1674 2250 ab
1718 2184 2062 2249 hominum
2107 2204 2370 2249 consor·

417 2273 524 2337 tio.
613 2270 741 2337 Ubi
788 2271 1011 2336 Moses
1054 2281 1465 2353 praesentem
1513 2279 1757 2335 statum
1802 2269 2027 2353 populi
2082 2268 2369 2351 respicit,

415 2357 793 2442 quantisper
837 2357 903 2420 in
952 2355 1208 2422 deserto
1252 2356 1812 2441 peregrinabatur.
1912 2355 2082 2421 Nam
2128 2375 2211 2420 ex
2248 2375 2372 2437 qno

420 2455 664 2510 terram
723 2442 1006 2509 incolere
1048 2444 1263 2525 coepit
1304 2441 1613 2525 populus,
1676 2442 1863 2508 eiecti
1920 2451 2077 2507 sunt
2130 2441 2371 2524 leprosi

416 2552 501 2598 ex
546 2528 814 2594 urbibus
857 2539 924 2592 et
959 2530 1143 2611 pagis
1189 2541 1264 2593 ut
1306 2549 1596 2593 seorsum
1644 2526 1976 2611 degerent.
2065 2525 2256 2607 Quod
2300 2547 2373 2592 os

415 2616 521 2682 vel
560 2614 803 2680 labium
849 2616 1104 2699 operire
1146 2616 1361 2679 iussos
1418 2614 1684 2696 quidam
1729 2613 1959 2679 volunt
2001 2634 2086 2678 ne
2129 2614 2373 2678 foetore

417 2701 749 2768 anhelitus
794 2722 988 2766 sanos
1049 2699 1414 2778 laederent,
1475 2701 1692 2766 nescio
1751 2722 1835 2765 an
1902 2701 2063 2765 satis
2106 2701 2371 2765 firmum

416 2789 524 2855 sit.
613 2785 935 2870 Equidem
986 2787 1197 2870 magis
1240 2784 1541 2866 arbitror,
1600 2786 1753 2869 quia
1807 2786 2088 2852 civiliter
2130 2786 2373 2850 mortui

420 2883 638 2951 erant,
718 2872 1091 2957 symbolum
1157 2893 1412 2955 quoque
1475 2873 1707 2938 mortis
1769 2882 2062 2956 gestasse
2124 2871 2195 2935 in
2262 2892 2374 2936 ore

419 2959 674 3026 clauso:
720 2960 891 3025 sicut
926 2959 1069 3041 ipsa
1102 2958 1386 3024 solitudo
1430 2958 1763 3024 communi
1810 2958 1950 3023 vita
1992 2978 2103 3023 eos
2159 2957 2375 3041 priva-

419 3045 552 3112 bat.
639 3045 773 3112 Ubi
828 3045 1176 3111 vertimus:
1245 3043 1654 3122 Immundus,
1698 3042 2097 3123 immundus,
2140 3042 2377 3110 clama-

420 3133 538 3208 bit,
585 3132 863 3197 verbum
905 3144 1060 3223 κῆρ’
1112 3130 1454 3195 indefinite
1488 3141 1839 3208 sumentes,
1887 3130 2147 3215 passive
2182 3149 2376 3212 expo-

423 3228 594 3283 nunt
637 3217 1031 3283 Vocabitur:
1092 3226 1160 3281 et
1223 3218 1430 3282 fateor
1489 3217 1715 3282 multis
1764 3218 1925 3283 locis
1981 3215 2373 3281 tantundem

424 3304 646 3370 valere
689 3324 765 3369 ac
808 3302 864 3368 si
909 3302 1186 3385 pluralis
1219 3313 1390 3369 esset
1431 3324 1768 3369 numerus.
1815 3302 1949 3368 Sed
1994 3304 2147 3386 quia
2190 3323 2375 3384 repe-

426 3391 575 3455 titio
639 3389 922 3454 nominis
965 3388 1360 3454 Immundus
1422 3401 1526 3453 est
1581 3389 1982 3473 emphatica,
2039 3388 2375 3471 probabile

423 3486 525 3541 est
570 3477 842 3541 verbum
901 3488 1034 3565 κῆρ
1092 3496 1221 3539 non
1287 3474 1669 3556 simpliciter
1711 3475 1912 3557 accipi
1958 3495 2074 3557 pro
2122 3495 2372 3540 vocare.

422 3562 656 3644 Itaque
700 3561 769 3625 in
815 3559 984 3626 hanc
1025 3562 1425 3627 sententiam
1470 3561 1684 3645 magis
1724 3561 2001 3639 incline,
2058 3561 2237 3644 ipsos
2291 3581 2374 3626 ex

424 3647 589 3731 legis
655 3655 1003 3731 praecepto
1057 3647 1283 3730 procul
1327 3647 1408 3712 ab
1453 3668 1717 3713 accessu
1761 3647 2026 3731 propria
2069 3667 2230 3712 voce
2275 3647 2375 3712 fu-

544 3754 614 3798 se
658 3753 914 3809 omnes,
974 3754 1059 3797 ne
1117 3733 1261 3815 quis
1304 3732 1607 3798 incantus
1663 3742 1843 3798 tactu
1900 3754 1971 3798 se
2036 3733 2376 3815 pollueret.

421 3755 818 3901 &anquam
884 3817 1219 3901 probabile
1296 3831 1398 3884 est
1462 3820 1722 3902 publica
1787 3840 1942 3885 voce
2009 3819 2377 3902 promulga-

421 3914 560 3971 tam
626 3904 830 3970 fuisse
895 3904 1416 3984 immunditiem,
1483 3915 1561 3971 ut
1603 3926 1672 3971 se
1718 3925 1945 3970 omnes
1990 3914 2221 3969 mutuo
2271 3924 2375 3969 co-

425 3992 851 4056 hortarentur
895 3990 975 4055 ad
1021 3989 1407 4055 cavendum.
1497 3992 1587 4056 Et
1631 3991 1893 4056 videtur
1938 3990 2019 4056 ad
2065 3990 2239 4057 hunc
2285 3989 2376 4056 lo-

425 4098 575 4144 cnm
622 4076 911 4141 alludere
952 4074 1267 4141 Ieremias
1310 4075 1585 4163 (Thren.
1628 4077 1692 4150 4.
1740 4075 1868 4164 15),
1914 4076 2022 4141 ubi
2069 4074 2150 4141 de
2192 4076 2378 4142 urbis

422 4162 934 4246 inquinamentis
969 4161 1260 4245 loquens,
1307 4163 1463 4228 dicit
1498 4183 1728 4228 omnes
1764 4164 2004 4246 passim
2044 4163 2378 4242 clamasse,

425 4246 834 4328 Immundus,
881 4249 1103 4332 fugite,
1149 4247 1373 4332 fugite.

596 4334 700 4400 58.
763 4333 964 4400 Vestis
1004 4339 1230 4399 autem.
1319 4334 1467 4400 Hoc
1517 4355 1729 4417 genus
1786 4333 1953 4401 tabis
2017 4334 2203 4401 Deus
2261 4355 2379 4417 pro

429 4421 754 4485 immensa
806 4440 926 4486 sua
981 4419 1331 4486 clementia
1388 4421 1595 4486 voluit
1648 4420 1838 4487 nobis
1897 4441 2041 4486 esse
2082 4421 2378 4504 incogni-

427 4516 585 4571 tum.
633 4506 859 4571 Tineis
903 4505 1164 4588 quidem
1208 4505 1434 4573 laneas
1477 4516 1545 4572 et
1587 4506 1888 4588 pelliceas
1934 4519 2149 4573 vestes
2183 4506 2381 4572 obno-

425 4593 571 4657 xias
607 4590 906 4669 reddidit,
950 4612 1115 4657 vasa
1136 4592 1345 4657 multa
1366 4592 1673 4675 rubigini,
1708 4591 2048 4677 ferrugini,
2084 4593 2379 4677 aerugini

421 4671 699 4760 aliisque
739 4679 914 4744 vitiis
971 4687 1037 4743 et
1083 4678 1490 4761 corruptelis,
1543 4676 1822 4761 denique
1859 4680 2220 4744 humanum
2266 4699 2379 4762 ge·

427 4786 551 4829 nus
597 4763 1022 4829 circumdedit
1067 4764 1430 4847 putredine,
1472 4771 1552 4829 nt
1594 4766 1775 4829 omni
1820 4786 1903 4831 ex
1946 4773 2133 4848 parte
2175 4763 2381 4830 oculis

428 4872 500 4915 se
542 4851 926 4934 ingererent
966 4870 1215 4933 poenae
1259 4851 1541 4934 peccati:
1587 4849 1702 4915 sed
1744 4850 1899 4933 qnid
1948 4852 2036 4916 sit
2084 4852 2268 4934 lepra
2308 4852 2378 4916 in

431 4936 720 5003 vestibus
763 4936 1069 5003 nescitur.
1114 4936 1281 5003 Eius
1324 4946 1543 5002 autem
1587 4936 1878 5020 expiatio
1923 4937 2044 5002 sub
2088 4937 2232 5020 lege
2267 4936 2378 5002 ad·

430 5020 685 5086 monuit
754 5031 1043 5088 veterem
1107 5022 1447 5106 populum,
1514 5022 1742 5087 sedulo
1807 5024 2174 5088 cavendum
2240 5043 2380 5088 esse

431 5108 513 5173 ab
575 5109 866 5173 externis
919 5128 1176 5191 quoque
1219 5108 1549 5190 sordibus,
1616 5117 1693 5174 nt
1754 5131 1824 5174 se
1862 5110 2256 5174 mundarent
2298 5107 2381 5173 ab

430 5194 613 5258 omni
654 5197 870 5260 carnis
912 5204 979 5260 et
1018 5194 1290 5276 spiritus
1333 5196 1847 5278 inquinamento.
1893 5195 2017 5259 Rei
2055 5216 2376 5260 summam

430 5281 758 5363 attingere
776 5281 935 5345 satis
959 5280 1121 5344 mihi
1146 5281 1357 5346 visum
1406 5291 1521 5358 est,
1567 5283 1722 5364 quia
1755 5283 1824 5345 in
1860 5281 2046 5347 verbi
2070 5281 2376 5346 insistere

432 5386 880 5450 supervacuus
936 5369 1070 5431 fere
1123 5378 1294 5432 esset
1326 5366 1557 5433 labor:
1625 5388 1998 5451 quanquam
2065 5367 2377 5433 damnare

649 5465 875 5522 Caluini
906 5483 1093 5537 opera.
1170 5467 1288 5524 Vol.
1329 5466 1485 5522 XXI
1498 5471 1563 5525 V.

1869 446 2250 513 PRIMUM
2304 447 2948 517 PRAEOEPTUM.

4286 455 4415 522 322

2462 638 2665 705 nolim
2689 658 2915 705 eorum
2939 639 3352 723 diligentiam
3376 638 3491 723 qni
3515 640 3677 706 haec
3713 661 3968 723 quoqne
4002 641 4416 709 examinant:

2461 724 2804 878 gffioignihi
2872 726 3274 810 propositum
3353 747 3483 791 non
3564 733 3664 791 est
3738 727 3925 810 fungi
4005 729 4419 812 grammatici

3045 1153 3178 1219 Ex
3225 1153 3530 1220 anrr.
3575 1154 3748 1221 ΧΠ
3775 1152 3844 1241 1).

2641 1327 2698 1391 1.
2759 1324 2850 1391 Et
2904 1325 3195 1407 loquutus
3252 1331 3344 1390 est
3387 1324 3618 1390 Iebova
3673 1326 3760 1391 ad
3816 1325 4068 1406 Mosen,
4128 1327 4418 1395 dicendo.-

2467 1413 2527 1477 2.
2574 1411 2750 1477 Haec
2792 1413 2913 1477 erit
2954 1412 3054 1476 lea:
3095 1411 3324 1492 leprosi
3366 1411 3468 1476 die
3503 1412 3906 1494 puryationis
3946 1432 4132 1491 suae,
4178 1434 4417 1498 nempe

2467 1498 2812 1564 adducetur
2854 1497 2939 1562 ad
2979 1498 3372 1563 sacerdotem.
3460 1497 3522 1563 3.
3584 1496 3674 1562 Et
3728 1499 4073 1580 eqredietur
4126 1501 4420 1567 sacerdos

2463 1586 2644 1668 foras
2687 1589 2865 1649 extra
2907 1588 3143 1662 castra,
3203 1587 3259 1648 et
3300 1584 3592 1664 inspiciet
3632 1584 3949 1649 sacerdos.-
3991 1590 4047 1650 et
4086 1586 4149 1650 si
4188 1591 4419 1652 sanata

2466 1671 2664 1753 fuerit
2718 1670 2897 1751 lepra
2945 1690 2985 1734 a
3045 1669 3299 1751 leprose,
3386 1669 3450 1734 4.
3513 1669 3689 1735 Tunc
3729 1671 4076 1755 praecipiet
4129 1674 4417 1737 sacerdos

2469 1762 2542 1822 ut
2573 1756 2867 1823 tollantur
2899 1756 2958 1820 ei
2991 1756 3104 1836 qui
3134 1756 3480 1822 mundatur
3520 1755 3685 1821 duae
3716 1775 3865 1821 aves
3894 1759 4093 1837 vivae,
4130 1759 4420 1836 mundae,

2471 1848 2529 1908 et
2572 1842 2807 1925 liynum
2850 1842 3169 1907 cedrinum
3184 1891 3199 1921 ,
3254 1847 3311 1906 et
3364 1860 3572 1908 coccus
3627 1842 3953 1908 vermiculi
3993 1847 4048 1907 et
4089 1842 4416 1926 hyssopus.

2472 1928 2532 1995 5.
2581 1928 2670 1993 Et
2704 1927 3053 2011 praecipiet
3093 1930 3382 1994 sacerdos
3423 1932 3496 1992 ut
3530 1933 3831 1993 mactetur
3873 1930 4015 1994 avis
4058 1949 4191 1994 una
4232 1949 4423 2011 super

2472 2034 2588 2080 vas
2628 2014 2816 2093 fictile
2859 2032 3051 2093 super
3091 2033 3294 2093 aquas
3332 2016 3535 2079 vivas.
3624 2014 3685 2078 6.
3751 2013 3952 2079 Avem
3986 2015 4199 2080 vivam
4239 2016 4423 2097 tollet,

2474 2107 2529 2167 et
2573 2101 2816 2183 liynum
2849 2100 3190 2177 cedrinum,
3220 2104 3277 2163 et
3308 2119 3548 2166 coccum
3579 2098 3923 2178 vermiculi,
3959 2104 4018 2164 et
4048 2100 4423 2183 hyssopum.-

2474 2194 2533 2254 et
2575 2187 2764 2270 tinyet
2815 2186 2963 2264 illa,
3032 2190 3089 2249 et
3144 2204 3323 2250 avem
3361 2186 3574 2251 vivam
3618 2186 3687 2250 in
3730 2186 4035 2268 sanquine
4077 2187 4219 2251 avis
4258 2206 4426 2252 mac-

2477 2278 2641 2339 tatae
2681 2291 2876 2353 super
2935 2290 3138 2352 aquas
3197 2271 3393 2337 vivas.
3486 2271 3543 2336 7.
3603 2271 3693 2336 Et
3744 2276 3998 2355 sparyet
4052 2291 4244 2352 super
4285 2288 4425 2338 eum

2475 2359 2589 2442 qui
2650 2357 2995 2424 mundatur
3051 2378 3095 2422 a
3143 2356 3318 2440 lepra
3375 2361 3603 2438 septem
3653 2357 3893 2422 vicibus
3910 2407 3925 2437 ,
3981 2357 4425 2440 mundabitquc

2476 2465 2648 2511 eum:
2680 2450 2738 2510 et
2773 2444 3002 2508 emittet
3034 2463 3208 2508 avem
3240 2444 3452 2508 vivam
3485 2445 3557 2507 in
3589 2442 3978 2524 superficiem
4010 2445 4172 2527 ayri.
4241 2444 4300 2510 8.
4339 2443 4429 2509 Et

2478 2530 2712 2598 lavabit
2746 2530 2858 2612 qui
2891 2530 3265 2595 emundatur
3296 2530 3656 2595 vestimenta
3698 2550 3838 2608 sua,
3884 2534 3940 2594 et
3974 2530 4156 2594 radet
4189 2550 4427 2595 omvzem

2465 2617 2679 2700 pilum
2729 2635 2950 2689 suum,
3017 2615 3368 2697 lavabitque
3430 2635 3497 2681 se
3553 2634 3754 2696 aqua,
3821 2619 3878 2680 ct
3939 2616 4214 2681 mundus
4277 2616 4431 2682 erit.-

2466 2709 2692 2785 postea
2731 2702 3116 2785 inyredietur
3157 2706 3366 2766 castra
3385 2751 3399 2777 ,
3464 2699 3881 2782 habitabitque
3923 2706 4100 2766 extra
4141 2700 4429 2768 taberna-

2477 2789 2690 2856 culum
2738 2809 2926 2855 suum
2976 2791 3204 2869 septem
3258 2786 3493 2853 diebus.
3598 2786 3658 2853 9.
3718 2785 3848 2852 Die
3904 2792 4112 2851 autem
4167 2790 4426 2869 septimo

2478 2875 2661 2941 radet
2714 2894 2953 2939 omnm
2990 2873 3208 2954 pilum
3261 2892 3479 2951 suum,
3533 2876 3723 2952 caput
3776 2891 3965 2937 suum
3981 2921 3998 2950 ,
4054 2877 4110 2937 ct
4164 2872 4426 2938 barbam

2478 2980 2698 3038 suant,
2758 2964 2814 3025 et
2854 2958 3194 3041 supercilia
3234 2958 3549 3023 oculormn
3605 2977 3894 3036 suorum,
3953 2962 4135 3039 atque
4189 2978 4426 3024 ornnem

2477 3047 2791 3130 reliquum
2817 3045 3028 3127 pilum
3060 3064 3250 3111 suum
3282 3044 3494 3110 radet.-
3531 3044 3764 3110 lavabit
3796 3063 4033 3127 quoque
4062 3045 4428 3111 vestimenta

2480 3154 2627 3213 sua,
2672 3139 3010 3215 postquam
3065 3130 3288 3196 laverit
3341 3149 3589 3196 carnem
3642 3150 3831 3195 suam
3885 3151 4086 3212 aqua,
4140 3135 4199 3195 et
4239 3132 4427 3213 puri—

2474 3219 2683 3302 ticabit
2737 3238 2820 3284 se.
2922 3218 3022 3284 10.
3083 3216 3214 3283 Die
3266 3220 3473 3281 autem
3524 3221 3731 3282 octavo
3792 3216 3957 3282 tollet
4016 3217 4175 3283 duos
4230 3236 4426 3300 aynos

2478 3303 2927 3380 immaculatos,
2972 3308 3031 3368 et
3057 3322 3290 3387 aynam
3308 3322 3504 3368 unam
3538 3302 3901 3368 anniculam
3932 3303 4423 3383 immaculatam,

2479 3396 2535 3457 et
2598 3396 2724 3457 tres
2788 3390 3062 3456 decimas
3123 3388 3378 3454 similae
3440 3391 3560 3469 pro
3614 3388 3836 3454 minba
3890 3390 4094 3455 miz-ta
4154 3390 4311 3468 oleo,
4368 3395 4428 3457 et

2477 3477 2819 3543 sextarium
2882 3493 3083 3541 unum
3146 3473 3282 3540 olei.
3384 3473 3486 3540 11.
3559 3472 3914 3556 &ntuetqae
3966 3477 4255 3546 sacerdos
4311 3477 4426 3557 qui

2479 3564 2745 3629 mundat
2781 3562 2996 3627 virum
3035 3560 3472 3626 mundandum
3487 3611 3503 3638 ,
3555 3566 3613 3626 et
3652 3560 3770 3625 illa
3808 3580 4021 3626 coram
4065 3560 4297 3626 Iehova
4339 3562 4427 3628 ad

2480 3650 2711 3715 ostium
2744 3646 3126 3713 tabernaculi
3157 3646 3588 3712 conventionis.
3648 3646 3747 3711 12.
3802 3646 4109 3727 Tolletque
4140 3647 4427 3713 sacerdos

2481 3755 2713 3819 ayuum
2767 3753 2965 3798 unum
3006 3752 3188 3814 quem
3241 3733 3415 3814 offert
3467 3733 3539 3798 in
3590 3731 3970 3814 sacrificium
4012 3752 4138 3815 pro
4193 3732 4425 3813 delicta,

2482 3828 2538 3886 et
2601 3820 2950 3887 sextarium
3013 3818 3130 3883 olei
3144 3867 3159 3898 ,
3237 3822 3293 3884 et
3361 3817 3620 3901 agitabit
3680 3839 3755 3883 ea
3817 3818 4156 3901 aquatione
4216 3837 4429 3885 coram

2484 3906 2734 3972 Iehova.
2826 3905 2926 3971 13.
2980 3903 3396 3986 Mactabitque
3437 3922 3667 3987 agnum
3709 3905 3780 3969 in
3821 3903 3952 3970 loco
3992 3905 4064 3969 in
4105 3924 4226 3987 quo
4259 3923 4427 3970 mac-

2481 3999 2614 4058 tare
2633 3992 2781 4058 solet
2800 3992 3162 4057 oblationem
3185 4010 3313 4071 pro
3346 3994 3608 4067 seccato,
3644 3994 3699 4054 et
3730 3989 4164 4070 holocaustum,
4188 4010 4427 4075 nempe

2482 4080 2556 4144 in
2596 4077 2721 4143 loco
2760 4078 3146 4144 sanctitatis:
3197 4077 3353 4158 quia
3405 4076 3569 4141 sicut
3618 4074 3821 4141 hostia
3854 4095 3978 4156 pro
4007 4080 4284 4155 peccato,
4331 4077 4428 4141 ita

2483 4163 2707 4230 oblatio
2742 4185 2862 4243 pro
2895 4163 3129 4240 delicte,
3172 4167 3264 4228 cst
3297 4161 3650 4237 sacerdotis,
3693 4161 3994 4225 sanctitas
4024 4163 4428 4227 sanctitatum

2482 4255 2589 4316 est.
2681 4248 2781 4314 14.
2842 4249 3242 4329 Accipietque
3294 4248 3582 4313 sacerdos
3632 4247 3710 4311 de
3748 4246 4054 4329 sanquine
4094 4245 4426 4313 oblationis

2471 4356 2597 4419 pro
2638 4334 2880 4411 delicto,
2941 4341 2999 4399 et
3040 4337 3230 4414 ponet
3284 4353 3473 4412 super
3529 4337 3808 4397 tenerum
3849 4332 4034 4396 auris
4073 4332 4428 4398 mundandi

2482 4422 2768 4501 dextrae,
2832 4425 2889 4485 et
2939 4439 3131 4500 super
3182 4418 3482 4499 pollicem
3531 4437 3761 4483 manus
3830 4418 3970 4483 eius
4018 4418 4310 4495 dextrae,
4372 4423 4432 4484 et

2482 4528 2674 4589 super
2704 4506 2994 4589 pollicem
3025 4505 3214 4587 pedis
3254 4506 3393 4570 eius
3433 4504 3657 4570 dextri.
3751 4502 3852 4569 15.
3910 4503 4192 4586 Accipiet
4237 4524 4428 4586 prae-

2484 4600 2653 4659 terea
2693 4593 2979 4659 sacerdos
3020 4591 3096 4656 de
3149 4591 3425 4656 sextario
3476 4590 3598 4656 olei
3611 4640 3627 4668 ,
3686 4594 3745 4655 et
3792 4590 4015 4673 fundet
4056 4592 4127 4655 iu
4167 4610 4428 4656 manum

2483 4700 2669 4746 suam
2718 4680 3068 4768 sinistram.
3174 4675 3274 4742 16.
3342 4674 3677 4759 Tinyetque
3730 4676 3869 4759 ipsc
3919 4676 4188 4760 diyitum
4242 4697 4426 4744 suum

2485 4767 2772 4832 dextrum
2836 4764 2907 4829 in
2970 4762 3169 4828 oleum
3232 4761 3398 4862 quod
3448 4766 3540 4827 est
3595 4762 3666 4827 in
3718 4782 3915 4827 manu
3963 4783 4084 4862 sua
4142 4763 4425 4841 sinistra,

2481 4849 3584 5003 ‘JZ‘tZfflvanMn‘kaZ‘esssia‘Zo‘woeff
3595 4848 4428 5016 ,samniam

2472 5028 2663 5104 ponet
2704 5021 2989 5089 sacerdos
3022 5040 3214 5101 super
3246 5024 3523 5085 tenerum
3553 5021 3739 5085 auris
3771 5020 4121 5085 mundandi
4155 5019 4427 5100 dextrae,

2483 5113 2540 5173 ct
2572 5129 2761 5191 super
2785 5106 3071 5190 pollicem
3093 5126 3325 5172 manus
3357 5126 3497 5172 eius
3528 5106 3802 5186 dextrae,
3834 5110 3891 5170 et
3923 5125 4115 5187 super
4141 5105 4429 5191 pollicem

2469 5195 2662 5276 pedis
2726 5195 2863 5258 eius
2928 5193 3164 5272 dextri,
3245 5191 3416 5258 ultra
3479 5191 3849 5275 sanquinem
3912 5191 4239 5257 oblationis
4307 5213 4429 5273 pro

2658 5381 2717 5452 1)
2754 5382 2833 5435 De
2868 5382 2925 5436 la
2958 5382 3248 5451 pnrgation
3284 5381 3382 5434 des
3414 5380 3658 5448 leprenx.
3943 5461 4013 5515 21
