4867 6150
597 410 726 477 347

593 601 1032 680 immundum,
1070 599 1226 684 quia
1259 598 1506 665 scilicet
1527 607 1737 665 morte
1758 620 1879 665 sua
1900 597 2211 664 Christus
2247 620 2288 665 a
2324 598 2550 664 servili

595 689 998 758 subiectione
1076 706 1229 751 suos
1308 684 1556 749 exemit
1631 682 1850 770 (Rom.
1934 684 2036 763 14,
2119 683 2256 771 14).-
2353 684 2550 751 Unde

596 776 929 859 sequitur,
989 774 1164 838 inter
1226 771 1698 850 caeremonias,
1766 792 1936 854 quae
1993 771 2305 836 exercitia
2358 780 2551 836 erant

595 864 810 929 cultus
831 860 976 940 Dei,
1015 856 1489 924 numerandam
1527 876 1672 923 esse
1702 856 1993 923 ciborum
2018 857 2546 940 prohibitionem.

597 950 729 1015 Hic
787 957 1008 1012 tamen
1067 944 1359 1010 nascitur
1414 943 1737 1026 quaesti0,
1793 942 2115 1027 quomodo
2180 943 2552 1023 conveniat,

596 1037 730 1101 iam
767 1034 848 1099 ab
869 1039 1080 1097 aetate
1103 1030 1245 1097 Noe
1264 1030 1580 1113 quaedam
1605 1028 1950 1095 immunda
1984 1030 2185 1095 fuisse
2220 1029 2547 1106 animalia,

597 1128 668 1187 et
731 1129 954 1185 tamen
1016 1137 1203 1182 esum
1259 1115 1702 1199 quorumlibet
1758 1108 1901 1182 sin'e
1959 1116 2342 1198 exceptione
2399 1136 2548 1200 per-

597 1207 892 1272 missum.
995 1201 1189 1284 Quod
1255 1210 1490 1285 putant
1551 1201 1845 1285 quidam,
1908 1200 2259 1269 discrimen
2310 1222 2350 1266 a
2406 1203 2549 1267 Deo

597 1302 757 1359 tunc
820 1289 1111 1374 positum
1177 1286 1492 1371 paulatim
1558 1287 1991 1368 obsolevisse,
2059 1290 2347 1371 recipere
2416 1309 2548 1354 non

595 1395 895 1463 possum:
961 1375 1116 1460 quia
1183 1375 1366 1439 Deus
1432 1374 1642 1440 solum
1722 1374 2113 1458 sanguinem
2193 1375 2547 1457 excipiens,

595 1463 883 1531 destinat
905 1463 972 1527 in
998 1460 1387 1527 alimentum
1409 1462 1689 1543 posteris
1710 1459 1853 1527 Noe
1892 1459 2206 1545 quidquid
2242 1469 2550 1525 movetur

597 1571 796 1635 super
861 1559 1126 1614 terram.
1236 1544 1467 1629 Itaque
1538 1545 2021 1612 immunditiem
2041 1598 2057 1626 ,
2133 1547 2322 1613 cuius
2388 1553 2549 1611 tunc

596 1635 880 1720 cognitio
923 1633 1247 1716 inspirata
1287 1633 1411 1697 fuit
1445 1640 1707 1715 patrum
1743 1632 2065 1710 cordibus,
2112 1632 2192 1697 ad
2227 1632 2550 1699 sacrificia

598 1723 953 1804 restringo:
982 1740 1104 1785 nec
1127 1717 1352 1783 dubito
1375 1718 1535 1801 quin
1557 1717 1867 1784 Abrahae
1889 1728 1957 1784 et
1979 1719 2368 1802 patriarchis
2391 1716 2549 1783 libe-

597 1830 750 1873 rum
816 1805 1019 1871 fuerit
1079 1803 1273 1869 suilla
1342 1823 1539 1869 carne
1590 1804 1862 1888 perinde
1921 1826 1996 1871 ac
2050 1804 2293 1871 bubula
2350 1806 2545 1871 vesci.

595 1895 838 1961 Postea
858 1911 1059 1975 quum
1097 1889 1180 1956 ad
1215 1888 1650 1955 cohibendam
1686 1890 1907 1974 populi
1944 1891 2281 1956 lasciviam
2319 1892 2549 1974 iugum

599 1981 659 2047 le
707 1981 763 2046 is
799 1977 1112 2061 imposuit
1134 1974 1337 2054 Deus,
1384 1974 1630 2059 aliquid
1670 1978 1868 2041 etiam
1912 1977 2182 2043 rescidit
2225 1999 2311 2042 ex
2355 1998 2550 2061 gene-

598 2068 720 2132 rai
766 2064 1231 2147 permissione,
1299 2084 1427 2127 non
1486 2060 1656 2145 quod
1710 2084 1863 2128 eum
1919 2084 2078 2128 suae
2136 2061 2548 2128 liberalitatis

595 2148 1024 2236 poenituerit,
1083 2146 1199 2214 sed
1243 2149 1397 2232 quia
1440 2147 1605 2213 utile
1647 2157 1790 2214 erat
1835 2148 2030 2214 rudes
2073 2150 2210 2214 fere
2253 2157 2319 2214 et
2362 2149 2549 2214 indo-

599 2238 795 2303 mitos
841 2236 965 2301 hoc
1004 2234 1199 2299 modo
1243 2255 1475 2319 cogere
1519 2233 1601 2299 ad
1646 2235 2053 2317 obsequium.
2122 2233 2344 2316 Quum
2392 2254 2549 2300 vero

595 2333 753 2389 ante
796 2323 1008 2406 legem
1056 2319 1283 2386 eadem
1342 2320 1546 2386 fuerit
1600 2330 1980 2387 sanctorum
2038 2320 2323 2386 conditio
2384 2341 2550 2403 quae

597 2419 856 2486 nostra,
937 2405 1291 2472 tenendum
1357 2415 1461 2472 est
1524 2407 1697 2490 quod
1761 2409 1947 2490 prius
2014 2406 2184 2487 dixi,
2262 2407 2550 2474 dictante

597 2506 874 2561 naturae
897 2513 1097 2559 sensu
1132 2501 1366 2575 sponte
1401 2493 1719 2575 refugisse
1755 2492 2071 2577 quosdam
2106 2492 2316 2559 cibos:
2353 2492 2550 2560 sicuti

597 2580 794 2647 hodie
835 2598 1031 2645 nemo
1073 2579 1265 2662 lupos
1321 2587 1438 2645 aut
1492 2578 1714 2643 leones
1773 2579 2123 2645 venabitur
2176 2578 2258 2644 ad
2316 2599 2550 2644 carnes

598 2688 826 2734 eorum
869 2663 1187 2732 edendas:
1255 2687 1338 2730 ex
1396 2665 1809 2747 serpentibus
1866 2675 1934 2730 et
1991 2665 2140 2730 aliis
2199 2666 2547 2731 venenosis

597 2752 991 2820 animalibus
1062 2770 1257 2815 nemo
1334 2750 1554 2817 cibum
1635 2760 1916 2835 appetet.
2029 2750 2162 2817 Sed
2230 2751 2359 2817 alia
2423 2752 2550 2816 fuit

598 2840 831 2926 legalis
889 2834 1180 2904 mandati
1234 2836 1435 2915 ratio,
1503 2859 1586 2902 ne
1643 2838 2016 2920 promiscua
2075 2838 2340 2903 licentia
2397 2857 2549 2904 cum

598 2925 906 3012 gentibus
971 2924 1557 3004 communicarent,
1623 2925 1776 3007 quia
1841 2944 2103 2990 sacrum
2169 2935 2362 2990 erant
2419 2921 2548 2988 Dei

644 3012 946 3080 eculium.

599 3033 643 3099 p
772 3100 832 3164 3.
901 3096 1093 3164 Omne
1143 3096 1431 3162 dividam
1486 3095 1805 3178 unyulam.
1907 3095 2118 3163 Sicuti
2173 3116 2406 3161 vereor
2465 3117 2548 3161 ne

599 3184 960 3269 allegoriis,
1028 3182 1263 3265 quibus
1330 3204 1402 3247 se
1465 3182 1663 3246 multi
1730 3182 2177 3257 oblectarunt,
2241 3183 2547 3247 insistere

600 3292 831 3355 parum
878 3270 1140 3334 firmum
1185 3268 1302 3333 sit:
1361 3269 1455 3332 ita
1512 3290 1643 3333 non
1702 3267 2019 3348 insector,
2079 3289 2288 3352 neque
2344 3268 2545 3333 etiam

600 3354 874 3439 repudio
918 3354 1089 3438 quod
1135 3353 1448 3419 traditum
1494 3353 1618 3418 fuit
1661 3373 1701 3417 a
1745 3354 2105 3420 veteribus:
2153 3376 2269 3438 per
2312 3357 2548 3420 scissu-

600 3464 740 3509 ram
808 3440 1094 3525 ungulae
1170 3439 1389 3505 notari
1466 3437 1887 3521 prudentiam
1965 3442 2036 3506 in
2116 3438 2549 3506 diiudicandis

597 3530 964 3611 scripturae
1010 3524 1374 3609 mysteriis,
1423 3545 1541 3608 per
1584 3526 2092 3592 ruminationem
2140 3547 2294 3592 vero
2337 3526 2547 3592 coele-

600 3616 721 3681 stis
801 3613 1133 3678 doctrinae
1210 3613 1448 3677 seriam
1526 3611 2041 3678 meditationem.
2154 3611 2547 3696 Quanquam

601 3701 861 3784 argutia
908 3698 1020 3763 illa
1054 3697 1219 3762 mihi
1266 3719 1397 3762 non
1441 3698 1672 3780 placet,
1720 3696 1875 3763 dum
1921 3695 2172 3763 addunt
2215 3719 2324 3764 eos
2369 3706 2547 3764 recte

602 3787 974 3853 discernere
998 3784 1110 3867 qui
1133 3794 1379 3849 norunt
1403 3804 1439 3848 e
1476 3783 1664 3848 litera
1689 3782 1925 3850 elicere
1949 3785 2255 3864 mysticos
2277 3804 2545 3850 sensus:

601 3873 757 3956 quia
819 3869 973 3937 inde
1037 3868 1289 3934 factum
1354 3876 1454 3934 εει
1510 3880 1588 3934 ut
1644 3869 1906 3951 quidvis
1955 3870 2082 3936 sibi
2139 3871 2547 3937 comminisci

601 3958 1035 4042 permiserint.
1126 3954 1323 4037 Quod
1379 3975 1538 4040 ergo
1596 3955 1957 4039 simplicius
2015 3964 2118 4022 est
2175 3957 2550 4041 amplector,

600 4065 733 4111 non
777 4065 920 4110 esse
966 4045 1269 4109 fissuram
1315 4042 1384 4107 in
1427 4040 1733 4107 omnibus
1791 4043 1903 4126 qui
1957 4050 2219 4107 tantum
2276 4044 2549 4127 sapiunt

600 4154 683 4196 ex
753 4129 973 4196 carnis
1037 4149 1268 4194 sensu:
1350 4128 1503 4211 quia
1568 4127 1746 4194 solus
1810 4128 2171 4211 spiritualis
2236 4128 2550 4195 diiudicat

600 4219 851 4295 omnia,
914 4226 987 4280 ut
1046 4215 1258 4297 inquit
1301 4214 1550 4279 Paulus
1609 4210 1696 4298 (1.
1744 4213 1895 4280 Cor.
1940 4215 2002 4292 2,
2050 4212 2178 4300 15).
2259 4215 2550 4281 Accedat

600 4302 960 4367 ruminatio
1044 4308 1304 4383 oportet
1390 4299 1473 4365 ad
1559 4301 1970 4382 spiritualem
2049 4302 2268 4367 cibum
2348 4302 2547 4383 probe

602 4388 1016 4470 coquendum
1060 4397 1124 4452 et
1169 4383 1620 4470 digerendum.
1687 4386 1890 4453 Multi
1932 4388 2108 4452 enim
2153 4388 2546 4470 scripturam

605 4470 978 4557 deglutiunt
1053 4473 1295 4556 absque
1373 4474 1702 4555 profectu:
1785 4474 1940 4557 quia
2012 4493 2227 4556 neque
2292 4474 2547 4539 sincero

604 4559 844 4624 affectu
900 4559 970 4624 in
1032 4580 1112 4624 ea
1173 4560 1490 4642 proficere
1555 4560 1865 4644 cupiunt,
1931 4579 2143 4643 neque
2207 4571 2550 4642 quaerunt,

604 4654 918 4727 tanquam
941 4644 1272 4722 alimento,
1304 4645 1561 4711 animas
1583 4667 1735 4713 suas
1756 4647 2054 4713 reficere:
2092 4645 2207 4710 sed
2242 4644 2550 4713 inanibus

604 4732 914 4797 scientiae
958 4729 1200 4796 delitiis
1242 4733 1566 4813 contenti,
1608 4734 1786 4799 vitae
1824 4730 2206 4797 formandae
2250 4730 2547 4798 studium

605 4838 723 4900 pro
767 4815 972 4881 nihilo
1016 4815 1277 4880 ducunt.
1366 4818 1547 4902 Ergo
1591 4817 1713 4883 sub
1756 4818 1973 4902 priore
2014 4815 2309 4882 membro
2368 4815 2548 4884 dam-

603 4913 807 4969 natur
862 4902 1095 4968 brutus
1145 4912 1404 4986 stupor,
1463 4902 1585 4969 sub
1627 4905 1834 4970 altero
1879 4915 2098 4970 autem
2144 4904 2549 4969 curiosorum

604 4989 954 5056 hominum
1022 4986 1291 5052 ambitio
1357 4998 1422 5053 et
1488 4989 1742 5056 levitas.
1853 4987 2209 5055 Immunda
2285 4990 2548 5072 quidem

605 5075 918 5142 animalia
941 5072 1126 5140 Deus
1145 5073 1344 5139 Petro
1366 5074 1437 5138 in
1461 5075 1713 5140 visione
1747 5077 2089 5160 proposuit
2142 5076 2284 5142 Act.
2316 5077 2413 5153 10,
2444 5076 2551 5164 12)

605 5171 921 5245 tanquam
964 5160 1260 5245 gentium
1305 5160 1629 5245 imagines
1672 5171 1737 5226 et
1780 5164 2046 5245 figuras,
2091 5163 2112 5226 i
2160 5181 2364 5246 eoque
2407 5184 2553 5246 pro-

604 5248 800 5315 babili
828 5246 1146 5330 analogia‚
1177 5245 1348 5328 quod
1373 5245 1453 5310 de
1490 5246 1883 5312 animalibus
1919 5247 2158 5314 dicitur
2191 5248 2551 5316 transferre

607 5334 690 5401 ad
735 5334 1032 5399 homines
1076 5332 1248 5397 licet.
1338 5331 1591 5397 Verum
1635 5354 1753 5398 cur
1795 5335 1866 5397 in
1915 5354 2137 5418 ungue
2194 5334 2442 5401 bisulco
2484 5347 2551 5401 et

2064 410 2444 478 PRIMUM
2491 408 3133 477 PRAEOEPTUM.

4452 417 4556 487 348

2654 599 2911 664 rumine
2957 609 3148 666 notas
3192 601 3567 684 apposuerit
3607 599 3825 680 Deus,
3893 599 4059 665 mihi
4122 600 4323 666 nihilo
4380 608 4559 690 magis

2651 686 2874 767 liquet,
2918 705 3113 767 quam
3159 707 3277 752 cur
3314 686 3597 751 vetuerit
3632 707 3897 752 carnem
3935 687 4197 752 suillam
4231 688 4555 758 comedere:

2652 772 2776 837 nisi
2813 771 2982 835 forte
3017 772 3172 855 quia
3207 772 3447 855 unguis
3481 774 3831 839 continuus
3866 773 4129 857 signum
4167 785 4266 838 est
4288 773 4556 845 feritatis:

2652 877 2819 941 quae
2864 868 3083 922 autem
3131 879 3262 923 non
3306 860 3663 936 ruminant,
3710 858 3933 924 sordes
3968 868 4036 923 et
4069 872 4471 927 excrementa
4499 874 4561 929 ut

2651 943 3008 1026 plurimum
3055 944 3336 1010 sorbent.
3428 942 3692 1011 Scimus
3739 944 3862 1010 hac
3906 942 3987 1009 de
4030 965 4227 1011 causa
4278 958 4562 1015 certatum

2653 1028 2852 1094 fuisse
2898 1051 3139 1113 magna
3172 1031 3594 1096 contentione
3639 1031 3860 1095 statim
3906 1039 4056 1113 post
4090 1033 4414 1115 evangelii
4444 1055 4565 1116 pro-

2653 1114 3145 1198 mulgationem,
3191 1115 3367 1200 quod
3411 1139 3496 1182 ex
3532 1115 3794 1182 Iudaeis
3838 1117 4105 1200 quidam
4151 1119 4417 1183 nimium
4457 1121 4564 1206 legi

2654 1198 2913 1278 addicti,
2961 1221 3082 1266 nec
3126 1210 3425 1267 tenentes
3468 1202 3758 1268 ciborum
3805 1202 4130 1269 delectum
4174 1203 4376 1269 fuisse
4418 1207 4566 1271 inter

2653 1286 2940 1371 reliquas
3006 1290 3485 1367 caeremonias,
3546 1288 3854 1359 volebant
3909 1289 4138 1354 eadem
4194 1292 4566 1372 necessitate,

2651 1394 2819 1457 quae
2854 1374 3162 1457 imposita
3195 1375 3409 1439 fuerat
3443 1375 3652 1440 veteri
3695 1373 3953 1457 populo,
3993 1373 4317 1459 obstringi
4360 1397 4568 1443 novam

2659 1458 3022 1526 ecclesiam.
3133 1460 3425 1526 Tandem
3502 1460 3939 1546 apostolorum
4008 1460 4267 1528 decreto
4333 1462 4569 1529 libertas

2652 1545 2958 1629 gentibus
3022 1546 3343 1630 permissa
3404 1546 3531 1612 fuit
3595 1546 3901 1612 vescendi
3967 1546 4127 1612 cibis
4184 1549 4568 1631 quibuslibet,

2651 1639 2922 1714 excepto
2988 1640 3243 1698 tantum
3311 1631 3633 1715 sanguine
3697 1642 3767 1696 et
3830 1632 4175 1710 suffocato,
4256 1633 4444 1717 idque
4502 1635 4570 1700 ad

2653 1726 2948 1800 tempus,
3004 1716 3313 1784 vitandae
3357 1717 3736 1784 offensionis
3778 1737 4004 1784 causa:
4050 1720 4208 1801 quia
4252 1720 4365 1785 vix
4408 1720 4573 1785 aliter

2652 1802 2893 1884 placati
2937 1801 3211 1869 fuissent
3247 1802 3495 1869 Iudaei.
3584 1803 3649 1869 N
3654 1826 3779 1870 unc
3821 1814 4163 1888 postquam
4211 1804 4575 1890 abrogatum

2651 1889 2774 1953 fuit
2809 1888 2980 1972 quod
3027 1889 3208 1954 Deus
3245 1889 3383 1973 ipse
3418 1900 3840 1973 praeceperat
3876 1891 3956 1955 de
3991 1891 4289 1956 carnium
4330 1892 4575 1970 delectu,

2653 1974 3010 2040 diabolicae
3034 1974 3342 2041 audaciae
3379 1976 3501 2041 fuit
3535 1976 3846 2042 humanis
3876 1976 4130 2061 legibus
4164 1977 4577 2044 conscientias

2651 2060 2973 2144 obligare,
3034 2082 3118 2126 ne
3178 2061 3481 2128 libertate
3537 2084 3577 2127 a
3632 2062 3902 2128 Christo
3960 2060 4163 2146 parta*
4204 2063 4576 2129 fruerentur.

2649 2145 2969 2229 Superest
3011 2168 3147 2213 una
3187 2148 3516 2231 quaestio,
3576 2148 3898 2231 quomodo
3953 2147 4138 2215 Deus
4180 2148 4578 2215 immundum

2652 2232 3044 2316 pronunciet
3100 2233 3273 2317 quod
3331 2234 3609 2300 creavit:
3676 2235 3831 2317 quia
3894 2232 3949 2300 si
4008 2237 4305 2302 reiicitur
4361 2234 4580 2302 animal

2651 2328 2921 2402 propter
2984 2317 3500 2399 immunditiem,
3571 2341 3723 2404 pars
3788 2320 4189 2404 ignominiae
4257 2322 4326 2385 in
4383 2321 4581 2404 ipsum

2654 2415 2954 2470 autorem
3017 2405 3360 2473 redundat.
3480 2405 3764 2471 Videtur
3829 2407 4023 2471 etiam
4095 2407 4260 2473 baec
4339 2408 4581 2472 reiectio

2652 2511 2953 2574 pugnare
2985 2512 3132 2556 cum
3157 2492 3373 2574 prima
3395 2490 3521 2557 Dei
3557 2492 3904 2571 sententia,
3941 2491 4095 2557 dum
4132 2492 4584 2560 considerando

2652 2588 2889 2642 cuncta
2946 2597 3114 2660 quae
3168 2578 3409 2643 fecerat
3471 2578 3740 2661 agnovit
3801 2578 3990 2644 valde
4046 2579 4235 2644 bona.
4351 2579 4582 2645 Solutio

2653 2671 2772 2735 εει,
2811 2662 3068 2727 nullum
3090 2683 3380 2746 unquam
3405 2663 3650 2728 animal
3677 2685 3792 2747 per
3826 2685 3896 2729 se
3930 2665 4130 2729 fuisse
4164 2665 4584 2743 immundum,

2653 2748 2769 2813 sed
2815 2749 2937 2813 hoc
2978 2747 3059 2813 ad
3105 2769 3298 2814 usum
3336 2749 3588 2814 referri.
3659 2749 3870 2815 Sicuti
3908 2751 3975 2814 in
4014 2751 4246 2816 arbore
4292 2751 4583 2817 scientiae

2655 2834 2804 2899 boni
2861 2844 2929 2898 et
2985 2832 3141 2899 mali
3206 2836 3597 2900 naturaliter
3641 2834 3810 2900 nihil
3857 2837 3997 2901 vitii
4042 2846 4157 2902 aut
4202 2858 4414 2902 noxae
4455 2836 4583 2912 fuit,

2655 2928 2729 2984 ut
2773 2941 2894 2985 sua
2938 2919 3083 2985 labe
3126 2920 3457 2987 hominem
3503 2922 3828 2995 inficeret.
3889 2922 4002 3005 qui
4054 2932 4280 2988 tamen
4329 2934 4582 2988 mortem

2655 3004 2809 3071 inde
2845 3007 3177 3073 contraxit
3215 3006 3674 3092 prohibitionis
3719 3017 4042 3091 respectu.
4130 3008 4359 3091 Quare
4406 3010 4585 3074 etiam

2654 3092 2779 3159 hoc
2821 3093 2961 3158 loco
3007 3114 3135 3158 non
3182 3092 3453 3159 damnat
3496 3093 3682 3161 Deus
3724 3116 3887 3179 opus
3931 3116 4127 3160 suum
4169 3096 4242 3160 in
4304 3095 4583 3162 animali·

2653 3177 2794 3258 bus,
2861 3179 2975 3244 sed
3019 3179 3233 3262 quoad
3277 3201 3462 3246 esum
3510 3181 3653 3245 vult
3695 3183 3945 3246 censeri
3990 3182 4284 3264 impura,
4337 3195 4409 3247 ut
4451 3181 4583 3246 abo·

2654 3265 2943 3330 minetur
2995 3267 3276 3349 populus
3334 3266 3504 3349 quod
3563 3265 3687 3331 sibi
3746 3268 4024 3333 vetitum
4086 3280 4205 3334 est.
4299 3269 4584 3351 Denique

2653 3351 2793 3417 sola
2835 3362 2936 3416 εει
2977 3353 3412 3436 transgressio
3466 3373 3631 3435 quae
3685 3353 4025 3437 inquinat:
4085 3355 4244 3436 quia
4296 3354 4586 3419 animalia

2652 3458 2992 3521 nunquam
3048 3447 3390 3503 mutarunt
3447 3449 3780 3504 naturam:
3841 3438 3956 3504 sed
4015 3441 4085 3503 in
4145 3439 4276 3506 Dei
4333 3440 4584 3505 arbitrio

2652 3523 2793 3602 fuit,
2839 3523 3011 3606 quod
3056 3524 3306 3588 licitum
3357 3524 3457 3588 vel
3502 3525 3802 3591 illicitum
3836 3547 3989 3591 ¹esse
4025 3524 4247 3607 vellet,
4292 3537 4581 3592 statuere.

2648 3608 2757 3674 Ita
2824 3609 3103 3675 solvitur
3165 3610 3374 3675 altera
3430 3610 3722 3677 obiectio.
3825 3612 4235 3678 Pronunciat
4292 3613 4585 3678 Christus

2649 3693 2868 3781 (Matt.
2920 3695 3019 3771 15,
3069 3694 3195 3782 11),
3257 3697 3425 3778 quod
3484 3697 3852 3781 ingreditur
3908 3698 3978 3763 in
4019 3718 4093 3762 os
4140 3699 4429 3763 hominis
4470 3718 4582 3762 non

2648 3781 2996 3863 inquinare
3031 3781 3384 3848 hominem.
3454 3781 3531 3849 Si
3567 3784 3712 3867 quis
3747 3782 3899 3848 inde
3934 3783 4220 3868 colligat,
4258 3804 4585 3869 perperam

2651 3866 2949 3932 damnari
2987 3868 3259 3933 innoxia
3294 3868 3622 3946 animalia,
3658 3868 4185 3952 respondendum
4220 3882 4342 3951 est,
4381 3890 4492 3954 per
4523 3889 4585 3934 se

2650 3975 2785 4018 non
2830 3955 3081 4019 censeri
3130 3952 3492 4034 immunda,
3536 3956 3648 4019 sed
3693 3955 3765 4020 in
3810 3956 4015 4020 alium
4058 3958 4284 4023 finem.
4376 3955 4587 4021 Valuit

2650 4039 2825 4105 enim
2873 4060 3130 4122 semper
3174 4039 3473 4106 doctrina
3518 4040 3662 4120 illa,
3722 4062 4001 4125 regnum
4048 4042 4173 4106 Dei
4219 4044 4424 4108 situm
4468 4062 4585 4106 non

2650 4146 2795 4190 esse
2828 4124 2897 4189 in
2938 4125 3082 4190 cibo
3117 4134 3183 4190 et
3222 4137 3384 4209 potu
3421 4125 3638 4213 (Rom.
3679 4128 3779 4203 14,
3818 4126 3960 4214 17):
3996 4128 4108 4193 sed
4146 4149 4354 4210 quum
4392 4126 4586 4194 Israe-

2650 4211 2785 4277 litis
2842 4211 3262 4276 interdiceret
3306 4213 3489 4278 Deus
3547 4234 3734 4278 esum
3790 4213 3992 4278 huius
4051 4214 4153 4279 vel
4214 4213 4399 4280 illius
4453 4213 4582 4291 cibi,

2652 4297 2776 4363 hac
2810 4298 3217 4363 caeremonia
3252 4297 3523 4363 fuerunt
3557 4299 3870 4365 admoniti
3907 4321 4103 4382 quam
4142 4299 4586 4366 abominabilis

2649 4392 2823 4449 esset
2865 4383 3140 4449 interior
3182 4385 3395 4450 cordis
3437 4385 3730 4467 pollutio.
3820 4388 3920 4451 Ac
3966 4385 4205 4452 talibus
4258 4385 4585 4452 elementis

2652 4467 2967 4553 paulatim
3013 4470 3280 4535 formati
3321 4470 3712 4554 adductique
3756 4471 4028 4536 fuerunt
4062 4474 4144 4536 ad
4185 4472 4584 4556 spiritualem

2651 4556 3046 4622 doctrinam:
3095 4564 3170 4620 ut
3211 4557 3454 4622 scirent
3498 4578 3632 4622 non
3678 4556 3856 4622 aliud
3901 4556 4235 4623 hominem
4293 4560 4584 4640 polluere,

2650 4663 2845 4725 quam
2891 4640 3062 4725 quod
3096 4641 3431 4725 egreditur
3472 4664 3556 4707 ex
3593 4663 3703 4721 ore
3738 4645 3896 4709 eius.
3964 4642 4158 4710 Nunc
4202 4643 4468 4711 diversa
4500 4652 4587 4710 εει

2651 4728 2942 4794 fidelium
2987 4726 3298 4805 conditio,
3344 4728 3582 4811 quibus
3624 4742 3814 4812 parta
3856 4739 3955 4793 est
3998 4729 4301 4809 libertas,
4350 4753 4432 4797 ex
4473 4751 4585 4813 quo

2652 4813 2957 4881 Christus
3015 4812 3329 4898 abrogata
3385 4815 3530 4899 lege
3600 4815 4113 4899 chirographum
4177 4816 4247 4880 in
4323 4817 4584 4883 decretis

2650 4901 2940 4984 positum
2984 4899 3162 4964 cruci
3207 4899 3420 4965 affixit
3463 4898 3630 4986 (Col.
3676 4902 3737 4981 2,
3785 4899 3913 4987 14).

2822 4987 2883 5051 4.
2961 4985 3393 5051 Verumtamen
3433 4986 3541 5051 hoc
3581 5007 3705 5053 non
3745 4988 4084 5053 comedetis.
4173 4986 4440 5055 Clarius
4481 5009 4582 5054 ex·

2649 5073 2875 5157 primit
2895 5070 3070 5154 quod
3092 5085 3244 5136 ante
3265 5072 3694 5138 indicaverat:
3735 5094 3971 5156 nempe
4006 5071 4267 5151 animal,
4300 5076 4584 5160 quamvis

2651 5159 2975 5235 ruminet,
3039 5177 3173 5221 non
3233 5159 3534 5240 protinus
3593 5180 3734 5225 esse
3787 5160 4139 5238 mundum,
4205 5162 4338 5229 nisi
4396 5159 4586 5228 findat

2651 5246 3002 5329 ungulam:
3050 5255 3244 5326 atque
3287 5265 3373 5309 ex
3417 5246 3743 5328 opposito,
3804 5265 3940 5310 non
3984 5246 4286 5314 sufficere
4331 5250 4585 5317 scissam

2653 5331 2969 5415 ungulam
2995 5328 3120 5394 nisi
3155 5329 3504 5395 coniuncta
3538 5332 3625 5395 sit
3659 5333 4035 5399 ruminatio.
4089 5331 4348 5413 Quibus
4385 5333 4585 5402 verbis
