4867 6150
324 467 407 533 93
1481 474 2225 546 COMMENTARIUS
2267 477 2368 546 IN
2413 479 2716 546 EXODI
2759 480 2955 547 CAP.
3002 480 3159 550 VII.
3985 568 3996 578 ·
4238 484 4325 549 94

322 663 383 723 et
435 677 645 725 coram
687 659 885 727 oculis
922 681 1245 728 servorum
1285 665 1439 731 eius.
1507 665 1597 731 Et
1636 686 1850 732 versae
1890 672 2040 733 sunt
2078 689 2281 750 aquae

324 763 533 843 ornnes
567 765 729 826 quae
761 754 940 813 erant
962 749 1033 814 in
1057 750 1336 829 flumine,
1373 753 1443 817 in
1471 753 1859 837 sanquinem.
1928 751 2032 818 21.
2060 752 2279 820 Pisces

323 834 514 896 ettam
557 833 667 913 qui
710 839 893 898 erant
932 836 1004 899 in
1038 836 1301 915 flumine
1332 840 1564 903 mov-tui
1597 843 1776 905 sunt:
1807 843 1865 904 et
1897 842 2279 921 computruit

312 916 554 996 fiumen
573 967 589 993 ‚
667 923 738 982 ut
799 938 920 984 non
985 927 1243 1003 possent
1306 923 1603 1007 Aeyyptii
1667 924 1868 990 bibere
1930 946 2134 1007 aquas
2197 947 2274 991 ecc

315 1002 614 1101 flumine.-
667 1004 914 1087 fuitque
965 1008 1232 1090 sanquis
1274 1010 1400 1091 per
1454 1015 1639 1075 totam
1695 1017 1927 1076 temam
1981 1011 2270 1096 Aeyypti.

320 1088 427 1153 22.
481 1087 588 1153 Sic
629 1091 819 1155 etiam
853 1093 1130 1174 fecerunt
1172 1096 1697 1179 praestiyiatores
1739 1098 2011 1180 Aeqypti
2062 1098 2275 1165 incan-

318 1174 661 1241 tationibus
700 1178 876 1241 suis:
932 1184 990 1243 et
1049 1179 1341 1245 obduruit
1385 1202 1489 1247 cor
1536 1181 1930 1261 Pharaonis,
1990 1184 2151 1248 sieut
2191 1184 2273 1249 lo-

318 1265 557 1342 quutus
593 1261 807 1341 fuerat
840 1262 1088 1330 Iehova.
1178 1265 1281 1331 23.
1327 1266 1418 1331 Et
1456 1275 1763 1334 revertens
1802 1268 2063 1334 Pharao
2106 1270 2276 1335 venit

317 1348 392 1411 tn
435 1347 689 1412 domum
745 1369 964 1414 suanm
1027 1371 1220 1432 neque
1276 1353 1505 1418 adiecit
1554 1374 1659 1420 cor
1710 1374 1898 1419 suum
1955 1357 2144 1420 etiam
2187 1356 2271 1420 ad

317 1431 445 1498 hoc.
485 1434 619 1531 24.
660 1433 977 1500 Foderunt
1008 1442 1211 1502 antem
1245 1458 1452 1503 omnes
1476 1442 1773 1524 Aeyyptii
1795 1460 1919 1522 per
1939 1441 2271 1506 circuitum

310 1519 601 1600 flammis
620 1569 635 1599 ,
693 1525 763 1585 ut
803 1541 1005 1603 aquas
1047 1523 1316 1589 biberent
1330 1577 1345 1601 ,
1389 1526 1543 1606 quia
1586 1547 1709 1592 non
1740 1530 2029 1608 poterant
2068 1526 2270 1593 bibere

315 1626 397 1670 ex
440 1607 628 1686 aquis
663 1607 970 1686 fluminis.
1062 1607 1163 1673 25.
1213 1608 1303 1674 Et
1340 1611 1617 1693 completi
1673 1619 1821 1678 sunt
1861 1618 2089 1695 septem
2130 1613 2268 1679 dies

312 1712 393 1755 ex
435 1712 555 1773 quo
586 1696 905 1774 percussit
947 1694 1177 1760 Iehova
1210 1698 1498 1777 fluvium.

490 1865 590 1931 14.
656 1866 832 1930 Tunc
889 1866 1325 1933 discit=1ehova
1383 1870 1469 1934 ad
1512 1868 1762 1936 Mosen:
1813 1871 2266 1954 Ayyravatum.

311 1951 458 2018 Iam
517 1973 788 2017 narrare
846 1953 1077 2036 incipit
1118 1954 1341 2020 Moses
1401 1954 1624 2021 decem
1691 1956 1917 2040 plagas
1963 1958 2267 2040 Aegypto

315 2040 519 2105 fuisse
578 2039 897 2116 inflictas,
966 2049 1318 2123 antequam
1385 2040 1466 2105 ad
1527 2041 1886 2124 parendum
1947 2042 2267 2108 adductus

312 2127 519 2192 fuerit
575 2124 855 2190 Phara0.
967 2125 1116 2190 Etsi
1184 2134 1401 2190 autem
1482 2127 1891 2212 prodigiosus
1956 2127 2081 2193 fuit
2158 2128 2267 2194 ille

314 2214 535 2289 furor,
607 2222 835 2278 contra
901 2211 1030 2275 Dei
1096 2234 1360 2276 manum
1432 2226 1564 2277 tam
1637 2213 1852 2279 valide
1916 2225 2264 2298 urgentem

312 2298 557 2365 obniti:
647 2298 833 2362 nobis
913 2305 1132 2362 tamen
1214 2299 1281 2362 in
1365 2300 1558 2364 unius
1645 2300 1900 2383 reprobi
1990 2322 2267 2385 persona

313 2384 663 2468 superbiae
719 2394 786 2448 et
846 2383 1220 2448 rebellionis
1280 2384 1604 2450 humanae
1648 2386 1864 2471 imago
1910 2387 2267 2467 subiicitur,

313 2471 425 2537 ubi
477 2490 610 2534 non
656 2472 910 2553 regitur
952 2471 1185 2552 spiritu
1237 2472 1779 2545 mansuetudinis.
1871 2472 2097 2555 Itaque
2145 2472 2266 2537 hac

313 2557 696 2622 narratione
742 2556 1057 2620 admoniti
1102 2555 1345 2634 fideles,
1390 2557 1618 2622 sedulo
1661 2570 1970 2635 caveant,
2022 2580 2105 2623 ne
2150 2558 2263 2623 ad-

311 2664 550 2710 versus
597 2643 811 2707 Deum
872 2650 1175 2724 proterve
1235 2643 1696 2709 tumultuando
1755 2645 2033 2710 similem
2078 2645 2146 2708 in
2193 2664 2264 2710 se

311 2740 672 2813 provocent
717 2726 1101 2793 vindictam.
1169 2728 1357 2793 Idem
1403 2730 1579 2793 enim
1618 2731 1728 2812 qui
1766 2751 1877 2796 cor
1898 2729 2262 2796 Pharaonis

312 2814 666 2882 obduravit
699 2824 1056 2898 perpetuus
1097 2827 1197 2879 est
1234 2816 1588 2898 impietatis
1626 2816 1889 2894 vindex,
1927 2831 2000 2881 ut
2038 2816 2263 2882 hostes

309 2924 470 2968 suos
498 2901 729 2983 spiritu
765 2900 1117 2984 vertiginis
1152 2903 1539 2983 percutiens,
1580 2914 1714 2966 tam
1753 2903 2028 2969 furiosos
2064 2923 2261 2986 quam

310 2988 627 3053 attonitos
671 2984 919 3051 reddat.
1009 2986 1215 3052 Porro
1273 3006 1355 3057 ne
1401 2988 1619 3053 Moses
1680 2988 1759 3053 ad
1821 2988 1943 3054 hoc
1986 2987 2258 3053 offendi·

307 3075 536 3142 culum
560 3075 949 3157 impingens,
987 3074 1067 3139 ab
1102 3074 1399 3157 incoepto
1423 3095 1620 3140 cursu
1645 3075 1931 3155 desistat,
1956 3075 2261 3141 hortatur

307 3161 391 3227 ad
440 3169 809 3227 certamen:
870 3179 946 3223 ac
1004 3162 1058 3225 si
1127 3155 1371 3226 diceret
1428 3181 1576 3225 cum
1635 3160 1982 3227 durissimo
2045 3161 2259 3244 lapide

307 3270 456 3314 esse
502 3244 1000 3329 confligendum,
1047 3244 1251 3312 donec
1294 3245 1670 3331 frangatur:
1717 3247 1848 3313 Cor
1892 3246 2260 3312 Pharaonis

306 3340 748 3420 aggravatum
812 3353 954 3398 esse
1021 3330 1326 3416 audiens,
1403 3341 1666 3417 poterat
1727 3333 2060 3403 labascere
2130 3332 2259 3399 nisi

305 3419 582 3487 aliunde
627 3427 888 3485 ostensa
932 3418 1160 3485 fuisset
1195 3439 1344 3503 spes
1381 3420 1709 3487 victoriae.
1777 3419 1910 3489 Sed
1948 3422 2258 3505 quoniam

305 3506 731 3572 indomabilis
768 3516 867 3571 est
902 3505 1079 3571 illius
1117 3507 1369 3572 belluae
1405 3508 1787 3591 pervicacia,
1835 3509 2025 3573 novis
2058 3508 2260 3573 armis

304 3613 583 3660 servum
622 3612 813 3657 suum
847 3590 1064 3656 induit
1086 3592 1271 3658 Deus
1307 3594 1491 3675 quasi
1518 3593 1762 3661 diceret
1795 3593 2259 3660 conterendam

305 3701 489 3756 esse,
558 3678 818 3761 quando
883 3678 1103 3764 frangi
1168 3680 1411 3763 nequit.
1515 3680 1660 3745 Etsi
1721 3690 1939 3746 autem
1998 3680 2261 3766 longius

303 3764 483 3831 forte
520 3764 908 3847 quibusdam
933 3765 1137 3847 petita
1158 3765 1458 3849 analogia
1479 3765 1812 3832 videbitur
1839 3768 2013 3831 inter
2036 3765 2261 3832 decem

302 3852 541 3936 plagas
586 3858 651 3916 et
686 3849 906 3916 decem
945 3849 1112 3936 legis
1155 3862 1532 3935 praecepta:
1579 3873 1726 3917 meo
1765 3862 1985 3921 tamen
2020 3850 2260 3919 iudicio

350 3936 647 4004 robabile
692 3947 792 4002 est
834 3958 909 4002 ac
970 3937 1209 4003 rationi
1266 3947 1814 4017 consentaneum,
1872 3939 2256 4022 priusquam

330 4045 524 4108 egem
588 4022 1036 4107 promulgaret
1100 4023 1316 4104 Deus,
1396 4024 1666 4090 totidem
1746 4025 1961 4110 plagis
2024 4026 2260 4108 impios

303 4111 510 4176 fuisse
555 4129 898 4193 percussos
942 4120 1102 4193 quot
1136 4109 1411 4177 daturus
1447 4121 1589 4175 erat
1634 4112 1872 4194 populo
1915 4131 2033 4177 suo
2070 4132 2257 4193 prae—

305 4206 531 4279 cepta,
597 4205 670 4261 ut
733 4216 957 4260 eorum
1026 4198 1443 4261 autoritatem
1484 4197 1625 4264 ‘hoc
1692 4197 1885 4263 modo
1952 4199 2255 4263 sanciret.

305 4281 542 4347 Primo
599 4293 815 4346 autem
871 4282 1051 4347 iubet
1092 4283 1324 4348 Mosen
1384 4282 1612 4348 tollere
1671 4283 2008 4359 baculum,
2067 4297 2133 4348 et
2178 4281 2257 4348 de

303 4376 574 4435 recente
618 4368 938 4432 miraculo
984 4367 1319 4450 admonet,
1375 4388 1503 4452 quo
1557 4373 1805 4436 maiore
1860 4367 2257 4436 confidentia

303 4476 376 4520 se
431 4454 517 4519 ad
571 4474 822 4519 novum
874 4474 1298 4537 congressum
1358 4455 1675 4538 accingat.
1764 4454 2022 4521 Deinde
2084 4454 2256 4539 quod

303 4540 602 4607 breviter
626 4541 953 4623 attigerat,
990 4540 1204 4606 fusius
1242 4543 1673 4626 prosequitur,
1712 4562 1892 4607 more
1916 4541 2252 4608 hebraico:

300 4625 646 4709 Principio
686 4627 863 4690 enim
898 4626 1083 4692 nulla
1122 4627 1199 4691 fit
1234 4628 1479 4693 mentio
1504 4628 1799 4704 Aharon,
1845 4628 1957 4694 sed
1997 4636 2252 4693 tantum

301 4710 483 4778 Mosi
528 4712 709 4777 Deus
749 4711 1021 4778 mandat
1061 4712 1215 4796 quid
1260 4714 1405 4779 fieri
1452 4715 1639 4780 velit:
1691 4712 1924 4780 deinde
1970 4714 2258 4798 explicat

301 4819 580 4863 manum
620 4798 890 4863 Aharon
936 4799 1139 4865 fuisse
1181 4798 1664 4882 interpositam.
1753 4801 1897 4865 Iam
1941 4820 2100 4883 ergo
2143 4799 2254 4864 ubi

301 4892 775 4950 commemorat
817 4884 1001 4951 Deus
1047 4886 1304 4969 virgam
1364 4907 1575 4971 nuper
1623 4886 1827 4952 fuisse
1869 4906 2254 4952 conversam

294 4970 371 5035 in
418 4980 828 5053 serpentem,
883 4970 1173 5037 ostendit
1230 4969 1400 5036 male
1462 4993 1581 5038 nos
1638 4974 1708 5038 in
1765 4972 2072 5056 operibus
2117 4972 2255 5037 suis

298 5057 620 5140 proficere
666 5056 791 5122 nisi
835 5056 989 5122 inde
1046 5055 1219 5122 vires
1272 5056 1534 5143 colligat
1587 5058 1749 5124 fides
1816 5068 2057 5124 nostra.
2148 5055 2253 5124 Ad

301 5142 504 5221 haec,
559 5143 670 5208 ubi
728 5141 1082 5210 denunciat
1137 5141 1467 5209 Pharaoni
1514 5145 1698 5211 Deus
1757 5144 1909 5227 quid
1962 5145 2255 5211 facturus

302 5228 425 5307 sit,
483 5229 694 5312 magis
742 5221 971 5294 ‘reddit
1025 5230 1568 5309 inexcusabilem,
1679 5229 1810 5295 uod
1864 5231 2062 5297 minis
2123 5252 2253 5297 non

302 5314 622 5399 tangitur,
667 5332 737 5379 ut
784 5315 1142 5399 resipiscat.
1235 5313 1499 5381 Sciebat
1555 5316 1816 5400 qmdem
1866 5317 2047 5383 Deus
2103 5339 2254 5402 pro·

298 5398 483 5467 fectu
527 5400 649 5467 hoc
692 5400 1084 5467 cariturum:
1130 5400 1244 5468 sed
1279 5403 1578 5485 quamvis
1611 5401 2043 5470 insanabilem
2078 5424 2254 5469 mor-

2385 667 2541 735 bum
2579 679 2945 756 cognoscat,
2983 693 3117 737 non
3153 679 3374 738 tamen
3411 673 3700 740 remedia
3735 673 4045 740 adhibere
4065 673 4327 755 desinit,

2384 778 2518 822 non
2563 778 2732 840 quae
2776 759 3125 823 sanitatem
3182 758 3552 839 conferant,
3607 758 3719 826 sed
3787 781 3955 844 quae
3998 759 4326 827 occultum

2382 854 2620 908 eruant
2678 867 2759 908 ex
2822 845 3055 910 animis
3103 845 3302 911 virus.
3392 846 3701 931 Litigant
3759 845 3862 912 hic
3920 846 4110 911 multi
4172 866 4322 910 cum

2381 928 2559 1010 Dec,
2604 930 2772 1013 quod
2823 951 2946 995 non
3010 940 3268 999 tantum
3327 951 3477 995 cum
3536 931 3754 998 surdis
3811 933 4140 1016 loquatur,
4209 931 4322 997 sed

2381 1015 2578 1079 ctiam
2641 1017 2888 1081 frustra
2947 1015 3272 1081 monendo
3334 1018 3436 1082 vel
3505 1016 3912 1103 castigando,
3980 1019 4189 1102 magis
4249 1037 4324 1082 ac

2379 1102 2591 1185 magis
2635 1112 2978 1185 exasperet
3020 1123 3244 1167 eorum
3281 1102 3619 1171 malitiam.
3688 1102 3821 1170 Sed
3868 1115 4161 1170 nostrum
4201 1113 4321 1182 est,

2379 1182 2492 1251 ubi
2540 1209 2655 1253 nos
2694 1188 2914 1272 aliqua
2957 1188 3379 1254 absurditatis
3424 1191 3671 1273 species
3716 1190 4090 1271 conturbat,
4136 1210 4321 1254 reve·

2376 1284 2602 1337 renter
2657 1274 2985 1357 suspicere
3030 1295 3270 1339 arcana
3313 1272 3440 1339 Dei
3480 1276 3754 1355 iudicia,
3812 1284 3878 1341 et
3935 1274 4016 1341 ad
4076 1275 4320 1342 sobrie-

2376 1367 2581 1423 tatem
2634 1380 2881 1443 sapere.
2980 1358 3250 1425 Interea
3304 1371 3578 1427 eventus
3645 1361 3833 1427 docet
3901 1382 4030 1426 non
4098 1360 4322 1427 irritas

2374 1444 2608 1511 cadere
2655 1445 2778 1510 Dei
2827 1446 3057 1524 minas,
3103 1444 3216 1511 sed
3263 1467 3486 1511 earum
3533 1456 3914 1531 contemptu
3959 1448 4206 1514 crimen
4245 1467 4321 1514 ac

2374 1551 2653 1613 poenam
2698 1531 3034 1614 duplicari.

2549 1618 2649 1684 19.
2708 1617 2798 1682 Et
2850 1618 3019 1689 dixit
3062 1615 3291 1683 Iehova
3349 1617 3436 1683 ad
3479 1617 3715 1684 Mosen.
3804 1617 3990 1684 Haec
4043 1618 4160 1683 illa
4220 1628 4320 1685 est

2373 1704 2692 1788 prolixior
2737 1704 3023 1769 narratio
3067 1724 3261 1786 quam
3309 1702 3467 1769 dixi.
3556 1704 3784 1787 Neque
3832 1706 4007 1770 enim
4055 1703 4235 1770 aliud
4280 1726 4321 1771 a

2374 1792 2674 1873 proximo
2719 1789 3051 1855 diversum
3097 1787 3297 1854 tradit
3332 1789 3573 1870 Moses,
3617 1789 3730 1856 sed
3769 1790 4034 1855 modum
4081 1790 4317 1875 agendi

2372 1877 2440 1941 in
2508 1875 2759 1942 edendo
2824 1875 3141 1942 miraculo
3215 1874 3586 1943 distinctius
3666 1876 3982 1959 explicat:
4065 1898 4315 1960 nempe,

2372 1961 2547 2047 quod
2604 1969 3025 2046 praeceperat
3079 1961 3291 2041 Deus,
3360 1983 3558 2046 opera
3585 1963 3837 2045 ,fratris
3896 1963 3995 2029 sui
4043 1962 4318 2028 Aharon

2371 2050 2574 2114 fuisse
2618 2047 3034 2130 completum.
3161 2049 3400 2113 uitium
3454 2069 3607 2113 vero
3652 2049 3735 2113 ab
3777 2047 3902 2113 hac
3944 2048 4142 2147 plaga
4187 2070 4318 2114 non

2372 2133 2613 2218 absque
2658 2135 2914 2201 ratione
2960 2136 3203 2199 factum
3241 2146 3371 2200 est:
3421 2146 3493 2199 ut
3529 2134 3774 2200 scirent
3801 2136 4114 2219 Aegyptii
4149 2134 4317 2199 nihil

2371 2221 2498 2286 sibi
2565 2241 2708 2287 esse
2774 2217 3084 2303 praesidii
3149 2219 3230 2286 ad
3298 2220 3576 2287 salutem
3640 2221 3711 2285 in
3777 2220 4010 2304 opibus
4082 2221 4319 2303 quibus

2371 2307 2661 2371 maxime
2705 2304 3185 2389 superbiebant.
3272 2306 3533 2373 Scimus
3576 2315 3823 2390 quanta
3865 2307 3997 2373 illis
4037 2327 4121 2371 ex
4166 2306 4322 2372 Nilo

2369 2394 2569 2459 fuerit
2632 2391 2994 2475 opulentia,
3054 2392 3363 2471 munitio,
3426 2393 3702 2458 utilitas:
3768 2392 3922 2458 inde
3987 2393 4320 2457 uberrima

2369 2478 2674 2563 piscati0,
2752 2476 2910 2544 inde
2975 2478 3173 2543 totius
3239 2479 3525 2563 regionis
3603 2477 4040 2557 foecunditas,
4121 2498 4318 2562 quam

2367 2566 2687 2650 irriguam
2731 2562 3076 2630 inundatio
3114 2561 3449 2645 reddebat,
3494 2585 3659 2647 quae
3704 2564 3852 2630 aliis
3897 2563 4088 2629 terris
4133 2564 4318 2629 dam-

2368 2673 2530 2718 nosa
2565 2661 2665 2717 est
2710 2670 2786 2715 ac
2829 2652 3057 2716 noxia:
3105 2648 3629 2717 commodissima
3665 2659 3806 2716 erat
3841 2651 4320 2717 mercatoribus

2367 2737 2733 2822 navigatio,
2812 2745 2957 2802 erat
3020 2737 3210 2801 etiam
3281 2737 3486 2802 bonae
3553 2738 3726 2820 parti
3793 2738 3981 2823 regni
4047 2737 4318 2801 firmum

2366 2822 2952 2907 propugnaculum.
3020 2822 3200 2906 Ergo
3236 2831 3313 2886 ut
3348 2845 3387 2888 a
3422 2824 3772 2907 praecipua
3794 2822 4031 2890 fiducia
4052 2822 4318 2889 deiiciat

2367 2910 2766 2994 Aegyptios,
2845 2928 3045 2991 aquas
3109 2910 3314 2973 vertit
3392 2911 3459 2973 in
3538 2908 3945 2993 sanguinem.
4055 2907 4314 2975 Deinde

2366 2996 2674 3080 quoniam
2740 3015 2907 3078 aqua
2973 2995 3252 3060 alterum
3318 3006 3417 3061 est
3482 3017 3564 3060 ex
3631 2995 3888 3062 duobus
3968 2994 4314 3062 elementis

2366 3083 2606 3166 quibus
2662 3088 2924 3148 constat
2978 3081 3321 3147 homiuum
3387 3082 3555 3147 vita:
3622 3082 3831 3148 altera
3897 3082 4069 3149 vitae
4125 3090 4313 3165 parte

2364 3168 2734 3253 Aegyptios
2777 3166 3093 3252 spolians,
3150 3168 3394 3250 optimo
3453 3168 3837 3252 compendio
3881 3188 4039 3232 usus
4083 3176 4183 3232 est
4227 3167 4311 3233 ad

2364 3252 2838 3319 humiliandam
2884 3273 3109 3319 eorum
3152 3254 3493 3333 ferociam,
3547 3254 3675 3321 nisi
3719 3275 3984 3338 prorsus
4026 3252 4310 3319 fuissent

2361 3337 2825 3407 intractabiles.
2932 3340 3205 3408 Poterat
3280 3338 3542 3423 quidem
3608 3341 3742 3407 solo
3819 3341 3981 3405 flatu
4061 3340 4309 3406 siccare

2363 3450 2593 3494 omnes
2635 3448 2952 3510 aquarum
2998 3426 3462 3512 scaturigines,
3520 3435 3586 3493 et
3630 3425 3934 3494 ariditate
3988 3426 4307 3493 conficere

2362 3523 2567 3580 totam
2606 3523 2899 3598 gentem:
2936 3511 3050 3579 sed
3086 3513 3210 3580 hoc
3246 3534 3400 3579 casu
3438 3514 3545 3579 vel
3580 3513 3969 3579 naturaliter
3994 3510 4308 3578 accidisse

2362 3601 2562 3685 vulgo
2605 3599 2836 3664 fuisset
2875 3598 3216 3677 creditum,
3257 3598 3531 3683 ideoque
3566 3597 3901 3665 obscurius
3937 3596 4119 3682 prodi
4172 3598 4305 3663 ’um

2362 3685 2624 3766 fuisset,
2685 3707 2759 3751 ac
2819 3697 3158 3768 praeterea
3219 3684 3394 3750 viam
3453 3683 3798 3752 clausisset
3854 3683 4021 3750 aliis.
4179 3685 4307 3750 atis

2361 3771 2566 3855 igitur
2629 3770 2755 3836 fuit
2821 3772 3072 3837 obiecto
3129 3771 3360 3836 mortis
3414 3777 3662 3837 terrore
3718 3769 3798 3835 ad
3861 3771 3987 3836 Dei
4053 3779 4305 3836 metum

2360 3857 2556 3936 flecti,
2601 3857 2730 3923 nisi
2775 3856 3116 3940 desperata
3159 3857 3391 3922 fuisset
3423 3858 3657 3923 rabies.
3725 3856 4000 3922 Praeter
4039 3858 4307 3937 flumen,

2361 3944 2539 4009 rivos
2597 3952 2660 4007 et
2715 3950 2952 4028 stagna
3007 3951 3074 4008 et
3126 3942 3571 4009 collectionem
3632 3964 3949 4026 aquarum
4010 3950 4308 4010 recenset

2361 4029 2609 4094 Moses:
2645 4028 2805 4111 ⁴quia
2851 4050 2969 4113 per
3004 4027 3293 4095 diversos
3327 4029 3516 4113 regni
3559 4036 3808 4094 tractus
3854 4038 3985 4092 tam
4031 4029 4307 4094 artificio

2360 4133 2558 4198 quam
2604 4125 2844 4180 natura
2886 4114 3082 4180 Nilus
3123 4115 3216 4181 sic
3274 4114 3550 4181 diffusus
3607 4123 3750 4180 erat
3810 4125 3884 4179 ut
3935 4114 4118 4179 nulla
4169 4114 4306 4181 fere

2359 4201 2538 4285 regio
2618 4209 2805 4265 tanta
2870 4222 3072 4285 aquae
3135 4202 3326 4286 copia
3389 4202 3628 4284 ubique
3706 4200 4036 4265 afflueret:
4119 4202 4307 4285 quasi

2361 4287 2609 4353 diceret
2653 4287 2870 4368 Deus,
2914 4286 3081 4352 nihil
3128 4288 3309 4353 vobis
3353 4286 3647 4371 proderit
3688 4286 4123 4371 largissimam
4171 4287 4307 4351 vim

2359 4394 2676 4456 aquarum
2734 4385 2993 4456 praesto
3053 4374 3234 4440 vobis
3292 4394 3466 4439 esse:
3529 4374 3680 4456 quia
3737 4371 4008 4456 perinde
4067 4373 4306 4439 sitietis

2359 4481 2434 4526 ac
2480 4461 2534 4524 si
2580 4459 2773 4524 Nilus
2829 4458 2970 4543 ipse
3028 4469 3459 4526 exaresceret.
3547 4455 3708 4524 Ideo
3767 4456 4091 4542 adiungit:
4137 4460 4302 4524 Tam

2355 4544 2428 4610 in
2471 4545 2672 4629 lignis
2716 4565 2910 4627 quam
2955 4544 3024 4609 in
3069 4543 3427 4629 lapidibus,
3484 4545 3866 4630 significans
3920 4564 4303 4628 quocunque

2358 4653 2600 4716 genere
2644 4649 2955 4696 vasorum
3000 4631 3346 4710 hauriant,
3395 4630 3560 4697 nihil
3607 4643 3864 4714 praeter
3907 4632 4302 4715 sanguinem

2354 4726 2752 4801 reperturos.
3441 4721 3452 4734 '

2528 4803 2632 4869 20.
2679 4801 2770 4867 Et
2818 4803 2907 4867 ita
2962 4802 3239 4885 fecerunt
3284 4801 3493 4869 Moses
3545 4808 3601 4869 et
3642 4801 3925 4868 Abaton.
4014 4803 4305 4886 Repetit,
4413 4843 4420 4848 ·

2354 4900 2598 4955 eventu
2645 4889 2844 4955 fuisse
2889 4888 3268 4971 probatum,
3313 4887 3482 4972 quod
3524 4890 3814 4954 minatus
3860 4888 4076 4954 fuerat
4120 4890 4302 4957 Deus

2354 4976 2434 5040 de
2479 4975 2924 5041 internecione
2966 4973 3277 5057 piscium,
3319 4983 3382 5040 et
3426 4976 3672 5040 foetore
3715 4974 3877 5040 Nili:
3937 4982 4011 5039 ut
4054 4977 4299 5042 crimen

2355 5061 2532 5146 regis
2578 5082 2746 5145 exag
2792 5069 2963 5140 eret,
3009 5060 3120 5142 qui
3164 5060 3513 5146 multiplici
3558 5060 3682 5125 Dei
3735 5059 4026 5144 potentia
4085 5070 4299 5127 tactus

2355 5169 2487 5212 non
2524 5148 2666 5212 fuit.
2803 5167 3131 5229 uanquam
3171 5146 3367 5212 simul
3404 5145 3704 5231 adiungit
3739 5148 3878 5212 eius
3901 5146 4301 5214 consiliarios

2354 5233 2560 5299 fuisse
2596 5241 2815 5299 testes.
2882 5231 3077 5298 Unde
3112 5233 3429 5298 coniicere
3463 5233 3635 5311 licet,
3662 5231 3941 5298 eundem
3965 5241 4300 5315 stuporem

2355 5319 2423 5384 in
2451 5329 2585 5384 tota
2620 5318 2772 5384 aula
2808 5318 3009 5385 fuisse
3043 5329 3434 5403 grassatum.
3497 5317 3756 5401 Operae
3781 5317 4061 5403 pretium
4099 5320 4300 5384 etiam

2355 5404 2483 5471 fuit
2546 5426 2676 5470 non
2742 5404 2934 5469 modo
3013 5415 3148 5470 tam
3227 5405 3646 5471 memorabile
3725 5404 3976 5471 facinus
4055 5405 4300 5487 passim
