4867 6150
582 406 711 472 623

581 597 774 684 quale
820 593 1022 663 Stoici
1070 595 1436 660 finxerunt:
1531 594 1640 659 uia
1683 592 1860 659 aliud
1906 599 2042 673 est,
2086 612 2253 676 quae
2298 613 2415 677 per
2461 612 2532 658 se

582 683 904 752 inclinant
959 681 1027 746 in
1091 681 1310 748 varios
1368 686 1436 745 et
1539 680 1719 746 ubios
1763 688 2043 746 eventus
2089 679 2284 764 dirigi
2329 699 2535 744 manu

581 770 714 837 Dei
773 786 1156 852 quocunque
1212 765 1528 845 voluerit,
1601 763 1775 831 aliud
1837 786 2022 846 vero,
2077 764 2532 831 nenessitatem

584 853 909 924 dominari
966 872 1050 918 ex
1103 861 1421 936 perpetuo
1477 871 1823 918 causarum
1881 850 2258 935 complexu,
2335 849 2535 933 idque

583 941 730 1009 Deo
800 938 1212 1007 connivente.
1314 937 1460 1003 Imo
1537 936 1706 1003 nihil
1778 938 1988 1023 magis
2045 935 2377 1002 diversum
2435 942 2537 1003 εει

586 1048 782 1114 quam
837 1025 1055 1092 Deum
1115 1022 1290 1089 trahi
1344 1031 1410 1089 ει
1465 1022 1611 1107 rapi
1667 1023 1854 1089 fatali
1914 1032 2126 1102 motu,
2194 1031 2262 1088 et
2311 1022 2537 1088 omnia

585 1120 783 1199 prout
848 1112 1066 1177 visum
1126 1120 1228 1176 est
1286 1117 1672 1191 temperare.
1774 1109 1998 1176 Altius
2055 1109 2164 1174 hic
2223 1129 2372 1175 cum
2418 1106 2532 1173 Iu·

586 1199 765 1267 daeis
810 1195 1261 1282 philosophari
1304 1195 1474 1281 nihil
1516 1197 1785 1273 attinet,
1832 1216 1964 1261 non
2009 1195 2170 1260 alios
2214 1192 2406 1261 obiici
2452 1191 2538 1258 ad

584 1294 863 1353 mortem
929 1282 1055 1347 nisi
1116 1282 1189 1347 in
1252 1280 1490 1366 quibus
1554 1280 1742 1348 Deus
1804 1280 2204 1348 occasionem
2271 1280 2534 1364 reperit.

588 1371 862 1440 Certum
915 1368 1179 1452 quidem
1236 1376 1336 1433 est
1382 1368 1526 1434 Deo
1570 1388 1829 1452 semper
1872 1374 2174 1434 constare
2216 1366 2537 1450 optimam

584 1455 841 1527 consilii
900 1458 1002 1522 sui
1061 1455 1417 1520 rationem:
1472 1452 1585 1520 sed
1645 1452 1800 1520 inde
1859 1473 2204 1536 perperam
2263 1450 2536 1517 eliciunt

587 1564 761 1611 noxa
794 1540 1014 1627 aliqua
1049 1561 1191 1606 esse
1225 1539 1578 1623 implicitos
1612 1539 1723 1624 qui
1747 1539 1891 1605 Deo
1926 1537 2089 1604 duce
2132 1535 2215 1603 ad
2256 1547 2533 1603 mortem

587 1637 964 1699 occurrunt.
1052 1625 1192 1694 Neo
1252 1645 1409 1691 vero
1465 1624 1524 1692 si
1566 1624 1750 1692 Deus
1808 1625 2142 1691 hominem
2185 1623 2534 1689 innoxium

587 1717 777 1784 tollat
835 1736 871 1780 e
913 1711 1155 1790 medio,
1212 1713 1312 1777 fas
1354 1719 1457 1778 est
1499 1713 1905 1796 obstrepere,
1949 1731 2026 1778 ao
2069 1710 2124 1776 si
2169 1709 2352 1775 nulla
2394 1709 2535 1775 eius

588 1809 763 1870 esset
800 1798 1074 1878 iustitia,
1110 1797 1264 1881 quia
1297 1797 1487 1866 nobis
1522 1796 1903 1864 abscondita
1937 1803 2056 1877 εει,
2100 1804 2298 1880 atque
2335 1795 2535 1860 etiam

585 1882 1282 1971 incomprehensibilis.

761 1973 862 2039 14.
920 1970 1037 2037 Sin
1100 1990 1239 2035 vero
1291 1969 1651 2038 insultando
1702 1989 1769 2036 se
1825 1967 2130 2035 extulerit.
2167 2026 2179 2037 .
2234 1966 2539 2032 Diversis

583 2059 796 2128 modis
853 2078 990 2124 rem
1050 2077 1250 2122 unam
1296 2055 1642 2141 exprimit:
1700 2055 1821 2123 etsi
1864 2055 2041 2120 enim
2086 2051 2427 2139 superbire
2471 2063 2539 2117 ει

582 2145 881 2215 insidiari
923 2143 1117 2228 longe
1161 2141 1490 2222 differunt,
1537 2148 1888 2225 utrumque
1933 2148 2154 2207 tamen
2191 2140 2409 2205 Moses
2454 2136 2539 2204 ad

581 2231 847 2301 caedem
905 2228 1340 2297 voluntariam
1391 2226 1863 2294 accommodat:
1908 2226 2061 2311 quia
2103 2246 2223 2310 per
2267 2221 2537 2291 insidias

584 2317 895 2402 intelligit
971 2336 1249 2400 pravum
1329 2312 1610 2381 nocendi
1688 2314 2034 2380 affectum:
2114 2308 2538 2395 superbiendi

584 2413 806 2472 autem
846 2420 1004 2468 voce
1040 2399 1307 2465 denotat
1341 2400 1707 2465 violentum
1741 2398 2087 2476 insultum,
2129 2396 2239 2464 ubi
2275 2417 2346 2461 se
2387 2396 2536 2463 odio

584 2490 736 2575 quis
778 2489 851 2554 in
897 2487 1100 2552 alium
1143 2485 1519 2570 petulanter
1562 2485 1772 2551 effert.
1839 2484 1931 2551 Et
1974 2492 2152 2550 certe
2197 2481 2533 2549 truculen-

585 2577 685 2642 tia
742 2584 809 2640 et
869 2573 1002 2649 vie,
1060 2583 1127 2637 et
1185 2571 1515 2655 quaelibet
1569 2570 1851 2637 saevitia
1894 2568 2172 2654 superba
2217 2579 2334 2645 est,
2382 2567 2538 2652 quia

588 2662 719 2728 nisi
772 2659 919 2744 quis
976 2659 1247 2725 fratrem
1306 2678 1499 2723 suum
1556 2655 1954 2742 despiceret,
2015 2676 2144 2722 non
2202 2654 2537 2720 hostiliter

586 2744 1072 2833 aggrederetur.
1154 2742 1298 2809 Iam
1346 2764 1427 2809 ne
1483 2741 1790 2809 caedibus
1834 2741 2050 2808 dando
2093 2742 2358 2807 veniam
2404 2754 2536 2805 ter·

586 2855 728 2900 ram
766 2829 1078 2915 polluant,
1118 2828 1302 2894 iubet
1325 2828 1508 2896 Deus
1542 2828 1625 2895 ab
1660 2828 1852 2894 altari
1887 2848 2143 2912 quoque
2176 2847 2298 2893 suo
2340 2824 2538 2893 avelli

584 2915 982 2985 homicidas:
1018 2915 1251 2999 quibus
1292 2914 1507 2983 verbis
1542 2915 1870 3001 significat
1904 2922 2040 2980 tam
2078 2912 2302 2979 divino
2384 2932 2537 2977 uam

584 3004 877 3073 humano
941 3000 1189 3068 auxilio
1252 3021 1399 3068 esse
1460 3000 1784 3087 indignos.
1886 2999 2061 3067 Nam
2126 2998 2253 3065 etsi
2311 3019 2349 3064 a
2375 2999 2537 3064 taris

587 3092 903 3158 sanctitas
946 3088 1028 3156 ad
1073 3109 1184 3156 eos
1228 3089 1340 3172 qui
1384 3109 1502 3172 per
1543 3088 2055 3171 imprudentiam
2101 3085 2205 3152 vel
2246 3106 2537 3152 errorem

589 3177 998 3261 deliquerant
1051 3173 1484 3260 protegendos
1544 3174 1802 3259 asylum
1848 3194 1992 3241 esse
2034 3171 2279 3258 potuit,
2333 3171 2535 3239 scele-

587 3283 739 3330 rum
777 3271 997 3328 tamen
1032 3260 1394 3345 impunitas
1429 3258 1581 3325 inde
1619 3260 1786 3326 male
1829 3267 2091 3343 captata
2133 3267 2339 3326 esset:
2385 3257 2540 3340 quia

589 3349 717 3416 hoc
770 3347 963 3414 modo
1021 3367 1413 3413 conversum
1468 3346 1701 3413 fuisset
1757 3346 2204 3413 sanctuarium
2261 3345 2330 3409 in
2389 3364 2538 3427 spe-

587 3434 857 3501 luncam
912 3434 1275 3510 latronum,
1337 3443 1403 3497 et
1461 3431 1688 3498 foedae
1746 3430 2189 3516 profanationi
2245 3429 2539 3496 subiecta

590 3522 822 3587 fuisset
876 3518 1123 3603 religio.
1214 3516 1543 3600 Quamvis
1586 3539 1745 3602 ergo
1801 3517 2104 3585 scelerati
2147 3516 2354 3583 altare
2375 3536 2540 3582 ›am-

592 3607 768 3691 plexi
827 3626 1017 3691 opem
1064 3604 1189 3670 Dei
1241 3603 1628 3688 implorent,
1682 3604 1862 3670 iubet
1920 3603 2028 3670 lex
2083 3622 2196 3669 eos
2248 3601 2401 3668 inde
2456 3599 2539 3666 ad

589 3712 872 3778 poenam
924 3690 1100 3775 rapi,
1157 3691 1309 3773 quia
1353 3688 1699 3774 indiguum
1745 3692 1833 3756 sit
1875 3711 2059 3757 sacro
2104 3689 2231 3754 Dei
2274 3689 2539 3754 nomine

592 3778 676 3844 ad
735 3776 1046 3862 peccandi
1105 3775 1435 3842 licentiam
1496 3775 1699 3843 abuti.
1789 3776 1984 3844 Unde
2028 3788 2300 3860 apparet
2342 3795 2540 3857 quam

588 3864 790 3932 stulte
827 3863 980 3930 olim
1027 3862 1277 3947 templa
1317 3863 1538 3927 ornari
1629 3863 1897 3941 utarint‚
1949 3883 2150 3944 quum
2196 3861 2383 3945 asyla
2424 3861 2539 3925 fie-

589 3959 737 4017 rent
791 3947 1088 4017 fovendis
1142 3946 1497 4014 maleficiis.
1644 3969 1757 4013 um
1805 3956 1944 4014 tum
2000 3947 2065 4013 id
2111 3947 2369 4031 quidem
2416 3946 2545 4012 fuit

588 4061 675 4104 ex
730 4042 995 4120 recepto
1053 4034 1346 4120 gentium
1408 4056 1617 4113 more,
1678 4057 1748 4100 se
1852 4034 2039 4099 fatua
2082 4033 2540 4112 aemulatione,

589 4143 793 4207 quum
837 4122 1053 4188 Deum
1112 4119 1305 4187 idolis
1363 4121 1432 4184 in
1492 4118 1862 4186 adulterino
1919 4119 2102 4187 cultu
2158 4120 2538 4186 miscerent:

588 4227 968 4292 quanquam
1025 4205 1203 4273 idola
1258 4227 1380 4271 sua
1436 4207 1683 4273 castius
1743 4216 1806 4271 et
1866 4207 2091 4289 purius
2150 4205 2426 4289 gentiles
2470 4207 2537 4273 in

591 4295 715 4361 hac
770 4305 951 4378 parte
1006 4313 1204 4377 qnam
1262 4291 1625 4359 Christiani
1682 4291 1900 4358 Deum
1957 4292 2319 4358 coluerunt.
2401 4292 2537 4357 Im-

589 4381 732 4464 pios
777 4379 953 4445 enim
997 4392 1059 4445 et
1107 4378 1460 4463 sacrilegos
1503 4388 1570 4443 et
1613 4379 1904 4460 impuros
1949 4398 1988 4442 a
2030 4379 2174 4444 iure
2219 4378 2389 4463 asyli
2433 4399 2539 4444 ar-

585 4465 856 4544 cebant,
912 4477 988 4531 ut
1046 4486 1129 4530 ne
1173 4465 1364 4532 Persi
1404 4464 1666 4548 quidem
1715 4464 1854 4549 regi
1898 4462 2333 4530 Macedonum
2376 4465 2537 4531 late-

589 4551 712 4617 bra
752 4552 823 4616 in
867 4550 1107 4634 templo
1154 4550 1662 4617 Samothracum
1710 4559 1851 4614 tuta
1894 4548 2116 4615 fuerit.
2192 4548 2341 4615 Vox
2387 4573 2538 4635 pro-

588 4639 727 4703 fani
787 4636 1069 4703 hominis
1131 4639 1411 4704 refertur
1469 4636 1639 4720 apud
1687 4636 1993 4702 Livium:
2053 4634 2279 4717 Quum
2325 4638 2541 4705 omnis

588 4724 905 4808 praefatio
963 4744 1296 4789 sacrorum
1341 4745 1450 4790 eos
1495 4723 1731 4807 quibus
1777 4744 1907 4788 non
1953 4732 2109 4789 sunt
2153 4742 2356 4805 purae
2402 4744 2541 4790 ma-

589 4833 717 4876 nus
754 4809 957 4876 sacris
993 4821 1228 4889 arceat,
1275 4832 1390 4876 vos
1435 4809 1800 4893 penetralia
1847 4817 2070 4874 vestra
2112 4810 2544 4877 contaminari

589 4909 862 4963 cruento
921 4896 1197 4961 latronis
1250 4916 1520 4980 corpore
1565 4894 1848 4962 sinetis?
1916 4894 2177 4959 Pudeat
2218 4916 2374 4980 ergo
2421 4917 2542 4964 nos

592 4981 1038 5049 venerationis
1086 4991 1428 5063 praetextu
1473 4982 1717 5065 templa
1760 4979 2071 5065 polluere.

768 5068 868 5133 18.
934 5068 1107 5150 Quod
1165 5069 1225 5134 si
1281 5068 1500 5134 rixati.
1591 5067 1720 5134 Hic
1773 5067 2156 5134 verberibus
2214 5079 2279 5132 ει
2329 5069 2544 5154 plagis

592 5155 907 5220 statuitur
964 5154 1127 5218 levis
1189 5173 1426 5238 poena,
1485 5163 1550 5218 et
1609 5175 1776 5236 quae
1819 5152 2305 5219 irritamentum
2352 5164 2541 5238 petu-

595 5240 840 5306 lantiae
897 5240 1210 5324 improbis
1268 5261 1411 5305 esse
1472 5240 1702 5322 potuit.
1792 5237 2015 5320 Quum
2060 5238 2402 5305 duodecim
2452 5250 2544 5305 ta-

597 5325 789 5392 bulae
848 5328 1159 5393 iniustam
1215 5325 1651 5410 pulsationem
1711 5325 2231 5410 vigintiquinque
2287 5327 2541 5394 assibus

2053 402 2440 471 SEXTUM
2483 403 3136 474 PRAECEPTUM.

4445 406 4559 472 624

2636 594 3063 673 mulctarent,
3127 603 3425 680 repertus
3480 601 3581 661 est
3639 594 3891 661 Lucius
3945 592 4210 678 quidam
4264 595 4557 680 Neratius,

2637 678 2752 762 qui
2819 679 3037 746 lusum
3104 701 3190 747 ex
3248 680 3587 764 protervia
3644 681 3923 759 faciens,
3999 680 4307 766 colaphos
4374 683 4559 753 obviis

2637 763 3129 850 quibuscunque
3172 767 3471 853 infligere
3516 787 3651 832 non
3698 765 4039 833 dubitabat
4054 817 4071 845 ‚
4127 787 4283 833 mox
4322 767 4561 837 iubebat
4596 801 4601 805 ·

2637 871 2817 918 asses
2871 853 3204 918 numerari
3262 873 3302 918 a
3357 873 3581 920 servo:
3655 860 3728 918 ut
3788 851 4052 917 tandem
4108 853 4315 919 satius
4370 855 4561 922 visum

2637 937 2839 1003 fuerit
2878 938 2940 1004 le
2988 960 3094 1003 em
3137 938 3540 1006 obsolescere
3585 959 3781 1021 quam
3825 958 3968 1004 esse
4011 937 4313 1005 ludibrio.
4396 938 4564 1009 Idem

2637 1044 2679 1089 a
2723 1023 2813 1089 ud
2856 1022 2936 1090 Iu
2983 1045 3131 1092 aeos
3177 1024 3364 1092 facile
3401 1025 3781 1109 contingere
3825 1024 4067 1106 potuit,
4123 1024 4239 1090 ubi
4281 1025 4394 1108 qui
4430 1047 4567 1111 pro-

2638 1130 2893 1175 ximum
2933 1109 3042 1195 pla
3093 1112 3106 1125 ‘
3181 1110 3509 1178 afflixerat
3545 1123 3618 1176 ut
3652 1110 3721 1176 in
3756 1110 3922 1176 lecto
3957 1109 4392 1190 decumberet,
4433 1122 4567 1178 tan-

2641 1204 2783 1261 tum
2859 1196 3044 1264 solve
3089 1204 3157 1262 at
3210 1197 3378 1281 quod
3439 1197 3639 1263 miser
3691 1196 4103 1279 impenderat
4154 1198 4407 1282 corpori
4461 1219 4569 1266 suo

2639 1279 2952 1348 curando.
3041 1281 3209 1364 Quis
3266 1282 3444 1349 enim
3504 1282 3625 1349 hac
3670 1280 3969 1349 mercede
4013 1303 4150 1348 non
4195 1283 4468 1350 libenter
4503 1306 4570 1349 se

2640 1367 2925 1435 oblectet
2980 1367 3472 1462 prosternendis
3529 1368 3844 1448 inimicis,
3902 1377 3976 1433 ut
4032 1389 4143 1435 eos
4186 1369 4470 1436 iacentes
4506 1371 4569 1437 in

2638 1453 2811 1521 lecto
2854 1453 3034 1520 alat?
3080 1454 3216 1522 Sed
3263 1454 3549 1520 tenenda
3592 1464 3692 1520 est
3736 1453 3988 1522 Christi
4032 1455 4381 1535 sententia,
4424 1477 4570 1539 quo·

2639 1539 2819 1605 niam
2885 1540 3249 1624 praefracto
3313 1551 3505 1607 erant
3569 1541 3834 1622 ingenio
3873 1538 4138 1620 Iudaei,
4205 1539 4415 1607 multa
4453 1541 4573 1608 illis

2641 1633 2906 1710 propter
2941 1624 3250 1693 duritiem
3286 1647 3593 1694 concessa
3630 1646 3794 1705 esse,
3841 1627 3910 1691 in
3954 1626 4191 1707 quibus
4235 1648 4573 1693 numerau-

2641 1710 2726 1779 da
2761 1720 2861 1778 est
2906 1712 3068 1781 haec
3110 1712 3526 1798 indulgentia
3546 1711 3767 1798 (Matt.
3818 1711 3919 1791 19,
3968 1712 4005 1777 7
4031 1726 4096 1777 et
4119 1711 4306 1800 pan).
4360 1711 4573 1795 Quan-

2640 1818 2835 1882 quam
2876 1798 3137 1865 videtur
3171 1798 3508 1865 remissius
3536 1797 3749 1882 egisse
3772 1796 3957 1863 Deus
3992 1819 4138 1865 cum
4178 1819 4256 1864 eo
4299 1799 4406 1882 qui
4441 1820 4572 1882 per-

2640 1893 2965 1963 cusserat,
3028 1894 3105 1950 ut
3142 1884 3421 1950 alterum
3466 1884 3820 1967 castigaret
3862 1883 3976 1968 qui
4021 1885 4272 1952 viribus
4317 1884 4575 1950 debilior

2641 1981 2886 2036 temere
2923 1968 3345 2037 descenderat
3378 1972 3447 2036 in
3484 1978 3850 2038 certamen:
3896 1969 4087 2037 ambo
4127 1970 4308 2036 enim
4346 1971 4575 2055 pariter

2640 2056 2722 2123 ob
2763 2056 2893 2123 vim
2929 2056 3172 2122 iniuste
3207 2056 3457 2122 illatam
3500 2055 3834 2140 puniendi.
3901 2056 4132 2139 Aequa
4172 2057 4382 2141 igitur
4422 2057 4573 2122 utri·

2640 2163 2767 2225 que
2791 2142 2935 2208 fieri
2959 2141 3217 2209 videtur
3237 2142 3554 2221 remissio,
3597 2142 3752 2208 dum
3790 2162 4100 2226 percusso
4143 2142 4408 2226 privata
4449 2153 4576 2208 tan-

2641 2235 2785 2294 tum
2842 2228 3095 2295 iactura
3139 2237 3472 2312 pensatur.
3563 2225 3758 2310 Quod
3804 2235 4026 2293 autem
4067 2227 4247 2312 leges
4293 2228 4574 2313 politicas

2643 2315 2827 2381 Deus
2863 2315 2946 2381 ad
2982 2312 3253 2381 solidam
3287 2312 3754 2398 perfectionem
3803 2335 3932 2379 non
3976 2314 4217 2398 exegit,
4266 2314 4393 2381 hac
4431 2314 4573 2382 faci·

2641 2400 2824 2466 litate
2881 2421 3236 2486 coarguere
3294 2400 3505 2467 voluit
3558 2399 3783 2485 populi
3842 2400 4359 2480 contumaciam,
4425 2421 4574 2484 quae

2642 2508 2726 2552 ne
2765 2486 3103 2553 moderato
3146 2484 3405 2570 quidem
3451 2487 3582 2553 iuri
3624 2507 3856 2570 parere
3901 2485 4236 2552 sustinuit.
4321 2484 4576 2569 Quoties

2640 2592 2798 2657 ergo
2842 2572 3105 2639 videtur
3150 2573 3335 2638 Deus
3381 2573 3579 2640 nimis
3623 2571 3982 2638 clementer
4027 2582 4095 2637 et
4141 2571 4329 2639 lente
4372 2573 4575 2658 ignos-

2640 2679 2816 2737 cere,
2871 2658 3099 2725 veniat
3144 2658 3329 2725 nobis
3372 2657 3445 2724 in
3486 2666 3775 2724 mentem
3793 2707 3809 2735 ,
3855 2657 4071 2744 ipsum
4117 2656 4467 2725 deflexisse
4504 2657 4574 2725 ab

2638 2745 2887 2894 optima
2930 2745 3185 2830 regula,
3246 2744 3402 2828 quia
3444 2744 3782 2830 negotium
3830 2753 3972 2810 erat
4014 2763 4161 2808 cum
4208 2743 4577 2811 indomabili

2638 2852 2817 2916 popu
2842 2852 2900 2897 o.

2812 2917 2916 2983 20.
2969 2915 3138 2998 Quin
3178 2916 3570 2999 percusserit
3616 2935 3882 2982 servum.
3973 2914 4300 2998 Quamvis
4363 2936 4576 2983 secun·

2641 3003 2799 3069 dum
2840 3001 3134 3069 ordinem
3171 3001 3510 3087 politicum
3546 3001 3742 3088 longe
3779 3001 4089 3068 differant
4130 3002 4313 3069 servi
4355 3023 4397 3067 a
4434 3000 4576 3068 libe·

2640 3090 2768 3157 ris:
2836 3091 3018 3178 Deus
3083 3099 3307 3154 tamen
3363 3097 3440 3154 ιιι
3494 3086 3802 3154 ostendat
3851 3108 4071 3156 caram
4129 3095 4197 3154 et
4239 3088 4578 3173 pretiosam

2642 3177 2766 3243 sibi
2825 3197 2967 3242 esse
3021 3172 3365 3241 hominum
3422 3175 3662 3254 vitam,
3718 3195 4034 3259 personas
4088 3174 4158 3240 in
4216 3174 4418 3242 caede
4457 3194 4576 3240 non

2644 3261 2944 3346 respicit:
2999 3260 3112 3327 sed
3157 3260 3432 3344 perinde
3473 3259 3812 3327 ulciscitur
3852 3260 4033 3327 servi
4076 3269 4363 3327 mortem
4402 3268 4577 3345 atque

2641 3347 2931 3415 hominis
2967 3346 3174 3427 liberi,
3218 3348 3274 3414 si
3309 3345 3574 3430 quidem
3617 3368 3692 3413 re
3739 3355 3887 3413 ente
3932 3368 4017 3413 ex
4061 3346 4342 3414 vulnere
4386 3346 4577 3432 perie-

2641 3434 2749 3500 rit.
2819 3435 2908 3500 Et
2950 3453 3107 3499 sane
3150 3432 3433 3498 dominis
3474 3453 3595 3500 con
3717 3454 3826 3499 ere
3870 3441 4268 3518 potestatem
4312 3433 4485 3500 vitae
4521 3436 4579 3497 et

2643 3521 2846 3598 necis,
2891 3518 3200 3586 immanis
3235 3519 3360 3584 fuit
3392 3517 3724 3585 barbaries
3748 3518 3923 3603 apud
3943 3518 4285 3587 Romanos
4320 3529 4389 3586 et
4429 3517 4574 3583 alias

2690 3619 2907 3672 entes:
2954 3615 3021 3672 et
3054 3603 3381 3672 sanctiore
3426 3604 3691 3672 vinculo
3734 3604 3910 3670 inter
3952 3626 4023 3672 se
4061 3605 4399 3673 coniuncti
4439 3609 4576 3671 sunt

2695 3694 2947 3759 omines
3002 3711 3200 3775 quam
3252 3702 3326 3756 ut
3370 3688 3633 3756 domino
3675 3691 3871 3756 liceat
3916 3692 4227 3757 miserum
4276 3688 4575 3775 mancipi·

2645 3800 2755 3844 um
2815 3778 3082 3862 impune
3137 3778 3524 3843 interficere.
3614 3776 3845 3860 Neque
3886 3776 4065 3842 enim
4109 3776 4219 3844 alii
4269 3779 4365 3844 sie
4406 3796 4575 3861 prae·

2642 3876 2821 3932 sunt-
2844 3865 2991 3931 aliis
3034 3872 3108 3928 ut
3153 3862 3571 3947 tyrannidem
3618 3863 3721 3930 vel
3766 3862 4183 3930 latrocinium
4222 3869 4572 3938 exerceant.

2644 3973 2765 4018 nec
2824 3951 2963 4016 ulla
3027 3948 3196 4016 ratio
3256 3949 3506 4034 patitur
3577 3962 3647 4014 ut
3703 3950 3998 4032 privatus
4062 3950 4412 4033 quisquam
4482 3948 4571 4013 ius

2644 4036 2845 4122 gladii
2914 4035 3041 4103 sibi
3098 4035 3389 4118 arripiat.
3490 4035 3581 4101 Et
3635 4036 3936 4119 quamvis
3991 4034 4247 4120 legibus
4308 4032 4574 4100 romanis

2643 4145 2775 4188 non
2834 4122 3031 4188 fuerit
3081 4119 3185 4207 (ut
3226 4141 3349 4207 par
3393 4118 3561 4207 erat)
3600 4119 3886 4188 cohibita
3929 4121 4175 4188 iniusta
4219 4119 4573 4195 crudelitas,

2643 4208 2924 4275 confessi
2982 4217 3206 4272 tamen
3266 4217 3422 4274 sunt
3481 4206 3795 4272 utendum
3854 4207 4066 4273 servis
4111 4228 4255 4274 esse
4303 4218 4378 4274 ut
4420 4225 4571 4271 mer-

2643 4295 2944 4362 cenariis.
3033 4293 3287 4360 Verum
3348 4313 3516 4376 quae
3573 4314 3724 4359 mox
3782 4295 4080 4377 sequitur
4136 4293 4435 4378 exceptio
4490 4291 4571 4356 vi·

2644 4380 2836 4447 detur
2890 4401 3022 4445 non
3079 4379 3240 4446 satis
3298 4399 3688 4464 congruere,
3748 4381 3905 4463 quia
3960 4379 4017 4445 si
4074 4398 4310 4446 servus
4369 4376 4571 4463 paula·

2643 4466 2768 4532 tim
2827 4474 3123 4532 mortuus
3181 4464 3410 4545 fuerit,
3455 4464 3671 4532 caedis
3713 4486 3927 4549 poena
3970 4465 4364 4532 remittitur:
4409 4459 4568 4547 atqui

2644 4574 2840 4636 saepe
2874 4558 3241 4635 praestaret
3276 4572 3407 4617 uno
3441 4551 3718 4618 vulnere
3754 4552 3976 4617 statim
4012 4550 4357 4617 concidere
4398 4567 4569 4636 quam

2645 4639 2962 4706 diuturno
3014 4638 3336 4724 languore
3395 4638 3643 4705 confici.
3733 4636 4094 4723 Continget
4136 4658 4402 4704 servum
4443 4655 4569 4702 ver-

2646 4724 2910 4793 beribus
2966 4725 3059 4790 ita
3116 4724 3366 4790 conteri
3410 4736 3478 4789 et
3521 4723 3758 4808 affligi,
3803 4732 3879 4789 ιιι
3920 4723 4261 4808 aliquanto
4306 4733 4444 4807 post
4481 4720 4595 4785 in·-

2646 4822 2888 4878 tereat:
2949 4811 3060 4876 hic
3102 4819 3276 4876 certe
3306 4805 3599 4876 ‘deterior
3642 4818 3744 4875 est
3785 4809 3932 4875 heri
3976 4809 4256 4875 saevitia
4299 4829 4481 4894 quam
4516 4804 4568 4869 si

2646 4895 3023 4963 iracundiae
3054 4896 3309 4962 fervore
3347 4895 3426 4960 ad
3464 4895 3728 4962 caedem
3765 4895 4087 4979 impulsus
4121 4909 4311 4962 esset.
4371 4893 4568 4975 Quare

2648 4984 2910 5051 videtur
2964 4984 3067 5048 ius
3124 4982 3324 5048 nimis
3375 4981 3721 5065 inaequale
3776 4981 4010 5048 statui:
4067 4982 4182 5048 sed
4228 4979 4567 5048 notandum

2647 5080 2767 5147 est,
2814 5069 3080 5136 caedem
3116 5088 3342 5133 eorum
3387 5089 3731 5134 servorum
3765 5068 3874 5150 qui
3920 5089 4006 5134 ex
4049 5067 4263 5152 plagis
4308 5063 4567 5133 decubu-

2647 5165 2856 5237 erant,
2901 5175 3031 5220 non
3066 5153 3271 5221 fuisse
3306 5154 3717 5236 impunitam.
3776 5153 3971 5222 Unde
4009 5153 4339 5238 colligitur
4375 5149 4562 5216 saevis

2646 5250 2713 5307 et
2772 5240 3162 5308 truculentis
3207 5239 3492 5306 dominis
3540 5241 3809 5305 minime
3854 5241 4134 5306 liberum
4175 5239 4372 5305 fuisse
4411 5252 4561 5301 atro·

2647 5328 2813 5394 citer
2863 5325 3209 5393 vulnerare
3253 5348 3506 5394 servos:
3569 5326 3764 5409 idque
3810 5326 4047 5394 diserte
4092 5337 4327 5393 sonant
4370 5320 4561 5396 verba,
