4867 6150
361 430 484 497 253

361 620 559 704 eopia,
606 618 713 685 hie
752 630 971 684 tamen
1016 619 1202 685 nulla
1242 622 1317 686 fit
1359 622 1500 687 vini
1545 629 1615 688 et
1671 623 1794 688 olei
1826 623 2088 703 mentio,
2124 623 2296 690 sicut

360 706 503 772 aliis
547 704 740 783 loeis,
800 705 913 771 sed
961 717 1215 771 tantum
1261 707 1579 790 simplicis
1622 711 1851 788 victus,
1904 728 1980 774 ae
2021 710 2079 775 si
2123 709 2293 776 dice-

358 802 474 872 ret,
520 792 887 856 necessaria
932 792 1105 857 vitae
1150 792 1438 860 subsidia
1479 794 1611 860 illis
1657 817 1786 860 non
1834 794 2069 861 defore.

526 878 629 943 27.
680 878 1000 944 Terrorem
1017 898 1239 943 meum.
1285 878 1411 944 His
1447 881 1666 947 verbis
1701 879 1891 948 facile
1913 891 2090 963 patet
2124 902 2295 948 com·

357 964 649 1030 mendari
704 974 1049 1047 paternum
1098 964 1221 1029 Dei
1277 984 1561 1032 amorem
1613 987 1770 1050 erga
1813 966 2160 1051 populum,
2218 976 2294 1032 ut

355 1058 905 1134 praepararentur
959 1050 1162 1113 animi
1216 1049 1297 1115 ad
1354 1048 1764 1118 subeundum
1823 1054 2048 1137 iugum
2107 1053 2289 1137 legis.

354 1136 530 1220 Ergo
573 1156 701 1200 non
750 1148 886 1200 tam
931 1133 1037 1199 hic
1082 1136 1466 1217 proponitur
1510 1136 1640 1203 illis
1675 1160 1937 1215 merces,
1985 1139 2044 1203 si
2077 1138 2289 1222 legem

354 1223 476 1288 Dei
523 1221 866 1295 servarint,
919 1240 1114 1303 quam
1160 1221 1369 1305 pudor
1412 1223 1543 1288 illis
1586 1225 1904 1290 incutitur
1947 1226 2004 1289 si
2047 1225 2291 1308 ingrati

353 1309 595 1375 fuerint
636 1307 780 1371 Deo
823 1305 1171 1386 liberatori,
1222 1310 1332 1390 qui
1375 1317 1588 1374 terrae
1634 1312 1988 1392 promissae
2031 1310 2286 1376 fruitio·

352 1415 501 1459 nem
555 1393 755 1476 paulo
818 1402 962 1475 post
1019 1392 1149 1458 illis
1208 1393 1482 1460 daturus
1538 1408 1698 1462 erat.
1786 1397 1993 1462 Porro
2050 1396 2289 1463 dicitur

350 1478 533 1545 Deus
579 1490 892 1543 terrorem
960 1499 1148 1543 suum
1215 1480 1588 1560 immittere,
1652 1503 1853 1564 quum
1900 1504 2138 1548 arcano
2192 1482 2290 1547 in-

349 1566 593 1632 stinctu
639 1564 833 1629 eorda
877 1563 1214 1630 hominum
1261 1564 1573 1632 debilitat.
1664 1568 1854 1634 Unde
1902 1567 2286 1653 colligimus,

349 1659 481 1717 tam
529 1649 940 1717 formidinem
1000 1669 1197 1732 quam
1257 1651 1708 1717 fortitudinem
1763 1655 1833 1719 in
1888 1675 2089 1720 manu
2146 1654 2287 1719 eius

347 1759 506 1803 esse.
597 1736 803 1802 Cuius
859 1738 951 1800 rei
1006 1737 1073 1801 in
1132 1737 1434 1804 omnibus
1485 1738 1776 1805 historiis
1829 1748 2098 1805 exstant
2155 1761 2284 1804 non

346 1824 621 1889 obscura
663 1822 980 1905 exempla,
1026 1824 1081 1888 si
1125 1822 1317 1888 modo
1359 1823 1465 1889 ius
1508 1845 1699 1889 suum
1743 1824 2066 1891 obtineret
2099 1826 2285 1892 Deus

345 1909 514 1992 apud
576 1908 895 1972 homines.
1001 1906 1212 1991 Saepe
1269 1910 1604 1994 continget
1659 1909 1932 1976 fortium
1989 1912 2283 1977 virorum

343 1996 596 2060 animos
639 2013 878 2077 pavore
936 1994 1301 2070 concidere,
1357 2016 1620 2060 rursum
1667 1996 1939 2081 ignavos
1996 2006 2064 2062 et
2107 1997 2283 2063 timi-

345 2080 457 2147 dos
507 2100 849 2162 erumpere
893 2080 957 2144 in
1006 2079 1286 2145 subitam
1334 2081 1692 2146 audaciam.
1740 2081 1867 2149 Ubi
1911 2103 2107 2149 causa
2150 2102 2282 2148 non

340 2169 702 2250 reperitur,
779 2165 1035 2248 profani
1106 2166 1402 2231 homines
1477 2168 1557 2232 ad
1638 2188 1902 2234 caecum
1981 2169 2283 2234 fortunae

339 2253 689 2335 imperium
735 2250 1140 2333 confugiunt,
1190 2252 1290 2317 vel
1336 2274 1374 2316 a
1410 2252 1593 2317 Pane
1629 2266 1697 2318 et
1726 2253 1985 2338 Satyris
2021 2255 2284 2337 fingunt

339 2339 653 2405 attonitas
711 2336 896 2402 reddi
950 2347 1222 2403 mentes.
1310 2337 1448 2404 Nos
1507 2360 1663 2404 vero
1706 2339 2029 2406 diseamus
2071 2340 2166 2405 ita
2208 2340 2280 2405 in

338 2425 611 2490 arbitrio
638 2424 760 2488 Dei
792 2444 934 2488 esse
976 2424 1235 2488 flectere
1277 2423 1347 2488 in
1390 2434 1733 2507 utramque
1815 2436 2023 2491 artem
2069 2425 2279 2491 homi-

331 2532 493 2577 num
540 2510 752 2584 corda,
797 2521 870 2573 ut
915 2521 1046 2574 tam
1093 2509 1420 2575 animosos
1464 2521 1713 2576 terrore
1802 2512 2036 2588 eiiciat,
2081 2532 2278 2595 quam

332 2599 551 2680 erigat
593 2594 1059 2678 pusillanimes.
1129 2595 1234 2659 Ex
1268 2594 1391 2662 hoe
1426 2595 1566 2662 loco
1600 2609 1935 2680 sumptum
1971 2607 2072 2663 est
2105 2597 2278 2680 quod

332 2683 580 2767 legitur
602 2680 776 2746 Psal.
813 2680 918 2757 44,
953 2680 1027 2744 3:
1074 2682 1171 2745 'Pu
1209 2701 1411 2746 manu
1450 2692 1562 2747 tua
1584 2694 1815 2767 gentes
1838 2684 2168 2766 expulisti,
2210 2694 2277 2749 et

331 2768 648 2853 plantasti
691 2777 913 2849 patres
949 2777 1233 2832 nostros:
1279 2767 1433 2849 quia
1477 2789 1611 2834 non
1655 2769 1873 2854 gladio
1908 2790 2027 2835 suo
2062 2789 2279 2853 posse-

332 2854 578 2921 derunt
636 2866 914 2933 terram,
980 2862 1046 2917 et
1113 2852 1447 2919 brachium
1512 2875 1734 2920 eorum
1803 2854 2079 2921 salutem
2141 2875 2274 2920 non

331 2941 616 3009 contulit
672 2939 850 3023 ipsis.
947 2936 1127 3019 Quin
1184 2938 1380 3003 etiam
1437 2940 1673 3006 Rahab
1728 2961 1894 3024 quae
1951 2952 2018 3006 et
2065 2960 2274 3005 mere·

331 3035 466 3099 trix
521 3034 690 3106 erat,
757 3035 822 3090 et
865 3046 945 3090 ex
992 3032 1187 3109 gente
1222 3025 1576 3106 incredula,
1639 3027 1757 3094 hoc
1809 3036 2026 3094 tamen
2074 3047 2274 3111 agno·

329 3122 446 3198 vit,
496 3134 701 3203 quum
746 3111 990 3176 diceret
1030 3110 1579 3193 exploratoribus:
1635 3114 1826 3193 Ecce,
1886 3111 2273 3180 dissolutum

333 3221 433 3273 est,
476 3225 593 3272 cor
636 3209 961 3263 nostrum:
1010 3199 1162 3280 quia
1183 3197 1431 3263 Iehova
1454 3199 1637 3264 Deus
1682 3212 1917 3278 vester,
1954 3208 2056 3265 est
2091 3200 2277 3264 Deus

329 3296 395 3358 in
445 3288 650 3358 coelis
691 3304 973 3362 sursum,
1019 3295 1088 3348 et
1128 3284 1199 3347 in
1236 3295 1413 3349 terra
1456 3284 1756 3350 deorsum
1793 3283 2011 3371 (Iosue
2045 3285 2106 3363 2,
2147 3283 2274 3372 11).

329 3379 480 3445 Non
532 3371 841 3458 exprimit
883 3368 1142 3452 quidem
1189 3370 1359 3454 quod
1400 3370 1508 3435 hie
1552 3369 1885 3450 habemus,
1945 3371 2278 3454 perculsos

329 3465 540 3530 fuisse
585 3458 903 3526 divinitus
946 3455 1264 3521 intestina
1304 3456 1670 3534 formidine,
1716 3457 1833 3524 sed
1873 3458 2082 3524 solum
2121 3457 2279 3523 dicit

329 3570 654 3634 pavorem
720 3565 800 3608 ex
863 3562 1060 3607 sensu
1125 3543 1452 3626 potentiae
1498 3543 1624 3608 Dei
1688 3543 1949 3621 venire,
2014 3562 2275 3610 causam

328 3645 563 3702 tamen
608 3655 725 3700 eur
768 3630 861 3695 ita
905 3637 1192 3692 tremant
1234 3648 1364 3693 non
1410 3649 1552 3694 esse
1617 3629 1974 3695 humanam
2017 3630 2275 3695 fatetur.

331 3723 558 3788 Altius
604 3715 978 3786 conscendit
1011 3715 1246 3793 Moses,
1292 3712 1507 3780 Deum
1555 3736 1683 3780 non
1731 3723 1983 3781 tantum
2028 3715 2277 3781 obiecto

330 3818 617 3874 externo
673 3814 922 3870 terrore
977 3800 1204 3884 fugare
1262 3800 1364 3866 vel
1429 3802 1776 3884 profligare
1841 3800 2061 3867 hostes
2108 3822 2276 3880 suos,

331 3893 447 3960 sed
493 3895 679 3958 intus
723 3910 975 3973 quoque
1018 3886 1270 3968 operari
1310 3886 1378 3951 in
1423 3906 1647 3952 eorum
1695 3886 1949 3964 animis,
2017 3892 2094 3951 ut
2135 3895 2279 3951 tur-

329 3979 471 4046 bati
520 3977 1126 4056 tumultuantesque
1185 3971 1563 4055 diffugiant:
1619 3972 1815 4038 sicuti
1858 3971 2152 4056 sequitur
2205 3971 2278 4037 in

328 4067 468 4131 fine
491 4082 757 4131 versus:
803 4061 993 4126 Dabo
1038 4079 1150 4124 eos
1185 4070 1473 4140 tergum:
1518 4078 1593 4124 ae
1627 4059 1684 4124 si
1728 4057 1989 4136 diceret,
2036 4078 2107 4125 se
2144 4058 2277 4126 fac·

325 4165 558 4217 turum
598 4160 674 4214 nt
711 4170 859 4213 mox
897 4158 1085 4228 terga
1119 4153 1384 4209 vertant
1419 4145 1529 4227 qui
1566 4165 1649 4209 ne
1683 4152 2102 4229 conspectum
2141 4143 2280 4228 qui-

323 4239 476 4304 dem
520 4234 740 4320 populi
778 4231 1215 4299 sustinebunt.

504 4322 613 4388 28.
653 4319 907 4386 Mittam
939 4315 1309 4382 crabronem.
1381 4313 1705 4396 Quamvis
1733 4314 1816 4380 ad
1852 4316 2075 4399 fugam
2111 4314 2275 4380 satis

320 4409 588 4474 valeret
630 4426 861 4472 caecus
902 4403 1014 4468 ille
1059 4412 1270 4467 terror
1316 4402 1500 4467 cuius
1536 4402 1850 4482 meminit,
1895 4400 2020 4467 sibi
2056 4409 2278 4466 tamen

320 4495 406 4560 ad
457 4513 730 4559 manum
777 4500 1033 4575 praesto
1074 4490 1210 4554 fore
1252 4488 1416 4553 alias
1458 4508 1712 4570 quoque
1770 4487 2056 4553 rat-iones
2099 4486 2277 4566 dicit,

319 4582 572 4664 quibus
615 4578 835 4643 hostes
874 4575 1128 4659 abigat,
1184 4573 1328 4638 sine
1382 4573 1515 4638 ullo
1559 4573 1964 4652 discrimine,
2023 4581 2093 4638 et
2133 4572 2278 4638 sine

319 4685 580 4749 magna
621 4662 920 4729 molestia
978 4658 1219 4745 populi.
1316 4660 1545 4743 Neque
1599 4668 1819 4724 tamen
1873 4680 1945 4725 se
2001 4678 2275 4744 magnos

317 4752 700 4826 bellatores,
745 4758 812 4814 et
867 4746 1116 4814 validos
1164 4746 1518 4811 missurum
1564 4744 1933 4823 denunciat,
1978 4743 2091 4810 sed
2139 4754 2276 4814 tan·

321 4847 471 4902 tum
521 4855 781 4901 muscas
825 4845 894 4900 et
936 4833 1303 4899 crabrones.
1392 4834 1491 4898 Ae
1549 4833 1605 4896 si
1663 4828 1935 4909 diceret,
1993 4851 2276 4914 eousque

317 4922 554 4989 Deum
610 4919 849 5006 populo
903 4940 1024 4986 suo
1077 4917 1216 4983 fore
1274 4917 1630 5003 propitium
1673 4926 1749 4982 ut
1788 4916 2063 4982 minima
2117 4935 2273 5000 quo-

316 5031 450 5092 que
520 5007 914 5074 animalcula
978 5007 1263 5070 instruat
1318 5012 1388 5069 et
1443 5012 1655 5069 armet
1711 5002 1794 5069 ad
1839 5000 2278 5085 dispellendos

314 5096 504 5161 illius
549 5092 786 5159 hostes.
840 5090 947 5157 Ita
981 5090 1259 5157 facilitas
1298 5090 1611 5157 victoriae
1651 5099 2078 5154 monstratur:
2124 5088 2279 5172 quia

315 5180 738 5247 cessantibus
794 5178 1062 5263 gladiis,
1135 5175 1256 5242 soli
1314 5175 1662 5243 crabrones
1723 5174 2151 5260 profligandis
2208 5173 2279 5239 et

313 5264 851 5334 exterminandis
896 5262 1189 5330 hostibus
1231 5263 1577 5328 sufficient.
1664 5261 1871 5348 Addit
1909 5273 2127 5326 tamen
2165 5280 2276 5325 ex-

315 5354 730 5438 ceptionem,
802 5371 889 5416 ne
952 5356 1314 5435 querantur
1367 5348 1707 5415 Israelitae
1771 5348 1830 5413 si
1895 5355 2072 5414 terra
2119 5366 2275 5412 mox

1809 434 2344 503 PRAEFATIO
2389 436 2491 501 IN
2532 436 2886 502 LEGEM.

4217 435 4349 502 254

2401 645 2610 691 vacua
2661 633 2728 691 et
2783 623 3115 691 veteribus
3173 623 3403 690 ineolis
3455 630 3733 707 purgata
3790 642 3918 687 non
3966 630 4215 706 pateat:
4274 632 4343 690 et

2399 710 2711 777 admonet
2767 711 2890 777 hoe
2946 708 3183 795 populo
3241 709 3382 775 fore
3438 708 3600 774 utile
3645 718 3715 773 ut-
3756 707 4070 792 paulatim
4116 707 4339 777 hostes

2398 806 2757 863 consumat.
2845 795 3167 878 Quamvis
3209 815 3365 879 ergo
3407 794 3620 878 primo
3663 794 3909 860 intuitu
3947 793 4151 859 videri
4187 814 4340 878 pos-

2396 892 2496 948 set
2531 883 2714 949 Deus
2757 881 2976 948 minus
3015 893 3347 964 praestare
3389 901 3584 964 quam
3628 880 3952 964 pollicitus
3995 878 4228 956 fuerat,
4273 889 4341 947 et

2395 968 2491 1033 ita
2526 967 2767 1052 aliquid
2814 989 2899 1033 ex
2942 988 3062 1034 sua
3106 968 3317 1051 gratia
3350 966 3736 1043 rescindere,
3782 965 3885 1032 vel
3923 966 4333 1044 imminuere,

2396 1053 2584 1119 docet
2662 1063 2880 1119 tamen
2961 1053 3179 1119 Moses
3258 1052 3379 1119 hoc
3455 1072 3707 1136 quoque
3784 1052 3976 1118 modo
4041 1052 4337 1136 ipsorum

2392 1140 2591 1205 saluti
2634 1139 2907 1216 consuli,
2975 1160 3060 1205 ne
3124 1139 3193 1202 in
3259 1147 3507 1204 terram
3573 1146 3831 1204 vastam
3886 1146 3952 1203 et
4010 1136 4335 1205 desertam

2391 1225 2763 1310 irrumpant
2806 1226 2982 1291 ferae
3026 1223 3302 1300 bestiae,
3370 1244 3534 1306 quae
3578 1224 3724 1306 plus
3767 1244 4088 1289 noxarum
4134 1244 4335 1306 quam

2392 1311 2615 1377 hostes
2651 1311 2947 1376 afferant.
3037 1309 3337 1394 Contigit
3377 1307 3638 1393 quidem
3690 1309 3956 1393 ignavia
3998 1309 4217 1392 populi
4260 1317 4338 1375 ut

2393 1395 2506 1462 diu
2549 1396 2844 1462 hostibus
2888 1396 3028 1463 suis
3063 1396 3431 1480 permixtus
3472 1395 3692 1474 fuerit,
3733 1396 3885 1478 quia
3914 1396 4137 1460 minus
4169 1403 4336 1461 stre-

2393 1503 2528 1547 nue
2587 1490 2987 1566 exsequutus
3040 1481 3256 1547 fuerat
3306 1481 3433 1547 Dei
3490 1480 3866 1546 vindictam.
3970 1480 4114 1545 Imo
4172 1490 4335 1548 tunc

2389 1568 2735 1653 impletum
2780 1576 2880 1633 est
2924 1565 3095 1651 quod
3118 1568 3303 1635 Deus
3324 1568 3612 1635 minatus
3635 1575 3736 1632 est
3755 1586 3875 1650 per
3896 1565 4090 1632 Iosue
4113 1564 4334 1653 (Iosue

2390 1654 2495 1733 23,
2545 1653 2684 1740 13):
2753 1651 2825 1720 Si
2872 1653 3304 1720 adhaeseritis
3346 1652 3639 1735 reliquiis
3696 1652 3991 1734 gentium
4035 1653 4332 1731 istarum,

2389 1739 2654 1806 sciendo
2697 1740 2915 1807 sciatis
2960 1738 3130 1822 quod
3175 1760 3308 1804 non
3344 1737 3607 1805 adiiciet
3635 1737 3883 1803 Iehova
3905 1738 4087 1802 Deus
4112 1745 4333 1803 vester

2388 1847 2499 1891 eas
2543 1824 2815 1911 perdere
2857 1846 3077 1891 coram
3120 1825 3283 1891 facie
3324 1833 3576 1890 vestra:
3635 1822 3749 1890 sed
3795 1822 3981 1889 vobis
4025 1832 4219 1888 erunt
4258 1824 4333 1889 in

2383 1914 2693 1996 laqueum
2730 1920 2797 1978 et
2831 1909 3316 1989 offendiculum,
3361 1911 3432 1975 in
3469 1908 3802 1993 flagellum
3839 1907 4154 1974 lateribus
4189 1930 4334 1974 ves-

2387 1999 2527 2076 tris,
2572 2008 2639 2064 et
2681 1998 2751 2062 in
2797 1997 3020 2081 spinas
3061 1997 3266 2063 oculis
3310 1995 3572 2061 vestris.
3640 1993 3832 2076 Quod
3884 2014 4040 2078 ergo
4079 1993 4332 2060 tardius

2386 2093 2456 2150 et
2510 2083 2634 2149 sub
2690 2084 2890 2148 finem
2948 2083 3213 2148 demum
3272 2083 3460 2166 regni
3519 2080 3795 2146 Davidis
3855 2081 4332 2146 exterminatae

2384 2179 2542 2235 sunt
2578 2169 2819 2252 impiae
2855 2176 2923 2233 et
2956 2168 3267 2251 profanae
3309 2176 3556 2250 gentes,
3593 2179 3669 2231 ut
3703 2165 3938 2250 populo
3974 2165 4331 2248 tranquilla

2383 2254 2643 2322 cederet
2677 2265 2892 2319 terrae
2932 2255 3274 2337 possessio,
3320 2273 3542 2319 eorum
3586 2251 3815 2335 culpae
3852 2251 4332 2334 imputandum,

2382 2341 2618 2425 quibus
2675 2337 3039 2406 diffidentia.
3093 2351 3158 2404 et
3212 2337 3620 2422 ingratitudo
3678 2353 4001 2421 torporem
4046 2336 4328 2418 induxit,

2382 2436 2461 2493 ut
2495 2448 2564 2493 se
2607 2426 2677 2492 in
2712 2427 2845 2490 otio
2881 2432 3198 2491 tenerent.
3241 2424 3498 2489 Verum
3533 2423 3590 2488 si
3625 2423 3809 2489 nulla
3842 2421 4154 2507 segnities
4190 2434 4325 2487 tar-

2381 2512 2604 2579 dasset
2636 2512 2938 2578 effectum
2976 2510 3446 2593 promissionis,
3481 2509 3736 2592 experti
3770 2520 3991 2574 essent
4026 2529 4155 2573 non
4185 2508 4326 2572 lon-

2381 2599 2531 2749 gfius
2567 2597 2813 2747 dist-effi
2851 2597 3055 2663 aDeo
3092 2596 3395 2662 ultimum
3429 2595 3729 2679 gentium
3763 2593 4095 2660 excidium
4127 2614 4325 2677 quam

2380 2686 2404 2749 i
2458 2685 2514 2751 is
2557 2706 2637 2749 ex
2770 2684 2915 2748 iret.

2552 2705 2949 2836 31.pePonom
3005 2772 3211 2833 autem
3265 2766 3616 2833 terminum.
3720 2765 3996 2830 Minime
4052 2762 4324 2829 dubium

2381 2865 2480 2924 est
2516 2855 2675 2939 quin
2710 2854 2937 2920 foedus
2970 2851 3143 2936 quod
3180 2853 3519 2936 pepigerat
3552 2871 3703 2917 eum
3737 2849 4093 2931 Abraham,
4126 2849 4325 2934 paulo

2381 2943 2528 3010 aliis
2552 2940 2768 3007 verbis
2790 2940 3152 3006 confirmet.
3192 2939 3471 3003 Brevius
3495 2937 3804 3003 Abrahae
3827 2935 4067 3001 dictum
4091 2936 4320 3013 fuerat,

2381 3028 2549 3095 dabo
2583 3025 2819 3093 semini
2851 3034 2962 3091 tuo
3000 3032 3241 3090 terram
3279 3022 3447 3090 hanc
3484 3044 3522 3089 a
3556 3021 3761 3088 fluvio
3796 3023 3894 3087 Ae
3988 3021 4080 3105 pti
4116 3039 4323 3104 usque

2380 3115 2462 3181 ad
2499 3114 2778 3179 fluvium
2814 3132 3125 3195 magnum
3150 3109 3561 3194 Euphratem
3587 3107 3856 3196 (Genes.
3886 3109 3918 3171 1
3971 3159 3985 3185 ,
4025 3105 4152 3194 18).
4190 3106 4323 3171 Hie

2380 3209 2660 3285 quatuor
2726 3206 3160 3263 numerantur
3219 3195 3452 3261 mundi
3515 3195 3779 3280 plagae,
3845 3202 3909 3258 et
3979 3193 4120 3259 loco
4177 3192 4318 3257 Nili

2379 3287 2648 3371 ponitur
2702 3283 2983 3349 alterum
3039 3302 3238 3360 mare,
3294 3280 3466 3366 quod
3511 3280 3862 3364 opponitur
3904 3279 4070 3344 mari
4107 3278 4322 3344 'Phar-

2380 3373 2491 3439 sis.
2581 3370 2809 3455 Neque
2866 3369 3041 3435 enim
3104 3388 3351 3433 novum
3416 3364 3664 3450 aliquid
3707 3385 3972 3448 sperare
4013 3365 4324 3430 iubentur

2379 3458 2753 3524 Israelitae:
2811 3455 2925 3522 sed
2982 3455 3052 3520 in
3110 3454 3490 3519 memoriam
3555 3451 3701 3517 illis
3751 3461 4093 3517 revocatur
4151 3449 4321 3533 quod

2379 3542 2643 3629 quidem
2688 3544 2770 3609 ab
2813 3543 2955 3625 ipso
3000 3560 3206 3623 usque
3252 3537 3587 3604 Abraham
3622 3558 3740 3621 por
3782 3557 4015 3603 manus
4059 3556 4323 3686 accgpe-

2379 3638 2550 3697 rant.
2640 3628 2835 3696 Unde
2878 3624 3114 3692 melius
3176 3624 3572 3709 perspicitur
3636 3622 3807 3706 quod
3868 3622 4024 3703 dixi,
4094 3622 4158 3687 fo
4242 3642 4322 3688 us

2379 3718 2719 3800 antiquum
2759 3714 2893 3780 illis
2934 3712 3235 3797 proponi,
3292 3720 3370 3776 ιιι
3433 3711 3722 3794 gratuito
3764 3708 3895 3774 Dei
3958 3708 4163 3774 favori
4215 3729 4320 3774 re-

2379 3801 2770 3886 spondeant,
2836 3806 2904 3865 ct
2947 3819 3097 3864 eum
3142 3796 3432 3863 vicissim
3497 3795 3714 3861 colant
3770 3816 3847 3862 ac
3905 3801 4320 3870 venerentur,

2378 3889 2490 3973 qui
2535 3888 2667 3953 iam
2721 3887 2899 3971 ipsos
2953 3889 3414 3950 anteverteret.
3502 3881 3712 3946 Porro
3767 3901 3972 3963 quum
4029 3880 4154 3945 hae
4211 3878 4320 3943 be·

2377 3974 2753 4040 nedietione
2797 3993 2867 4039 se
2907 3972 3084 4054 ipsos
3127 3967 3560 4046 fraudassent,
3615 3964 3976 4032 remedium
4021 3963 4323 4030 adhibuit

2378 4062 2562 4126 Deus
2604 4080 2831 4125 eorum
2874 4057 3055 4136 vitio,
3099 4076 3299 4139 quum
3336 4074 3579 4119 novum
3624 4059 3867 4117 statum
3903 4050 4024 4118 sub
4057 4049 4321 4116 Davide

2378 4146 2608 4225 erexit,
2652 4146 2761 4211 eui
2804 4145 2966 4210 haec
3010 4140 3236 4207 eadem
3294 4138 3638 4222 promissio
3697 4138 3824 4202 fuit
3879 4139 4185 4220 repetita,
4247 4143 4319 4200 ut

2378 4232 2659 4298 habetur
2702 4230 2967 4297 Psalmo
3013 4227 3114 4293 72.
3215 4224 3440 4307 Quum
3504 4245 3663 4309 ergo
3728 4222 3812 4288 ad
3875 4220 4044 4288 illud
4108 4241 4319 4303 usque

2377 4325 2642 4401 tempus
2708 4323 3010 4382 truncata
3087 4312 3320 4378 fuisset
3384 4308 3863 4395 quodammodo
3926 4306 4318 4386 haereditas,

2377 4412 2694 4470 renovato
2737 4411 2933 4479 statu,
2977 4398 3186 4467 solida
3228 4405 3295 4464 et
3325 4396 3523 4481 plena
3555 4396 3777 4461 fruitio
3810 4393 4102 4477 contigit.
4151 4391 4319 4457 Cae-

2378 4499 2595 4555 terum
2653 4489 2804 4572 qnia
2862 4485 3136 4552 felicitas
3190 4483 3306 4549 illa
3360 4492 3427 4549 et
3481 4482 3738 4565 imperii
3783 4478 4141 4564 amplitudo
4184 4498 4321 4543 non

2378 4575 2692 4643 diuturna
2748 4572 2899 4651 fuit,
2959 4570 3074 4638 sed
3116 4568 3469 4635 Solomone
3514 4568 3821 4633 defuncto
3863 4565 4146 4648 collapsa
4197 4571 4318 4643 est,

2378 4684 2456 4728 ac
2489 4660 2755 4727 tandem
2791 4655 3193 4743 pessundata
3224 4653 3416 4738 regni
3449 4653 3758 4738 dignitas:
3804 4649 3948 4716 ideo
3969 4649 4319 4716 Zacharias

2379 4747 2463 4813 de
2486 4747 2722 4812 ultima
2757 4753 2822 4810 et
2856 4742 3144 4829 perfecta
3182 4740 3658 4806 instauratione
3693 4737 4036 4815 disserens,
4085 4736 4319 4801 iisdem

2375 4832 2598 4899 verbis
2641 4831 2851 4898 utitur
2892 4827 3113 4916 (Zach.
3162 4826 3222 4908 9,
3265 4824 3353 4912 9).
3420 4824 3615 4891 Unde
3657 4823 4021 4907 colligimus
4066 4820 4319 4888 Christi

2377 4920 2643 4986 demum
2722 4915 3014 4982 adventu
3095 4912 3292 4978 huius
3370 4911 3664 4979 vaticinii
3736 4909 4039 4976 effectum
4116 4906 4318 4971 fuisse

2377 5005 2773 5071 exhibitum:
2813 4997 2943 5068 non
2988 4996 3161 5083 quod
3204 5018 3415 5081 genus
3450 4995 3758 5063 Abrahae
3803 4992 4123 5060 dominari
4160 5003 4318 5056 tune

2377 5090 2663 5173 coeperit
2712 5088 2891 5154 intra
2940 5087 3105 5151 fines
3155 5083 3263 5150 hic
3310 5084 3581 5168 positos:
3642 5080 3758 5146 sed
3805 5080 3957 5164 quia
4010 5077 4318 5143 Christus

2377 5198 2496 5243 suo
2550 5173 2824 5258 imperio
2883 5171 3264 5254 complexus
3320 5176 3422 5235 est
3474 5178 3755 5252 quatuor
3812 5161 4038 5230 mundi
4082 5169 4316 5247 partes,

2377 5260 2460 5327 ab
2503 5267 2650 5327 ortu
2694 5260 2849 5326 solis
2892 5278 3101 5342 usque
3140 5255 3225 5321 ad
3268 5274 3564 5323 occasum
3584 5304 3599 5334 ‚
3659 5263 3725 5318 et
3777 5272 3816 5316 a
3873 5248 4319 5332 septentrione

2378 5368 2588 5431 usque
2610 5344 2692 5412 ad
2734 5344 3091 5410 meridiem.
3139 5342 3404 5407 Interea
3436 5340 3631 5406 huius
3654 5335 4111 5403 immensitatis
4135 5353 4321 5418 prae-
