4867 6150
600 446 684 511 19
1805 446 2547 516 COMMENTARIUS
2590 448 2692 515 IN
2737 447 3036 515 EXODI
3081 449 3277 517 OAP.
3322 452 3377 517 I.
4509 451 4582 517 20

601 635 728 701 1166
791 633 1149 713 mendacii,
1214 634 1387 717 quod
1452 633 1813 700 officiosum
1879 636 2253 717 nominant,
2327 637 2560 705 volunt

604 719 1114 805 reprehensione
1171 739 1421 787 carere:
1491 721 1643 804 quia
1701 721 1957 806 culpam
2026 721 2253 788 abesse
2318 731 2559 806 putant

603 808 722 874 ubi
786 806 953 871 nihil
1021 806 1271 873 fraudis
1336 806 1419 872 ad
1486 805 1851 873 nocendum
1918 807 2310 874 admittitur.
2412 810 2557 894 Ego

604 902 827 960 autem
847 900 1086 970 statuo,
1111 892 1423 977 quidquid
1449 894 1575 959 Dei
1599 906 1877 959 naturae
1900 906 2227 978 repugnat
2248 896 2556 962 vitiosum

605 998 779 1047 esse:
826 1000 957 1064 qua
998 979 1253 1045 ratione
1297 981 1649 1045 damnatur
1686 981 1898 1045 omnis
1936 979 2267 1046 simulatio
2312 991 2450 1048 tam
2488 984 2554 1046 in

605 1066 798 1134 dictis
844 1086 1041 1149 quam
1085 1066 1152 1130 in
1198 1066 1404 1142 factis,
1449 1074 1525 1130 ut
1559 1064 1772 1132 fusius
1810 1066 1881 1130 in
1917 1066 2083 1151 legis
2120 1067 2556 1152 explicatione

602 1151 690 1240 (si
733 1153 1059 1218 Dominus
1110 1159 1374 1235 tempus
1431 1149 1849 1239 concesserit)
1908 1151 2242 1219 disseram.
2332 1153 2557 1235 Quare

604 1248 956 1322 utrumque
1020 1238 1376 1303 tenendum
1443 1247 1572 1314 est,
1637 1253 1705 1301 et
1769 1238 2083 1304 mentitas
2145 1239 2349 1305 fuisse
2394 1239 2556 1305 duas

605 1324 935 1404 mulieres,
973 1334 1039 1389 et
1072 1326 1226 1406 quia
1264 1323 1565 1407 displicet
1600 1324 2009 1390 mendacium
2035 1323 2197 1405 Deo,
2232 1347 2552 1409 peccasse.

602 1411 780 1477 Nam
834 1418 906 1474 ut
964 1410 1034 1474 in
1092 1409 1518 1475 aestimandis
1583 1420 1962 1476 sanctorum
2028 1409 2221 1477 factis
2289 1412 2554 1477 dextros

601 1494 1059 1578 humanosque
1104 1497 1494 1578 interpretes
1540 1516 1681 1561 6886
1725 1517 1846 1561 668
1889 1496 2105 1576 (16661,
2153 1498 2246 1563 116
2290 1518 2551 1563 rursum

599 1583 672 1648 in
699 1581 998 1666 tegendis
1021 1600 1245 1647 eorum
1270 1580 1526 1647 delictis
1560 1583 1895 1647 cavendus
1932 1591 2034 1647 681
2063 1585 2553 1666 superstitiosus

601 1667 815 1745 zelus,
863 1668 971 1749 661
1015 1688 1209 1750 saepe
1256 1667 1322 1730 in
1368 1676 1665 1750 apertam
1729 1669 2093 1750 scripturae
2135 1670 2548 1734 autoritatem

598 1754 927 1838 impingit.
1017 1752 1244 1835 Neque
1290 1774 1444 1817 vero
1489 1754 1545 1818 si
1588 1753 1846 1837 quando
1889 1754 2056 1837 lapsi
2109 1768 2265 1820 sunt
2308 1755 2550 1833 fideles,

597 1840 818 1905 fallaci
855 1839 1211 1922 patrocinio
1247 1837 1449 1904 levari
1487 1850 1823 1923 appetunt,
1870 1861 2147 1923 quorum
2192 1841 2443 1906 iustitia
2480 1842 2547 1905 in

597 1925 881 2008 simplici
918 1932 985 1989 et
1023 1924 1226 1989 libera
1262 1926 1491 2010 culpae
1528 1925 1984 2008 deprecatione
2027 1927 2341 1993 consistit.
2409 1925 2549 1992 Nec

597 2012 814 2077 obstat
855 2010 1025 2095 quod
1068 2009 1169 2075 bis
1214 2011 1520 2077 laudatur
1561 2010 1632 2075 in
1675 2010 1809 2077 illis
1829 2009 1960 2077 Dei
2005 2012 2215 2090 timor,
2264 2022 2330 2077 et
2369 2013 2549 2094 ipsas

599 2098 785 2163 Deus
820 2108 1282 2162 remuneratus
1305 2119 1448 2164 esse
1467 2097 1731 2163 dicitur:
1769 2097 1923 2182 quia
1946 2099 2146 2177 Deus,
2170 2107 2246 2163 ut
2275 2109 2547 2180 paterne

598 2181 902 2266 indulget
943 2182 1096 2248 filiis
1141 2184 1304 2264 suis,
1349 2204 1576 2249 eorum
1627 2185 1935 2263 virtutes,
1982 2184 2285 2267 quamvis
2330 2182 2547 2267 aliqua

598 2267 888 2336 sordium
933 2268 1226 2335 mixtura
1268 2270 1678 2354 inquinatas,
1736 2270 1806 2335 in
1850 2270 2062 2353 pretio
2113 2270 2546 2335 nihilominus

597 2354 799 2421 habet
864 2374 940 2419 66
1004 2357 1058 2421 81
1136 2376 1341 2438 purae
1420 2364 1657 2421 essent.
1768 2355 2044 2421 Nullum
2124 2355 2385 2439 quidem
2454 2358 2547 2421 ita

596 2439 969 2506 absolutum
1049 2450 1148 2505 est
1225 2462 1386 2525 opus
1465 2443 1569 2507 661
1646 2462 1778 2506 666
1860 2441 2211 2507 adhaereat
2297 2442 2545 2525 aliquid

593 2526 924 2592 maculae:
965 2525 1077 2591 sed
1113 2527 1181 2591 in
1217 2528 1607 2611 quibusdam
1641 2527 1709 2592 id
1751 2526 1990 2594 6161168
2025 2540 2312 2610 apparet.
2378 2528 2546 2593 Fide

591 2611 879 2696 impulsa
901 2613 1025 2677 fuit
1046 2613 1337 2679 Rachel*
1359 2625 1436 2678 ut
1457 2615 1560 2678 ius
1581 2614 2136 2698 primogeniturae
2162 2614 2546 2680 transferret

589 2697 667 2763 in
688 2698 898 2764 filium
924 2697 1136 2764 Iacob.
1204 2700 1404 2767 Pium
1440 2708 1615 2765 certe
1651 2698 2069 2775 desiderium,
2108 2715 2173 2764 et
2196 2700 2542 2766 eonsilium

592 2782 786 2849 laude
833 2784 1139 2867 dignum,
1198 2784 1280 2851 ad
1338 2786 1583 2863 oraculi
1640 2786 1946 2851 effectum
1993 2785 2300 2852 ardenter
2344 2787 2541 2850 eniti:

586 2890 802 2953 neque
846 2880 1068 2934 tamen
1113 2873 1419 2936 astutiam
1459 2882 1527 2937 et
1560 2871 1775 2936 dolum
1824 2871 2258 2947 laudabimus,
2305 2871 2542 2954 quibus

591 2954 814 3022 vitiari
856 2964 1117 3039 poterat
1158 2966 1297 3021 tota
1340 2958 1541 3035 actio,
1596 2957 1727 3022 nisi
1767 2959 2053 3042 gratuita
2098 2961 2291 3024 venia
2334 2959 2540 3023 inter-

590 3042 909 3110 cessisset.
977 3042 1188 3109 Plena
1221 3052 1322 3109 est
1357 3041 1597 3109 talibus
1633 3043 1948 3127 exemplis
1984 3046 2328 3130 scriptura,
2418 3065 2540 3111 666

590 3127 1209 3193 excellentissimum
1249 3128 1547 3213 quodque
1583 3150 1747 3212 opus
1785 3132 2163 3213 particulari
2208 3133 2380 3196 inter
2428 3153 2539 3196 um

590 3215 755 3280 vitio
790 3234 1133 3297 aspersum
1170 3215 1372 3281 fuisse
1409 3215 1661 3282 docent.
1730 3216 2001 3282 Talibus
2036 3226 2258 3282 autem
2287 3219 2537 3296 naevis,

590 3303 704 3384 qui
761 3300 1004 3383 alioqui
1064 3299 1404 3366 foedarent
1455 3323 1684 3367 omnes
1740 3302 1878 3368 fere
1947 3303 2257 3383 virtutes,
2313 3301 2535 3368 Deum

588 3406 710 3470 pro
766 3406 886 3451 sua
941 3383 1357 3471 indulgentia
1412 3388 1749 3471 ignoscere
1803 3387 2048 3453 mirum
2091 3409 2227 3453 non
2270 3397 2401 3467 est,
2461 3409 2537 3453 66

587 3473 888 3537 mercede
952 3491 1188 3538 ornare
1254 3493 1420 3556 quae
1483 3473 1676 3539 laude
1755 3480 1954 3557 atque
2033 3475 2227 3538 etiam
2309 3473 2537 3541 favore

586 3556 863 3642 indigna
926 3565 1117 3623 erant
1179 3580 1392 3643 opera.
1502 3559 1608 3624 Ita
1673 3580 1877 3642 quum
1947 3560 2400 3644 pusillanimes
2465 3560 2535 3625 in

587 3645 726 3709 suis
770 3643 990 3710 verbis
1036 3663 1110 3708 ac
1154 3646 1350 3710 nimis
1395 3645 1660 3710 timidae
1705 3645 1949 3710 fuerint
1992 3646 2335 3722 mulieres,
2381 3646 2536 3729 6616

588 3737 809 3794 161666
877 3751 948 3794 16
990 3729 1136 3812 ipsa
1178 3731 1439 3797 cordate
1495 3741 1563 3796 et
1618 3731 1897 3796 viriliter
1954 3743 2252 3816 egerant,
2301 3733 2530 3796 vitium

587 3814 761 3898 quod
806 3816 1039 3880 merito
1084 3814 1476 3896 damnasset,
1518 3816 1592 3881 in
1628 3816 1758 3883 illis
1792 3818 2097 3884 toleravit
2120 3818 2323 3884 Deus.
2390 3818 2537 3883 Hac

574 3901 885 3968 'doctrina
950 3898 1216 3967 additur
1279 3901 1468 3966 nobis
1534 3903 1838 3969 alacritas
1897 3903 1978 3968 ad
2044 3916 2219 3970 recte
2297 3904 2534 3988 agendi

588 3985 905 4064 studium,
950 3987 1209 4069 quando
1255 3998 1388 4053 tam
1429 3988 1710 4073 benigne
1752 3990 2246 4056 infirmitatibus
2292 3990 2535 4054 6681118

589 4072 776 4139 Deus
818 4074 1057 4156 parcit,
1118 4088 1183 4138 et
1238 4073 1437 4139 simul
1481 4096 1822 4140 monemur
1877 4097 2134 4141 summa
2178 4079 2535 4141 attentione

589 4158 954 4225 cavendum
1000 4181 1142 4225 esse
1186 4181 1268 4224 ne
1312 4159 1422 4224 ubi
1468 4171 1644 4226 recte
1687 4182 1882 4245 agere
1926 4165 2242 4246 cupimus,
2287 4162 2533 4245 aliquid

585 4243 860 4328 obrepat
906 4245 1050 4309 vitii
1096 4245 1268 4329 quod
1315 4247 1630 4312 virtutem
1673 4248 2004 4325 obscuret,
2051 4249 2336 4331 adeoque
2380 4269 2531 4314 con-

584 4332 884 4395 taminet:
942 4330 1133 4397 sicuti
1189 4352 1322 4396 non
1381 4353 1532 4397 raro
1590 4331 1825 4399 accidit
1883 4345 1955 4397 ut
1998 4334 2109 4415 qui
2166 4336 2233 4398 in
2280 4345 2532 4400 rectum

583 4417 785 4482 finem
832 4416 1142 4497 tendunt,
1185 4416 1559 4484 claudicent
1605 4428 1825 4484 tamen
1874 4420 1982 4484 vel
2019 4421 2421 4504 impingant,
2469 4430 2535 4484 et

584 4501 895 4567 aberrent
928 4522 969 4566 a
1012 4503 1139 4569 via.
1227 4504 1528 4585 Denique
1571 4505 1868 4587 quisquis
1912 4526 1982 4569 se
2028 4504 2228 4588 probe
2286 4507 2532 4571 exami-

584 4588 768 4654 nabit
832 4589 902 4652 in
967 4590 1213 4670 optimo
1278 4590 1478 4653 etiam
1544 4598 1787 4655 conatu
1852 4589 2175 4657 desectum
2250 4592 2530 4674 aliquem

583 4673 885 4757 reperiet.
960 4674 1166 4740 Porro
1208 4674 1378 4758 quod
1414 4676 1596 4740 Deus
1632 4677 1994 4760 praemium
2041 4676 2365 4761 rependit,
2409 4676 2532 4743 hoc

583 4779 899 4843 prospero
958 4780 1261 4826 successu
1320 4760 1400 4825 ad
1461 4759 1766 4827 fiduciam
1827 4763 2218 4841 animemur,
2278 4785 2359 4828 ne
2411 4785 2530 4846 pro

581 4844 783 4910 officii
845 4847 1053 4911 nostri
1107 4846 1236 4911 fide
1290 4847 1642 4930 periclitari
1699 4846 1882 4914 nobis
1940 4869 2141 4932 grave
2197 4850 2302 4914 sit.
2391 4849 2530 4916 Nec

581 4940 763 4997 certe
825 4951 947 4996 nos
1006 4932 1278 4997 terrebit
1333 4931 1541 4997 ullum
1607 4932 1983 5009 discrimen,
2043 4936 2100 5000 si
2157 4935 2350 5001 modo
2407 4936 2530 5002 1166

580 5018 849 5116 penitus
904 5016 1210 5083 cordibus
1268 5020 1509 5083 nostris
1568 5017 1877 5101 insideat,
1947 5022 2249 5104 quamvis
2307 5021 2528 5088 odium

579 5124 650 5167 in
697 5102 947 5167 mundo
991 5105 1203 5185 pariat
1248 5102 1705 5169 beneficentia:
1751 5104 1967 5171 Deum
2030 5117 2247 5172 tamen
2302 5108 2529 5173 sedere

579 5188 654 5254 16
699 5188 879 5255 66616
924 5188 1065 5255 6168
1109 5201 1687 5255 remuneratorem.

754 5275 858 5340 21.
922 5274 1096 5341 Fecit
1151 5275 1287 5341 illis
1340 5277 1566 5341 domos,
1669 5274 1775 5340 De
1841 5277 2224 5345 mulieribus
2287 5281 2529 5362 exponi

574 5359 743 5425 mihi
790 5360 972 5426 nullo
1018 5362 1210 5427 modo
1256 5361 1492 5444 placet:
1555 5382 1630 5427 66
1679 5362 1881 5427 161161
1923 5362 1990 5426 16
2038 5385 2111 5428 16
2153 5386 2282 5430 666
2332 5366 2528 5431 (161116

2666 644 2800 702 tam
2860 659 3080 705 crasse
3139 639 3574 706 hallucinatos
3634 639 3838 705 fuisse
3892 638 4135 705 multos
4191 638 4582 724 interpretes.

2659 722 2850 789 Inter
2893 744 3120 791 omnes
3179 727 3485 793 convenit
3542 724 3890 793 masculini
3950 725 4209 809 generis
4263 744 4404 790 esse
4454 747 4583 808 pro-

2660 831 2930 876 nomen:
2978 810 3252 894 ideoque
3296 810 3652 879 secundum
3690 832 4099 877 communem
4138 833 4334 877 usum
4381 813 4583 878 referri

2659 894 2741 961 ad
2782 897 2955 962 viros
2994 896 3258 963 debere:
3298 898 3412 963 sed
3450 898 3604 981 quia
3638 898 3925 963 vicissim
3964 898 4137 962 inter
4172 918 4244 963 86
4269 907 4584 963 mutantur

2659 981 2827 1048 duae
2886 983 3114 1047 literae
3169 996 3216 1051 D
3259 991 3323 1049 et
3368 997 3415 1062 2,
3485 1006 3616 1049 uno
3680 991 3992 1050 contextu
4059 991 4275 1048 totum
4341 1004 4584 1049 versum

2659 1078 2971 1150 putarunt
3015 1067 3099 1134 ad
3136 1070 3443 1136 mulieres
3482 1078 3795 1153 spectare.
3866 1069 4073 1152 Atqui
4109 1070 4295 1134 nulla
4338 1069 4584 1152 cogebat

2658 1156 3045 1220 necessitas:
3095 1155 3353 1238 quando
3397 1156 3640 1239 optime
3676 1157 3822 1221 fluit
3867 1156 4091 1235 oratio,
4136 1164 4363 1221 auctos
4407 1156 4584 1222 fuisse

2658 1239 2994 1305 Israelitas
3032 1252 3097 1305 et
3138 1241 3330 1306 valde
3372 1243 3672 1322 crevisse,
3710 1254 3776 1307 et
3810 1243 3964 1326 quia
3998 1242 4368 1306 timuerunt
4390 1241 4583 1306 Deum

2657 1325 3066 1405 obstetrices,
3123 1328 3350 1392 fecisse
3392 1327 3525 1393 illis
3570 1327 3812 1407 domos,
3857 1349 4091 1412 nempe
4134 1327 4479 1393 Israelitis:
4520 1347 4584 1392 66

2658 1411 2716 1475 81
2771 1410 3043 1492 (1166161,
3094 1414 3448 1478 mulierum
3502 1414 3748 1496 pietate
3814 1413 4084 1497 adeptos
4142 1434 4287 1479 esse
4352 1414 4582 1479 felicem

2657 1501 3206 1581 propagationem.
3308 1499 3400 1565 Et
3454 1499 3610 1582 quia
3662 1499 3966 1564 nonnulli
4023 1521 4106 1565 ex
4172 1499 4339 1565 falsa
4401 1500 4582 1564 inter-

2655 1584 3020 1664 pretatione
3067 1585 3176 1649 vix
3221 1606 3413 1668 posse
3456 1585 3865 1651 commodum
3917 1606 4187 1650 sensum
4234 1586 4381 1650 61161
4424 1585 4582 1650 vide-

2655 1667 2829 1742 bant,
2865 1671 3203 1736 finxerunt
3223 1672 3352 1736 Dei
3387 1672 3809 1755 inspiratione
3832 1681 4202 1737 exstructas
4239 1672 4370 1736 illis
4399 1671 4579 1736 fuisse

2654 1754 2877 1820 domos
2922 1756 3088 1822 bene
3130 1757 3419 1823 munitas
3464 1779 3504 1823 a
3546 1758 3815 1841 populo,
3874 1757 3983 1822 ubi
4029 1766 4211 1823 tutae
4256 1765 4468 1822 essent
4506 1758 4577 1821 ab

2651 1839 2872 1907 hostili
2936 1843 3229 1908 incursu.
3342 1842 3490 1924 Quo
3569 1846 3883 1929 figmento
3961 1843 4130 1908 nihil
4213 1853 4315 1908 est
4386 1844 4576 1925 magis

2649 1927 2921 2009 puerile.
3011 1928 3263 1994 Verum
3310 1950 3392 1993 66
3437 1929 3506 1994 16
3553 1951 3623 1994 16
3684 1951 3811 1995 666
3872 1929 4226 1995 admodum
4287 1929 4575 2013 perplexa

2649 2013 2894 2077 frustra
2949 2035 3019 2079 se
3076 2022 3426 2098 torqueant
3489 2015 3799 2095 lectores,
3867 2015 4226 2081 videndum
4284 2030 4383 2080 est
4436 2011 4574 2097 quid

2649 2096 2825 2181 apud
2848 2099 3188 2166 Hebraeos
3225 2101 3443 2166 valeat
3478 2101 3641 2166 11666
3675 2101 3995 2185 loquutio:
4035 2101 4327 2167 Domum
4360 2101 4570 2166 facere.

2650 2183 2869 2264 Quum
2928 2187 3254 2268 promittit
3296 2187 3480 2253 Deus
3524 2185 3608 2273 (1.
3655 2186 3834 2253 Sam.
3884 2186 3944 2264 2,
3991 2187 4103 2274 35)
4148 2210 4222 2254 se
4271 2189 4572 2253 facturum

2651 2268 2943 2336 Samueli
3023 2272 3288 2338 domum
3353 2273 3644 2354 fidelem,
3708 2293 3839 2339 non
3906 2273 4185 2339 dubium
4259 2283 4359 2340 est
4431 2272 4572 2354 quin

2649 2358 2909 2423 firmum
2977 2358 3322 2424 sacerdotii
3387 2368 3635 2425 statum
3715 2358 4031 2443 designet.
4144 2358 4372 2441 Quum
4435 2355 4572 2422 alibi

2648 2440 2734 2593 g.
2779 2444 2957 2510 Sam.
3000 2445 3057 2524 7,
3100 2444 3211 2530 27)
3254 2466 3324 2511 se
3359 2445 3746 2527 pronunciat
3790 2445 4056 2511 domum
4092 2445 4570 2512 aedificaturum

2715 2528 2909 2609 avidi,
2955 2540 3021 2594 61
3063 2532 3259 2613 paulo
3304 2539 3451 2613 post
3492 2532 3563 2594 in
3598 2532 3969 2614 precatione
3993 2530 4277 2598 Davidis
4317 2531 4568 2616 legitur:

2648 2616 2927 2680 Domine
2953 2624 3023 2681 tu
3059 2618 3128 2679 in
3164 2637 3389 2682 aurem
3427 2617 3602 2682 servi
3637 2617 3731 2683 tui
3767 2617 4076 2683 revelasti
4112 2618 4290 2702 quod
4326 2618 4568 2683 domum

2646 2700 2941 2766 facturus
2986 2701 3153 2766 mihi
3197 2723 3372 2768 esses
3416 2700 3501 2788 (1.
3551 2701 3730 2769 Sam.
3776 2704 3882 2784 25,
3922 2702 4062 2792 28)
4122 2713 4302 2769 66116
4344 2702 4568 2768 intelli

2645 2787 2824 2869 gitur
2857 2788 3038 2871 regia
3073 2787 3376 2873 dignitas.
3444 2789 3662 2871 Atque
3696 2791 3790 2855 ita
3825 2791 4021 2873 vulgo
4044 2790 4349 2871 loquutos
4372 2789 4568 2861 fuisse,

2646 2893 2730 2935 ex
2774 2893 3069 2938 sermone
3094 2874 3355 2958 Abigail
3393 2884 3666 2953 constat,
3712 2876 3821 2941 ubi
3868 2898 3938 2940 se
3983 2878 4148 2942 seire
4191 2875 4348 2941 dicit
4369 2876 4564 2939 Deum

2645 2959 2966 3025 facturum
3019 2960 3267 3026 Davidi
3316 2969 3562 3026 certam
3621 2983 3695 3027 ac
3760 2962 4058 3028 stabilem
4115 2962 4402 3027 domum.
4496 2956 4566 3021 Id

2644 3052 2818 3111 certe
2882 3047 2953 3110 in
3016 3067 3245 3112 sexum
3328 3047 3712 3113 muliebrem
3781 3069 3912 3113 non
3984 3050 4328 3131 competit,
4392 3044 4565 3113 sicuti

2642 3152 2854 3215 neque
2913 3153 3185 3212 nomen,
3240 3143 3316 3197 ut
3388 3133 3636 3199 femina
3702 3146 3901 3219 caput
3955 3135 4251 3202 familiae
4323 3134 4561 3198 efficiat.

2640 3215 2833 3284 Unde
2890 3228 3166 3301 apparet
3226 3220 3546 3285 violenter
3603 3220 3888 3304 torqueri
3943 3222 4146 3286 verba
4193 3222 4249 3285 si
4294 3220 4564 3286 dicamus

2642 3303 2858 3368 Deum
2925 3304 3152 3370 fecisse
3212 3303 3669 3372 obstetricibus
3736 3306 4021 3371 domum.
4134 3307 4284 3372 'Iloti
4361 3313 4562 3370 autem

2639 3390 2880 3472 populo
2924 3391 3258 3473 aptissime
3302 3394 3665 3471 conveniet,
3711 3391 3878 3475 quod
3917 3414 3955 3457 a
3980 3395 4126 3457 Deo
4171 3392 4367 3458 fuerit
4407 3388 4559 3455 mul-

2639 3475 2991 3559 tiplicatus,
3037 3487 3112 3542 ut
3154 3477 3365 3542 instar
3401 3480 3666 3559 perfecti
3713 3479 3985 3544 aedificii
4033 3484 4456 3563 consurgeret
4485 3472 4560 3539 ad

2635 3582 2819 3626 suam
2855 3562 3286 3628 altitudinem.
3356 3561 3630 3631 Summa
3665 3577 3783 3644 est,
3824 3565 3993 3648 quod
4031 3565 4203 3631 salvi
4248 3580 4313 3629 et
4354 3581 4557 3650 super-

2635 3647 2823 3712 stites
2871 3648 3141 3713 fuerunt
3196 3647 3563 3714 Israelitas:
3626 3650 3768 3716 Imo
3828 3649 3998 3734 quod
4057 3652 4450 3726 floruerunt,
4499 3643 4557 3709 id

2638 3735 2918 3798 duarum
2966 3735 3316 3799 mulierum
3362 3756 3561 3818 opera
3615 3758 3755 3802 esse
3811 3738 4087 3803 factum:
4159 3759 4283 3819 quo
4340 3734 4558 3800 melius

2637 3820 2888 3885 eluceat
2932 3818 3059 3885 Dei
3104 3820 3343 3904 gloria,
3388 3823 3497 3904 qui
3545 3833 3678 3886 tam
3723 3822 4109 3888 mirabiliter
4154 3845 4271 3904 per
4316 3823 4557 3886 infirma

2635 3926 2884 3990 organa
2937 3926 3091 3971 suos
3146 3908 3469 3986 servavit,
3526 3909 3679 3990 quia
3719 3911 4062 3974 minimum
4110 3908 4447 3974 abfuerant
4485 3904 4556 3967 ab

2636 3992 2928 4057 interitu.
2999 3992 3197 4058 Ponit
3232 4005 3447 4058 autem
3475 3995 3695 4059 Moses
3730 3993 3955 4062 domos
3999 4016 4277 4060 numero
4319 3988 4556 4078 plurali,

2637 4080 2790 4162 quia
2833 4098 2951 4160 per
2993 4078 3286 4164 singulas
3343 4081 3623 4144 familias
3682 4080 3863 4163 prole
3907 4081 4356 4148 subolescente
4400 4073 4555 4142 aedi

2635 4166 2866 4230 ficatus
2909 4173 3009 4229 est
3051 4164 3351 4248 populus.

2805 4249 2908 4316 22.
2989 4251 3161 4315 Tunc
3232 4251 3552 4333 praecepit
3626 4250 3902 4318 Pharao.
4014 4253 4160 4318 Nisi
4240 4257 4555 4331 correptus

2635 4337 2922 4401 amentia
2987 4337 3217 4400 fuisset
3281 4358 3356 4402 ac
3436 4338 3744 4404 caecitate
3824 4359 4200 4420 percussus,
4267 4337 4556 4402 sensisset

2634 4420 2978 4487 adversam
3044 4423 3164 4485 sibi
3232 4443 3375 4489 esse
3434 4423 3560 4490 Dei
3616 4444 3904 4490 manum.
4009 4424 4143 4490 Sed
4211 4424 4320 4490 ubi
4370 4414 4554 4486 semel

2633 4507 2891 4590 reprobi
2935 4508 3002 4571 in
3049 4508 3333 4574 furorem
3372 4507 3687 4575 divinitus
3731 4510 4005 4577 coniecti
4050 4522 4209 4576 sunt
4251 4507 4554 4576 obstinate

2634 4601 2917 4677 pergunt
2980 4593 3049 4657 in
3114 4597 3250 4660 suis
3312 4596 3681 4661 maleficiis:
3761 4618 3973 4681 neque
4037 4598 4104 4660 id
4171 4595 4389 4666 modo.
4452 4583 4554 4654 sed

2632 4680 2879 4744 maiore
2916 4678 3186 4746 audacia
3220 4689 3295 4744 ut
3329 4681 3714 4764 vertiginosi
3748 4682 3848 4748 vel
3874 4683 4239 4766 phrenetici
4261 4679 4552 4746 adversus

2630 4766 2901 4848 quaevis
2965 4765 3299 4832 obstacula
3367 4778 3820 4850 perrumpunt.
3931 4769 4056 4834 Est
4119 4766 4379 4852 quidem
4444 4762 4552 4824 hoo

2631 4852 2948 4917 usitatum
3017 4864 3090 4916 61
3153 4851 3507 4918 erudelitas
3584 4854 3850 4917 innoxio
3931 4856 4250 4938 sanguine
4318 4848 4551 4939 imbuta

2631 4938 2942 5003 maiorem
2988 4938 3161 5003 sitim
3208 4936 3505 5022 colligat,
3551 4939 3683 5003 imo
3725 4938 3793 5002 in
3842 4960 4110 5023 genere,
4153 4949 4230 5005 ut
4271 4936 4551 5003 scelerati

2633 5025 2927 5088 homines
2984 5025 3169 5105 quasi
3224 5045 3344 5089 866
3405 5045 3601 5089 66186
3659 5026 3908 5090 incitati
3977 5027 4188 5110 magis
4252 5021 4550 5089 ebulliant

2630 5108 2753 5196 (ita
2795 5109 2926 5173 illis
2971 5108 3192 5175 nullus
3245 5119 3346 5176 est
3402 5110 3712 5193 peccandi
3759 5112 3942 5191 finis,
4001 5111 4112 5177 vel
4155 5105 4404 5193 modus)
4445 5096 4549 5166 sed

2629 5197 2737 5260 hic
2782 5194 2968 5259 nobis
3010 5197 3081 5259 in
3135 5207 3273 5260 tam
3319 5195 3662 5280 desperata
3718 5197 3894 5261 rabie
3953 5193 4420 5264 consideranda
4457 5193 4548 5250 eet

2632 5282 2755 5346 Dei
2812 5281 3007 5360 ultio,
3060 5282 3230 5363 quod
3290 5290 3646 5366 tyrannum
3701 5282 3953 5348 diabolo
4010 5275 4547 5372 praecipitandum

2630 5365 2908 5433 dederit:
2970 5365 3203 5432 deinde
3257 5378 3391 5432 tam
3450 5367 3818 5450 probandae
3884 5391 4152 5435 suorum
4215 5367 4544 5451 patientiae
