4867 6150
599 440 728 506 399

604 627 899 706 cinthum,
939 630 995 690 et
1015 646 1397 709 purpuram,
1441 630 1497 690 et
1531 624 1938 689 vermiculum
1973 626 2148 705 cocci,
2185 629 2239 688 et
2277 622 2547 705 byssum,

602 720 657 780 et
716 732 1057 795 caprarum
1100 711 1306 793 pilos.-
1372 712 1431 776 7.
1479 710 1566 776 Et
1610 710 1809 792 pelles
1861 711 2132 776 arietum
2175 708 2551 788 rubricatas,

605 805 662 865 et
705 798 902 882 pelles
935 804 1223 864 taxorum
1241 850 1256 875 ,
1318 801 1376 861 et
1416 797 1594 880 liqna
1635 797 1850 861 sittim.
1949 796 1988 862 8
2068 794 2157 861 Et
2198 796 2396 861 oleum
2426 816 2554 877 pro

604 886 943 963 luminari,
1005 889 1062 951 et
1115 888 1397 949 aromata
1430 902 1554 963 pro
1593 882 1720 947 oleo
1761 883 2101 960 unctionis,
2143 887 2197 947 el
2241 883 2327 948 ad
2368 882 2557 963 suffi-

605 976 879 1037 mentum
920 971 1351 1036 aromaticum.
1419 970 1479 1033 9.
1527 967 1616 1033 Et
1660 967 1907 1049 lapides
1950 967 2310 1051 onychinos,
2356 973 2413 1033 et
2458 968 2553 1033 la-

593 1058 787 1140 pides
831 1076 956 1139 pro
1000 1054 1196 1136 ephod
1238 1059 1294 1121 et
1315 1126 1320 1139 ,
1322 1074 1448 1137 pro
1494 1055 1821 1135 pectorali.
1923 1055 2020 1121 10.
2066 1053 2155 1118 Et
2196 1074 2405 1119 omnes
2445 1075 2553 1120 sa-

595 1146 837 1227 pientes
894 1143 1074 1207 corde
1125 1142 1194 1205 iu
1247 1140 1422 1206 vobis
1475 1141 1744 1224 verzient,
1800 1145 1855 1204 et
1892 1140 2123 1223 facient
2164 1160 2556 1222 quaecunque

594 1227 922 1313 praecepit
964 1226 1227 1292 leliova:
1309 1226 1409 1291 11.
1464 1226 1975 1300 Palm-naculum,
2023 1227 2350 1290 tentorium
2394 1227 2551 1305 eius,

604 1321 664 1381 et
703 1314 1149 1395 operimentum
1192 1313 1328 1378 eius
1342 1365 1359 1391 ,
1406 1318 1464 1378 et
1504 1313 1771 1379 circulos
1809 1314 1965 1389 eius,
2011 1318 2068 1377 et
2107 1311 2354 1376 tabulas
2396 1312 2553 1386 eius,

603 1405 793 1467 vectes
849 1400 990 1465 eius
1006 1450 1020 1476 ,
1075 1399 1395 1465 columnas
1447 1399 1585 1463 eius
1629 1404 1687 1463 et
1729 1397 1906 1463 bases
1948 1399 2121 1464 eius.-
2166 1397 2263 1462 12.
2311 1402 2556 1463 Arcam

606 1491 662 1552 et
681 1489 869 1551 vectes
889 1486 1044 1562 eius,
1059 1486 1593 1566 propitiatorium,
1629 1489 1687 1549 et
1709 1483 1907 1550 velum
1928 1485 2192 1550 tentorii.
2244 1484 2344 1548 13.
2375 1483 2552 1549 Men-

606 1591 778 1650 sam,
838 1577 894 1636 et
935 1575 1127 1636 vectes
1167 1572 1409 1653 ipsius,
1457 1574 1512 1634 et
1555 1570 1765 1635 omnia
1805 1590 1964 1635 vasa
2001 1571 2170 1653 eius,
2232 1575 2288 1635 et
2320 1591 2556 1653 panem

602 1659 946 1741 facierum:
992 1657 1090 1721 14.
1119 1655 1206 1720 Et
1242 1656 1677 1722 candelabrum
1719 1656 2060 1722 luminaris
2102 1661 2158 1719 et
2198 1676 2356 1721 vasa
2398 1657 2553 1735 eius,

610 1749 666 1808 et
722 1744 1013 1808 lucernas
1067 1743 1237 1820 eius,
1296 1745 1353 1807 et
1395 1741 1593 1807 oleum
1635 1742 2007 1807 luminaris:
2079 1742 2176 1808 15.
2224 1741 2312 1806 Et
2354 1742 2555 1807 altare

608 1829 951 1911 suffimenti
1010 1832 1067 1893 et
1117 1833 1307 1894 vectes
1349 1827 1516 1907 eius,
1562 1832 1619 1893 et
1661 1828 1862 1895 oleum
1904 1829 2233 1913 unctionis,
2279 1832 2333 1891 et
2375 1827 2558 1911 suffiin

607 1920 881 1980 mentum
920 1915 1347 1993 aromaticum,
1390 1918 1444 1978 et
1485 1913 1779 1978 aulaeum
1820 1916 1966 1979 ostii
2002 1934 2122 1994 pro
2164 1914 2319 1979 ostio
2360 1915 2555 1978 taber-

609 2001 856 2066 naculi:
904 2000 1001 2065 16.
1027 1999 1254 2066 Altare
1288 1999 1642 2081 holocausti,
1684 2004 1739 2065 et
1780 2001 2057 2065 cribrum
2098 2001 2236 2065 eius
2277 2020 2554 2077 aeneum,

609 2092 665 2153 et
697 2092 888 2152 vectes
922 2088 1073 2164 eiuS,
1111 2092 1170 2150 et
1200 2087 1414 2150 omnia
1448 2104 1607 2151 vasa
1640 2086 1795 2162 eius,
1843 2091 1898 2151 et
1931 2086 2237 2163 concham,
2283 2091 2339 2150 et
2371 2085 2558 2150 basin

609 2174 773 2239 eius:
823 2172 923 2237 17.
963 2173 1254 2237 Cori-inas
1290 2172 1501 2254 ipsius
1535 2171 1709 2251 atrii,
1744 2170 2064 2238 columnas
2099 2172 2252 2249 eius,
2291 2177 2349 2237 et
2381 2172 2558 2236 bases

608 2260 780 2336 eius,
839 2263 895 2322 et
937 2257 1229 2323 aulaeum
1275 2262 1497 2339 portae
1533 2257 1724 2322 atrii.-
1790 2258 1889 2324 18.
1945 2257 2233 2324 Paxmos
2275 2257 2558 2322 taberna-

608 2346 756 2423 culi,
801 2350 857 2408 et
885 2343 1173 2425 paxillos
1217 2344 1387 2420 atrii,
1433 2349 1492 2408 et
1529 2342 1848 2425 funiculos
1889 2365 2131 2410 eorum.-
2187 2343 2285 2409 19.
2348 2343 2558 2408 Vestes

607 2430 954 2495 ministerii
1007 2429 1092 2494 ad
1142 2429 1640 2494 ministrandum
1695 2430 1763 2494 in
1820 2431 2213 2505 sanctuario,
2270 2434 2326 2493 et
2366 2434 2558 2493 vestes

609 2520 862 2580 sanctas
919 2514 1243 2580 Aharonis
1300 2515 1642 2580 sacerdotis
1656 2564 1671 2592 ‚
1728 2520 1785 2581 et
1843 2522 2032 2582 vestes
2081 2514 2366 2597 filiorum
2419 2516 2559 2580 eius

611 2601 698 2666 ad
737 2601 1126 2683 fuuyendum
1169 2600 1530 2667 sacerdotio.

784 2770 999 2836 Exodi
1044 2770 1147 2851 25,
1193 2773 1251 2837 2.
1343 2772 1681 2852 Alloquere
1734 2770 1906 2852 filios
1951 2769 2162 2836 Israel
2211 2777 2282 2836 ut
2322 2770 2553 2836 tollant.

615 2856 689 2925 Si
729 2860 874 2941 quis
911 2859 1161 2922 rixator
1197 2857 1276 2922 de
1317 2867 1628 2940 tempore,
1674 2859 1858 2921 cuius
1896 2855 2233 2921 historiam
2281 2858 2408 2922 huc
2454 2859 2554 2922 in-

614 2965 832 3011 serere
881 2945 1090 3008 visum
1131 2956 1269 3024 est,
1306 2944 1750 3026 quaestionem
1791 2952 2069 3023 moveat,
2107 2944 2227 3009 etsi
2264 2944 2552 3026 pertina—

614 3030 754 3099 cius
791 3050 923 3094 non
960 3028 1368 3106 contendam,
1408 3050 1539 3094 non
1577 3027 1930 3111 probabilis
1966 3028 2175 3110 modo,
2212 3030 2326 3096 sed
2364 3031 2557 3095 firma

614 3117 979 3183 sententiae
1049 3138 1233 3182 meae
1294 3116 1462 3181 ratio
1516 3116 1680 3179 mihi
1740 3124 2013 3182 constat.
2120 3116 2317 3182 Certo
2377 3118 2552 3181 onim

616 3225 699 3268 ex
763 3202 849 3268 33
918 3204 1128 3286 capite
1186 3202 1408 3267 Exodi
1462 3201 1766 3285 colligere
1825 3202 1988 3266 mihi
2048 3202 2300 3281 videor,
2371 3215 2555 3267 ante-

617 3309 814 3372 quam
849 3289 1100 3372 priores
1137 3288 1394 3353 tabulas
1430 3288 1696 3352 afferret
1721 3288 1940 3353 Moses
1982 3309 2018 3351 e
2053 3298 2294 3368 monte,
2342 3290 2553 3354 taber-

618 3375 930 3442 naculum
953 3375 1086 3438 iam
1109 3375 1307 3440 fuisse
1328 3385 1753 3440 exstructum.
1813 3374 1959 3440 Illic
1996 3376 2260 3439 enimin
2287 3376 2553 3458 signum

618 3460 917 3538 divortii,
965 3471 1036 3524 ut
1078 3468 1501 3542 cognosceret
1543 3460 1823 3543 populus
1866 3482 1935 3525 se
1981 3480 2018 3523 a
2064 3462 2207 3525 Deo
2253 3460 2555 3543 repudia·

620 3558 758 3612 tum
818 3568 992 3624 csse,
1054 3546 1293 3616 dicitur
1350 3546 1570 3611 Moses
1627 3546 1857 3611 tulisse
1903 3546 2429 3621 twernaculum‚
2491 3557 2556 3622 et

615 3633 738 3698 sibi
784 3633 1094 3716 privatim
1139 3632 1490 3697 tetendisse
1534 3641 1726 3695 extra
1768 3645 2011 3697 castra:
2059 3653 2190 3696 non
2245 3632 2318 3697 in
2363 3653 2555 3697 suum

616 3719 1011 3802 peculiarem
1050 3738 1262 3797 usum,
1308 3718 1465 3801 quia
1499 3715 1739 3782 diserte
1777 3719 2185 3801 exprimitur,
2230 3740 2376 3783 oum
2423 3738 2554 3782 non

618 3804 754 3870 illic
792 3803 1137 3882 habitasse,
1183 3803 1297 3869 sed
1338 3824 1676 3887 egressum
1715 3803 1914 3870 fuisse
1958 3825 1994 3868 e
2030 3805 2261 3870 castris
2305 3806 2557 3888 quoties

619 3890 879 3955 volebat
926 3890 1144 3955 Deum
1204 3890 1568 3955 consulere:
1618 3889 1809 3955 Iosue
1868 3911 2021 3955 vero
2080 3892 2278 3956 fuisse
2337 3901 2553 3956 custo-

618 3976 768 4040 dem
835 3975 938 4040 vel
996 3975 1353 4041 aedituum.
1441 3975 1518 4039 Id
1568 3996 1724 4041 vero
1768 3975 2015 4041 factum
2060 3997 2201 4041 esse
2246 3999 2375 4041 non
2419 3997 2556 4040 am-

617 4063 896 4148 bigitur,
954 4072 1308 4146 antequam
1365 4060 1651 4127 secundo
1710 4083 1984 4128 ascensu
2044 4084 2245 4128 novas
2303 4064 2559 4128 tabulas

619 4170 658 4213 a
723 4147 868 4214 Deo
941 4149 1224 4213 afferret.
1314 4147 1559 4232 Liquet
1622 4169 1778 4231 ergo
1845 4159 2004 4212 tunc
2066 4150 2200 4213 iam
2266 4160 2558 4215 erectum

617 4234 819 4299 fuisse
864 4234 1381 4301 tabernaculum.
1451 4233 1526 4299 Si
1585 4234 1730 4316 quis
1774 4233 2049 4313 obiiciat,
2091 4257 2221 4299 non
2266 4251 2557 4300 erectum

617 4320 817 4385 fuisse
853 4320 980 4386 nisi
1018 4321 1334 4405 principio
1379 4320 1539 4385 anni
1577 4320 1867 4400 secundi,
1913 4320 2117 4384 facilis
2161 4329 2263 4385 est
2305 4321 2559 4398 solutio,

620 4416 777 4471 tunc
801 4405 879 4472 de
901 4408 1159 4490 integro
1192 4406 1263 4471 in
1300 4408 1579 4470 statione
1614 4405 1912 4489 legitima
1946 4408 2147 4472 fuisse
2182 4408 2558 4491 repositum,

623 4500 701 4555 ut
724 4491 1012 4576 undique
1037 4490 1509 4559 circumdatum
1535 4514 1574 4556 a
1598 4492 1750 4557 filiis
1774 4492 1997 4567 Israel,
2037 4514 2264 4557 omnes
2292 4494 2558 4558 haberet

621 4577 952 4657 custodes,
1028 4578 1381 4643 secundum
1462 4576 1799 4644 duodecim
1869 4578 2083 4643 tribus
2148 4579 2376 4644 ordine
2443 4601 2560 4644 suo

622 4662 938 4746 digestas:
986 4662 1217 4729 deinde
1262 4674 1416 4730 tunc
1462 4663 1724 4729 demum
1771 4664 2013 4729 locatas
2057 4664 2257 4730 fuisse
2303 4664 2560 4730 tabulas

622 4749 691 4812 in
740 4769 889 4813 arca
934 4748 1225 4828 foederis,
1270 4751 1340 4813 in
1386 4751 1623 4833 quibus
1669 4771 1738 4814 so
1783 4749 1968 4816 Deus
2012 4752 2560 4833 repraesentabat,

625 4841 698 4899 ut
754 4834 898 4899 sine
943 4834 1075 4899 illis
1122 4856 1401 4901 vacuum
1446 4835 1919 4919 quodammodo
1965 4851 2135 4902 esset
2179 4839 2557 4903 tabernacu-

621 4920 792 4986 lum:
831 4931 1158 5006 postremo
1195 4920 1274 4986 de
1310 4922 1564 4986 solenni
1600 4921 2005 4989 dedicatione
2040 4923 2173 4987 illic
2208 4924 2334 5006 agi,
2372 4927 2559 4989 cuius

621 5006 913 5073 nondum
961 5007 1318 5071 advenerat
1362 5018 1693 5074 maturum
1737 5020 2014 5092 tempus,
2060 5009 2265 5075 donec
2312 5010 2391 5073 ad
2432 5021 2560 5075 tes-

619 5092 889 5158 tandam
937 5092 1061 5159 Dei
1120 5094 1585 5177 praesentiam,
1647 5094 1876 5160 foedus
1933 5096 2000 5159 in
2068 5115 2219 5161 arca
2264 5096 2561 5161 recondi-

619 5194 757 5244 tum
822 5192 992 5245 esset
1046 5179 1338 5264 pignoris
1382 5180 1542 5244 loco.
1633 5179 1779 5260 Quo
1823 5181 2059 5246 melius
2105 5182 2378 5247 tollatur
2421 5202 2561 5246 om-

618 5267 722 5330 nis
781 5266 1206 5349 ambiguitas,
1278 5265 1560 5330 breviter
1618 5267 2030 5350 supputanda
2090 5281 2191 5333 est
2249 5267 2562 5351 temporis

619 5352 806 5417 ratio.
895 5352 1118 5416 Tertio
1175 5372 1398 5417 mense
1460 5373 1498 5415 a
1553 5372 1671 5417 suo
1731 5354 1908 5417 exitu
1968 5353 2226 5438 appulit
2282 5355 2560 5438 populus

2001 433 2513 503 SECUNDUM
2558 430 3206 505 PRAEOEPTUM.

4452 436 4561 503 400

2655 626 2736 695 ad
2793 634 3085 690 montem
3147 623 3354 691 Sinai.
3448 625 3670 705 Quoto
3731 622 3837 689 die
3880 623 3989 688 lex
4030 621 4159 687 fuit
4202 621 4380 703 data,
4428 646 4561 692 nus·

2652 732 2847 795 quam
2894 710 3164 790 dicitur,
3225 712 3348 775 nisi
3397 708 3567 793 quod
3614 709 3929 793 probabili
3975 710 4238 773 ratione
4280 711 4561 777 coniicere

2656 800 2832 871 licet,
2880 797 3138 862 circiter
3182 799 3379 862 finem
3426 796 3601 861 illius
3647 796 3892 860 mensis
3937 795 4138 858 latam
4184 794 4394 861 fuisse.
4472 796 4564 861 Ita

2654 883 3044 949 numerandi
3104 898 3296 948 erunt
3356 897 3500 948 octo
3554 902 3816 947 menses
3876 902 4078 963 usque
4132 878 4213 944 ad
4255 879 4415 946 diem
4458 904 4565 964 quo

2656 970 3026 1035 dedicatum
3098 970 3221 1033 fuit
3275 968 3802 1045 tabernaculum,
3878 979 3943 1031 et
4003 966 4262 1053 tabulae
4318 968 4385 1031 in
4437 989 4566 1035 arca

2655 1056 2935 1121 foederis
2996 1055 3357 1138 depositae;
3416 1055 3607 1119 sicuti
3668 1053 4054 1119 nominatim
4114 1050 4317 1117 refert
4373 1054 4567 1121 Moses

2657 1143 2888 1208 ultimo
2948 1146 3161 1225 capite
3207 1139 3442 1210 Exodi.
3532 1141 3735 1205 Libro
3796 1149 4013 1204 autem
4074 1150 4307 1221 quarto
4348 1150 4564 1219 narrat,

2656 1227 2941 1295 secundo
2996 1249 3220 1292 mense
3264 1228 3443 1292 illius
3487 1227 3646 1291 anni
3695 1225 4011 1308 populum
4057 1237 4273 1289 castra
4319 1227 4568 1292 movisse

2655 1338 2735 1379 ex
2794 1314 2906 1378 illo
2967 1313 3134 1394 loco,
3193 1323 3260 1377 et
3304 1314 3622 1396 migrasse
3667 1310 3749 1376 ad
3793 1311 4093 1393 sepulcra
4135 1311 4568 1393 concupiscen-

2657 1401 2804 1466 tiae.
2882 1400 3023 1464 Iam
3073 1421 3276 1483 quum
3320 1399 3496 1463 inter
3540 1397 4016 1462 dedicationem
4062 1396 4475 1476 tabernaculi,
4516 1409 4572 1462 et

2654 1487 3117 1571 profectionem
3165 1506 3338 1550 unus
3383 1494 3639 1548 tantum
3685 1485 3928 1549 mensis
3973 1483 4440 1559 intercesserit,
4491 1484 4570 1548 fa-

2656 1574 2781 1636 teri
2828 1592 3091 1638 necesse
3135 1583 3234 1635 est
3278 1569 3440 1636 duos
3483 1571 3551 1634 in
3600 1582 3886 1634 montem
3914 1589 4242 1645 ¹ascensus
4288 1571 4574 1652 temporis

2656 1657 2889 1723 ordine
2957 1656 3366 1741 praecedere.
3478 1657 3671 1721 Nunc
3743 1656 4110 1737 quaeritur,
4193 1655 4573 1737 principione

2657 1745 2875 1828 quarti
2934 1743 3173 1809 mensis
3233 1752 3505 1807 vocatus
3560 1742 3779 1827 fuerit·
3814 1742 3894 1805 ad
3954 1740 4309 1806 sumendas
4351 1743 4576 1823 priores

2656 1831 2933 1896 tabulas.
3024 1828 3098 1896 Si
3158 1829 3281 1894 hoc
3340 1829 3681 1911 recipitur,
3737 1828 3855 1890 vix
3913 1844 4067 1891 ante
4126 1828 4327 1891 finem
4385 1828 4574 1893 octavi

2657 1917 2900 1982 mensis
2979 1917 3189 1998 potuit
3263 1913 3345 1979 de
3423 1913 3777 1979 sanctuarii
3844 1912 4136 1978 aedificio
4202 1913 4575 1995 praecipere.

2656 2003 2828 2068 Nam
2884 2002 3056 2067 inter
3100 2001 3266 2065 duos
3310 2002 3626 2065 ascensus
3669 1998 4025 2063 absurdum
4072 1998 4304 2063 fuisset
4345 1999 4578 2063 tabulas

2659 2087 2814 2153 dare
2872 2088 3125 2170 paterni
3170 2085 3449 2166 favoris,
3509 2106 3709 2167 quum
3756 2083 4008 2150 dissidii
4054 2086 4239 2149 testis
4287 2094 4459 2151 esset
4494 2106 4579 2150 se-

2658 2175 2910 2258 paratio
2957 2173 3378 2239 tabernaculi.
3471 2170 3581 2238 Sic
3625 2171 3830 2255 igitur
3873 2170 4233 2251 constituo,
4292 2170 4363 2234 in
4407 2171 4582 2254 longo

2659 2273 2724 2325 et
2788 2260 3045 2326 difficili
3109 2280 3303 2342 opere
3354 2268 3777 2340 consumptos
3836 2257 4037 2321 fuisse
4096 2267 4267 2322 totos
4327 2268 4580 2340 quatuor

2659 2367 2935 2411 menses.
3028 2347 3125 2411 Ac
3183 2356 3357 2410 certe
3417 2345 3654 2408 mirum
3713 2342 3841 2407 fuit
3893 2352 4029 2407 tam
4073 2344 4392 2426 exiguum
4437 2354 4583 2407 tem·

2661 2454 2785 2516 pus
2829 2432 3162 2497 sufficere:
3212 2431 3340 2495 nisi
3385 2429 3555 2513 quod
3603 2428 4009 2494 incredibilis
4055 2431 4419 2494 strenuitas
4460 2448 4581 2493 om·

2664 2519 2844 2583 nium
2891 2517 3266 2599 opinionem
3318 2517 3492 2593 vicit,
3536 2536 3739 2599 quum
3784 2515 4083 2582 certatim
4130 2515 4378 2598 singuli
4423 2514 4585 2578 inde-

2664 2604 2833 2669 fesso
2900 2604 3119 2669 labore
3186 2601 3265 2667 ad
3336 2621 3500 2684 opus
3566 2600 4061 2666 accelerandum
4129 2599 4582 2665 incumberent.

2666 2691 2754 2754 Et
2797 2689 3130 2774 probabile
3174 2701 3291 2764 est,
3337 2709 3418 2751 ex
3465 2704 3592 2770 quo
3617 2688 3800 2751 Deus
3844 2684 4068 2752 foedus
4112 2708 4308 2751 suum
4347 2688 4586 2771 pepige-

2664 2786 2798 2851 rat,
2871 2777 3096 2841 statim
3156 2775 3235 2838 de
3288 2774 3735 2848 tabernacu10‚
3807 2772 4073 2854 eiusque
4130 2772 4585 2856 appendicibus

2662 2874 3009 2946 praecepta
3031 2860 3313 2926 dedisse:
3363 2882 3443 2924 ne
3467 2874 3745 2923 externa
3772 2859 4037 2941 pietatis
4071 2860 4408 2939 exercitia,
4440 2876 4587 2941 quae

2664 2948 2948 3012 vidimus
2992 2946 3195 3012 fuisse
3239 2945 3588 3012 admodum
3635 2944 4035 3022 necessaria,
4079 2945 4403 3027 populum
4448 2944 4586 3008 defl-

2660 3046 2902 3100 cerent.
2998 3031 3216 3117 Opere
3276 3046 3494 3098 autem
3551 3030 3879 3114 completo
3938 3031 4159 3096 iussus
4218 3041 4327 3097 est
4385 3039 4589 3114 postea

2659 3143 2887 3186 rursus
2912 3121 3130 3186 Moses
3173 3116 3480 3185 accedere
3523 3116 3604 3182 ad
3632 3119 3867 3201 Deum,
3911 3137 4059 3183 cum
4106 3116 4320 3182 fratre
4357 3116 4587 3195 Nadab,

2661 3208 2834 3272 Abiu
2894 3217 2960 3271 et
3017 3205 3443 3289 septuaginta
3488 3204 3883 3268 senioribus:
3943 3213 4009 3266 et
4054 3216 4199 3287 post
4236 3204 4461 3268 oblata
4499 3223 4587 3267 sa·

2658 3293 2934 3372 crificia,
2980 3291 3155 3356 nube
3198 3291 3448 3357 obiecta
3489 3299 3790 3373 receptus
3833 3299 3932 3353 cst
3976 3287 4060 3352 ad
4104 3288 4436 3354 familiare
4475 3288 4587 3353 col-

2660 3379 2949 3461 loquium
2997 3377 3158 3454 Dei,
3221 3378 3329 3442 ubi
3387 3375 3643 3442 circiter
3701 3374 4212 3458 sesquimensem
4264 3374 4585 3459 transegit.

2662 3466 3016 3545 Reversus,
3054 3464 3417 3529 defectione
3441 3462 3661 3545 populi
3687 3461 3965 3545 cognita,
4014 3470 4158 3544 post
4203 3461 4453 3526 editam
4489 3460 4588 3524 tri-

2658 3572 2771 3616 um
2809 3551 3087 3615 millium
3124 3563 3432 3632 stragem,
3481 3548 3726 3612 luctum
3768 3547 4003 3630 populo
4053 3547 4321 3613 indixit.
4389 3547 4587 3628 Quam

2661 3637 3039 3701 diuturnam
3100 3636 3379 3700 traxerit
3434 3655 3682 3699 moram
3748 3634 4068 3699 nescitur:
4131 3633 4472 3716 probabile
4510 3642 4591 3697 ta·

2663 3744 2811 3787 men
2860 3736 2959 3786 est
3004 3723 3236 3786 saltem
3281 3741 3487 3784 unum
3536 3740 3826 3784 mensem
3874 3720 4204 3784 effluxisse
4256 3731 4588 3801 antequam

2661 3821 3097 3873 revocaretur.
3188 3807 3328 3871 Iam
3380 3806 3693 3870 habemus
3759 3826 3960 3887 supra
4006 3825 4246 3869 novem
4317 3821 4589 3870 menses:

2662 3894 2928 3960 accedat
2991 3893 3456 3976 sesquimensis
3513 3912 3639 3973 quo
3698 3901 3996 3956 retentus
4051 3891 4180 3955 fuit
4241 3892 4316 3955 in
4370 3901 4589 3966 monte,

2661 4002 2794 4045 non
2854 3980 3081 4064 procul
3138 3980 3386 4043 erimus
3431 4001 3469 4042 a
3512 3979 3643 4041 fine
3685 3979 3859 4042 anni.
3950 3977 4139 4041 Tunc
4184 3998 4348 4043 vero
4383 3999 4452 4042 se
4492 3996 4591 4058 po-

2661 4067 2819 4149 pulo
2880 4065 3166 4130 restituit
3213 4067 3423 4129 Deus:
3471 4075 3664 4146 atque
3709 4063 3802 4128 ita
3849 4083 4005 4127 mox
4047 4076 4333 4146 sequuta
4377 4075 4472 4129 est
4511 4062 4590 4125 le·

2664 4153 2899 4237 gitima
2950 4150 3355 4217 tabernaculi
3415 4150 3766 4223 dedicati0,
3828 4169 3994 4231 quae
4053 4149 4231 4214 facta
4289 4158 4393 4215 est
4434 4166 4592 4212 anno

2661 4238 2977 4315 secundo,
3038 4238 3221 4301 initio
3280 4236 3477 4320 primi
3529 4236 3795 4300 mensis.
3885 4234 4233 4300 Celebrate
4280 4236 4590 4318 paschate,

2663 4327 2926 4407 signum
2985 4322 3405 4406 profectionis
3464 4321 3732 4385 tandem
3789 4320 4013 4386 datum
4071 4332 4202 4400 est,
4266 4321 4464 4405 idque
4504 4340 4590 4384 se-

2663 4410 2875 4475 cundo
2939 4430 3182 4474 mense.
3273 4406 3740 4489 Respondeant
3797 4427 3975 4471 nunc
4018 4407 4251 4486 velim,
4316 4408 4376 4471 si
4418 4407 4520 4489 qui
4558 4423 4591 4467 a

2666 4518 2767 4560 me
2813 4495 3230 4574 dissentiunt,
3275 4495 3385 4578 qui
3430 4495 3780 4559 conveniat
3821 4492 4078 4558 detecta
4120 4494 4352 4576 populi
4397 4506 4589 4556 trans·

2664 4582 3034 4665 gressione,
3112 4582 3334 4645 Mosen
3394 4578 3658 4644 demum
3717 4579 4005 4661 coepisse
4062 4577 4145 4642 ad
4202 4589 4590 4645 structuram

2663 4688 2773 4732 eos
2811 4667 3075 4747 hortari,
3121 4688 3321 4750 quum
3362 4668 3426 4729 in
3473 4674 3609 4729 toto
3645 4666 3786 4731 eius
3831 4685 4135 4730 sermone
4172 4665 4363 4729 nulla
4407 4663 4591 4729 idolo-

2663 4753 2895 4818 latriae
2939 4755 3056 4819 fiat
3101 4754 3361 4817 mentio.
3445 4750 3643 4817 Certe
3685 4749 3989 4815 omnibus
4033 4750 4237 4833 probe
4284 4751 4590 4835 expensis,

2663 4861 3019 4923 agnoscere
3084 4852 3458 4921 promptum
3525 4838 3678 4914 erit,
3746 4838 4077 4921 integrum
4136 4836 4357 4904 adhuc
4412 4836 4592 4902 fuisse

2662 4926 3013 5008 populum,
3093 4925 3202 4989 ubi
3285 4934 3420 4988 tam
3490 4922 3791 4987 alacriter
3854 4943 3975 4987 sua
4037 4924 4180 4987 Deo
4249 4930 4587 4988 consecrat.

2665 5011 2797 5078 Sed
2854 5011 2966 5076 illo
3016 5009 3185 5093 quod
3233 5009 3429 5074 citavi
3475 5009 3680 5074 Mosis
3737 5010 4141 5086 testimonio,
4201 5018 4345 5073 tota
4389 5026 4592 5091 quaes·-

2665 5099 2756 5161 tio
2801 5099 2961 5161 satis
3005 5095 3378 5179 expeditur,
3425 5106 3772 5178 antequam
3820 5094 4040 5160 Moses
4085 5116 4235 5160 cum
4284 5094 4588 5178 prioribus

2665 5184 2901 5248 tabulis
2946 5180 3405 5259 descenderet,
3450 5182 3649 5246 fuisse
3689 5180 4216 5246 tabernaculum:
4270 5181 4396 5245 nisi
4442 5181 4588 5244 forte

2665 5270 3015 5352 excipiant,
3054 5266 3233 5334 aliud
3274 5267 3471 5333 fuisse
3508 5276 3576 5331 et
3601 5266 3934 5332 diversum
3958 5266 4041 5330 ab
4071 5287 4147 5331 eo
4183 5266 4361 5350 quod
4386 5275 4590 5349 postea

2665 5377 2748 5419 ex
2833 5354 2957 5418 Dei
3041 5353 3349 5419 mandato
3421 5355 3856 5436 compositum
3946 5352 4087 5418 fuit.
4214 5352 4366 5418 Hoc
4452 5367 4589 5418 vero
