<?xml version="1.0" encoding="UTF-8"?>
<!DOCTYPE html PUBLIC "-//W3C//DTD XHTML 1.0 Transitional//EN"
    "http://www.w3.org/TR/xhtml1/DTD/xhtml1-transitional.dtd">
<html xmlns="http://www.w3.org/1999/xhtml" xml:lang="en" lang="en">
 <head>
  <title>
</title>
<meta http-equiv="Content-Type" content="text/html;charset=utf-8" />
  <meta name='ocr-system' content='tesseract 3.04.00' />
  <meta name='ocr-capabilities' content='ocr_page ocr_carea ocr_par ocr_line ocrx_word'/>
</head>
<body>
  <div class='ocr_page' id='page_1' title='image "./ioanniscalvinio04unkngoog_0375.png"; bbox 0 0 4867 6150; ppageno 0'>
   <div class='ocr_carea' id='block_1_1' title="bbox 363 478 492 546">
    <p class='ocr_par' dir='ltr' id='par_1_1' title="bbox 363 478 492 546">
     <span class='ocr_line' id='line_1_1' title="bbox 363 478 492 546; baseline 0 -1"><span class='ocrx_word' id='word_1_1' title='bbox 363 478 492 546; x_wconf 81' lang='lat'>705</span> 
     </span>
    </p>
   </div>
   <div class='ocr_carea' id='block_1_2' title="bbox 361 661 2318 3241">
    <p class='ocr_par' dir='ltr' id='par_1_2' title="bbox 361 661 2318 3241">
     <span class='ocr_line' id='line_1_2' title="bbox 369 661 2310 742; baseline -0.003 -10"><span class='ocrx_word' id='word_1_2' title='bbox 369 666 592 733; x_wconf 88' lang='lat' dir='ltr'>tionis:</span> <span class='ocrx_word' id='word_1_3' title='bbox 656 685 831 731; x_wconf 89' lang='lat' dir='ltr'>anno</span> <span class='ocrx_word' id='word_1_4' title='bbox 890 675 1107 730; x_wconf 89' lang='lat' dir='ltr'>tamen</span> <span class='ocrx_word' id='word_1_5' title='bbox 1153 663 1429 730; x_wconf 88' lang='lat' dir='ltr'>Iubilaei</span> <span class='ocrx_word' id='word_1_6' title='bbox 1488 662 1766 730; x_wconf 90' lang='lat' dir='ltr'>liberum</span> <span class='ocrx_word' id='word_1_7' title='bbox 1828 661 2074 727; x_wconf 89' lang='lat' dir='ltr'>dimitti</span> <span class='ocrx_word' id='word_1_8' title='bbox 2108 661 2310 742; x_wconf 92' lang='lat' dir='ltr'>iubet,</span> 
     </span>
     <span class='ocr_line' id='line_1_3' title="bbox 363 747 2312 837; baseline -0.003 -19"><span class='ocrx_word' id='word_1_9' title='bbox 363 774 497 837; x_wconf 91' lang='lat' dir='ltr'>quo</span> <span class='ocrx_word' id='word_1_10' title='bbox 540 751 866 836; x_wconf 88' lang='lat' dir='ltr'>generalis</span> <span class='ocrx_word' id='word_1_11' title='bbox 910 750 1108 816; x_wconf 89' lang='lat' dir='ltr'>fiebat</span> <span class='ocrx_word' id='word_1_12' title='bbox 1152 750 1608 830; x_wconf 80' lang='lat' dir='ltr'>manumissio,</span> <span class='ocrx_word' id='word_1_13' title='bbox 1653 759 1971 833; x_wconf 87' lang='lat' dir='ltr'>quantum</span> <span class='ocrx_word' id='word_1_14' title='bbox 2018 747 2101 814; x_wconf 90' lang='lat' dir='ltr'>ad</span> <span class='ocrx_word' id='word_1_15' title='bbox 2145 749 2312 813; x_wconf 89' lang='lat' dir='ltr'>filios</span> 
     </span>
     <span class='ocr_line' id='line_1_4' title="bbox 367 834 2310 919; baseline -0.004 -14"><span class='ocrx_word' id='word_1_16' title='bbox 367 839 693 905; x_wconf 79' lang='lat' dir='ltr'><strong>Abrahae.</strong></span> <span class='ocrx_word' id='word_1_17' title='bbox 780 837 971 902; x_wconf 81' lang='lat' dir='ltr'>Finis</span> <span class='ocrx_word' id='word_1_18' title='bbox 1028 844 1250 901; x_wconf 90' lang='lat' dir='ltr'>autem</span> <span class='ocrx_word' id='word_1_19' title='bbox 1308 837 1472 919; x_wconf 86' lang='lat' dir='ltr'>legis</span> <span class='ocrx_word' id='word_1_20' title='bbox 1533 836 1692 914; x_wconf 90' lang='lat' dir='ltr'>fuit,</span> <span class='ocrx_word' id='word_1_21' title='bbox 1751 856 1833 901; x_wconf 89' lang='lat' dir='ltr'>ne</span> <span class='ocrx_word' id='word_1_22' title='bbox 1890 834 2036 917; x_wconf 91' lang='lat' dir='ltr'>quis</span> <span class='ocrx_word' id='word_1_23' title='bbox 2086 855 2310 899; x_wconf 92' lang='lat' dir='ltr'>eorum</span> 
     </span>
     <span class='ocr_line' id='line_1_5' title="bbox 368 921 2310 1008; baseline -0.003 -19"><span class='ocrx_word' id='word_1_24' title='bbox 368 945 531 1008; x_wconf 91' lang='lat' dir='ltr'>quos</span> <span class='ocrx_word' id='word_1_25' title='bbox 590 922 775 989; x_wconf 88' lang='lat' dir='ltr'>Deus</span> <span class='ocrx_word' id='word_1_26' title='bbox 832 922 1261 1006; x_wconf 89' lang='lat' dir='ltr'>adoptaverat</span> <span class='ocrx_word' id='word_1_27' title='bbox 1319 921 1720 987; x_wconf 79' lang='lat' dir='ltr'>alienaretur</span> <span class='ocrx_word' id='word_1_28' title='bbox 1777 941 1817 985; x_wconf 90' lang='lat' dir='ltr'>a</span> <span class='ocrx_word' id='word_1_29' title='bbox 1872 940 2115 1004; x_wconf 83' lang='lat' dir='ltr'>genere</span> <span class='ocrx_word' id='word_1_30' title='bbox 2172 940 2310 1000; x_wconf 90' lang='lat' dir='ltr'>suc,</span> 
     </span>
     <span class='ocr_line' id='line_1_6' title="bbox 368 1006 2312 1093; baseline -0.003 -17"><span class='ocrx_word' id='word_1_31' title='bbox 368 1019 562 1093; x_wconf 89' lang='lat' dir='ltr'>atque</span> <span class='ocrx_word' id='word_1_32' title='bbox 615 1009 739 1075; x_wconf 90' lang='lat' dir='ltr'>hoc</span> <span class='ocrx_word' id='word_1_33' title='bbox 796 1008 987 1074; x_wconf 91' lang='lat' dir='ltr'>modo</span> <span class='ocrx_word' id='word_1_34' title='bbox 1042 1006 1428 1073; x_wconf 78' lang='lat' dir='ltr'>descisceret</span> <span class='ocrx_word' id='word_1_35' title='bbox 1486 1029 1525 1072; x_wconf 89' lang='lat' dir='ltr'>a</span> <span class='ocrx_word' id='word_1_36' title='bbox 1582 1007 1867 1091; x_wconf 87' lang='lat' dir='ltr'>genuino</span> <span class='ocrx_word' id='word_1_37' title='bbox 1926 1006 2055 1072; x_wconf 90' lang='lat' dir='ltr'>Dei</span> <span class='ocrx_word' id='word_1_38' title='bbox 2109 1006 2312 1089; x_wconf 90' lang='lat' dir='ltr'>ipsius</span> 
     </span>
     <span class='ocr_line' id='line_1_7' title="bbox 367 1092 2313 1177; baseline -0.002 -17"><span class='ocrx_word' id='word_1_39' title='bbox 367 1097 562 1161; x_wconf 91' lang='lat' dir='ltr'>cultu.</span> <span class='ocrx_word' id='word_1_40' title='bbox 652 1094 730 1160; x_wconf 94' lang='lat' dir='ltr'>Id</span> <span class='ocrx_word' id='word_1_41' title='bbox 775 1103 985 1160; x_wconf 92' lang='lat' dir='ltr'>totum</span> <span class='ocrx_word' id='word_1_42' title='bbox 1030 1094 1610 1177; x_wconf 75' lang='lat' dir='ltr'>comprehenditur</span> <span class='ocrx_word' id='word_1_43' title='bbox 1651 1113 1849 1159; x_wconf 87' lang='lat' dir='ltr'>versu</span> <span class='ocrx_word' id='word_1_44' title='bbox 1896 1093 2155 1172; x_wconf 91' lang='lat' dir='ltr'>ultim0‚</span> <span class='ocrx_word' id='word_1_45' title='bbox 2201 1092 2313 1158; x_wconf 91' lang='lat' dir='ltr'>ubi</span> 
     </span>
     <span class='ocr_line' id='line_1_8' title="bbox 367 1178 2313 1265; baseline -0.003 -18"><span class='ocrx_word' id='word_1_46' title='bbox 367 1183 610 1248; x_wconf 91' lang='lat' dir='ltr'>iterum</span> <span class='ocrx_word' id='word_1_47' title='bbox 667 1181 1056 1265; x_wconf 81' lang='lat' dir='ltr'>pronunciat</span> <span class='ocrx_word' id='word_1_48' title='bbox 1101 1181 1283 1246; x_wconf 91' lang='lat' dir='ltr'>Deus</span> <span class='ocrx_word' id='word_1_49' title='bbox 1341 1180 1509 1245; x_wconf 88' lang='lat' dir='ltr'>filios</span> <span class='ocrx_word' id='word_1_50' title='bbox 1555 1178 1864 1245; x_wconf 81' lang='lat' dir='ltr'>Abrahae</span> <span class='ocrx_word' id='word_1_51' title='bbox 1919 1199 2060 1244; x_wconf 87' lang='lat' dir='ltr'>esse</span> <span class='ocrx_word' id='word_1_52' title='bbox 2120 1199 2313 1244; x_wconf 91' lang='lat' dir='ltr'>suum</span> 
     </span>
     <span class='ocr_line' id='line_1_9' title="bbox 364 1264 2313 1353; baseline -0.004 -19"><span class='ocrx_word' id='word_1_53' title='bbox 364 1269 725 1353; x_wconf 90' lang='lat' dir='ltr'>peculium,</span> <span class='ocrx_word' id='word_1_54' title='bbox 779 1268 1087 1350; x_wconf 88' lang='lat' dir='ltr'>quoniam</span> <span class='ocrx_word' id='word_1_55' title='bbox 1145 1287 1253 1331; x_wconf 91' lang='lat' dir='ltr'>eos</span> <span class='ocrx_word' id='word_1_56' title='bbox 1312 1264 1534 1331; x_wconf 86' lang='lat' dir='ltr'>eduxit</span> <span class='ocrx_word' id='word_1_57' title='bbox 1579 1285 1615 1329; x_wconf 93' lang='lat' dir='ltr'>e</span> <span class='ocrx_word' id='word_1_58' title='bbox 1660 1272 1835 1328; x_wconf 86' lang='lat' dir='ltr'>terra</span> <span class='ocrx_word' id='word_1_59' title='bbox 1878 1265 2199 1349; x_wconf 80' lang='lat' dir='ltr'>Aegypti,</span> <span class='ocrx_word' id='word_1_60' title='bbox 2246 1270 2313 1328; x_wconf 91' lang='lat' dir='ltr'>et</span> 
     </span>
     <span class='ocr_line' id='line_1_10' title="bbox 365 1349 2311 1436; baseline -0.002 -18"><span class='ocrx_word' id='word_1_61' title='bbox 365 1355 659 1423; x_wconf 84' lang='lat' dir='ltr'>vicissim</span> <span class='ocrx_word' id='word_1_62' title='bbox 712 1374 782 1418; x_wconf 90' lang='lat' dir='ltr'>se</span> <span class='ocrx_word' id='word_1_63' title='bbox 840 1353 1234 1436; x_wconf 85' lang='lat' dir='ltr'>peculiarem</span> <span class='ocrx_word' id='word_1_64' title='bbox 1281 1373 1423 1417; x_wconf 90' lang='lat' dir='ltr'>esse</span> <span class='ocrx_word' id='word_1_65' title='bbox 1466 1352 1756 1436; x_wconf 88' lang='lat' dir='ltr'>ipsorum</span> <span class='ocrx_word' id='word_1_66' title='bbox 1812 1351 2084 1415; x_wconf 88' lang='lat' dir='ltr'>Deum.·</span> <span class='ocrx_word' id='word_1_67' title='bbox 2135 1349 2311 1414; x_wconf 90' lang='lat' dir='ltr'>Nam</span> 
     </span>
     <span class='ocr_line' id='line_1_11' title="bbox 365 1435 2308 1523; baseline -0.003 -18"><span class='ocrx_word' id='word_1_68' title='bbox 365 1450 443 1506; x_wconf 90' lang='lat' dir='ltr'>ut</span> <span class='ocrx_word' id='word_1_69' title='bbox 487 1438 613 1504; x_wconf 90' lang='lat' dir='ltr'>Dei</span> <span class='ocrx_word' id='word_1_70' title='bbox 660 1438 970 1504; x_wconf 90' lang='lat' dir='ltr'>beneficio</span> <span class='ocrx_word' id='word_1_71' title='bbox 1005 1440 1182 1523; x_wconf 90' lang='lat' dir='ltr'>ipsos</span> <span class='ocrx_word' id='word_1_72' title='bbox 1218 1437 1347 1503; x_wconf 89' lang='lat' dir='ltr'>frui</span> <span class='ocrx_word' id='word_1_73' title='bbox 1383 1459 1663 1521; x_wconf 88' lang='lat' dir='ltr'>aequum</span> <span class='ocrx_word' id='word_1_74' title='bbox 1700 1437 1841 1514; x_wconf 89' lang='lat' dir='ltr'>fuit,</span> <span class='ocrx_word' id='word_1_75' title='bbox 1887 1437 1980 1502; x_wconf 89' lang='lat' dir='ltr'>sic</span> <span class='ocrx_word' id='word_1_76' title='bbox 2016 1435 2308 1502; x_wconf 88' lang='lat' dir='ltr'>vicissim</span> 
     </span>
     <span class='ocr_line' id='line_1_12' title="bbox 365 1522 2310 1610; baseline -0.004 -20"><span class='ocrx_word' id='word_1_77' title='bbox 365 1526 661 1610; x_wconf 87' lang='lat' dir='ltr'>integros</span> <span class='ocrx_word' id='word_1_78' title='bbox 684 1526 933 1590; x_wconf 87' lang='lat' dir='ltr'>servari</span> <span class='ocrx_word' id='word_1_79' title='bbox 956 1524 1246 1607; x_wconf 87' lang='lat' dir='ltr'>oportuit</span> <span class='ocrx_word' id='word_1_80' title='bbox 1280 1526 1347 1588; x_wconf 91' lang='lat' dir='ltr'>in</span> <span class='ocrx_word' id='word_1_81' title='bbox 1385 1533 1561 1589; x_wconf 91' lang='lat' dir='ltr'>recto</span> <span class='ocrx_word' id='word_1_82' title='bbox 1599 1543 1888 1606; x_wconf 91' lang='lat' dir='ltr'>puroque</span> <span class='ocrx_word' id='word_1_83' title='bbox 1925 1523 2063 1588; x_wconf 90' lang='lat' dir='ltr'>eius</span> <span class='ocrx_word' id='word_1_84' title='bbox 2098 1522 2310 1589; x_wconf 87' lang='lat' dir='ltr'>cultu:</span> 
     </span>
     <span class='ocr_line' id='line_1_13' title="bbox 366 1607 2312 1695; baseline -0.003 -18"><span class='ocrx_word' id='word_1_85' title='bbox 366 1612 423 1677; x_wconf 90' lang='lat' dir='ltr'>si</span> <span class='ocrx_word' id='word_1_86' title='bbox 469 1632 629 1676; x_wconf 88' lang='lat' dir='ltr'>vero</span> <span class='ocrx_word' id='word_1_87' title='bbox 671 1610 954 1676; x_wconf 90' lang='lat' dir='ltr'>fuissent</span> <span class='ocrx_word' id='word_1_88' title='bbox 996 1610 1293 1695; x_wconf 88' lang='lat' dir='ltr'>gentium</span> <span class='ocrx_word' id='word_1_89' title='bbox 1331 1609 1677 1691; x_wconf 89' lang='lat' dir='ltr'>mancipia,</span> <span class='ocrx_word' id='word_1_90' title='bbox 1724 1629 1858 1673; x_wconf 92' lang='lat' dir='ltr'>non</span> <span class='ocrx_word' id='word_1_91' title='bbox 1893 1607 2084 1674; x_wconf 92' lang='lat' dir='ltr'>modo</span> <span class='ocrx_word' id='word_1_92' title='bbox 2120 1607 2312 1672; x_wconf 89' lang='lat' dir='ltr'>dimi·</span> 
     </span>
     <span class='ocr_line' id='line_1_14' title="bbox 364 1692 2311 1779; baseline -0.003 -16"><span class='ocrx_word' id='word_1_93' title='bbox 364 1698 698 1763; x_wconf 88' lang='lat' dir='ltr'>nuebatur</span> <span class='ocrx_word' id='word_1_94' title='bbox 741 1696 985 1762; x_wconf 87' lang='lat' dir='ltr'>electus</span> <span class='ocrx_word' id='word_1_95' title='bbox 1031 1694 1325 1779; x_wconf 88' lang='lat' dir='ltr'>populus,</span> <span class='ocrx_word' id='word_1_96' title='bbox 1368 1692 1480 1761; x_wconf 91' lang='lat' dir='ltr'>sed</span> <span class='ocrx_word' id='word_1_97' title='bbox 1525 1693 1938 1779; x_wconf 86' lang='lat' dir='ltr'>polluebatur</span> <span class='ocrx_word' id='word_1_98' title='bbox 1972 1694 2311 1760; x_wconf 88' lang='lat' dir='ltr'>circumci-</span> 
     </span>
     <span class='ocr_line' id='line_1_15' title="bbox 365 1780 2310 1867; baseline -0.003 -18"><span class='ocrx_word' id='word_1_99' title='bbox 365 1783 497 1862; x_wconf 89' lang='lat' dir='ltr'>si0,</span> <span class='ocrx_word' id='word_1_100' title='bbox 546 1792 611 1848; x_wconf 89' lang='lat' dir='ltr'>et</span> <span class='ocrx_word' id='word_1_101' title='bbox 656 1783 892 1867; x_wconf 86' lang='lat' dir='ltr'>impiae</span> <span class='ocrx_word' id='word_1_102' title='bbox 949 1782 1297 1847; x_wconf 87' lang='lat' dir='ltr'>defectioni</span> <span class='ocrx_word' id='word_1_103' title='bbox 1342 1780 1539 1846; x_wconf 91' lang='lat' dir='ltr'>ianua</span> <span class='ocrx_word' id='word_1_104' title='bbox 1583 1780 2012 1864; x_wconf 89' lang='lat' dir='ltr'>aperiebatur.</span> <span class='ocrx_word' id='word_1_105' title='bbox 2104 1781 2310 1844; x_wconf 91' lang='lat' dir='ltr'>Porro</span> 
     </span>
     <span class='ocr_line' id='line_1_16' title="bbox 363 1864 2310 1952; baseline -0.002 -18"><span class='ocrx_word' id='word_1_106' title='bbox 363 1869 580 1952; x_wconf 85' lang='lat' dir='ltr'>legem</span> <span class='ocrx_word' id='word_1_107' title='bbox 626 1890 810 1934; x_wconf 84' lang='lat' dir='ltr'>suam</span> <span class='ocrx_word' id='word_1_108' title='bbox 857 1867 1043 1934; x_wconf 90' lang='lat' dir='ltr'>Deus</span> <span class='ocrx_word' id='word_1_109' title='bbox 1085 1867 1178 1931; x_wconf 84' lang='lat' dir='ltr'>ita</span> <span class='ocrx_word' id='word_1_110' title='bbox 1223 1877 1545 1951; x_wconf 86' lang='lat' dir='ltr'>temperat</span> <span class='ocrx_word' id='word_1_111' title='bbox 1602 1875 1679 1932; x_wconf 93' lang='lat' dir='ltr'>ut</span> <span class='ocrx_word' id='word_1_112' title='bbox 1731 1866 2085 1947; x_wconf 89' lang='lat' dir='ltr'>inquilinos</span> <span class='ocrx_word' id='word_1_113' title='bbox 2129 1864 2310 1930; x_wconf 91' lang='lat' dir='ltr'>nullo</span> 
     </span>
     <span class='ocr_line' id='line_1_17' title="bbox 363 1953 2307 2038; baseline -0.003 -19"><span class='ocrx_word' id='word_1_114' title='bbox 363 1956 591 2037; x_wconf 92' lang='lat' dir='ltr'>iniquo</span> <span class='ocrx_word' id='word_1_115' title='bbox 635 1954 972 2038; x_wconf 88' lang='lat' dir='ltr'>dispendio</span> <span class='ocrx_word' id='word_1_116' title='bbox 1016 1964 1269 2036; x_wconf 85' lang='lat' dir='ltr'>gravet,</span> <span class='ocrx_word' id='word_1_117' title='bbox 1315 1975 1515 2036; x_wconf 90' lang='lat' dir='ltr'>quum</span> <span class='ocrx_word' id='word_1_118' title='bbox 1559 1953 1711 2035; x_wconf 91' lang='lat' dir='ltr'>plus</span> <span class='ocrx_word' id='word_1_119' title='bbox 1754 1953 1947 2036; x_wconf 89' lang='lat' dir='ltr'>ipsis,</span> <span class='ocrx_word' id='word_1_120' title='bbox 1991 1962 2307 2035; x_wconf 90' lang='lat' dir='ltr'>quantum</span> 
     </span>
     <span class='ocr_line' id='line_1_18' title="bbox 365 2036 2310 2125; baseline -0.003 -19"><span class='ocrx_word' id='word_1_121' title='bbox 365 2041 450 2106; x_wconf 88' lang='lat' dir='ltr'>ad</span> <span class='ocrx_word' id='word_1_122' title='bbox 495 2059 719 2107; x_wconf 86' lang='lat' dir='ltr'>servos</span> <span class='ocrx_word' id='word_1_123' title='bbox 742 2039 1095 2117; x_wconf 88' lang='lat' dir='ltr'>Hebraeos,</span> <span class='ocrx_word' id='word_1_124' title='bbox 1141 2040 1462 2125; x_wconf 88' lang='lat' dir='ltr'>largiatur</span> <span class='ocrx_word' id='word_1_125' title='bbox 1496 2059 1694 2123; x_wconf 91' lang='lat' dir='ltr'>quam</span> <span class='ocrx_word' id='word_1_126' title='bbox 1729 2039 2076 2122; x_wconf 87' lang='lat' dir='ltr'>indigenis.</span> <span class='ocrx_word' id='word_1_127' title='bbox 2144 2036 2310 2102; x_wconf 83' lang='lat' dir='ltr'>Exi-</span> 
     </span>
     <span class='ocr_line' id='line_1_19' title="bbox 363 2124 2310 2209; baseline -0.003 -16"><span class='ocrx_word' id='word_1_128' title='bbox 363 2128 528 2193; x_wconf 89' lang='lat' dir='ltr'>bant</span> <span class='ocrx_word' id='word_1_129' title='bbox 585 2127 758 2190; x_wconf 91' lang='lat' dir='ltr'>enim</span> <span class='ocrx_word' id='word_1_130' title='bbox 802 2126 991 2191; x_wconf 87' lang='lat' dir='ltr'>liberi</span> <span class='ocrx_word' id='word_1_131' title='bbox 1037 2147 1210 2191; x_wconf 88' lang='lat' dir='ltr'>anno</span> <span class='ocrx_word' id='word_1_132' title='bbox 1255 2127 1533 2209; x_wconf 88' lang='lat' dir='ltr'>septimo</span> <span class='ocrx_word' id='word_1_133' title='bbox 1577 2125 1631 2191; x_wconf 90' lang='lat' dir='ltr'>si</span> <span class='ocrx_word' id='word_1_134' title='bbox 1677 2146 1748 2190; x_wconf 91' lang='lat' dir='ltr'>se</span> <span class='ocrx_word' id='word_1_135' title='bbox 1791 2124 2106 2189; x_wconf 86' lang='lat' dir='ltr'>fratribus</span> <span class='ocrx_word' id='word_1_136' title='bbox 2151 2145 2310 2189; x_wconf 88' lang='lat' dir='ltr'>ven-</span> 
     </span>
     <span class='ocr_line' id='line_1_20' title="bbox 365 2210 2311 2294; baseline -0.002 -18"><span class='ocrx_word' id='word_1_137' title='bbox 365 2212 702 2277; x_wconf 87' lang='lat' dir='ltr'>diderant:</span> <span class='ocrx_word' id='word_1_138' title='bbox 746 2214 866 2277; x_wconf 91' lang='lat' dir='ltr'>sub</span> <span class='ocrx_word' id='word_1_139' title='bbox 902 2211 1240 2294; x_wconf 89' lang='lat' dir='ltr'>inquilinis</span> <span class='ocrx_word' id='word_1_140' title='bbox 1294 2232 1451 2277; x_wconf 87' lang='lat' dir='ltr'>vero</span> <span class='ocrx_word' id='word_1_141' title='bbox 1509 2210 1985 2277; x_wconf 82' lang='lat' dir='ltr'>extendebatur</span> <span class='ocrx_word' id='word_1_142' title='bbox 2025 2211 2311 2275; x_wconf 85' lang='lat' dir='ltr'>servitus</span> 
     </span>
     <span class='ocr_line' id='line_1_21' title="bbox 365 2296 2311 2382; baseline -0.001 -21"><span class='ocrx_word' id='word_1_143' title='bbox 365 2296 447 2361; x_wconf 91' lang='lat' dir='ltr'>ad</span> <span class='ocrx_word' id='word_1_144' title='bbox 495 2319 741 2364; x_wconf 89' lang='lat' dir='ltr'>annum</span> <span class='ocrx_word' id='word_1_145' title='bbox 787 2298 1421 2382; x_wconf 88' lang='lat' dir='ltr'>quinquagesimum.</span> <span class='ocrx_word' id='word_1_146' title='bbox 1509 2296 1638 2362; x_wconf 92' lang='lat' dir='ltr'>Illa</span> <span class='ocrx_word' id='word_1_147' title='bbox 1693 2304 1951 2362; x_wconf 89' lang='lat' dir='ltr'>tantum</span> <span class='ocrx_word' id='word_1_148' title='bbox 2015 2296 2311 2380; x_wconf 84' lang='lat' dir='ltr'>exceptio</span> 
     </span>
     <span class='ocr_line' id='line_1_22' title="bbox 362 2382 2311 2468; baseline -0.001 -21"><span class='ocrx_word' id='word_1_149' title='bbox 362 2384 487 2448; x_wconf 88' lang='lat' dir='ltr'>fuit</span> <span class='ocrx_word' id='word_1_150' title='bbox 522 2383 762 2463; x_wconf 90' lang='lat' dir='ltr'>addita,</span> <span class='ocrx_word' id='word_1_151' title='bbox 799 2394 876 2448; x_wconf 89' lang='lat' dir='ltr'>ut</span> <span class='ocrx_word' id='word_1_152' title='bbox 909 2405 1069 2466; x_wconf 92' lang='lat' dir='ltr'>quos</span> <span class='ocrx_word' id='word_1_153' title='bbox 1103 2394 1353 2448; x_wconf 89' lang='lat' dir='ltr'>emerat·</span> <span class='ocrx_word' id='word_1_154' title='bbox 1375 2382 1748 2468; x_wconf 84' lang='lat' dir='ltr'>alienigena</span> <span class='ocrx_word' id='word_1_155' title='bbox 1769 2403 2014 2461; x_wconf 85' lang='lat' dir='ltr'>servos,</span> <span class='ocrx_word' id='word_1_156' title='bbox 2050 2389 2311 2465; x_wconf 88' lang='lat' dir='ltr'>accepto</span> 
     </span>
     <span class='ocr_line' id='line_1_23' title="bbox 363 2468 2310 2553; baseline -0.002 -19"><span class='ocrx_word' id='word_1_157' title='bbox 363 2469 575 2553; x_wconf 88' lang='lat' dir='ltr'>pretio</span> <span class='ocrx_word' id='word_1_158' title='bbox 620 2472 1132 2534; x_wconf 86' lang='lat' dir='ltr'>manumitteret.</span> <span class='ocrx_word' id='word_1_159' title='bbox 1202 2468 1557 2536; x_wconf 83' lang='lat' dir='ltr'>Caeterum</span> <span class='ocrx_word' id='word_1_160' title='bbox 1602 2490 1799 2552; x_wconf 91' lang='lat' dir='ltr'>quum</span> <span class='ocrx_word' id='word_1_161' title='bbox 1847 2468 2129 2534; x_wconf 87' lang='lat' dir='ltr'>antehac</span> <span class='ocrx_word' id='word_1_162' title='bbox 2172 2468 2310 2550; x_wconf 94' lang='lat' dir='ltr'>pol-</span> 
     </span>
     <span class='ocr_line' id='line_1_24' title="bbox 364 2553 2309 2639; baseline -0.002 -19"><span class='ocrx_word' id='word_1_163' title='bbox 364 2555 582 2622; x_wconf 87' lang='lat' dir='ltr'>licitus</span> <span class='ocrx_word' id='word_1_164' title='bbox 634 2555 838 2621; x_wconf 86' lang='lat' dir='ltr'>fuerit</span> <span class='ocrx_word' id='word_1_165' title='bbox 877 2554 1066 2621; x_wconf 90' lang='lat' dir='ltr'>Deus</span> <span class='ocrx_word' id='word_1_166' title='bbox 1123 2556 1360 2639; x_wconf 93' lang='lat' dir='ltr'>populo</span> <span class='ocrx_word' id='word_1_167' title='bbox 1413 2575 1530 2622; x_wconf 87' lang='lat' dir='ltr'>suo</span> <span class='ocrx_word' id='word_1_168' title='bbox 1587 2555 1841 2639; x_wconf 86' lang='lat' dir='ltr'>largam</span> <span class='ocrx_word' id='word_1_169' title='bbox 1885 2564 1952 2618; x_wconf 87' lang='lat' dir='ltr'>et</span> <span class='ocrx_word' id='word_1_170' title='bbox 1997 2553 2309 2637; x_wconf 89' lang='lat' dir='ltr'>multipli-</span> 
     </span>
     <span class='ocr_line' id='line_1_25' title="bbox 367 2639 2318 2726; baseline -0.002 -19"><span class='ocrx_word' id='word_1_171' title='bbox 367 2661 510 2707; x_wconf 93' lang='lat' dir='ltr'>cem</span> <span class='ocrx_word' id='word_1_172' title='bbox 555 2642 873 2707; x_wconf 88' lang='lat' dir='ltr'>bonorum</span> <span class='ocrx_word' id='word_1_173' title='bbox 914 2642 1210 2707; x_wconf 92' lang='lat' dir='ltr'>omnium</span> <span class='ocrx_word' id='word_1_174' title='bbox 1247 2643 1533 2726; x_wconf 89' lang='lat' dir='ltr'>copiam,</span> <span class='ocrx_word' id='word_1_175' title='bbox 1573 2662 1706 2707; x_wconf 95' lang='lat' dir='ltr'>non</span> <span class='ocrx_word' id='word_1_176' title='bbox 1745 2639 2007 2706; x_wconf 89' lang='lat' dir='ltr'>aliunde</span> <span class='ocrx_word' id='word_1_177' title='bbox 2043 2640 2318 2725; x_wconf 82' lang='lat' dir='ltr'>contigit</span> 
     </span>
     <span class='ocr_line' id='line_1_26' title="bbox 361 2726 2310 2811; baseline 0 -20"><span class='ocrx_word' id='word_1_178' title='bbox 361 2727 615 2810; x_wconf 85' lang='lat' dir='ltr'>inopia,</span> <span class='ocrx_word' id='word_1_179' title='bbox 662 2729 849 2794; x_wconf 90' lang='lat' dir='ltr'>cuius</span> <span class='ocrx_word' id='word_1_180' title='bbox 892 2748 1068 2794; x_wconf 91' lang='lat' dir='ltr'>nunc</span> <span class='ocrx_word' id='word_1_181' title='bbox 1109 2727 1187 2791; x_wconf 88' lang='lat' dir='ltr'>fit</span> <span class='ocrx_word' id='word_1_182' title='bbox 1230 2727 1508 2805; x_wconf 89' lang='lat' dir='ltr'>mentio,</span> <span class='ocrx_word' id='word_1_183' title='bbox 1568 2747 1764 2811; x_wconf 88' lang='lat' dir='ltr'>quam</span> <span class='ocrx_word' id='word_1_184' title='bbox 1810 2748 1893 2792; x_wconf 91' lang='lat' dir='ltr'>ex</span> <span class='ocrx_word' id='word_1_185' title='bbox 1938 2726 2065 2793; x_wconf 92' lang='lat' dir='ltr'>Dei</span> <span class='ocrx_word' id='word_1_186' title='bbox 2110 2727 2310 2791; x_wconf 90' lang='lat' dir='ltr'>male-</span> 
     </span>
     <span class='ocr_line' id='line_1_27' title="bbox 367 2812 2316 2898; baseline 0 -21"><span class='ocrx_word' id='word_1_187' title='bbox 367 2814 669 2880; x_wconf 88' lang='lat' dir='ltr'>dictione.</span> <span class='ocrx_word' id='word_1_188' title='bbox 759 2812 1083 2879; x_wconf 87' lang='lat' dir='ltr'>Videmus</span> <span class='ocrx_word' id='word_1_189' title='bbox 1139 2834 1297 2898; x_wconf 88' lang='lat' dir='ltr'>ergo</span> <span class='ocrx_word' id='word_1_190' title='bbox 1352 2823 1427 2878; x_wconf 88' lang='lat' dir='ltr'>ut</span> <span class='ocrx_word' id='word_1_191' title='bbox 1483 2834 1601 2896; x_wconf 91' lang='lat' dir='ltr'>pro</span> <span class='ocrx_word' id='word_1_192' title='bbox 1654 2812 2152 2897; x_wconf 86' lang='lat' dir='ltr'>incomparabili</span> <span class='ocrx_word' id='word_1_193' title='bbox 2196 2833 2316 2878; x_wconf 88' lang='lat' dir='ltr'>sua</span> 
     </span>
     <span class='ocr_line' id='line_1_28' title="bbox 365 2899 2316 2983; baseline 0.001 -20"><span class='ocrx_word' id='word_1_194' title='bbox 365 2899 665 2966; x_wconf 90' lang='lat' dir='ltr'>bonitate</span> <span class='ocrx_word' id='word_1_195' title='bbox 709 2921 982 2965; x_wconf 89' lang='lat' dir='ltr'>manum</span> <span class='ocrx_word' id='word_1_196' title='bbox 1026 2900 1322 2983; x_wconf 86' lang='lat' dir='ltr'>porrigat</span> <span class='ocrx_word' id='word_1_197' title='bbox 1374 2899 1543 2982; x_wconf 88' lang='lat' dir='ltr'>legis</span> <span class='ocrx_word' id='word_1_198' title='bbox 1601 2920 1758 2965; x_wconf 85' lang='lat' dir='ltr'>suae</span> <span class='ocrx_word' id='word_1_199' title='bbox 1815 2899 2316 2983; x_wconf 86' lang='lat' dir='ltr'>transgressori·</span> 
     </span>
     <span class='ocr_line' id='line_1_29' title="bbox 366 2983 2312 3070; baseline -0.002 -19"><span class='ocrx_word' id='word_1_200' title='bbox 366 2985 520 3051; x_wconf 91' lang='lat' dir='ltr'>bus:</span> <span class='ocrx_word' id='word_1_201' title='bbox 567 2994 633 3050; x_wconf 90' lang='lat' dir='ltr'>et</span> <span class='ocrx_word' id='word_1_202' title='bbox 677 2984 833 3051; x_wconf 89' lang='lat' dir='ltr'>dum</span> <span class='ocrx_word' id='word_1_203' title='bbox 879 3007 988 3051; x_wconf 94' lang='lat' dir='ltr'>eos</span> <span class='ocrx_word' id='word_1_204' title='bbox 1033 2986 1338 3068; x_wconf 83' lang='lat' dir='ltr'>pauperie</span> <span class='ocrx_word' id='word_1_205' title='bbox 1382 2985 1690 3070; x_wconf 87' lang='lat' dir='ltr'>castigat,</span> <span class='ocrx_word' id='word_1_206' title='bbox 1750 2983 1949 3051; x_wconf 89' lang='lat' dir='ltr'>simul</span> <span class='ocrx_word' id='word_1_207' title='bbox 1991 2984 2122 3050; x_wconf 91' lang='lat' dir='ltr'>illis</span> <span class='ocrx_word' id='word_1_208' title='bbox 2166 3006 2312 3067; x_wconf 90' lang='lat' dir='ltr'>pro-</span> 
     </span>
     <span class='ocr_line' id='line_1_30' title="bbox 368 3069 2315 3156; baseline 0 -19"><span class='ocrx_word' id='word_1_209' title='bbox 368 3073 633 3156; x_wconf 87' lang='lat' dir='ltr'>spiciat,</span> <span class='ocrx_word' id='word_1_210' title='bbox 678 3071 1038 3155; x_wconf 90' lang='lat' dir='ltr'>quamlibet</span> <span class='ocrx_word' id='word_1_211' title='bbox 1079 3074 1216 3137; x_wconf 92' lang='lat' dir='ltr'>sint</span> <span class='ocrx_word' id='word_1_212' title='bbox 1258 3070 1543 3156; x_wconf 86' lang='lat' dir='ltr'>indigni,</span> <span class='ocrx_word' id='word_1_213' title='bbox 1607 3080 1674 3138; x_wconf 87' lang='lat' dir='ltr'>et</span> <span class='ocrx_word' id='word_1_214' title='bbox 1719 3071 2051 3139; x_wconf 90' lang='lat' dir='ltr'>aerumnis</span> <span class='ocrx_word' id='word_1_215' title='bbox 2098 3069 2315 3137; x_wconf 89' lang='lat' dir='ltr'>mede-</span> 
     </span>
     <span class='ocr_line' id='line_1_31' title="bbox 363 3157 1656 3241; baseline 0.001 -18"><span class='ocrx_word' id='word_1_216' title='bbox 363 3171 517 3223; x_wconf 86' lang='lat' dir='ltr'>atur</span> <span class='ocrx_word' id='word_1_217' title='bbox 561 3179 724 3241; x_wconf 90' lang='lat' dir='ltr'>quas</span> <span class='ocrx_word' id='word_1_218' title='bbox 768 3180 888 3224; x_wconf 88' lang='lat' dir='ltr'>sua</span> <span class='ocrx_word' id='word_1_219' title='bbox 930 3157 1123 3240; x_wconf 91' lang='lat' dir='ltr'>culpa</span> <span class='ocrx_word' id='word_1_220' title='bbox 1166 3166 1656 3225; x_wconf 87' lang='lat' dir='ltr'>contraxerunt.</span> 
     </span>
    </p>
   </div>
   <div class='ocr_carea' id='block_1_3' title="bbox 973 3498 1727 3565">
    <p class='ocr_par' dir='ltr' id='par_1_3' title="bbox 973 3498 1727 3565">
     <span class='ocr_line' id='line_1_32' title="bbox 973 3498 1727 3565; baseline 0 -1"><span class='ocrx_word' id='word_1_221' title='bbox 973 3498 1107 3564; x_wconf 80' lang='lat' dir='ltr'>EX</span> <span class='ocrx_word' id='word_1_222' title='bbox 1149 3498 1455 3565; x_wconf 74' lang='lat' dir='ltr'>LEVI&#39;I&#39;.</span> <span class='ocrx_word' id='word_1_223' title='bbox 1498 3498 1727 3565; x_wconf 76' lang='lat' dir='ltr'>XXV.</span> 
     </span>
    </p>
   </div>
   <div class='ocr_carea' id='block_1_4' title="bbox 367 3669 2328 5565">
    <p class='ocr_par' dir='ltr' id='par_1_4' title="bbox 367 3669 2328 5473">
     <span class='ocr_line' id='line_1_33' title="bbox 543 3669 2325 3753; baseline 0.001 -18"><span class='ocrx_word' id='word_1_224' title='bbox 543 3670 645 3735; x_wconf 82' lang='lat'>23.</span> <span class='ocrx_word' id='word_1_225' title='bbox 698 3670 899 3735; x_wconf 84' lang='lat' dir='ltr'>Terra</span> <span class='ocrx_word' id='word_1_226' title='bbox 934 3675 1139 3735; x_wconf 84' lang='lat' dir='ltr'>autem</span> <span class='ocrx_word' id='word_1_227' title='bbox 1173 3691 1295 3734; x_wconf 87' lang='lat' dir='ltr'>non</span> <span class='ocrx_word' id='word_1_228' title='bbox 1329 3670 1619 3736; x_wconf 82' lang='lat' dir='ltr'>vendetur</span> <span class='ocrx_word' id='word_1_229' title='bbox 1660 3669 1949 3750; x_wconf 83' lang='lat' dir='ltr'>absolute,</span> <span class='ocrx_word' id='word_1_230' title='bbox 1991 3671 2146 3753; x_wconf 78' lang='lat' dir='ltr'>quia</span> <span class='ocrx_word' id='word_1_231' title='bbox 2186 3691 2325 3736; x_wconf 86' lang='lat' dir='ltr'>mea</span> 
     </span>
     <span class='ocr_line' id='line_1_34' title="bbox 367 3757 2324 3840; baseline -0.001 -16"><span class='ocrx_word' id='word_1_232' title='bbox 367 3761 461 3824; x_wconf 86' lang='lat' dir='ltr'>est</span> <span class='ocrx_word' id='word_1_233' title='bbox 500 3761 702 3822; x_wconf 81' lang='lat' dir='ltr'>terra.-</span> <span class='ocrx_word' id='word_1_234' title='bbox 754 3776 868 3821; x_wconf 88' lang='lat' dir='ltr'>vos</span> <span class='ocrx_word' id='word_1_235' title='bbox 920 3757 1087 3823; x_wconf 86' lang='lat' dir='ltr'>enim</span> <span class='ocrx_word' id='word_1_236' title='bbox 1133 3757 1487 3840; x_wconf 76' lang='lat' dir='ltr'>pereyrini,</span> <span class='ocrx_word' id='word_1_237' title='bbox 1545 3761 1600 3821; x_wconf 89' lang='lat' dir='ltr'>et</span> <span class='ocrx_word' id='word_1_238' title='bbox 1643 3757 1917 3822; x_wconf 85' lang='lat' dir='ltr'>advenae</span> <span class='ocrx_word' id='word_1_239' title='bbox 1959 3759 2108 3823; x_wconf 87' lang='lat' dir='ltr'>estis</span> <span class='ocrx_word' id='word_1_240' title='bbox 2151 3758 2324 3838; x_wconf 80' lang='lat' dir='ltr'>apud</span> 
     </span>
     <span class='ocr_line' id='line_1_35' title="bbox 369 3840 2325 3924; baseline 0 -16"><span class='ocrx_word' id='word_1_241' title='bbox 369 3864 484 3909; x_wconf 87' lang='lat' dir='ltr'>me.</span> <span class='ocrx_word' id='word_1_242' title='bbox 550 3843 655 3908; x_wconf 94' lang='grc'>24.</span> <span class='ocrx_word' id='word_1_243' title='bbox 705 3840 791 3907; x_wconf 88' lang='lat' dir='ltr'>In</span> <span class='ocrx_word' id='word_1_244' title='bbox 831 3843 1129 3908; x_wconf 85' lang='lat' dir='ltr'>universa</span> <span class='ocrx_word' id='word_1_245' title='bbox 1174 3848 1378 3908; x_wconf 84' lang='lat' dir='ltr'>autem</span> <span class='ocrx_word' id='word_1_246' title='bbox 1421 3847 1589 3907; x_wconf 84' lang='lat' dir='ltr'>terra</span> <span class='ocrx_word' id='word_1_247' title='bbox 1621 3844 2044 3924; x_wconf 75' lang='lat' dir='ltr'>possessionis</span> <span class='ocrx_word' id='word_1_248' title='bbox 2085 3848 2325 3908; x_wconf 87' lang='lat' dir='ltr'>vestrae</span> 
     </span>
     <span class='ocr_line' id='line_1_36' title="bbox 368 3927 2325 4013; baseline 0 -19"><span class='ocrx_word' id='word_1_249' title='bbox 368 3929 851 4013; x_wconf 76' lang='lat' dir='ltr'>redemptionem</span> <span class='ocrx_word' id='word_1_250' title='bbox 914 3929 1149 3994; x_wconf 86' lang='lat' dir='ltr'>dabitis</span> <span class='ocrx_word' id='word_1_251' title='bbox 1209 3932 1430 3994; x_wconf 87' lang='lat' dir='ltr'>terrae.</span> <span class='ocrx_word' id='word_1_252' title='bbox 1533 3927 1636 3994; x_wconf 81' lang='lat'>25.</span> <span class='ocrx_word' id='word_1_253' title='bbox 1712 3928 1917 4010; x_wconf 76' lang='lat' dir='ltr'>Quum</span> <span class='ocrx_word' id='word_1_254' title='bbox 1969 3932 2325 3994; x_wconf 81' lang='lat' dir='ltr'>attenuatus</span> 
     </span>
     <span class='ocr_line' id='line_1_37' title="bbox 370 4014 2323 4097; baseline -0.001 -17"><span class='ocrx_word' id='word_1_255' title='bbox 370 4014 567 4096; x_wconf 78' lang='lat' dir='ltr'>fuerit</span> <span class='ocrx_word' id='word_1_256' title='bbox 617 4014 823 4096; x_wconf 82' lang='lat' dir='ltr'>frater</span> <span class='ocrx_word' id='word_1_257' title='bbox 879 4019 1056 4091; x_wconf 84' lang='lat' dir='ltr'>tuus,</span> <span class='ocrx_word' id='word_1_258' title='bbox 1114 4018 1168 4078; x_wconf 88' lang='lat' dir='ltr'>et</span> <span class='ocrx_word' id='word_1_259' title='bbox 1223 4015 1572 4081; x_wconf 78' lang='lat' dir='ltr'>vendiderit</span> <span class='ocrx_word' id='word_1_260' title='bbox 1613 4015 1690 4080; x_wconf 89' lang='lat' dir='ltr'>de</span> <span class='ocrx_word' id='word_1_261' title='bbox 1735 4017 2127 4097; x_wconf 78' lang='lat' dir='ltr'>possessione</span> <span class='ocrx_word' id='word_1_262' title='bbox 2169 4035 2323 4080; x_wconf 82' lang='lat' dir='ltr'>sua:</span> 
     </span>
     <span class='ocr_line' id='line_1_38' title="bbox 371 4100 2326 4183; baseline 0.002 -20"><span class='ocrx_word' id='word_1_263' title='bbox 371 4104 516 4167; x_wconf 82' lang='lat' dir='ltr'>tune</span> <span class='ocrx_word' id='word_1_264' title='bbox 547 4101 747 4166; x_wconf 85' lang='lat' dir='ltr'>veniet</span> <span class='ocrx_word' id='word_1_265' title='bbox 778 4100 1125 4181; x_wconf 75' lang='lat' dir='ltr'>redemptor</span> <span class='ocrx_word' id='word_1_266' title='bbox 1157 4100 1297 4166; x_wconf 89' lang='lat' dir='ltr'>eius</span> <span class='ocrx_word' id='word_1_267' title='bbox 1328 4102 1732 4183; x_wconf 79' lang='lat' dir='ltr'>propinquus</span> <span class='ocrx_word' id='word_1_268' title='bbox 1767 4101 1932 4182; x_wconf 85' lang='lat' dir='ltr'>ipsi.-</span> <span class='ocrx_word' id='word_1_269' title='bbox 1975 4107 2033 4166; x_wconf 87' lang='lat' dir='ltr'>et</span> <span class='ocrx_word' id='word_1_270' title='bbox 2064 4101 2326 4166; x_wconf 79' lang='lat' dir='ltr'>redimet</span> 
     </span>
     <span class='ocr_line' id='line_1_39' title="bbox 376 4185 2323 4268; baseline 0.001 -18"><span class='ocrx_word' id='word_1_271' title='bbox 376 4187 782 4253; x_wconf 85' lang='lat' dir='ltr'>venditionem</span> <span class='ocrx_word' id='word_1_272' title='bbox 833 4185 1065 4267; x_wconf 73' lang='lat' dir='ltr'>fratris</span> <span class='ocrx_word' id='word_1_273' title='bbox 1118 4187 1240 4252; x_wconf 87' lang='lat' dir='ltr'>sui.</span> <span class='ocrx_word' id='word_1_274' title='bbox 1328 4186 1431 4253; x_wconf 83' lang='lat'>26.</span> <span class='ocrx_word' id='word_1_275' title='bbox 1492 4186 1612 4264; x_wconf 81' lang='lat' dir='ltr'>Et,</span> <span class='ocrx_word' id='word_1_276' title='bbox 1668 4187 1730 4251; x_wconf 88' lang='lat' dir='ltr'>si</span> <span class='ocrx_word' id='word_1_277' title='bbox 1785 4207 1907 4251; x_wconf 85' lang='lat' dir='ltr'>non</span> <span class='ocrx_word' id='word_1_278' title='bbox 1945 4186 2146 4268; x_wconf 76' lang='lat' dir='ltr'>suerit</span> <span class='ocrx_word' id='word_1_279' title='bbox 2185 4188 2323 4252; x_wconf 86' lang='lat' dir='ltr'>viro</span> 
     </span>
     <span class='ocr_line' id='line_1_40' title="bbox 376 4271 2325 4355; baseline 0.001 -20"><span class='ocrx_word' id='word_1_280' title='bbox 376 4271 744 4353; x_wconf 75' lang='lat' dir='ltr'>redemptor,</span> <span class='ocrx_word' id='word_1_281' title='bbox 789 4272 898 4338; x_wconf 90' lang='lat' dir='ltr'>sed</span> <span class='ocrx_word' id='word_1_282' title='bbox 941 4271 1422 4355; x_wconf 75' lang='lat' dir='ltr'>apprehenderit</span> <span class='ocrx_word' id='word_1_283' title='bbox 1460 4293 1693 4338; x_wconf 84' lang='lat' dir='ltr'>manus</span> <span class='ocrx_word' id='word_1_284' title='bbox 1733 4273 1888 4348; x_wconf 86' lang='lat' dir='ltr'>eius,</span> <span class='ocrx_word' id='word_1_285' title='bbox 1933 4278 1989 4338; x_wconf 90' lang='lat' dir='ltr'>et</span> <span class='ocrx_word' id='word_1_286' title='bbox 2021 4273 2325 4339; x_wconf 87' lang='lat' dir='ltr'>invenerit</span> 
     </span>
     <span class='ocr_line' id='line_1_41' title="bbox 377 4358 2322 4442; baseline 0.001 -19"><span class='ocrx_word' id='word_1_287' title='bbox 377 4359 540 4437; x_wconf 76' lang='lat' dir='ltr'>quod</span> <span class='ocrx_word' id='word_1_288' title='bbox 581 4358 816 4440; x_wconf 73' lang='lat' dir='ltr'>suffieit</span> <span class='ocrx_word' id='word_1_289' title='bbox 856 4358 942 4422; x_wconf 87' lang='lat' dir='ltr'>ad</span> <span class='ocrx_word' id='word_1_290' title='bbox 982 4359 1124 4423; x_wconf 88' lang='lat' dir='ltr'>eius</span> <span class='ocrx_word' id='word_1_291' title='bbox 1162 4358 1653 4442; x_wconf 78' lang='lat' dir='ltr'>redemptionem,</span> <span class='ocrx_word' id='word_1_292' title='bbox 1720 4359 1823 4424; x_wconf 82' lang='lat'>27.</span> <span class='ocrx_word' id='word_1_293' title='bbox 1876 4358 2051 4425; x_wconf 84' lang='lat' dir='ltr'>Tune</span> <span class='ocrx_word' id='word_1_294' title='bbox 2082 4378 2322 4442; x_wconf 82' lang='lat' dir='ltr'>suppu-</span> 
     </span>
     <span class='ocr_line' id='line_1_42' title="bbox 374 4444 2326 4527; baseline 0.001 -17"><span class='ocrx_word' id='word_1_295' title='bbox 374 4446 526 4510; x_wconf 86' lang='lat' dir='ltr'>tabit</span> <span class='ocrx_word' id='word_1_296' title='bbox 567 4464 763 4510; x_wconf 86' lang='lat' dir='ltr'>annos</span> <span class='ocrx_word' id='word_1_297' title='bbox 814 4444 1188 4511; x_wconf 78' lang='lat' dir='ltr'>venditionis</span> <span class='ocrx_word' id='word_1_298' title='bbox 1237 4464 1421 4523; x_wconf 87' lang='lat' dir='ltr'>suae,</span> <span class='ocrx_word' id='word_1_299' title='bbox 1480 4449 1537 4510; x_wconf 89' lang='lat' dir='ltr'>et</span> <span class='ocrx_word' id='word_1_300' title='bbox 1576 4445 1855 4510; x_wconf 79' lang='lat' dir='ltr'>restituet</span> <span class='ocrx_word' id='word_1_301' title='bbox 1890 4445 2056 4526; x_wconf 76' lang='lat' dir='ltr'>quod</span> <span class='ocrx_word' id='word_1_302' title='bbox 2106 4465 2326 4527; x_wconf 89' lang='lat' dir='ltr'>super-</span> 
     </span>
     <span class='ocr_line' id='line_1_43' title="bbox 372 4530 2324 4612; baseline -0.001 -15"><span class='ocrx_word' id='word_1_303' title='bbox 372 4535 471 4597; x_wconf 88' lang='lat' dir='ltr'>est</span> <span class='ocrx_word' id='word_1_304' title='bbox 526 4531 663 4595; x_wconf 85' lang='lat' dir='ltr'>viro</span> <span class='ocrx_word' id='word_1_305' title='bbox 712 4530 816 4596; x_wconf 82' lang='lat' dir='ltr'>eui</span> <span class='ocrx_word' id='word_1_306' title='bbox 856 4530 1165 4608; x_wconf 87' lang='lat' dir='ltr'>vendidit,</span> <span class='ocrx_word' id='word_1_307' title='bbox 1232 4534 1290 4596; x_wconf 89' lang='lat' dir='ltr'>et</span> <span class='ocrx_word' id='word_1_308' title='bbox 1349 4534 1686 4595; x_wconf 82' lang='lat' dir='ltr'>revertetur</span> <span class='ocrx_word' id='word_1_309' title='bbox 1747 4532 1833 4597; x_wconf 89' lang='lat' dir='ltr'>ad</span> <span class='ocrx_word' id='word_1_310' title='bbox 1861 4531 2324 4612; x_wconf 86' lang='lat' dir='ltr'>possessionem</span> 
     </span>
     <span class='ocr_line' id='line_1_44' title="bbox 379 4614 2322 4699; baseline 0 -17"><span class='ocrx_word' id='word_1_311' title='bbox 379 4637 584 4683; x_wconf 84' lang='lat' dir='ltr'>suam.</span> <span class='ocrx_word' id='word_1_312' title='bbox 672 4616 777 4682; x_wconf 89' lang='grc'>28.</span> <span class='ocrx_word' id='word_1_313' title='bbox 840 4614 916 4681; x_wconf 72' lang='lat' dir='ltr'>Si</span> <span class='ocrx_word' id='word_1_314' title='bbox 972 4637 1113 4682; x_wconf 88' lang='lat' dir='ltr'>vero</span> <span class='ocrx_word' id='word_1_315' title='bbox 1167 4637 1289 4682; x_wconf 88' lang='lat' dir='ltr'>non</span> <span class='ocrx_word' id='word_1_316' title='bbox 1347 4616 1652 4682; x_wconf 86' lang='lat' dir='ltr'>invenerit</span> <span class='ocrx_word' id='word_1_317' title='bbox 1706 4637 1935 4682; x_wconf 85' lang='lat' dir='ltr'>manus</span> <span class='ocrx_word' id='word_1_318' title='bbox 1976 4616 2115 4682; x_wconf 86' lang='lat' dir='ltr'>eius</span> <span class='ocrx_word' id='word_1_319' title='bbox 2157 4616 2322 4699; x_wconf 80' lang='lat' dir='ltr'>quod</span> 
     </span>
     <span class='ocr_line' id='line_1_45' title="bbox 381 4702 2319 4786; baseline -0.001 -18"><span class='ocrx_word' id='word_1_320' title='bbox 381 4703 662 4786; x_wconf 77' lang='lat' dir='ltr'>sufficiat</span> <span class='ocrx_word' id='word_1_321' title='bbox 701 4703 786 4768; x_wconf 86' lang='lat' dir='ltr'>ad</span> <span class='ocrx_word' id='word_1_322' title='bbox 841 4702 1223 4768; x_wconf 87' lang='lat' dir='ltr'>reddendum</span> <span class='ocrx_word' id='word_1_323' title='bbox 1264 4702 1383 4784; x_wconf 83' lang='lat' dir='ltr'>illi,</span> <span class='ocrx_word' id='word_1_324' title='bbox 1427 4707 1558 4767; x_wconf 84' lang='lat' dir='ltr'>tum</span> <span class='ocrx_word' id='word_1_325' title='bbox 1600 4702 1715 4768; x_wconf 86' lang='lat' dir='ltr'>erit</span> <span class='ocrx_word' id='word_1_326' title='bbox 1757 4703 2027 4769; x_wconf 79' lang='lat' dir='ltr'>venditio</span> <span class='ocrx_word' id='word_1_327' title='bbox 2066 4702 2208 4768; x_wconf 81' lang='lat' dir='ltr'>eius</span> <span class='ocrx_word' id='word_1_328' title='bbox 2249 4702 2319 4768; x_wconf 90' lang='lat' dir='ltr'>in</span> 
     </span>
     <span class='ocr_line' id='line_1_46' title="bbox 382 4787 2323 4872; baseline -0.001 -18"><span class='ocrx_word' id='word_1_329' title='bbox 382 4808 577 4854; x_wconf 85' lang='lat' dir='ltr'>manu</span> <span class='ocrx_word' id='word_1_330' title='bbox 617 4789 756 4855; x_wconf 86' lang='lat' dir='ltr'>eius</span> <span class='ocrx_word' id='word_1_331' title='bbox 798 4787 908 4870; x_wconf 74' lang='lat' dir='ltr'>qui</span> <span class='ocrx_word' id='word_1_332' title='bbox 948 4790 1095 4854; x_wconf 86' lang='lat' dir='ltr'>emit</span> <span class='ocrx_word' id='word_1_333' title='bbox 1133 4789 1332 4870; x_wconf 78' lang='lat' dir='ltr'>illum,</span> <span class='ocrx_word' id='word_1_334' title='bbox 1375 4808 1570 4872; x_wconf 76' lang='lat' dir='ltr'>usque</span> <span class='ocrx_word' id='word_1_335' title='bbox 1613 4788 1698 4854; x_wconf 89' lang='lat' dir='ltr'>ad</span> <span class='ocrx_word' id='word_1_336' title='bbox 1739 4809 1976 4854; x_wconf 86' lang='lat' dir='ltr'>annum</span> <span class='ocrx_word' id='word_1_337' title='bbox 2017 4788 2323 4855; x_wconf 83' lang='lat' dir='ltr'>Iubilaei:</span> 
     </span>
     <span class='ocr_line' id='line_1_47' title="bbox 380 4874 2322 4959; baseline 0 -19"><span class='ocrx_word' id='word_1_338' title='bbox 380 4881 448 4940; x_wconf 85' lang='lat' dir='ltr'>at</span> <span class='ocrx_word' id='word_1_339' title='bbox 490 4876 833 4959; x_wconf 74' lang='lat' dir='ltr'>eyredietur</span> <span class='ocrx_word' id='word_1_340' title='bbox 874 4874 944 4938; x_wconf 85' lang='lat' dir='ltr'>in</span> <span class='ocrx_word' id='word_1_341' title='bbox 987 4875 1270 4941; x_wconf 77' lang='lat' dir='ltr'>Iubilaeo</span> <span class='ocrx_word' id='word_1_342' title='bbox 1285 4926 1301 4956; x_wconf 90' lang='lat'>,</span> <span class='ocrx_word' id='word_1_343' title='bbox 1353 4880 1805 4958; x_wconf 77' lang='lat' dir='ltr'>reverteturque</span> <span class='ocrx_word' id='word_1_344' title='bbox 1862 4876 1947 4941; x_wconf 86' lang='lat' dir='ltr'>ad</span> <span class='ocrx_word' id='word_1_345' title='bbox 1977 4875 2322 4956; x_wconf 87' lang='lat' dir='ltr'>possessio-</span> 
     </span>
     <span class='ocr_line' id='line_1_48' title="bbox 382 4959 2325 5044; baseline -0.001 -17"><span class='ocrx_word' id='word_1_346' title='bbox 382 4980 524 5027; x_wconf 86' lang='lat' dir='ltr'>nem</span> <span class='ocrx_word' id='word_1_347' title='bbox 563 4980 766 5026; x_wconf 87' lang='lat' dir='ltr'>suam.</span> <span class='ocrx_word' id='word_1_348' title='bbox 856 4959 960 5026; x_wconf 88' lang='grc'>29.</span> <span class='ocrx_word' id='word_1_349' title='bbox 1036 4960 1154 5026; x_wconf 83' lang='lat' dir='ltr'>Vir</span> <span class='ocrx_word' id='word_1_350' title='bbox 1208 4966 1413 5027; x_wconf 86' lang='lat' dir='ltr'>autem</span> <span class='ocrx_word' id='word_1_351' title='bbox 1451 4981 1645 5044; x_wconf 78' lang='lat' dir='ltr'>quum</span> <span class='ocrx_word' id='word_1_352' title='bbox 1684 4960 2031 5028; x_wconf 78' lang='lat' dir='ltr'>vendiderit</span> <span class='ocrx_word' id='word_1_353' title='bbox 2072 4960 2325 5028; x_wconf 89' lang='lat' dir='ltr'>domum</span> 
     </span>
     <span class='ocr_line' id='line_1_49' title="bbox 381 5045 2327 5132; baseline -0.001 -19"><span class='ocrx_word' id='word_1_354' title='bbox 381 5045 785 5113; x_wconf 76' lang='lat' dir='ltr'>habitationis</span> <span class='ocrx_word' id='word_1_355' title='bbox 825 5047 895 5111; x_wconf 84' lang='lat' dir='ltr'>in</span> <span class='ocrx_word' id='word_1_356' title='bbox 934 5046 1086 5112; x_wconf 85' lang='lat' dir='ltr'>urbe</span> <span class='ocrx_word' id='word_1_357' title='bbox 1126 5053 1396 5126; x_wconf 85' lang='lat' dir='ltr'>murata,</span> <span class='ocrx_word' id='word_1_358' title='bbox 1440 5050 1561 5114; x_wconf 85' lang='lat' dir='ltr'>erit</span> <span class='ocrx_word' id='word_1_359' title='bbox 1597 5048 1931 5132; x_wconf 85' lang='lat' dir='ltr'>redemptio</span> <span class='ocrx_word' id='word_1_360' title='bbox 1972 5047 2110 5114; x_wconf 85' lang='lat' dir='ltr'>eius</span> <span class='ocrx_word' id='word_1_361' title='bbox 2142 5048 2327 5113; x_wconf 84' lang='lat' dir='ltr'>donee</span> 
     </span>
     <span class='ocr_line' id='line_1_50' title="bbox 377 5133 2325 5215; baseline -0.001 -16"><span class='ocrx_word' id='word_1_362' title='bbox 377 5134 763 5215; x_wconf 71' lang='lat' dir='ltr'>compleatur</span> <span class='ocrx_word' id='word_1_363' title='bbox 802 5152 1013 5198; x_wconf 87' lang='lat' dir='ltr'>annus</span> <span class='ocrx_word' id='word_1_364' title='bbox 1052 5133 1424 5200; x_wconf 85' lang='lat' dir='ltr'>venditionis</span> <span class='ocrx_word' id='word_1_365' title='bbox 1473 5135 1641 5201; x_wconf 85' lang='lat' dir='ltr'>eius.-</span> <span class='ocrx_word' id='word_1_366' title='bbox 1698 5155 1862 5201; x_wconf 85' lang='lat' dir='ltr'>anno</span> <span class='ocrx_word' id='word_1_367' title='bbox 1901 5153 2028 5199; x_wconf 87' lang='lat' dir='ltr'>uno</span> <span class='ocrx_word' id='word_1_368' title='bbox 2069 5134 2190 5199; x_wconf 88' lang='lat' dir='ltr'>erit</span> <span class='ocrx_word' id='word_1_369' title='bbox 2229 5154 2325 5198; x_wconf 88' lang='lat' dir='ltr'>re·</span> 
     </span>
     <span class='ocr_line' id='line_1_51' title="bbox 386 5219 2325 5303; baseline 0 -18"><span class='ocrx_word' id='word_1_370' title='bbox 386 5219 653 5303; x_wconf 88' lang='lat' dir='ltr'>demptio</span> <span class='ocrx_word' id='word_1_371' title='bbox 698 5220 852 5285; x_wconf 88' lang='lat' dir='ltr'>eius.</span> <span class='ocrx_word' id='word_1_372' title='bbox 942 5219 1044 5285; x_wconf 89' lang='lat'>30.</span> <span class='ocrx_word' id='word_1_373' title='bbox 1097 5219 1274 5300; x_wconf 75' lang='lat' dir='ltr'>Quod</span> <span class='ocrx_word' id='word_1_374' title='bbox 1314 5221 1375 5284; x_wconf 87' lang='lat' dir='ltr'>si</span> <span class='ocrx_word' id='word_1_375' title='bbox 1416 5240 1535 5286; x_wconf 88' lang='lat' dir='ltr'>non</span> <span class='ocrx_word' id='word_1_376' title='bbox 1580 5221 1930 5287; x_wconf 81' lang='lat' dir='ltr'>redimatur</span> <span class='ocrx_word' id='word_1_377' title='bbox 1980 5219 2169 5286; x_wconf 83' lang='lat' dir='ltr'>donee</span> <span class='ocrx_word' id='word_1_378' title='bbox 2209 5219 2325 5285; x_wconf 79' lang='lat' dir='ltr'>im-</span> 
     </span>
     <span class='ocr_line' id='line_1_52' title="bbox 373 5304 2328 5390; baseline 0.001 -20"><span class='ocrx_word' id='word_1_379' title='bbox 373 5305 631 5385; x_wconf 82' lang='lat' dir='ltr'>pleatwr</span> <span class='ocrx_word' id='word_1_380' title='bbox 668 5304 772 5371; x_wconf 80' lang='lat' dir='ltr'>illi</span> <span class='ocrx_word' id='word_1_381' title='bbox 792 5325 997 5371; x_wconf 86' lang='lat' dir='ltr'>annus</span> <span class='ocrx_word' id='word_1_382' title='bbox 1027 5307 1278 5388; x_wconf 71' lang='lat' dir='ltr'>inteqer,</span> <span class='ocrx_word' id='word_1_383' title='bbox 1310 5306 1651 5374; x_wconf 78' lang='lat' dir='ltr'>remanebit</span> <span class='ocrx_word' id='word_1_384' title='bbox 1680 5308 1901 5374; x_wconf 85' lang='lat' dir='ltr'>domus</span> <span class='ocrx_word' id='word_1_385' title='bbox 1932 5327 2093 5389; x_wconf 78' lang='lat' dir='ltr'>quae</span> <span class='ocrx_word' id='word_1_386' title='bbox 2128 5306 2328 5390; x_wconf 80' lang='lat' dir='ltr'>fuerit</span> 
     </span>
     <span class='ocr_line' id='line_1_53' title="bbox 388 5390 2326 5473; baseline 0.001 -17"><span class='ocrx_word' id='word_1_387' title='bbox 388 5390 460 5456; x_wconf 84' lang='lat' dir='ltr'>in</span> <span class='ocrx_word' id='word_1_388' title='bbox 510 5392 759 5457; x_wconf 82' lang='lat' dir='ltr'>civitate</span> <span class='ocrx_word' id='word_1_389' title='bbox 807 5392 911 5457; x_wconf 79' lang='lat' dir='ltr'>eni</span> <span class='ocrx_word' id='word_1_390' title='bbox 966 5396 1056 5457; x_wconf 87' lang='lat' dir='ltr'>est</span> <span class='ocrx_word' id='word_1_391' title='bbox 1103 5410 1360 5473; x_wconf 69' lang='lat' dir='ltr'>munes,</span> <span class='ocrx_word' id='word_1_392' title='bbox 1426 5392 1696 5461; x_wconf 82' lang='lat' dir='ltr'>absolute</span> <span class='ocrx_word' id='word_1_393' title='bbox 1746 5394 1969 5462; x_wconf 85' lang='lat' dir='ltr'>ementi</span> <span class='ocrx_word' id='word_1_394' title='bbox 2018 5393 2199 5460; x_wconf 75' lang='lat' dir='ltr'>illam</span> <span class='ocrx_word' id='word_1_395' title='bbox 2253 5393 2326 5459; x_wconf 86' lang='lat' dir='ltr'>in</span> 
     </span>
    </p>

    <p class='ocr_par' dir='ltr' id='par_1_5' title="bbox 563 5491 1452 5565">
     <span class='ocr_line' id='line_1_54' title="bbox 563 5491 1452 5565; baseline -0.001 -16"><span class='ocrx_word' id='word_1_396' title='bbox 563 5492 784 5552; x_wconf 64' lang='lat' dir='ltr'>Caluini</span> <span class='ocrx_word' id='word_1_397' title='bbox 811 5510 994 5565; x_wconf 80' lang='lat' dir='ltr'>opera.</span> <span class='ocrx_word' id='word_1_398' title='bbox 1074 5494 1189 5550; x_wconf 84' lang='lat' dir='ltr'>Vol.</span> <span class='ocrx_word' id='word_1_399' title='bbox 1224 5491 1452 5551; x_wconf 78' lang='lat' dir='ltr'>XXIV.</span> 
     </span>
    </p>
   </div>
   <div class='ocr_carea' id='block_1_5' title="bbox 1792 458 2935 545">
    <p class='ocr_par' dir='ltr' id='par_1_6' title="bbox 1792 458 2935 545">
     <span class='ocr_line' id='line_1_55' title="bbox 1792 458 2935 545; baseline -0.004 0"><span class='ocrx_word' id='word_1_400' title='bbox 1792 458 2244 545; x_wconf 71' lang='lat' dir='ltr'>OCTAVUM</span> <span class='ocrx_word' id='word_1_401' title='bbox 2284 470 2935 540; x_wconf 74' lang='lat' dir='ltr'>PRAEGEPTUM.</span> 
     </span>
    </p>
   </div>
   <div class='ocr_carea' id='block_1_6' title="bbox 2363 689 2380 5466">
    <p class='ocr_par' dir='ltr' id='par_1_7' title="bbox 2363 689 2380 5466">
     <span class='ocr_line' id='line_1_56' title="bbox 2363 689 2380 5466; baseline 0 0"><span class='ocrx_word' id='word_1_402' title='bbox 2363 689 2380 5466; x_wconf 95' lang='lat' dir='ltr'> </span> 
     </span>
    </p>
   </div>
   <div class='ocr_carea' id='block_1_7' title="bbox 4251 477 4381 545">
    <p class='ocr_par' dir='ltr' id='par_1_8' title="bbox 4251 477 4381 545">
     <span class='ocr_line' id='line_1_57' title="bbox 4251 477 4381 545; baseline 0.031 -4"><span class='ocrx_word' id='word_1_403' title='bbox 4251 477 4381 545; x_wconf 79' lang='lat'>706</span> 
     </span>
    </p>
   </div>
   <div class='ocr_carea' id='block_1_8' title="bbox 2403 661 4377 1604">
    <p class='ocr_par' dir='ltr' id='par_1_9' title="bbox 2403 661 4377 1604">
     <span class='ocr_line' id='line_1_58' title="bbox 2409 661 4377 746; baseline 0.004 -21"><span class='ocrx_word' id='word_1_404' title='bbox 2409 661 2910 745; x_wconf 76' lang='lat' dir='ltr'>yenerationibus</span> <span class='ocrx_word' id='word_1_405' title='bbox 2943 662 3112 727; x_wconf 84' lang='lat' dir='ltr'>eius.-</span> <span class='ocrx_word' id='word_1_406' title='bbox 3146 681 3268 728; x_wconf 87' lang='lat' dir='ltr'>non</span> <span class='ocrx_word' id='word_1_407' title='bbox 3301 662 3650 746; x_wconf 63' lang='lat' dir='ltr'>egredietur</span> <span class='ocrx_word' id='word_1_408' title='bbox 3668 662 3739 728; x_wconf 87' lang='lat' dir='ltr'>in</span> <span class='ocrx_word' id='word_1_409' title='bbox 3763 663 4064 731; x_wconf 78' lang='lat' dir='ltr'>Iubilaeo.</span> <span class='ocrx_word' id='word_1_410' title='bbox 4110 666 4214 732; x_wconf 85' lang='lat'>31.</span> <span class='ocrx_word' id='word_1_411' title='bbox 4240 666 4377 733; x_wconf 91' lang='lat' dir='ltr'>Do-</span> 
     </span>
     <span class='ocr_line' id='line_1_59' title="bbox 2411 747 4375 834; baseline 0.005 -23"><span class='ocrx_word' id='word_1_412' title='bbox 2411 767 2558 811; x_wconf 87' lang='lat' dir='ltr'>mus</span> <span class='ocrx_word' id='word_1_413' title='bbox 2600 750 2806 812; x_wconf 87' lang='lat' dir='ltr'>autem</span> <span class='ocrx_word' id='word_1_414' title='bbox 2846 747 3144 813; x_wconf 79' lang='lat' dir='ltr'>villarum</span> <span class='ocrx_word' id='word_1_415' title='bbox 3180 748 3408 830; x_wconf 77' lang='lat' dir='ltr'>quibus</span> <span class='ocrx_word' id='word_1_416' title='bbox 3440 769 3566 814; x_wconf 89' lang='lat' dir='ltr'>non</span> <span class='ocrx_word' id='word_1_417' title='bbox 3598 755 3687 814; x_wconf 84' lang='lat' dir='ltr'>est</span> <span class='ocrx_word' id='word_1_418' title='bbox 3719 769 3944 815; x_wconf 81' lang='lat' dir='ltr'>murus</span> <span class='ocrx_word' id='word_1_419' title='bbox 3977 753 4050 817; x_wconf 87' lang='lat' dir='ltr'>in</span> <span class='ocrx_word' id='word_1_420' title='bbox 4083 753 4375 834; x_wconf 60' lang='lat' dir='ltr'>circuiet,</span> 
     </span>
     <span class='ocr_line' id='line_1_60' title="bbox 2411 833 4375 920; baseline 0.004 -23"><span class='ocrx_word' id='word_1_421' title='bbox 2411 833 2752 898; x_wconf 85' lang='lat' dir='ltr'>seeundum</span> <span class='ocrx_word' id='word_1_422' title='bbox 2808 853 3034 915; x_wconf 72' lang='lat' dir='ltr'>ayrum</span> <span class='ocrx_word' id='word_1_423' title='bbox 3088 839 3290 899; x_wconf 84' lang='lat' dir='ltr'>terrae</span> <span class='ocrx_word' id='word_1_424' title='bbox 3346 834 3812 917; x_wconf 78' lang='lat' dir='ltr'>aestimabitur,</span> <span class='ocrx_word' id='word_1_425' title='bbox 3867 838 4208 920; x_wconf 79' lang='lat' dir='ltr'>redemptio</span> <span class='ocrx_word' id='word_1_426' title='bbox 4250 840 4375 904; x_wconf 83' lang='lat' dir='ltr'>erit</span> 
     </span>
     <span class='ocr_line' id='line_1_61' title="bbox 2413 917 4377 1003; baseline 0.004 -19"><span class='ocrx_word' id='word_1_427' title='bbox 2413 920 2490 997; x_wconf 84' lang='lat' dir='ltr'>ei,</span> <span class='ocrx_word' id='word_1_428' title='bbox 2535 923 2593 983; x_wconf 89' lang='lat' dir='ltr'>et</span> <span class='ocrx_word' id='word_1_429' title='bbox 2632 919 2705 984; x_wconf 89' lang='lat' dir='ltr'>in</span> <span class='ocrx_word' id='word_1_430' title='bbox 2741 917 3027 993; x_wconf 81' lang='lat' dir='ltr'>Iubilaeo</span> <span class='ocrx_word' id='word_1_431' title='bbox 3062 920 3425 1003; x_wconf 75' lang='lat' dir='ltr'>eyredietur.</span> <span class='ocrx_word' id='word_1_432' title='bbox 3494 921 3597 986; x_wconf 87' lang='grc'>32.</span> <span class='ocrx_word' id='word_1_433' title='bbox 3652 921 3914 988; x_wconf 81' lang='lat' dir='ltr'>Urbium</span> <span class='ocrx_word' id='word_1_434' title='bbox 3946 928 4152 989; x_wconf 87' lang='lat' dir='ltr'>autem</span> <span class='ocrx_word' id='word_1_435' title='bbox 4189 923 4377 991; x_wconf 80' lang='lat' dir='ltr'>Levi-</span> 
     </span>
     <span class='ocr_line' id='line_1_62' title="bbox 2414 1005 4375 1088; baseline 0.004 -19"><span class='ocrx_word' id='word_1_436' title='bbox 2414 1010 2656 1083; x_wconf 84' lang='lat' dir='ltr'>tarum,</span> <span class='ocrx_word' id='word_1_437' title='bbox 2714 1008 2771 1069; x_wconf 89' lang='lat' dir='ltr'>et</span> <span class='ocrx_word' id='word_1_438' title='bbox 2827 1005 3151 1071; x_wconf 82' lang='lat' dir='ltr'>domorum</span> <span class='ocrx_word' id='word_1_439' title='bbox 3202 1005 3454 1071; x_wconf 83' lang='lat' dir='ltr'>urbium</span> <span class='ocrx_word' id='word_1_440' title='bbox 3500 1009 3928 1088; x_wconf 85' lang='lat' dir='ltr'>possessionis</span> <span class='ocrx_word' id='word_1_441' title='bbox 3969 1030 4179 1075; x_wconf 87' lang='lat' dir='ltr'>eorum</span> <span class='ocrx_word' id='word_1_442' title='bbox 4197 1060 4213 1088; x_wconf 94' lang='lat'><strong><em>‚</em></strong></span> <span class='ocrx_word' id='word_1_443' title='bbox 4272 1031 4375 1076; x_wconf 89' lang='lat' dir='ltr'>re-</span> 
     </span>
     <span class='ocr_line' id='line_1_63' title="bbox 2413 1091 4377 1175; baseline 0.003 -19"><span class='ocrx_word' id='word_1_444' title='bbox 2413 1091 2681 1171; x_wconf 83' lang='lat' dir='ltr'>demptio</span> <span class='ocrx_word' id='word_1_445' title='bbox 2713 1096 3021 1173; x_wconf 85' lang='lat' dir='ltr'>perpetua</span> <span class='ocrx_word' id='word_1_446' title='bbox 3064 1093 3183 1156; x_wconf 87' lang='lat' dir='ltr'>erit</span> <span class='ocrx_word' id='word_1_447' title='bbox 3225 1091 3484 1157; x_wconf 87' lang='lat' dir='ltr'>Levitis.</span> <span class='ocrx_word' id='word_1_448' title='bbox 3574 1093 3676 1159; x_wconf 87' lang='lat'>33.</span> <span class='ocrx_word' id='word_1_449' title='bbox 3731 1094 3853 1175; x_wconf 76' lang='lat' dir='ltr'>Qui</span> <span class='ocrx_word' id='word_1_450' title='bbox 3894 1100 4104 1160; x_wconf 86' lang='lat' dir='ltr'>autem</span> <span class='ocrx_word' id='word_1_451' title='bbox 4153 1097 4377 1162; x_wconf 84' lang='lat' dir='ltr'>emerit</span> 
     </span>
     <span class='ocr_line' id='line_1_64' title="bbox 2414 1176 4377 1262; baseline 0.003 -21"><span class='ocrx_word' id='word_1_452' title='bbox 2414 1198 2459 1241; x_wconf 86' lang='lat' dir='ltr'>a</span> <span class='ocrx_word' id='word_1_453' title='bbox 2504 1177 2774 1255; x_wconf 86' lang='lat' dir='ltr'>Levitis,</span> <span class='ocrx_word' id='word_1_454' title='bbox 2820 1176 3164 1259; x_wconf 75' lang='lat' dir='ltr'>eyredietur</span> <span class='ocrx_word' id='word_1_455' title='bbox 3201 1176 3474 1243; x_wconf 84' lang='lat' dir='ltr'>venditio</span> <span class='ocrx_word' id='word_1_456' title='bbox 3515 1179 3769 1260; x_wconf 88' lang='lat' dir='ltr'>domus,</span> <span class='ocrx_word' id='word_1_457' title='bbox 3815 1185 3872 1245; x_wconf 91' lang='lat' dir='ltr'>et</span> <span class='ocrx_word' id='word_1_458' title='bbox 3910 1179 4090 1246; x_wconf 82' lang='lat' dir='ltr'>urbis</span> <span class='ocrx_word' id='word_1_459' title='bbox 4117 1201 4377 1262; x_wconf 88' lang='lat' dir='ltr'>posses-</span> 
     </span>
     <span class='ocr_line' id='line_1_65' title="bbox 2413 1262 4372 1344; baseline 0.003 -17"><span class='ocrx_word' id='word_1_460' title='bbox 2413 1263 2618 1328; x_wconf 84' lang='lat' dir='ltr'>sionis</span> <span class='ocrx_word' id='word_1_461' title='bbox 2651 1263 2789 1327; x_wconf 81' lang='lat' dir='ltr'>eius</span> <span class='ocrx_word' id='word_1_462' title='bbox 2820 1263 2891 1326; x_wconf 87' lang='lat' dir='ltr'>in</span> <span class='ocrx_word' id='word_1_463' title='bbox 2930 1262 3232 1338; x_wconf 65' lang='lat' dir='ltr'>lubitum,</span> <span class='ocrx_word' id='word_1_464' title='bbox 3269 1265 3422 1344; x_wconf 81' lang='lat' dir='ltr'>quia</span> <span class='ocrx_word' id='word_1_465' title='bbox 3461 1264 3681 1331; x_wconf 86' lang='lat' dir='ltr'>domus</span> <span class='ocrx_word' id='word_1_466' title='bbox 3712 1266 3968 1331; x_wconf 85' lang='lat' dir='ltr'>urbium</span> <span class='ocrx_word' id='word_1_467' title='bbox 4003 1266 4372 1333; x_wconf 86' lang='lat' dir='ltr'>Levitarum</span> 
     </span>
     <span class='ocr_line' id='line_1_66' title="bbox 2413 1347 4375 1437; baseline 0.003 -24"><span class='ocrx_word' id='word_1_468' title='bbox 2413 1354 2505 1413; x_wconf 91' lang='lat' dir='ltr'>est</span> <span class='ocrx_word' id='word_1_469' title='bbox 2525 1347 2845 1429; x_wconf 84' lang='lat' dir='ltr'>possessio</span> <span class='ocrx_word' id='word_1_470' title='bbox 2880 1367 3088 1412; x_wconf 84' lang='lat' dir='ltr'>eorum</span> <span class='ocrx_word' id='word_1_471' title='bbox 3125 1349 3193 1413; x_wconf 90' lang='lat' dir='ltr'>in</span> <span class='ocrx_word' id='word_1_472' title='bbox 3215 1349 3417 1414; x_wconf 86' lang='lat' dir='ltr'>medio</span> <span class='ocrx_word' id='word_1_473' title='bbox 3447 1349 3734 1429; x_wconf 76' lang='lat' dir='ltr'>filiorum</span> <span class='ocrx_word' id='word_1_474' title='bbox 3757 1351 3982 1418; x_wconf 80' lang='lat' dir='ltr'>Israel.</span> <span class='ocrx_word' id='word_1_475' title='bbox 4051 1353 4155 1418; x_wconf 84' lang='lat'>34.</span> <span class='ocrx_word' id='word_1_476' title='bbox 4194 1353 4375 1437; x_wconf 76' lang='lat' dir='ltr'>Ayer</span> 
     </span>
     <span class='ocr_line' id='line_1_67' title="bbox 2412 1433 4367 1522; baseline 0.003 -23"><span class='ocrx_word' id='word_1_477' title='bbox 2412 1439 2619 1500; x_wconf 86' lang='lat' dir='ltr'>autem</span> <span class='ocrx_word' id='word_1_478' title='bbox 2696 1433 2982 1498; x_wconf 76' lang='lat' dir='ltr'>suburbii</span> <span class='ocrx_word' id='word_1_479' title='bbox 3044 1435 3297 1499; x_wconf 79' lang='lat' dir='ltr'>urbium</span> <span class='ocrx_word' id='word_1_480' title='bbox 3372 1455 3587 1502; x_wconf 83' lang='lat' dir='ltr'>eorum</span> <span class='ocrx_word' id='word_1_481' title='bbox 3643 1457 3772 1503; x_wconf 87' lang='lat' dir='ltr'>non</span> <span class='ocrx_word' id='word_1_482' title='bbox 3824 1438 4145 1516; x_wconf 81' lang='lat' dir='ltr'>vendetur,</span> <span class='ocrx_word' id='word_1_483' title='bbox 4210 1441 4367 1522; x_wconf 82' lang='lat' dir='ltr'>quia</span> 
     </span>
     <span class='ocr_line' id='line_1_68' title="bbox 2403 1519 3394 1604; baseline 0 -18"><span class='ocrx_word' id='word_1_484' title='bbox 2403 1519 2719 1604; x_wconf 87' lang='lat' dir='ltr'>possessio</span> <span class='ocrx_word' id='word_1_485' title='bbox 2750 1523 3063 1602; x_wconf 86' lang='lat' dir='ltr'>perpetua</span> <span class='ocrx_word' id='word_1_486' title='bbox 3104 1525 3196 1586; x_wconf 88' lang='lat' dir='ltr'>est</span> <span class='ocrx_word' id='word_1_487' title='bbox 3237 1520 3394 1586; x_wconf 79' lang='lat' dir='ltr'>illis.</span> 
     </span>
    </p>
   </div>
   <div class='ocr_carea' id='block_1_9' title="bbox 2413 1690 4401 5477">
    <p class='ocr_par' dir='ltr' id='par_1_10' title="bbox 2413 1690 4383 4698">
     <span class='ocr_line' id='line_1_69' title="bbox 2504 1690 4375 1780; baseline 0.003 -23"><span class='ocrx_word' id='word_1_488' title='bbox 2504 1716 2509 1728; x_wconf 95' lang='lat'>·</span> <span class='ocrx_word' id='word_1_489' title='bbox 2586 1693 2690 1758; x_wconf 89' lang='grc'>23.</span> <span class='ocrx_word' id='word_1_490' title='bbox 2766 1690 2965 1756; x_wconf 83' lang='lat' dir='ltr'>Terra</span> <span class='ocrx_word' id='word_1_491' title='bbox 3007 1696 3230 1758; x_wconf 86' lang='lat' dir='ltr'>autem.</span> <span class='ocrx_word' id='word_1_492' title='bbox 3298 1690 3474 1774; x_wconf 76' lang='lat' dir='ltr'>Quia</span> <span class='ocrx_word' id='word_1_493' title='bbox 3516 1693 3682 1777; x_wconf 86' lang='lat' dir='ltr'>legis</span> <span class='ocrx_word' id='word_1_494' title='bbox 3729 1694 3927 1761; x_wconf 89' lang='lat' dir='ltr'>huius</span> <span class='ocrx_word' id='word_1_495' title='bbox 3964 1697 4129 1761; x_wconf 88' lang='lat' dir='ltr'>ratio</span> <span class='ocrx_word' id='word_1_496' title='bbox 4173 1716 4375 1780; x_wconf 88' lang='lat' dir='ltr'>pecu·</span> 
     </span>
     <span class='ocr_line' id='line_1_70' title="bbox 2413 1777 4371 1864; baseline 0.003 -23"><span class='ocrx_word' id='word_1_497' title='bbox 2413 1777 2596 1843; x_wconf 89' lang='lat' dir='ltr'>liaris</span> <span class='ocrx_word' id='word_1_498' title='bbox 2639 1778 2765 1843; x_wconf 89' lang='lat' dir='ltr'>fuit</span> <span class='ocrx_word' id='word_1_499' title='bbox 2809 1777 2960 1842; x_wconf 88' lang='lat' dir='ltr'>filiis</span> <span class='ocrx_word' id='word_1_500' title='bbox 3004 1778 3349 1857; x_wconf 90' lang='lat' dir='ltr'>Abrahae,</span> <span class='ocrx_word' id='word_1_501' title='bbox 3410 1780 3527 1843; x_wconf 86' lang='lat' dir='ltr'>vix</span> <span class='ocrx_word' id='word_1_502' title='bbox 3575 1800 3729 1845; x_wconf 89' lang='lat' dir='ltr'>usus</span> <span class='ocrx_word' id='word_1_503' title='bbox 3774 1782 3987 1863; x_wconf 89' lang='lat' dir='ltr'>aptari</span> <span class='ocrx_word' id='word_1_504' title='bbox 4032 1789 4244 1864; x_wconf 88' lang='lat' dir='ltr'>potest</span> <span class='ocrx_word' id='word_1_505' title='bbox 4287 1780 4371 1848; x_wconf 92' lang='lat' dir='ltr'>ad</span> 
     </span>
     <span class='ocr_line' id='line_1_71' title="bbox 2413 1862 4373 1948; baseline 0.004 -21"><span class='ocrx_word' id='word_1_506' title='bbox 2413 1862 2700 1947; x_wconf 88' lang='lat' dir='ltr'>reliquos</span> <span class='ocrx_word' id='word_1_507' title='bbox 2733 1863 3027 1946; x_wconf 91' lang='lat' dir='ltr'>populos.</span> <span class='ocrx_word' id='word_1_508' title='bbox 3093 1862 3207 1929; x_wconf 86' lang='lat' dir='ltr'>Sic</span> <span class='ocrx_word' id='word_1_509' title='bbox 3250 1865 3423 1930; x_wconf 89' lang='lat' dir='ltr'>enim</span> <span class='ocrx_word' id='word_1_510' title='bbox 3462 1866 3752 1948; x_wconf 86' lang='lat' dir='ltr'>aequalis</span> <span class='ocrx_word' id='word_1_511' title='bbox 3793 1869 3917 1932; x_wconf 92' lang='lat' dir='ltr'>sub</span> <span class='ocrx_word' id='word_1_512' title='bbox 3960 1866 4154 1934; x_wconf 90' lang='lat' dir='ltr'>Iosue</span> <span class='ocrx_word' id='word_1_513' title='bbox 4198 1868 4373 1934; x_wconf 86' lang='lat' dir='ltr'>facta</span> 
     </span>
     <span class='ocr_line' id='line_1_72' title="bbox 2414 1949 4368 2034; baseline 0.002 -19"><span class='ocrx_word' id='word_1_514' title='bbox 2414 1962 2559 2015; x_wconf 86' lang='lat' dir='ltr'>erat</span> <span class='ocrx_word' id='word_1_515' title='bbox 2602 1963 2819 2015; x_wconf 86' lang='lat' dir='ltr'>terrae</span> <span class='ocrx_word' id='word_1_516' title='bbox 2864 1949 3164 2032; x_wconf 90' lang='lat' dir='ltr'>partitio,</span> <span class='ocrx_word' id='word_1_517' title='bbox 3226 1958 3301 2015; x_wconf 91' lang='lat' dir='ltr'>ut</span> <span class='ocrx_word' id='word_1_518' title='bbox 3355 1950 3424 2015; x_wconf 91' lang='lat' dir='ltr'>in</span> <span class='ocrx_word' id='word_1_519' title='bbox 3471 1951 3767 2034; x_wconf 87' lang='lat' dir='ltr'>singulas</span> <span class='ocrx_word' id='word_1_520' title='bbox 3813 1953 4026 2021; x_wconf 89' lang='lat' dir='ltr'>tribus</span> <span class='ocrx_word' id='word_1_521' title='bbox 4069 1962 4138 2020; x_wconf 93' lang='lat' dir='ltr'>et</span> <span class='ocrx_word' id='word_1_522' title='bbox 4180 1953 4368 2019; x_wconf 89' lang='lat' dir='ltr'>fami-</span> 
     </span>
     <span class='ocr_line' id='line_1_73' title="bbox 2413 2034 4373 2123; baseline 0.004 -24"><span class='ocrx_word' id='word_1_523' title='bbox 2413 2036 2537 2101; x_wconf 88' lang='lat' dir='ltr'>lias</span> <span class='ocrx_word' id='word_1_524' title='bbox 2583 2034 2933 2101; x_wconf 88' lang='lat' dir='ltr'>distributa</span> <span class='ocrx_word' id='word_1_525' title='bbox 2986 2034 3357 2101; x_wconf 87' lang='lat' dir='ltr'>haereditas</span> <span class='ocrx_word' id='word_1_526' title='bbox 3415 2045 3607 2103; x_wconf 88' lang='lat' dir='ltr'>esset.</span> <span class='ocrx_word' id='word_1_527' title='bbox 3697 2037 3841 2102; x_wconf 90' lang='lat' dir='ltr'>Imo</span> <span class='ocrx_word' id='word_1_528' title='bbox 3899 2061 4027 2123; x_wconf 92' lang='lat' dir='ltr'>quo</span> <span class='ocrx_word' id='word_1_529' title='bbox 4080 2042 4373 2106; x_wconf 86' lang='lat' dir='ltr'>sanctior</span> 
     </span>
     <span class='ocr_line' id='line_1_74' title="bbox 2413 2121 4375 2206; baseline 0.003 -20"><span class='ocrx_word' id='word_1_530' title='bbox 2413 2129 2715 2187; x_wconf 85' lang='lat' dir='ltr'>maneret</span> <span class='ocrx_word' id='word_1_531' title='bbox 2758 2121 3104 2203; x_wconf 90' lang='lat' dir='ltr'>unicuique</span> <span class='ocrx_word' id='word_1_532' title='bbox 3141 2142 3261 2187; x_wconf 89' lang='lat' dir='ltr'>sua</span> <span class='ocrx_word' id='word_1_533' title='bbox 3296 2124 3637 2206; x_wconf 88' lang='lat' dir='ltr'>possessio,</span> <span class='ocrx_word' id='word_1_534' title='bbox 3684 2138 3859 2189; x_wconf 84' lang='lat' dir='ltr'>sorte</span> <span class='ocrx_word' id='word_1_535' title='bbox 3905 2124 4118 2192; x_wconf 88' lang='lat' dir='ltr'>divisa</span> <span class='ocrx_word' id='word_1_536' title='bbox 4157 2126 4375 2192; x_wconf 89' lang='lat' dir='ltr'>fuerat</span> 
     </span>
     <span class='ocr_line' id='line_1_75' title="bbox 2413 2206 4376 2287; baseline 0.002 -14"><span class='ocrx_word' id='word_1_537' title='bbox 2413 2219 2621 2287; x_wconf 88' lang='lat' dir='ltr'>terra,</span> <span class='ocrx_word' id='word_1_538' title='bbox 2677 2228 2752 2273; x_wconf 88' lang='lat' dir='ltr'>ac</span> <span class='ocrx_word' id='word_1_539' title='bbox 2811 2207 2867 2272; x_wconf 91' lang='lat' dir='ltr'>si</span> <span class='ocrx_word' id='word_1_540' title='bbox 2927 2206 3112 2273; x_wconf 84' lang='lat' dir='ltr'>Deus</span> <span class='ocrx_word' id='word_1_541' title='bbox 3172 2229 3375 2275; x_wconf 87' lang='lat' dir='ltr'>manu</span> <span class='ocrx_word' id='word_1_542' title='bbox 3433 2228 3553 2274; x_wconf 88' lang='lat' dir='ltr'>sua</span> <span class='ocrx_word' id='word_1_543' title='bbox 3612 2231 3719 2276; x_wconf 89' lang='lat' dir='ltr'>eos</span> <span class='ocrx_word' id='word_1_544' title='bbox 3780 2211 4024 2277; x_wconf 89' lang='lat' dir='ltr'>locaret</span> <span class='ocrx_word' id='word_1_545' title='bbox 4080 2212 4148 2276; x_wconf 90' lang='lat' dir='ltr'>in</span> <span class='ocrx_word' id='word_1_546' title='bbox 4195 2224 4376 2278; x_wconf 91' lang='lat' dir='ltr'>certa</span> 
     </span>
     <span class='ocr_line' id='line_1_76' title="bbox 2413 2292 4375 2378; baseline 0.002 -20"><span class='ocrx_word' id='word_1_547' title='bbox 2413 2295 2713 2360; x_wconf 88' lang='lat' dir='ltr'>statione.</span> <span class='ocrx_word' id='word_1_548' title='bbox 2802 2292 3104 2376; x_wconf 91' lang='lat' dir='ltr'>Denique</span> <span class='ocrx_word' id='word_1_549' title='bbox 3162 2294 3422 2359; x_wconf 89' lang='lat' dir='ltr'>sortitio</span> <span class='ocrx_word' id='word_1_550' title='bbox 3480 2295 3597 2360; x_wconf 91' lang='lat' dir='ltr'>illa</span> <span class='ocrx_word' id='word_1_551' title='bbox 3638 2294 3911 2378; x_wconf 88' lang='lat' dir='ltr'>perinde</span> <span class='ocrx_word' id='word_1_552' title='bbox 3955 2306 4098 2363; x_wconf 89' lang='lat' dir='ltr'>erat</span> <span class='ocrx_word' id='word_1_553' title='bbox 4142 2317 4217 2363; x_wconf 92' lang='lat' dir='ltr'>ac</span> <span class='ocrx_word' id='word_1_554' title='bbox 4262 2297 4375 2362; x_wconf 91' lang='lat' dir='ltr'>de-</span> 
     </span>
     <span class='ocr_line' id='line_1_77' title="bbox 2414 2378 4376 2468; baseline 0.005 -25"><span class='ocrx_word' id='word_1_555' title='bbox 2414 2390 2669 2445; x_wconf 92' lang='lat' dir='ltr'>cretum</span> <span class='ocrx_word' id='word_1_556' title='bbox 2703 2378 3085 2444; x_wconf 89' lang='lat' dir='ltr'>inviolabile</span> <span class='ocrx_word' id='word_1_557' title='bbox 3114 2379 3324 2463; x_wconf 90' lang='lat' dir='ltr'>ipsius</span> <span class='ocrx_word' id='word_1_558' title='bbox 3350 2379 3495 2459; x_wconf 88' lang='lat' dir='ltr'>Dei,</span> <span class='ocrx_word' id='word_1_559' title='bbox 3544 2391 3620 2446; x_wconf 92' lang='lat' dir='ltr'>ut</span> <span class='ocrx_word' id='word_1_560' title='bbox 3655 2403 3915 2466; x_wconf 87' lang='lat' dir='ltr'>semper</span> <span class='ocrx_word' id='word_1_561' title='bbox 3954 2384 4209 2468; x_wconf 83' lang='lat' dir='ltr'>vigeret</span> <span class='ocrx_word' id='word_1_562' title='bbox 4242 2384 4376 2452; x_wconf 85' lang='lat' dir='ltr'>foe·</span> 
     </span>
     <span class='ocr_line' id='line_1_78' title="bbox 2414 2464 4374 2551; baseline 0.003 -22"><span class='ocrx_word' id='word_1_563' title='bbox 2414 2464 2592 2531; x_wconf 90' lang='lat' dir='ltr'>deris</span> <span class='ocrx_word' id='word_1_564' title='bbox 2632 2465 2981 2545; x_wconf 86' lang='lat' dir='ltr'>memoria,</span> <span class='ocrx_word' id='word_1_565' title='bbox 3025 2485 3155 2548; x_wconf 89' lang='lat' dir='ltr'>quo</span> <span class='ocrx_word' id='word_1_566' title='bbox 3192 2473 3408 2531; x_wconf 88' lang='lat' dir='ltr'>terrae</span> <span class='ocrx_word' id='word_1_567' title='bbox 3455 2467 3825 2533; x_wconf 86' lang='lat' dir='ltr'>haereditas</span> <span class='ocrx_word' id='word_1_568' title='bbox 3868 2471 4190 2551; x_wconf 90' lang='lat' dir='ltr'>promissa</span> <span class='ocrx_word' id='word_1_569' title='bbox 4232 2471 4374 2535; x_wconf 90' lang='lat' dir='ltr'>fue-</span> 
     </span>
     <span class='ocr_line' id='line_1_79' title="bbox 2416 2550 4378 2637; baseline 0.003 -20"><span class='ocrx_word' id='word_1_570' title='bbox 2416 2560 2523 2617; x_wconf 88' lang='lat' dir='ltr'>rat</span> <span class='ocrx_word' id='word_1_571' title='bbox 2584 2551 2895 2617; x_wconf 85' lang='lat' dir='ltr'>Abrahae</span> <span class='ocrx_word' id='word_1_572' title='bbox 2960 2559 3027 2615; x_wconf 90' lang='lat' dir='ltr'>et</span> <span class='ocrx_word' id='word_1_573' title='bbox 3090 2550 3231 2616; x_wconf 88' lang='lat' dir='ltr'>eius</span> <span class='ocrx_word' id='word_1_574' title='bbox 3295 2554 3594 2635; x_wconf 87' lang='lat' dir='ltr'>posteris.</span> <span class='ocrx_word' id='word_1_575' title='bbox 3684 2557 3903 2637; x_wconf 89' lang='lat' dir='ltr'>Atque</span> <span class='ocrx_word' id='word_1_576' title='bbox 3969 2555 4130 2620; x_wconf 88' lang='lat' dir='ltr'>adeo</span> <span class='ocrx_word' id='word_1_577' title='bbox 4198 2567 4378 2622; x_wconf 87' lang='lat' dir='ltr'>terra</span> 
     </span>
     <span class='ocr_line' id='line_1_80' title="bbox 2420 2637 4375 2725; baseline 0.002 -20"><span class='ocrx_word' id='word_1_578' title='bbox 2420 2638 2742 2705; x_wconf 88' lang='lat' dir='ltr'>Obanaan</span> <span class='ocrx_word' id='word_1_579' title='bbox 2789 2637 2989 2702; x_wconf 87' lang='lat' dir='ltr'>arrha</span> <span class='ocrx_word' id='word_1_580' title='bbox 3030 2646 3201 2715; x_wconf 87' lang='lat' dir='ltr'>erat,</span> <span class='ocrx_word' id='word_1_581' title='bbox 3262 2638 3368 2703; x_wconf 91' lang='lat' dir='ltr'>vel</span> <span class='ocrx_word' id='word_1_582' title='bbox 3413 2638 3818 2724; x_wconf 84' lang='lat' dir='ltr'>symbolum,</span> <span class='ocrx_word' id='word_1_583' title='bbox 3868 2640 3972 2708; x_wconf 90' lang='lat' dir='ltr'>vel</span> <span class='ocrx_word' id='word_1_584' title='bbox 4030 2643 4375 2725; x_wconf 91' lang='lat' dir='ltr'>speculum</span> 
     </span>
     <span class='ocr_line' id='line_1_81' title="bbox 2419 2722 4377 2808; baseline 0.002 -18"><span class='ocrx_word' id='word_1_585' title='bbox 2419 2723 2788 2807; x_wconf 87' lang='lat' dir='ltr'>adoptionis</span> <span class='ocrx_word' id='word_1_586' title='bbox 2832 2724 2902 2787; x_wconf 91' lang='lat' dir='ltr'>in</span> <span class='ocrx_word' id='word_1_587' title='bbox 2947 2745 3075 2805; x_wconf 91' lang='lat' dir='ltr'>qua</span> <span class='ocrx_word' id='word_1_588' title='bbox 3119 2722 3389 2790; x_wconf 89' lang='lat' dir='ltr'>fundata</span> <span class='ocrx_word' id='word_1_589' title='bbox 3434 2734 3576 2790; x_wconf 88' lang='lat' dir='ltr'>erat</span> <span class='ocrx_word' id='word_1_590' title='bbox 3618 2746 3843 2790; x_wconf 91' lang='lat' dir='ltr'>eorum</span> <span class='ocrx_word' id='word_1_591' title='bbox 3891 2726 4087 2793; x_wconf 88' lang='lat' dir='ltr'>salus.</span> <span class='ocrx_word' id='word_1_592' title='bbox 4150 2727 4377 2808; x_wconf 79' lang='lat' dir='ltr'>Quare</span> 
     </span>
     <span class='ocr_line' id='line_1_82' title="bbox 2419 2808 4379 2879; baseline 0.002 -4"><span class='ocrx_word' id='word_1_593' title='bbox 2419 2810 2662 2875; x_wconf 89' lang='lat' dir='ltr'>mirum</span> <span class='ocrx_word' id='word_1_594' title='bbox 2732 2830 2862 2874; x_wconf 92' lang='lat' dir='ltr'>non</span> <span class='ocrx_word' id='word_1_595' title='bbox 2928 2818 3028 2874; x_wconf 91' lang='lat' dir='ltr'>est</span> <span class='ocrx_word' id='word_1_596' title='bbox 3091 2810 3145 2873; x_wconf 91' lang='lat' dir='ltr'>si</span> <span class='ocrx_word' id='word_1_597' title='bbox 3210 2808 3377 2875; x_wconf 90' lang='lat' dir='ltr'>illud</span> <span class='ocrx_word' id='word_1_598' title='bbox 3452 2811 3924 2877; x_wconf 88' lang='lat' dir='ltr'>inaestimabile</span> <span class='ocrx_word' id='word_1_599' title='bbox 3989 2812 4379 2879; x_wconf 88' lang='lat' dir='ltr'>beneficium</span> 
     </span>
     <span class='ocr_line' id='line_1_83' title="bbox 2422 2895 4379 2978; baseline 0.002 -17"><span class='ocrx_word' id='word_1_600' title='bbox 2422 2896 2606 2961; x_wconf 91' lang='lat' dir='ltr'>Deus</span> <span class='ocrx_word' id='word_1_601' title='bbox 2672 2895 2955 2960; x_wconf 90' lang='lat' dir='ltr'>noluerit</span> <span class='ocrx_word' id='word_1_602' title='bbox 3014 2915 3305 2978; x_wconf 90' lang='lat' dir='ltr'>unquam</span> <span class='ocrx_word' id='word_1_603' title='bbox 3369 2895 3780 2963; x_wconf 89' lang='lat' dir='ltr'>intercidere.</span> <span class='ocrx_word' id='word_1_604' title='bbox 3868 2898 3947 2962; x_wconf 88' lang='lat' dir='ltr'>Id</span> <span class='ocrx_word' id='word_1_605' title='bbox 4013 2911 4233 2964; x_wconf 90' lang='lat' dir='ltr'>autem</span> <span class='ocrx_word' id='word_1_606' title='bbox 4292 2919 4379 2964; x_wconf 90' lang='lat' dir='ltr'>ne</span> 
     </span>
     <span class='ocr_line' id='line_1_84' title="bbox 2421 2981 4374 3067; baseline 0.001 -19"><span class='ocrx_word' id='word_1_607' title='bbox 2421 2984 2642 3060; x_wconf 89' lang='lat' dir='ltr'>fieret,</span> <span class='ocrx_word' id='word_1_608' title='bbox 2726 2992 3041 3063; x_wconf 88' lang='lat' dir='ltr'>tanquam</span> <span class='ocrx_word' id='word_1_609' title='bbox 3119 2981 3432 3064; x_wconf 88' lang='lat' dir='ltr'>providus</span> <span class='ocrx_word' id='word_1_610' title='bbox 3511 2984 3980 3067; x_wconf 87' lang='lat' dir='ltr'>paterfamilias</span> <span class='ocrx_word' id='word_1_611' title='bbox 4069 2985 4374 3050; x_wconf 84' lang='lat' dir='ltr'>fraenum</span> 
     </span>
     <span class='ocr_line' id='line_1_85' title="bbox 2423 3066 4376 3154; baseline 0.003 -20"><span class='ocrx_word' id='word_1_612' title='bbox 2423 3068 2653 3134; x_wconf 91' lang='lat' dir='ltr'>iniecit</span> <span class='ocrx_word' id='word_1_613' title='bbox 2706 3066 2857 3134; x_wconf 89' lang='lat' dir='ltr'>filiis</span> <span class='ocrx_word' id='word_1_614' title='bbox 2907 3067 3076 3146; x_wconf 90' lang='lat' dir='ltr'>suis,</span> <span class='ocrx_word' id='word_1_615' title='bbox 3129 3089 3212 3132; x_wconf 91' lang='lat' dir='ltr'>ne</span> <span class='ocrx_word' id='word_1_616' title='bbox 3258 3068 3516 3154; x_wconf 86' lang='lat' dir='ltr'>prodigi</span> <span class='ocrx_word' id='word_1_617' title='bbox 3562 3071 3795 3136; x_wconf 89' lang='lat' dir='ltr'>fierent</span> <span class='ocrx_word' id='word_1_618' title='bbox 3839 3069 4047 3136; x_wconf 91' lang='lat' dir='ltr'>nimia</span> <span class='ocrx_word' id='word_1_619' title='bbox 4090 3071 4376 3139; x_wconf 88' lang='lat' dir='ltr'>licentia.</span> 
     </span>
     <span class='ocr_line' id='line_1_86' title="bbox 2422 3154 4378 3238; baseline 0.003 -19"><span class='ocrx_word' id='word_1_620' title='bbox 2422 3155 2597 3219; x_wconf 87' lang='lat' dir='ltr'>Nam</span> <span class='ocrx_word' id='word_1_621' title='bbox 2634 3155 2748 3237; x_wconf 91' lang='lat' dir='ltr'>qui</span> <span class='ocrx_word' id='word_1_622' title='bbox 2784 3161 3159 3238; x_wconf 89' lang='lat' dir='ltr'>suspectum</span> <span class='ocrx_word' id='word_1_623' title='bbox 3205 3155 3406 3221; x_wconf 88' lang='lat' dir='ltr'>habet</span> <span class='ocrx_word' id='word_1_624' title='bbox 3451 3154 3818 3237; x_wconf 90' lang='lat' dir='ltr'>haeredem,</span> <span class='ocrx_word' id='word_1_625' title='bbox 3864 3165 4044 3224; x_wconf 89' lang='lat' dir='ltr'>vetat</span> <span class='ocrx_word' id='word_1_626' title='bbox 4087 3158 4378 3224; x_wconf 88' lang='lat' dir='ltr'>alienare</span> 
     </span>
     <span class='ocr_line' id='line_1_87' title="bbox 2426 3240 4383 3325; baseline 0.002 -19"><span class='ocrx_word' id='word_1_627' title='bbox 2426 3240 2598 3324; x_wconf 90' lang='lat' dir='ltr'>quod</span> <span class='ocrx_word' id='word_1_628' title='bbox 2645 3240 2959 3324; x_wconf 89' lang='lat' dir='ltr'>relinquit</span> <span class='ocrx_word' id='word_1_629' title='bbox 2994 3240 3486 3324; x_wconf 86' lang='lat' dir='ltr'>patrimonium.</span> <span class='ocrx_word' id='word_1_630' title='bbox 3554 3242 3734 3308; x_wconf 79' lang='lat' dir='ltr'>&#39;Palis</span> <span class='ocrx_word' id='word_1_631' title='bbox 3768 3244 3992 3325; x_wconf 89' lang='lat' dir='ltr'>itaque</span> <span class='ocrx_word' id='word_1_632' title='bbox 4035 3245 4161 3308; x_wconf 88' lang='lat' dir='ltr'>fuit</span> <span class='ocrx_word' id='word_1_633' title='bbox 4203 3253 4383 3310; x_wconf 89' lang='lat' dir='ltr'>vete-</span> 
     </span>
     <span class='ocr_line' id='line_1_88' title="bbox 2425 3325 4379 3415; baseline 0.002 -23"><span class='ocrx_word' id='word_1_634' title='bbox 2425 3328 2518 3392; x_wconf 91' lang='lat' dir='ltr'>ris</span> <span class='ocrx_word' id='word_1_635' title='bbox 2564 3326 2786 3409; x_wconf 91' lang='lat' dir='ltr'>populi</span> <span class='ocrx_word' id='word_1_636' title='bbox 2831 3325 3148 3406; x_wconf 91' lang='lat' dir='ltr'>conditio,</span> <span class='ocrx_word' id='word_1_637' title='bbox 3199 3347 3363 3410; x_wconf 91' lang='lat' dir='ltr'>quae</span> <span class='ocrx_word' id='word_1_638' title='bbox 3408 3328 3772 3410; x_wconf 89' lang='lat' dir='ltr'>promiscue</span> <span class='ocrx_word' id='word_1_639' title='bbox 3816 3329 3897 3392; x_wconf 91' lang='lat' dir='ltr'>ad</span> <span class='ocrx_word' id='word_1_640' title='bbox 3942 3329 4104 3395; x_wconf 88' lang='lat' dir='ltr'>alias</span> <span class='ocrx_word' id='word_1_641' title='bbox 4146 3339 4379 3415; x_wconf 87' lang='lat' dir='ltr'>gentes</span> 
     </span>
     <span class='ocr_line' id='line_1_89' title="bbox 2425 3411 4382 3495; baseline 0.002 -18"><span class='ocrx_word' id='word_1_642' title='bbox 2425 3412 2773 3478; x_wconf 85' lang='lat' dir='ltr'>transferri</span> <span class='ocrx_word' id='word_1_643' title='bbox 2821 3411 3081 3495; x_wconf 84' lang='lat' dir='ltr'>nequit,</span> <span class='ocrx_word' id='word_1_644' title='bbox 3141 3413 3375 3495; x_wconf 90' lang='lat' dir='ltr'>quibus</span> <span class='ocrx_word' id='word_1_645' title='bbox 3439 3412 3592 3479; x_wconf 89' lang='lat' dir='ltr'>data</span> <span class='ocrx_word' id='word_1_646' title='bbox 3649 3435 3782 3479; x_wconf 93' lang='lat' dir='ltr'>non</span> <span class='ocrx_word' id='word_1_647' title='bbox 3832 3414 3957 3480; x_wconf 88' lang='lat' dir='ltr'>fuit</span> <span class='ocrx_word' id='word_1_648' title='bbox 4011 3417 4382 3481; x_wconf 89' lang='lat' dir='ltr'>communis</span> 
     </span>
     <span class='ocr_line' id='line_1_90' title="bbox 2425 3497 4380 3587; baseline 0.002 -24"><span class='ocrx_word' id='word_1_649' title='bbox 2425 3497 2817 3565; x_wconf 88' lang='lat' dir='ltr'>haereditas.</span> <span class='ocrx_word' id='word_1_650' title='bbox 2910 3497 3194 3582; x_wconf 90' lang='lat' dir='ltr'>Aliquod</span> <span class='ocrx_word' id='word_1_651' title='bbox 3259 3499 3330 3563; x_wconf 91' lang='lat' dir='ltr'>in</span> <span class='ocrx_word' id='word_1_652' title='bbox 3385 3499 3531 3564; x_wconf 90' lang='lat' dir='ltr'>iure</span> <span class='ocrx_word' id='word_1_653' title='bbox 3595 3500 3961 3568; x_wconf 90' lang='lat' dir='ltr'>redimendi</span> <span class='ocrx_word' id='word_1_654' title='bbox 4021 3502 4380 3587; x_wconf 88' lang='lat' dir='ltr'>vestigium</span> 
     </span>
     <span class='ocr_line' id='line_1_91' title="bbox 2425 3582 4379 3668; baseline 0.002 -19"><span class='ocrx_word' id='word_1_655' title='bbox 2425 3593 2729 3666; x_wconf 89' lang='lat' dir='ltr'>apparet:</span> <span class='ocrx_word' id='word_1_656' title='bbox 2785 3582 2900 3649; x_wconf 90' lang='lat' dir='ltr'>sed</span> <span class='ocrx_word' id='word_1_657' title='bbox 2957 3585 3108 3667; x_wconf 87' lang='lat' dir='ltr'>quia</span> <span class='ocrx_word' id='word_1_658' title='bbox 3160 3583 3230 3649; x_wconf 90' lang='lat' dir='ltr'>id</span> <span class='ocrx_word' id='word_1_659' title='bbox 3278 3586 3519 3667; x_wconf 89' lang='lat' dir='ltr'>pendet</span> <span class='ocrx_word' id='word_1_660' title='bbox 3573 3607 3655 3651; x_wconf 90' lang='lat' dir='ltr'>ex</span> <span class='ocrx_word' id='word_1_661' title='bbox 3703 3587 3988 3668; x_wconf 89' lang='lat' dir='ltr'>partium</span> <span class='ocrx_word' id='word_1_662' title='bbox 4032 3606 4379 3667; x_wconf 88' lang='lat' dir='ltr'>consensu,</span> 
     </span>
     <span class='ocr_line' id='line_1_92' title="bbox 2426 3669 4377 3759; baseline 0.003 -25"><span class='ocrx_word' id='word_1_663' title='bbox 2426 3669 2663 3735; x_wconf 90' lang='lat' dir='ltr'>deinde</span> <span class='ocrx_word' id='word_1_664' title='bbox 2698 3669 2998 3752; x_wconf 89' lang='lat' dir='ltr'>specialis</span> <span class='ocrx_word' id='word_1_665' title='bbox 3023 3680 3122 3735; x_wconf 90' lang='lat' dir='ltr'>est</span> <span class='ocrx_word' id='word_1_666' title='bbox 3152 3670 3578 3737; x_wconf 88' lang='lat' dir='ltr'>contrahendi</span> <span class='ocrx_word' id='word_1_667' title='bbox 3616 3672 3802 3751; x_wconf 87' lang='lat' dir='ltr'>ratic,</span> <span class='ocrx_word' id='word_1_668' title='bbox 3841 3671 4007 3737; x_wconf 92' lang='lat' dir='ltr'>nihil</span> <span class='ocrx_word' id='word_1_669' title='bbox 4043 3671 4125 3737; x_wconf 90' lang='lat' dir='ltr'>ad</span> <span class='ocrx_word' id='word_1_670' title='bbox 4162 3672 4377 3759; x_wconf 89' lang='lat' dir='ltr'>legem</span> 
     </span>
     <span class='ocr_line' id='line_1_93' title="bbox 2425 3756 4379 3843; baseline 0.003 -23"><span class='ocrx_word' id='word_1_671' title='bbox 2425 3757 2633 3822; x_wconf 89' lang='lat' dir='ltr'>Mosis</span> <span class='ocrx_word' id='word_1_672' title='bbox 2688 3776 2855 3838; x_wconf 90' lang='lat' dir='ltr'>quae</span> <span class='ocrx_word' id='word_1_673' title='bbox 2909 3762 3044 3821; x_wconf 88' lang='lat' dir='ltr'>tam</span> <span class='ocrx_word' id='word_1_674' title='bbox 3096 3756 3400 3823; x_wconf 91' lang='lat' dir='ltr'>homines</span> <span class='ocrx_word' id='word_1_675' title='bbox 3443 3778 3639 3841; x_wconf 91' lang='lat' dir='ltr'>quam</span> <span class='ocrx_word' id='word_1_676' title='bbox 3684 3779 3881 3841; x_wconf 86' lang='lat' dir='ltr'>agros</span> <span class='ocrx_word' id='word_1_677' title='bbox 3928 3759 3999 3822; x_wconf 92' lang='lat' dir='ltr'>in</span> <span class='ocrx_word' id='word_1_678' title='bbox 4043 3760 4379 3843; x_wconf 88' lang='lat' dir='ltr'>integrum</span> 
     </span>
     <span class='ocr_line' id='line_1_94' title="bbox 2423 3841 4378 3927; baseline 0.002 -22"><span class='ocrx_word' id='word_1_679' title='bbox 2423 3841 2732 3907; x_wconf 89' lang='lat' dir='ltr'>restituit.</span> <span class='ocrx_word' id='word_1_680' title='bbox 2838 3841 2981 3907; x_wconf 90' lang='lat' dir='ltr'>Iam</span> <span class='ocrx_word' id='word_1_681' title='bbox 3048 3842 3219 3926; x_wconf 92' lang='lat' dir='ltr'>quod</span> <span class='ocrx_word' id='word_1_682' title='bbox 3276 3853 3457 3908; x_wconf 88' lang='lat' dir='ltr'>terra</span> <span class='ocrx_word' id='word_1_683' title='bbox 3505 3844 3827 3910; x_wconf 84' lang='lat' dir='ltr'>Chanaan</span> <span class='ocrx_word' id='word_1_684' title='bbox 3903 3844 4030 3909; x_wconf 91' lang='lat' dir='ltr'>Dei</span> <span class='ocrx_word' id='word_1_685' title='bbox 4092 3853 4378 3927; x_wconf 87' lang='lat' dir='ltr'>vocatur,</span> 
     </span>
     <span class='ocr_line' id='line_1_95' title="bbox 2425 3926 4378 4017; baseline 0.004 -26"><span class='ocrx_word' id='word_1_686' title='bbox 2425 3926 2695 4010; x_wconf 89' lang='lat' dir='ltr'>perinde</span> <span class='ocrx_word' id='word_1_687' title='bbox 2749 3937 2852 3994; x_wconf 86' lang='lat' dir='ltr'>est</span> <span class='ocrx_word' id='word_1_688' title='bbox 2909 3947 2984 3993; x_wconf 89' lang='lat' dir='ltr'>ac</span> <span class='ocrx_word' id='word_1_689' title='bbox 3040 3929 3097 3992; x_wconf 92' lang='lat' dir='ltr'>si</span> <span class='ocrx_word' id='word_1_690' title='bbox 3158 3927 3475 3995; x_wconf 90' lang='lat' dir='ltr'>directum</span> <span class='ocrx_word' id='word_1_691' title='bbox 3533 3930 3676 3996; x_wconf 89' lang='lat' dir='ltr'>eius</span> <span class='ocrx_word' id='word_1_692' title='bbox 3731 3929 4092 3996; x_wconf 89' lang='lat' dir='ltr'>dominium</span> <span class='ocrx_word' id='word_1_693' title='bbox 4134 3928 4239 4017; x_wconf 92' lang='lat' dir='ltr'>(ut</span> <span class='ocrx_word' id='word_1_694' title='bbox 4281 3931 4378 3998; x_wconf 87' lang='lat' dir='ltr'>lo·</span> 
     </span>
     <span class='ocr_line' id='line_1_96' title="bbox 2423 4012 4378 4100; baseline 0.001 -21"><span class='ocrx_word' id='word_1_695' title='bbox 2423 4012 2744 4100; x_wconf 91' lang='lat' dir='ltr'>quuntur)</span> <span class='ocrx_word' id='word_1_696' title='bbox 2807 4013 2949 4096; x_wconf 84' lang='lat' dir='ltr'>ipse</span> <span class='ocrx_word' id='word_1_697' title='bbox 3012 4013 3140 4079; x_wconf 85' lang='lat' dir='ltr'>sibi</span> <span class='ocrx_word' id='word_1_698' title='bbox 3206 4014 3320 4080; x_wconf 92' lang='lat' dir='ltr'>uni</span> <span class='ocrx_word' id='word_1_699' title='bbox 3384 4026 3738 4094; x_wconf 90' lang='lat' dir='ltr'>assereret,</span> <span class='ocrx_word' id='word_1_700' title='bbox 3805 4016 3996 4083; x_wconf 88' lang='lat' dir='ltr'>sicuti</span> <span class='ocrx_word' id='word_1_701' title='bbox 4065 4016 4378 4083; x_wconf 88' lang='lat' dir='ltr'>continuo</span> 
     </span>
     <span class='ocr_line' id='line_1_97' title="bbox 2422 4099 4382 4184; baseline 0.003 -20"><span class='ocrx_word' id='word_1_702' title='bbox 2422 4106 2573 4183; x_wconf 91' lang='lat' dir='ltr'>post</span> <span class='ocrx_word' id='word_1_703' title='bbox 2615 4099 2854 4165; x_wconf 84' lang='lat' dir='ltr'>clarius</span> <span class='ocrx_word' id='word_1_704' title='bbox 2900 4109 3188 4165; x_wconf 91' lang='lat' dir='ltr'>mentem</span> <span class='ocrx_word' id='word_1_705' title='bbox 3235 4121 3424 4166; x_wconf 87' lang='lat' dir='ltr'>suam</span> <span class='ocrx_word' id='word_1_706' title='bbox 3470 4102 3773 4184; x_wconf 89' lang='lat' dir='ltr'>explicat,</span> <span class='ocrx_word' id='word_1_707' title='bbox 3820 4101 3931 4166; x_wconf 92' lang='lat' dir='ltr'>ubi</span> <span class='ocrx_word' id='word_1_708' title='bbox 3968 4101 4135 4168; x_wconf 89' lang='lat' dir='ltr'>filios</span> <span class='ocrx_word' id='word_1_709' title='bbox 4168 4101 4382 4168; x_wconf 90' lang='lat' dir='ltr'>Israel</span> 
     </span>
     <span class='ocr_line' id='line_1_98' title="bbox 2424 4185 4378 4272; baseline 0.002 -22"><span class='ocrx_word' id='word_1_710' title='bbox 2424 4185 2585 4251; x_wconf 91' lang='lat' dir='ltr'>dicit</span> <span class='ocrx_word' id='word_1_711' title='bbox 2624 4187 2697 4251; x_wconf 90' lang='lat' dir='ltr'>in</span> <span class='ocrx_word' id='word_1_712' title='bbox 2733 4206 2811 4250; x_wconf 91' lang='lat' dir='ltr'>ea</span> <span class='ocrx_word' id='word_1_713' title='bbox 2853 4186 3260 4271; x_wconf 89' lang='lat' dir='ltr'>peregrinari</span> <span class='ocrx_word' id='word_1_714' title='bbox 3306 4197 3618 4271; x_wconf 86' lang='lat' dir='ltr'>tanquam</span> <span class='ocrx_word' id='word_1_715' title='bbox 3661 4209 3816 4254; x_wconf 90' lang='lat' dir='ltr'>suos</span> <span class='ocrx_word' id='word_1_716' title='bbox 3852 4188 4162 4272; x_wconf 87' lang='lat' dir='ltr'>hospites.</span> <span class='ocrx_word' id='word_1_717' title='bbox 4228 4188 4378 4254; x_wconf 85' lang='lat' dir='ltr'>Etsi</span> 
     </span>
     <span class='ocr_line' id='line_1_99' title="bbox 2423 4272 4380 4359; baseline 0.003 -23"><span class='ocrx_word' id='word_1_718' title='bbox 2423 4272 2603 4337; x_wconf 89' lang='lat' dir='ltr'>enim</span> <span class='ocrx_word' id='word_1_719' title='bbox 2659 4272 2904 4355; x_wconf 90' lang='lat' dir='ltr'>optima</span> <span class='ocrx_word' id='word_1_720' title='bbox 2946 4272 3080 4338; x_wconf 92' lang='lat' dir='ltr'>illis</span> <span class='ocrx_word' id='word_1_721' title='bbox 3121 4272 3250 4338; x_wconf 85' lang='lat' dir='ltr'>fuit</span> <span class='ocrx_word' id='word_1_722' title='bbox 3306 4295 3470 4357; x_wconf 89' lang='lat' dir='ltr'>quae</span> <span class='ocrx_word' id='word_1_723' title='bbox 3515 4274 3704 4340; x_wconf 91' lang='lat' dir='ltr'>iustis</span> <span class='ocrx_word' id='word_1_724' title='bbox 3749 4284 3815 4339; x_wconf 90' lang='lat' dir='ltr'>et</span> <span class='ocrx_word' id='word_1_725' title='bbox 3860 4275 4192 4358; x_wconf 91' lang='lat' dir='ltr'>perpetuis</span> <span class='ocrx_word' id='word_1_726' title='bbox 4229 4296 4380 4359; x_wconf 91' lang='lat' dir='ltr'>pos-</span> 
     </span>
     <span class='ocr_line' id='line_1_100' title="bbox 2422 4356 4381 4444; baseline 0.002 -21"><span class='ocrx_word' id='word_1_727' title='bbox 2422 4356 2786 4424; x_wconf 89' lang='lat' dir='ltr'>sessoribus</span> <span class='ocrx_word' id='word_1_728' title='bbox 2820 4357 3104 4423; x_wconf 90' lang='lat' dir='ltr'>conditio</span> <span class='ocrx_word' id='word_1_729' title='bbox 3150 4378 3291 4424; x_wconf 89' lang='lat' dir='ltr'>esso</span> <span class='ocrx_word' id='word_1_730' title='bbox 3335 4367 3579 4442; x_wconf 87' lang='lat' dir='ltr'>potest:</span> <span class='ocrx_word' id='word_1_731' title='bbox 3637 4358 3765 4424; x_wconf 91' lang='lat' dir='ltr'>Dei</span> <span class='ocrx_word' id='word_1_732' title='bbox 3811 4368 4032 4425; x_wconf 90' lang='lat' dir='ltr'>tamen</span> <span class='ocrx_word' id='word_1_733' title='bbox 4076 4370 4381 4444; x_wconf 90' lang='lat' dir='ltr'>respectu</span> 
     </span>
     <span class='ocr_line' id='line_1_101' title="bbox 2422 4442 4378 4529; baseline 0.002 -20"><span class='ocrx_word' id='word_1_734' title='bbox 2422 4465 2558 4509; x_wconf 92' lang='lat' dir='ltr'>non</span> <span class='ocrx_word' id='word_1_735' title='bbox 2615 4443 2746 4510; x_wconf 88' lang='lat' dir='ltr'>nisi</span> <span class='ocrx_word' id='word_1_736' title='bbox 2801 4442 3017 4510; x_wconf 92' lang='lat' dir='ltr'>coloni</span> <span class='ocrx_word' id='word_1_737' title='bbox 3074 4453 3292 4524; x_wconf 89' lang='lat' dir='ltr'>erant,</span> <span class='ocrx_word' id='word_1_738' title='bbox 3358 4446 3512 4528; x_wconf 91' lang='lat' dir='ltr'>quia</span> <span class='ocrx_word' id='word_1_739' title='bbox 3566 4446 3866 4529; x_wconf 89' lang='lat' dir='ltr'>precario</span> <span class='ocrx_word' id='word_1_740' title='bbox 3925 4455 4181 4512; x_wconf 88' lang='lat' dir='ltr'>tantum</span> <span class='ocrx_word' id='word_1_741' title='bbox 4242 4446 4378 4513; x_wconf 90' lang='lat' dir='ltr'>illic</span> 
     </span>
     <span class='ocr_line' id='line_1_102' title="bbox 2421 4528 4381 4613; baseline 0.002 -18"><span class='ocrx_word' id='word_1_742' title='bbox 2421 4530 2858 4613; x_wconf 88' lang='lat' dir='ltr'>quiescebant.</span> <span class='ocrx_word' id='word_1_743' title='bbox 2915 4528 2998 4595; x_wconf 92' lang='lat' dir='ltr'>In</span> <span class='ocrx_word' id='word_1_744' title='bbox 3036 4550 3310 4608; x_wconf 86' lang='lat' dir='ltr'>summa,</span> <span class='ocrx_word' id='word_1_745' title='bbox 3353 4531 3539 4598; x_wconf 89' lang='lat' dir='ltr'>Deus</span> <span class='ocrx_word' id='word_1_746' title='bbox 3576 4531 3857 4596; x_wconf 89' lang='lat' dir='ltr'>fundum</span> <span class='ocrx_word' id='word_1_747' title='bbox 3894 4531 4018 4599; x_wconf 89' lang='lat' dir='ltr'>sibi</span> <span class='ocrx_word' id='word_1_748' title='bbox 4055 4532 4381 4612; x_wconf 83' lang='lat' dir='ltr'>vendicat,</span> 
     </span>
     <span class='ocr_line' id='line_1_103' title="bbox 2422 4614 3979 4698; baseline 0.002 -18"><span class='ocrx_word' id='word_1_749' title='bbox 2422 4637 2509 4680; x_wconf 92' lang='lat' dir='ltr'>ne</span> <span class='ocrx_word' id='word_1_750' title='bbox 2554 4636 2842 4698; x_wconf 85' lang='lat' dir='ltr'>unquam</span> <span class='ocrx_word' id='word_1_751' title='bbox 2885 4614 3187 4681; x_wconf 87' lang='lat' dir='ltr'>efflueret</span> <span class='ocrx_word' id='word_1_752' title='bbox 3229 4614 3601 4682; x_wconf 88' lang='lat' dir='ltr'>donationis</span> <span class='ocrx_word' id='word_1_753' title='bbox 3645 4618 3979 4684; x_wconf 90' lang='lat' dir='ltr'>memoria.</span> 
     </span>
    </p>

    <p class='ocr_par' dir='ltr' id='par_1_11' title="bbox 2421 4701 4401 5477">
     <span class='ocr_line' id='line_1_104' title="bbox 2596 4701 4381 4787; baseline 0.002 -21"><span class='ocrx_word' id='word_1_754' title='bbox 2596 4701 2700 4767; x_wconf 89' lang='grc'>24.</span> <span class='ocrx_word' id='word_1_755' title='bbox 2768 4701 2855 4766; x_wconf 92' lang='lat' dir='ltr'>In</span> <span class='ocrx_word' id='word_1_756' title='bbox 2893 4703 3192 4768; x_wconf 86' lang='lat' dir='ltr'>universa</span> <span class='ocrx_word' id='word_1_757' title='bbox 3230 4706 3419 4769; x_wconf 80' lang='lat' dir='ltr'>terra.</span> <span class='ocrx_word' id='word_1_758' title='bbox 3484 4705 3861 4787; x_wconf 88' lang='lat' dir='ltr'>Antequam</span> <span class='ocrx_word' id='word_1_759' title='bbox 3897 4704 3980 4769; x_wconf 91' lang='lat' dir='ltr'>ad</span> <span class='ocrx_word' id='word_1_760' title='bbox 4021 4702 4381 4770; x_wconf 86' lang='lat' dir='ltr'>iubilaeum</span> 
     </span>
     <span class='ocr_line' id='line_1_105' title="bbox 2421 4787 4379 4872; baseline 0 -17"><span class='ocrx_word' id='word_1_761' title='bbox 2421 4787 2677 4867; x_wconf 85' lang='lat' dir='ltr'>veniat,</span> <span class='ocrx_word' id='word_1_762' title='bbox 2747 4808 2980 4872; x_wconf 87' lang='lat' dir='ltr'>agrum</span> <span class='ocrx_word' id='word_1_763' title='bbox 3040 4808 3080 4852; x_wconf 89' lang='lat' dir='ltr'>a</span> <span class='ocrx_word' id='word_1_764' title='bbox 3133 4809 3420 4872; x_wconf 90' lang='lat' dir='ltr'>paupere</span> <span class='ocrx_word' id='word_1_765' title='bbox 3478 4789 3853 4870; x_wconf 88' lang='lat' dir='ltr'>venditum,</span> <span class='ocrx_word' id='word_1_766' title='bbox 3919 4810 4054 4865; x_wconf 88' lang='lat' dir='ltr'>non</span> <span class='ocrx_word' id='word_1_767' title='bbox 4114 4799 4379 4855; x_wconf 87' lang='lat' dir='ltr'>tantum</span> 
     </span>
     <span class='ocr_line' id='line_1_106' title="bbox 2421 4874 4377 4959; baseline 0.001 -20"><span class='ocrx_word' id='word_1_768' title='bbox 2421 4874 2927 4959; x_wconf 88' lang='lat' dir='ltr'>consanguineis</span> <span class='ocrx_word' id='word_1_769' title='bbox 2984 4874 3303 4940; x_wconf 88' lang='lat' dir='ltr'>redimere</span> <span class='ocrx_word' id='word_1_770' title='bbox 3352 4876 3709 4958; x_wconf 88' lang='lat' dir='ltr'>permittit,</span> <span class='ocrx_word' id='word_1_771' title='bbox 3763 4874 3877 4942; x_wconf 90' lang='lat' dir='ltr'>sed</span> <span class='ocrx_word' id='word_1_772' title='bbox 3934 4876 4062 4959; x_wconf 91' lang='lat' dir='ltr'>ipsi</span> <span class='ocrx_word' id='word_1_773' title='bbox 4120 4897 4377 4959; x_wconf 89' lang='lat' dir='ltr'>quoque</span> 
     </span>
     <span class='ocr_line' id='line_1_107' title="bbox 2422 4958 4379 5047; baseline 0.001 -21"><span class='ocrx_word' id='word_1_774' title='bbox 2422 4958 2780 5041; x_wconf 89' lang='lat' dir='ltr'>venditori,</span> <span class='ocrx_word' id='word_1_775' title='bbox 2838 4960 2894 5025; x_wconf 91' lang='lat' dir='ltr'>si</span> <span class='ocrx_word' id='word_1_776' title='bbox 2938 4982 3130 5026; x_wconf 90' lang='lat' dir='ltr'>nemo</span> <span class='ocrx_word' id='word_1_777' title='bbox 3179 4960 3582 5027; x_wconf 87' lang='lat' dir='ltr'>interveniat</span> <span class='ocrx_word' id='word_1_778' title='bbox 3637 4960 4027 5046; x_wconf 84' lang='lat' dir='ltr'>redemptor.</span> <span class='ocrx_word' id='word_1_779' title='bbox 4116 4961 4379 5047; x_wconf 83' lang='lat' dir='ltr'>Cogna-</span> 
     </span>
     <span class='ocr_line' id='line_1_108' title="bbox 2422 5044 4379 5133; baseline 0.002 -23"><span class='ocrx_word' id='word_1_780' title='bbox 2422 5047 2509 5112; x_wconf 89' lang='lat' dir='ltr'>tis</span> <span class='ocrx_word' id='word_1_781' title='bbox 2568 5045 2793 5112; x_wconf 84' lang='lat' dir='ltr'>eadem</span> <span class='ocrx_word' id='word_1_782' title='bbox 2854 5045 3027 5131; x_wconf 91' lang='lat' dir='ltr'>apud</span> <span class='ocrx_word' id='word_1_783' title='bbox 3082 5044 3246 5112; x_wconf 91' lang='lat' dir='ltr'>alias</span> <span class='ocrx_word' id='word_1_784' title='bbox 3303 5067 3559 5131; x_wconf 88' lang='lat' dir='ltr'>quoque</span> <span class='ocrx_word' id='word_1_785' title='bbox 3613 5058 3845 5133; x_wconf 87' lang='lat' dir='ltr'>gentes</span> <span class='ocrx_word' id='word_1_786' title='bbox 3901 5046 4052 5112; x_wconf 88' lang='lat' dir='ltr'>data</span> <span class='ocrx_word' id='word_1_787' title='bbox 4106 5046 4236 5112; x_wconf 87' lang='lat' dir='ltr'>fuit</span> <span class='ocrx_word' id='word_1_788' title='bbox 4298 5047 4379 5113; x_wconf 88' lang='lat' dir='ltr'>li-</span> 
     </span>
     <span class='ocr_line' id='line_1_109' title="bbox 2421 5130 4378 5218; baseline 0.002 -22"><span class='ocrx_word' id='word_1_789' title='bbox 2421 5130 2674 5211; x_wconf 88' lang='lat' dir='ltr'>bertas,</span> <span class='ocrx_word' id='word_1_790' title='bbox 2730 5132 2846 5199; x_wconf 88' lang='lat' dir='ltr'>sed</span> <span class='ocrx_word' id='word_1_791' title='bbox 2889 5133 2962 5199; x_wconf 93' lang='lat' dir='ltr'>in</span> <span class='ocrx_word' id='word_1_792' title='bbox 3004 5132 3338 5199; x_wconf 90' lang='lat' dir='ltr'>diversum</span> <span class='ocrx_word' id='word_1_793' title='bbox 3395 5135 3628 5218; x_wconf 90' lang='lat' dir='ltr'>finem,</span> <span class='ocrx_word' id='word_1_794' title='bbox 3688 5145 3764 5199; x_wconf 90' lang='lat' dir='ltr'>ut</span> <span class='ocrx_word' id='word_1_795' title='bbox 3805 5153 4047 5199; x_wconf 91' lang='lat' dir='ltr'>nomen</span> <span class='ocrx_word' id='word_1_796' title='bbox 4090 5133 4378 5200; x_wconf 86' lang='lat' dir='ltr'>familiae</span> 
     </span>
     <span class='ocr_line' id='line_1_110' title="bbox 2421 5217 4377 5286; baseline 0 -1"><span class='ocrx_word' id='word_1_797' title='bbox 2421 5227 2961 5285; x_wconf 86' lang='lat' dir='ltr'>conservaretur:</span> <span class='ocrx_word' id='word_1_798' title='bbox 3023 5218 3322 5286; x_wconf 82' lang='lat' dir='ltr'>venditor</span> <span class='ocrx_word' id='word_1_799' title='bbox 3379 5227 3598 5286; x_wconf 86' lang='lat' dir='ltr'>autem</span> <span class='ocrx_word' id='word_1_800' title='bbox 3643 5218 3727 5285; x_wconf 86' lang='lat' dir='ltr'>ad</span> <span class='ocrx_word' id='word_1_801' title='bbox 3769 5217 4224 5285; x_wconf 89' lang='lat' dir='ltr'>redimendum</span> <span class='ocrx_word' id='word_1_802' title='bbox 4259 5219 4377 5285; x_wconf 87' lang='lat' dir='ltr'>ad·</span> 
     </span>
     <span class='ocr_line' id='line_1_111' title="bbox 2423 5304 4378 5388; baseline 0.001 -19"><span class='ocrx_word' id='word_1_803' title='bbox 2423 5306 2667 5371; x_wconf 87' lang='lat' dir='ltr'>missus</span> <span class='ocrx_word' id='word_1_804' title='bbox 2711 5326 2845 5370; x_wconf 91' lang='lat' dir='ltr'>non</span> <span class='ocrx_word' id='word_1_805' title='bbox 2886 5305 3045 5383; x_wconf 80' lang='lat' dir='ltr'>fuit,</span> <span class='ocrx_word' id='word_1_806' title='bbox 3099 5305 3230 5371; x_wconf 89' lang='lat' dir='ltr'>nisi</span> <span class='ocrx_word' id='word_1_807' title='bbox 3273 5305 3513 5372; x_wconf 89' lang='lat' dir='ltr'>diserte</span> <span class='ocrx_word' id='word_1_808' title='bbox 3556 5304 3622 5370; x_wconf 91' lang='lat' dir='ltr'>id</span> <span class='ocrx_word' id='word_1_809' title='bbox 3666 5311 4015 5388; x_wconf 88' lang='lat' dir='ltr'>exceptum</span> <span class='ocrx_word' id='word_1_810' title='bbox 4057 5314 4255 5384; x_wconf 87' lang='lat' dir='ltr'>esset,</span> <span class='ocrx_word' id='word_1_811' title='bbox 4300 5304 4378 5370; x_wconf 87' lang='lat' dir='ltr'>in</span> 
     </span>
     <span class='ocr_line' id='line_1_112' title="bbox 2425 5390 4401 5477; baseline -0.001 -19"><span class='ocrx_word' id='word_1_812' title='bbox 2425 5399 2784 5458; x_wconf 87' lang='lat' dir='ltr'>contractu.</span> <span class='ocrx_word' id='word_1_813' title='bbox 2871 5391 3091 5477; x_wconf 85' lang='lat' dir='ltr'>Agros</span> <span class='ocrx_word' id='word_1_814' title='bbox 3135 5398 3355 5458; x_wconf 89' lang='lat' dir='ltr'>autem</span> <span class='ocrx_word' id='word_1_815' title='bbox 3403 5412 3672 5458; x_wconf 88' lang='lat' dir='ltr'>manere</span> <span class='ocrx_word' id='word_1_816' title='bbox 3729 5390 3940 5458; x_wconf 86' lang='lat' dir='ltr'>voluit</span> <span class='ocrx_word' id='word_1_817' title='bbox 3983 5391 4167 5457; x_wconf 90' lang='lat' dir='ltr'>Deus</span> <span class='ocrx_word' id='word_1_818' title='bbox 4222 5410 4401 5475; x_wconf 73' lang='lat' dir='ltr'>pos-</span> 
     </span>
    </p>
   </div>
  </div>
 </body>
</html>
