4867 6150
309 426 445 495 625

310 618 468 701 quia
511 636 643 681 non
688 615 879 682 aliter
915 636 1123 699 poena
1167 614 1485 681 eximitur
1526 615 1636 699 qui
1682 616 2021 699 percussit,
2066 635 2266 699 quam

309 704 371 770 si
428 703 523 768 ita
577 702 699 768 sibi
755 701 1133 768 moderatus
1189 702 1279 766 sit
1328 711 1405 767 ut
1447 722 1580 767 non
1625 710 1942 785 appareat
1984 701 2265 768 crudeli·

311 790 471 855 tatis
535 788 870 855 iudicium.
972 788 1142 854 Nam
1202 808 1428 853 servos
1486 808 1606 872 per
1657 788 1831 853 diem
1889 808 2101 854 unum
2162 786 2268 852 vel

314 874 481 941 duos
517 875 656 940 dies
699 885 876 942 stare
917 872 1309 940 tantundem
1352 874 1534 940 valet
1576 894 1653 940 ac
1694 876 1920 957 vigere
1965 874 2269 939 omnibus

311 963 594 1046 integris
651 959 991 1026 membris:
1046 958 1220 1044 quod
1275 959 1333 1025 si
1387 959 1713 1025 inflictum
1775 969 1948 1025 esset
2005 959 2266 1035 vulnus,

311 1058 431 1115 aut
488 1057 837 1131 appareret
894 1045 1031 1111 ulla
1075 1046 1429 1130 mutilatio,
1474 1046 1693 1112 caedis
1738 1067 1892 1111 reus
1932 1053 2078 1111 erat
2121 1065 2268 1128 per·

313 1154 562 1201 cussor.
631 1132 693 1198 N
695 1154 783 1197 on
828 1132 1190 1198 absolvitur
1232 1152 1391 1216 ergo
1432 1133 1560 1198 nisi
1603 1132 1716 1215 qui
1761 1152 2032 1198 servum
2075 1134 2267 1198 casti-

314 1242 474 1305 gare
517 1219 844 1284 duntaxat
885 1218 1122 1286 voluit:
1171 1218 1278 1283 ubi
1324 1226 1542 1284 autem
1590 1217 1776 1283 nulla
1818 1227 2093 1302 apparet
2134 1217 2268 1283 lae·

314 1307 413 1372 sio
431 1357 446 1386 ,
512 1304 848 1388 probabile
913 1314 1014 1370 est
1078 1324 1210 1370 nou
1268 1305 1469 1371 fuisse
1514 1302 1852 1369 occidendi
1899 1303 2264 1370 consilium.

313 1392 549 1475 Itaque
614 1391 721 1457 lex
787 1411 954 1472 quae
1020 1391 1480 1473 sanguinarios
1546 1392 1830 1474 impetus
1895 1390 2267 1475 compescit,

311 1479 615 1546 fraenum
675 1476 1042 1542 homicidiis
1094 1476 1369 1542 minime
1411 1476 1611 1542 laxat.
1699 1476 1897 1541 Ratio
1943 1496 2110 1559 quae
2153 1475 2266 1540 ad·

315 1564 526 1641 ditur,
587 1561 670 1628 ad
729 1565 1058 1646 privatam
1114 1563 1437 1629 iacturam
1485 1562 1799 1643 restringi
1843 1561 2069 1627 debet:
2115 1562 2269 1645 quia

312 1670 650 1733 nunquam
679 1649 802 1714 hoc
828 1659 1171 1730 praetextu
1197 1647 1650 1715 absolveretur
1694 1646 2042 1727 homicida,
2086 1646 2262 1731 quod

313 1735 594 1822 pecunia
643 1755 909 1800 servum
971 1735 1203 1799 emerit
1221 1785 1237 1812 ,
1296 1755 1499 1817 quum
1542 1735 1686 1799 vita
1730 1734 2016 1800 hominis
2055 1733 2269 1818 pretio

313 1822 646 1890 aestimari
690 1830 989 1903 nequeat.

487 1908 593 1974 22.
663 1907 872 1990 Quum
951 1909 1158 1972 autem
1233 1905 1440 1971 rixavi
1503 1904 1762 1988 fuer-int.
1872 1905 2094 1971 Locus
2158 1903 2269 1971 hio

312 1996 529 2079 primo
574 1993 820 2059 intuitu
861 1993 1212 2076 ambiguus
1254 1997 1387 2070 est,
1429 1992 1586 2074 quia
1627 1993 1684 2058 si
1730 2012 1908 2057 mors
1951 1989 2266 2074 iutelligi-

310 2091 425 2147 tur
483 2088 745 2145 tantum
801 2079 1094 2143 mulieris
1144 2075 1491 2161 gravidae,
1547 2077 1793 2144 foetum
1841 2078 2269 2160 exstinguere

311 2166 590 2251 capitale
643 2185 778 2230 non
835 2165 1095 2230 fuisset:
1157 2161 1330 2247 quod
1387 2183 1633 2248 magua
1687 2163 2090 2229 absurditate
2135 2184 2265 2227 non

311 2262 512 2319 earet.
578 2251 827 2317 Foetus
862 2250 1040 2316 enim
1075 2256 1267 2314 utero
1301 2249 1535 2314 matris
1569 2250 1864 2317 inclusus
1897 2250 2030 2313 iam
2074 2249 2269 2314 homo

313 2348 447 2405 eet:
496 2341 633 2404 vita
667 2350 887 2403 autem
934 2337 1199 2420 privari,
1241 2336 1429 2400 cuius
1471 2356 1742 2401 usuram
1785 2335 2078 2401 nondum
2123 2354 2270 2418 per·

312 2426 506 2510 cepit,
549 2424 688 2488 fere
721 2422 1169 2507 prodigiosum
1204 2432 1326 2486 est.
1389 2421 1584 2502 Quod
1618 2422 1679 2488 si
1715 2421 2050 2487 hominem
2095 2420 2272 2485 domi

312 2532 472 2580 suae
531 2508 738 2575 occidi
793 2530 988 2592 quam
1047 2508 1119 2572 in
1178 2527 1341 2592 agro
1386 2507 1651 2574 videtur
1692 2507 2061 2592 indignius,
2118 2527 2273 2589 quo·-

309 2597 495 2663 niam
522 2617 641 2661 sua
662 2594 894 2679 cuique
915 2593 1148 2660 domus
1171 2594 1575 2660 tutissimum
1613 2604 1714 2660 est
1748 2592 2270 2677 receptaculum:

308 2683 528 2749 multo
584 2682 873 2747 atrocius
930 2681 1184 2747 censeri
1238 2679 1432 2745 debet
1486 2680 1736 2745 foetum
1796 2682 1908 2764 qui
1972 2678 2268 2743 nondum

310 2771 383 2836 in
430 2769 645 2834 lucem
687 2766 900 2832 editus
943 2774 1044 2832 est
1085 2767 1156 2830 in
1200 2773 1389 2832 utero
1432 2768 1672 2833 necari.
1741 2766 1868 2832 His
1910 2766 2271 2830 rationibus

312 2853 625 2934 adducor,
669 2861 913 2918 utnon
950 2851 1245 2919 dubitem
1281 2852 1364 2916 ad
1408 2852 1659 2918 foetum
1701 2872 1958 2935 quoque
2001 2849 2271 2916 extendi

312 2963 453 3008 non
509 2942 732 3005 minus
786 2959 982 3023 quam
1028 2936 1110 3003 ad
1155 2945 1465 3016 matrem,
1523 2937 1592 3002 id
1637 2937 1810 3021 quod
1855 2938 2131 3003 dicitur:
2192 2935 2269 3002 Si

310 3048 496 3094 mors
537 3035 944 3111 consequuta
987 3026 1091 3091 sit.
1161 3021 1351 3090 Adde
1394 3025 1565 3108 quod
1610 3025 1882 3090 minime
1926 3032 2269 3091 consenta-

311 3135 518 3180 neum
576 3125 746 3179 esset
804 3122 1061 3195 patrem
1118 3111 1237 3177 filii
1291 3113 1394 3177 sui
1438 3111 1547 3176 vel
1592 3111 1768 3176 filiae
1812 3111 2017 3176 vitam
2061 3111 2271 3192 pretio

311 3197 625 3266 vendere.
716 3198 942 3279 Quare
995 3197 1103 3263 hie
1144 3196 1320 3283 (meo
1361 3195 1627 3284 iudicio)
1670 3197 1838 3282 legis
1880 3217 2112 3262 sensus
2151 3204 2270 3272 est,

313 3289 569 3354 crimen
627 3306 773 3351 esse
829 3295 1040 3349 morte
1087 3284 1359 3367 dignum
1418 3303 1550 3348 non
1601 3284 1818 3349 solum
1878 3282 1988 3347 ubi
2034 3279 2274 3347 mulier

315 3394 405 3439 ex
443 3372 676 3437 abortu
721 3369 935 3454 periit,
978 3369 1093 3436 sed
1137 3371 1335 3434 etiam
1384 3370 1440 3435 si
1484 3368 1704 3435 infans
1747 3369 1947 3434 fuerit
1989 3369 2270 3435 occisus:

313 3460 461 3526 sive
516 3459 605 3523 sit
662 3456 1029 3535 abortivus,
1074 3457 1217 3521 sive
1259 3457 1456 3538 paulo
1497 3469 1646 3538 post
1689 3477 1772 3520 ex
1818 3455 2090 3521 vulnere
2133 3473 2271 3518 mo-

313 3547 546 3611 riatur.
642 3542 995 3609 Caeterum
1055 3542 1211 3625 quia
1268 3543 1413 3607 fieri
1472 3561 1604 3607 non
1665 3549 1884 3625 potest
1926 3540 2089 3623 quin
2131 3561 2274 3605 ma-

313 3640 487 3696 trem
541 3639 610 3695 ot
652 3629 893 3694 liberos
929 3626 1229 3692 debilitet
1271 3629 1669 3693 immaturus
1710 3637 1974 3711 partus,
2034 3627 2274 3692 marito

312 3717 724 3801 permittitur
762 3713 1078 3781 muletam
1115 3713 1385 3799 exigere
1423 3713 1598 3796 apud
1641 3712 1910 3793 iudices,
1953 3733 2122 3795 quae
2167 3732 2276 3776 eo-

314 3823 466 3869 rum
503 3801 774 3867 arbitrio
818 3800 887 3864 in
932 3800 1240 3866 solatium
1287 3810 1356 3865 et
1398 3798 1622 3865 damni
1664 3799 2067 3865 levationem
2113 3819 2276 3882 pen-

316 3889 534 3955 datur.
622 3888 767 3953 Etsi
825 3888 1002 3951 enim
1059 3907 1196 3951 non
1237 3885 1418 3951 aliud
1460 3905 1658 3969 quam
1706 3886 2052 3969 pecuniam
2100 3881 2278 3969 apud

315 3974 566 4040 iudices
624 3973 1103 4057 repraesentari
1157 3970 1339 4037 iubet
1382 3970 1601 4037 Deus:
1659 3992 1771 4037 eos
1813 3986 2033 4036 tamen
2078 3969 2277 4036 aesti-

317 4071 609 4126 matores
666 4073 733 4124 et
789 4059 1072 4124 arbitros
1112 4058 1444 4141 praeficit,
1504 4058 1564 4123 si
1604 4057 1778 4124 forte
1821 4059 2103 4122 maritus
2146 4077 2281 4121 mo·

321 4146 481 4214 dum
528 4145 822 4211 excedat.
903 4142 1096 4226 Quod
1141 4157 1361 4208 autem
1406 4144 1529 4210 hoc
1573 4144 1715 4210 loco
1759 4144 1972 4227 legem
2015 4143 2280 4209 talionis

320 4233 564 4317 repetit
581 4284 595 4308 ,
650 4230 804 4297 inde
840 4230 1300 4315 perspicimus,
1345 4229 1524 4295 iusta
1566 4232 1987 4313 proportione
2031 4229 2278 4307 habita,

320 4319 599 4386 eandem
657 4338 800 4383 esse
842 4317 1173 4383 vindictae
1215 4315 1539 4381 rationem
1583 4315 1656 4380 in
1701 4314 1899 4382 dente
1942 4315 2051 4402 vel
2092 4315 2280 4382 oculo

321 4414 392 4471 et
434 4405 503 4469 in
550 4406 696 4487 ipsa
740 4403 908 4482 vita,
954 4413 1034 4468 ut
1073 4422 1283 4485 aequa
1323 4399 1720 4486 respondeat
1762 4401 2066 4468 maleficii
2106 4421 2282 4467 com·

324 4491 645 4577 pensatio.
733 4490 914 4574 Ergo
959 4487 1042 4555 ad
1086 4489 1380 4573 singulas
1422 4498 1646 4573 partes
1689 4488 1928 4554 merito
1971 4489 2281 4554 transfer-

326 4588 459 4655 tur,
503 4586 581 4642 ut
614 4576 728 4659 qui
764 4575 953 4641 fratri
997 4596 1116 4641 suo
1158 4574 1418 4642 oculum
1462 4575 1654 4652 eruit,
1698 4574 1807 4640 vel
1852 4594 2124 4639 manum
2170 4573 2282 4639 ab·

327 4662 551 4740 scidit,
597 4662 705 4727 vel
748 4681 898 4728 crus
940 4662 1157 4747 fregit,
1200 4660 1463 4727 oculum
1505 4659 1616 4727 vel
1660 4677 1933 4726 manum
1978 4660 2083 4726 vel
2127 4678 2282 4725 crus

328 4749 582 4835 perdat.
680 4747 764 4812 In
837 4767 1129 4825 summa,
1199 4748 1279 4812 ad
1347 4767 1610 4812 omnem
1663 4746 1802 4811 vim
1854 4743 2282 4812 cohibendam

326 4855 582 4901 merces
616 4832 1001 4917 rependitur
1033 4853 1152 4916 pro
1187 4833 1379 4898 modo
1415 4832 1741 4899 maleficii.
1801 4833 2009 4897 Porro
2052 4852 2284 4915 quam-

330 4923 435 4989 vis
466 4918 546 4985 de
582 4919 880 4986 sontibus
901 4940 1180 5002 poenam
1206 4918 1392 4986 Deus
1434 4921 1612 5005 exigi
1655 4919 1835 4999 velit,
1883 4937 2019 4983 non
2055 4927 2281 4983 tamen

333 5009 389 5073 si
428 5007 574 5091 quis
615 5006 832 5072 laesus
875 5006 1102 5086 fuerit,
1147 5005 1507 5072 vindictam
1550 5015 1857 5090 appetere
1900 5003 2124 5070 debet:
2170 5023 2285 5068 ne-

333 5114 460 5177 que
503 5094 680 5158 enim
724 5113 944 5158 secum
993 5105 1250 5175 pugnat
1284 5090 1486 5172 Deus,
1531 5092 1644 5175 qui
1688 5091 1879 5157 toties
1921 5090 2092 5156 filios
2136 5110 2288 5154 suos

335 5179 640 5244 hortatur
697 5198 833 5242 non
888 5177 1081 5242 modo
1137 5178 1220 5240 ad
1277 5178 1554 5244 iniurias
1596 5178 1923 5260 patienter
1964 5176 2289 5256 ferendas,

336 5265 450 5331 sed
485 5266 682 5331 etiam
725 5263 1063 5330 beneficiis
1107 5263 1480 5330 vincendas.
1548 5263 1657 5329 Ad
1702 5284 1978 5348 poenam
2024 5261 2289 5327 trahen-

339 5351 460 5417 dus
496 5362 598 5418 est
632 5351 975 5432 homicida,
1019 5349 1124 5416 vel
1168 5350 1282 5433 qui
1320 5350 1689 5416 membrum
1735 5352 1958 5417 fratris
2000 5352 2100 5416 sui
2144 5370 2290 5413 mu-

543 5454 768 5509 Galm'ni
795 5468 983 5522 opera.
1064 5450 1185 5507 Vol.
1214 5447 1447 5507 XXIV.

1777 424 2164 494 SEXTUM
2206 422 2862 496 PRAEOEP'PUM.

4198 420 4329 487 626

2371 615 2614 682 tilavit:
2659 615 2841 697 atqui
2887 632 3023 678 non
3064 613 3210 678 ideo
3254 614 3557 696 protinus
3599 612 3781 694 licet,
3836 612 3895 678 si
3940 613 4076 677 vim
4118 612 4331 678 inius-

2367 711 2504 766 tam
2563 721 2795 784 passus
2852 699 3056 765 fueris
3078 750 3095 777 ,
3155 698 3545 766 iracundiae
3599 699 3710 765 vel
3765 698 3913 764 odio
3958 698 4327 782 indulgere,

2369 799 2446 852 ut
2502 806 2624 870 par
2672 787 2817 869 pari
2877 786 3141 851 referas.
3234 784 3564 867 Quoniam
3622 786 3732 850 hio
3773 806 3959 851 error
3999 785 4173 868 apud
4219 783 4331 848 Iu-

2369 873 2566 939 daeos
2599 871 2993 949 invaluerat,
3038 892 3191 937 eum
3226 871 3469 937 refellit
3491 871 3799 938 Christus
3821 869 4041 971 (Matt.
4086 870 4148 947 5,
4194 870 4331 957 38),

2371 978 2449 1025 ac
2503 959 2724 1032 docet,
2784 977 3064 1042 poenam
3123 978 3291 1040 quae
3347 955 3603 1041 publice
3646 966 3969 1023 statuitur
4010 957 4330 1023 adversus

2372 1046 2633 1120 noxios,
2693 1065 2823 1109 non
2878 1045 3126 1109 servire
3183 1044 3483 1126 privatae
3534 1044 3849 1127 cuiusque
3905 1043 4194 1122 libidini,
4255 1052 4334 1108 ut

2371 1132 2484 1214 qui
2518 1131 2809 1196 offensus
2843 1138 2964 1204 est,
3007 1129 3090 1194 ad
3124 1128 3564 1195 retaliaudum
3602 1129 3916 1213 prosiliat.
3985 1128 4124 1194 Nec
4169 1150 4332 1195 sane

2372 1217 2457 1283 ad
2516 1237 2627 1282 eos
2671 1214 3050 1299 diriguntur
3095 1215 3296 1281 verba
3338 1234 3503 1299 quae
3547 1217 3966 1282 inflamment
4009 1214 4118 1280 vel
4162 1214 4330 1282 inci-

2372 1312 2520 1368 tent
2561 1300 2920 1369 ulciscendi
2962 1302 3269 1367 affectum
3290 1353 3304 1379 ,
3361 1301 3475 1367 sed
3516 1322 3767 1383 poenae
3809 1313 3990 1367 metu
4037 1321 4332 1384 compes-

2371 1391 2546 1457 citur
2587 1388 2802 1454 omnis
2844 1386 3170 1453 violentia.

2544 1474 2648 1541 26.
2722 1475 2928 1556 Quam
3003 1478 3212 1540 autem
3279 1475 3668 1555 percusserit
3731 1473 3995 1539 oculum.
4104 1472 4329 1555 Quum

2370 1560 2549 1645 apud
2573 1562 2789 1627 Deum
2833 1581 2968 1624 non
3012 1559 3099 1626 sit
3141 1580 3373 1626 servus
3419 1580 3541 1626 nec
3582 1560 3766 1638 liber,
3811 1570 3990 1626 certe
4029 1570 4131 1625 est
4176 1580 4323 1644 per-

2368 1645 2526 1714 inde
2581 1667 2850 1730 peccare
2906 1647 3019 1729 qui
3076 1667 3339 1712 servum
3397 1647 3682 1728 percutit
3739 1665 3816 1712 ac
3857 1647 3912 1712 si
3958 1645 4161 1711 libero
4202 1645 4324 1711 ho-

2370 1734 2539 1799 mini
2583 1754 2849 1799 manum
2895 1732 3186 1798 inferret.
3255 1732 3508 1797 Verum
3553 1732 3767 1815 quoad
3809 1732 3912 1798 ius
3955 1733 4214 1798 forense
4257 1744 4327 1799 et

2373 1820 2665 1886 humana
2726 1817 2972 1885 iudicia
3039 1816 3371 1884 distinctio
3434 1818 3737 1901 ponitur,
3811 1819 4199 1901 praesertim
4266 1819 4325 1884 si

2371 1907 2520 1989 quis
2573 1905 2836 1988 proprio
2893 1923 3086 1970 servo
3140 1903 3384 1970 vulnus
3440 1905 3773 1970 inflixerit.
3866 1903 4095 1988 Neque
4148 1906 4327 1970 enim

2372 1991 2480 2059 hio
2525 1991 2814 2075 exigitur
2857 1989 3020 2056 dens
3062 2010 3182 2072 pro
3227 1988 3448 2068 dente,
3507 1990 3735 2056 oculus
3777 2010 3896 2073 pro
3939 1991 4161 2070 oculo,
4207 1990 4323 2056 sed

2371 2076 2736 2143 dominium
2789 2086 2920 2160 quo
2974 2076 3146 2141 male
3205 2075 3447 2142 abusus
3499 2084 3631 2150 est.
3690 2077 3986 2143 aufertur
4029 2077 4323 2142 domino:

2371 2184 2564 2230 servo
2598 2173 2823 2229 autem
2858 2160 2965 2228 vel
3002 2162 3277 2228 ancillae
3311 2163 3382 2227 iu
3426 2161 3731 2228 solatium
3776 2162 4085 2229 laesionis
4129 2162 4328 2228 datur

2370 2250 2661 2327 libertas,
2707 2269 2874 2332 quae
2913 2248 3381 2333 propemodum
3427 2248 3771 2313 dimidium
3817 2259 3920 2316 est
3961 2251 4151 2314 vitae.
4219 2247 4328 2313 Ita

2371 2336 2547 2401 servi
2608 2335 2866 2419 quidem
2912 2336 3014 2400 sui
3059 2335 3544 2418 comparatione
3586 2334 3813 2400 mitius
3855 2343 4177 2401 tractatur
4221 2334 4332 2400 do·

2374 2424 2628 2499 minus,
2694 2419 2851 2486 dum
2916 2421 3012 2485 ita
3075 2420 3338 2485 laxatur
3401 2440 3648 2503 poenae
3712 2421 4062 2487 severitas:
4130 2440 4327 2487 servo

2373 2519 2597 2573 autom
2642 2527 2762 2591 pro
2806 2506 3142 2572 luxatione
3197 2507 3302 2572 vel
3364 2506 3652 2573 fractura
3708 2505 4094 2590 rependitur
4152 2503 4326 2590 quod

2376 2594 2589 2680 magis
2630 2593 2918 2677 optabile
2961 2599 3082 2670 est,
3129 2602 3201 2657 ut
3243 2597 3689 2659 manumissus
3732 2602 3803 2658 et
3845 2593 3946 2658 sui
3987 2593 4151 2658 iuris
4196 2593 4327 2658 fac·

2377 2692 2514 2759 tus,
2558 2700 2692 2745 non
2736 2680 3073 2745 subiaceat
3115 2679 3367 2744 alienae
3411 2678 3742 2745 saevitiae.

2548 2765 2653 2832 28.
2705 2764 2781 2831 Si
2835 2784 3027 2832 cornu
3075 2765 3334 2845 petierit.
3422 2764 3568 2829 Iam
3626 2764 3705 2828 ad
3768 2765 3962 2830 bruta
4019 2764 4332 2829 animalia

2377 2873 2584 2936 usque
2625 2851 2961 2917 descendit
3004 2850 3242 2928 Moses,
3289 2859 3367 2915 ut
3407 2853 3463 2915 si
3505 2871 3698 2933 quem
3746 2850 4173 2928 violaverint,
4221 2870 4331 2915 eo·

2376 2959 2529 3003 rum
2588 2959 2799 3022 poena
2852 2937 3065 3021 magis
3125 2957 3200 3002 ac
3258 2937 3469 3019 magis
3526 2936 3985 3001 deterreantur
4029 2935 4331 3003 homines

2378 3045 2417 3090 a
2461 3025 2782 3108 sanguine
2828 3021 3181 3089 fundendo.
3249 3022 3431 3107 Ergo
3466 3022 3524 3088 si
3563 3024 3674 3088 bos
3719 3034 4075 3107 cornupeta
4119 3021 4330 3087 homi-

2378 3131 2531 3176 nem
2576 3111 2917 3190 occiderit,
2976 3108 3255 3193 lapidari
3301 3109 3510 3188 iubet,
3553 3119 3621 3175 et
3664 3108 3947 3175 cadaver
3991 3110 4133 3174 eius
4175 3129 4326 3192 pro-

2377 3196 2485 3263 iici
2532 3205 2843 3280 tanquam
2890 3195 3341 3261 abominabile.
3432 3193 3626 3277 Quod
3688 3195 3860 3259 hanc
3912 3194 4125 3279 legem
4173 3215 4330 3259 exa-

2379 3283 2598 3368 gitant
2653 3283 2873 3348 nasuti
2930 3281 3265 3360 homines,
3326 3301 3406 3345 ac
3461 3282 3518 3346 si
3575 3280 3829 3364 puerile
3896 3290 4071 3347 esset
4124 3285 4338 3346 morte

2378 3369 2699 3434 mulctare
2734 3369 3050 3433 miserum
3089 3366 3353 3443 animal,
3398 3367 3586 3433 cuius
3622 3367 3880 3432 nullum
3919 3375 4021 3432 est
4063 3369 4334 3446 crimen,

2377 3475 2511 3520 non
2534 3455 2730 3539 longa
2762 3453 3163 3519 refutatione
3194 3451 3455 3538 indiget
3492 3453 3650 3519 haec
3686 3452 4072 3538 petulantia.
4143 3451 4335 3520 Sicut

2378 3541 2555 3607 enim
2602 3541 2805 3607 creati
2849 3547 3006 3606 suut
3064 3538 3265 3604 boves
3325 3539 3398 3604 in
3453 3540 3738 3624 gratiam
3798 3536 4178 3618 hominum,
4237 3540 4334 3604 ita

2379 3648 2515 3692 non
2572 3627 2817 3692 mirum
2872 3634 2974 3690 est
3020 3635 3158 3689 tam
3216 3635 3501 3690 mortem
3566 3646 3793 3691 eorum
3862 3646 4058 3708 quam
4130 3626 4334 3692 vitam

2365 3712 2679 3796 ⁴publicae
2743 3711 3018 3778 utilitati
3086 3709 3319 3778 addici.
3387 3711 3552 3775 .Iam
3607 3732 3764 3777 vero
3820 3712 3878 3777 si
3923 3711 4164 3777 alatur.
4218 3712 4336 3778 bos

2379 3797 2734 3876 homicida,
2790 3799 2908 3862 tali
2970 3796 3345 3881 spectaculo
3399 3795 3580 3862 haud
3625 3797 3820 3863 dubie
3865 3797 3948 3862 ad
3996 3797 4324 3863 feritatem

2380 3884 2819 3951 obdurescent
2877 3884 3207 3949 homines:
3270 3905 3535 3950 carnem
3598 3903 3753 3949 vero
3792 3883 3938 3948 'eius
3983 3883 4337 3965 comedere,

2381 3968 2771 4037 tantundem
2828 3970 2965 4035 fere
3018 3977 3195 4035 esset
3238 3991 3314 4037 ao
3358 3990 3594 4036 vorare
3641 3969 4001 4034 humanam
4047 3989 4333 4036 carnem.

2382 4057 2443 4122 N
2450 4077 2534 4122 on
2579 4057 2794 4140 potuit
2837 4077 2994 4140 ergo
3036 4056 3277 4121 melius
3333 4056 3658 4139 compesci
3714 4054 4057 4120 hominum
4105 4056 4337 4121 crude-

2383 4144 2568 4224 litas,
2624 4152 2702 4207 ut
2753 4162 2792 4206 a
2848 4144 3097 4207 mutuis
3135 4142 3460 4208 caedibus
3518 4141 3979 4220 abhorrerent,
4037 4162 4235 4224 quam
4281 4142 4339 4207 si

2384 4248 2564 4294 mors
2605 4226 2895 4293 hominis
2952 4228 3047 4293 ita
3105 4227 3567 4294 vindicaretur.
3656 4227 3740 4293 Iu
3805 4225 4095 4294 secunda
4150 4235 4340 4311 parte

2386 4314 2647 4400 long-ius
2715 4314 3134 4398 progreditur
3191 4315 3407 4392 Deus,
3473 4314 3697 4397 ipsum
3756 4312 3940 4378 bovis
4001 4312 4339 4379 dominum

2385 4402 2582 4466 morti
2628 4399 2934 4466 addicens
2979 4401 3035 4465 si
3080 4399 3454 4465 admonitus
3497 4401 3711 4478 fuerit,
3758 4407 3835 4463 ut
3868 4412 4148 4466 caveret.
4217 4400 4342 4465 Ta-

2383 4488 2469 4551 lis
2512 4487 2689 4552 enim
2734 4484 3159 4552 denunciatio
3201 4495 3620 4570 praetextum
3669 4484 4088 4569 ignorantiae
4134 4485 4338 4552 tollit:

2387 4592 2510 4638 nec
2553 4573 2723 4638 dura
2768 4572 2978 4637 videri
3022 4592 3235 4655 poena
3269 4571 3463 4637 debet
3495 4573 3567 4636 in
3601 4591 3893 4637 erassum
3932 4573 4338 4655 neglectum:

2387 4659 2544 4743 quia
2587 4658 2865 4723 liberum
2911 4659 3164 4723 exitum
3203 4658 3418 4723 noxiis
3454 4657 3681 4723 bestiis
3719 4658 3896 4737 dare,
3941 4659 4339 4723 tantundem

2387 4744 2570 4811 valet
2611 4753 2808 4827 atque
2855 4764 3113 4809 armare
3157 4745 3223 4810 in
3269 4744 3614 4809 homiuum
3664 4765 3910 4809 necem.
4001 4742 4133 4825 Qui
4179 4763 4341 4809 vero

2386 4831 2602 4897 sciens
2656 4842 2724 4896 et
2778 4829 3004 4896 volens
3062 4829 3284 4895 fratris
3342 4831 3444 4895 sui
3505 4830 3711 4894 vitam
3768 4829 3992 4895 obiicit
4035 4830 4340 4912 periculo,

2388 4916 2607 4982 caedis
2658 4926 2849 4981 autor
2904 4917 3141 4981 merito
3198 4925 3520 4982 censetur.
3612 4915 3801 4997 Quae
3846 4915 4110 4982 tandem
4157 4914 4342 4980 addi·

2389 5013 2502 5069 tur
2564 5003 2882 5069 correctio
2950 5003 3232 5085 speciem
3301 5002 3730 5068 absurditatis
3809 5002 4023 5085 primo
4088 5001 4342 5067 intuitu

2389 5089 2713 5168 continet,
2775 5089 2927 5172 quia
2981 5089 3128 5174 lege
3188 5090 3464 5154 vetitum
3527 5089 3651 5153 fuit
3709 5088 3923 5172 pretio
3972 5087 4340 5170 transigere

2390 5195 2541 5241 cum
2589 5172 2931 5239 homicida.
3023 5172 3158 5240 Sed
3211 5176 3364 5258 quia
3421 5174 3643 5239 differt
3701 5173 3949 5239 crimen
3996 5193 4036 5237 a
4080 5171 4342 5255 delicte,

2392 5262 2692 5344 quamvis
2755 5258 2938 5326 nefas
2996 5261 3196 5326 fuerit
3251 5275 3526 5344 poenam
3583 5282 3669 5325 ex
3743 5270 3933 5341 pacto
4000 5258 4346 5326 homicidis

2392 5348 2746 5427 remittere,
2788 5347 2973 5412 licuit
3016 5356 3241 5412 tamen
3275 5346 3597 5412 iudicibus
3632 5365 3775 5409 eam
3813 5344 4115 5428 mitigare
4150 5364 4347 5412 causa
