4867 6150
340 452 461 519 157

330 641 657 728 maqnifice
698 642 916 708 extulit
939 642 1019 729 1).·
1059 664 1284 725 equum
1330 648 1385 708 et
1429 662 1810 711 ascensorem
1855 644 1996 709 eius
2017 644 2284 726 proiecit

332 733 406 796 in
447 749 640 794 mare.
722 729 781 794 2.
831 728 1157 795 Fortitudo
1198 750 1335 794 mea
1377 734 1435 795 et
1475 730 1778 795 canticum
1819 728 2019 809 Deus,
2062 735 2120 795 et
2154 730 2285 812 fuit

331 814 494 882 mibi
536 816 607 879 in
648 816 929 880 salutem.
1022 815 1151 881 Hic
1205 814 1384 881 Deus
1437 835 1613 881 meus
1656 822 1711 882 et
1774 813 2064 880 decorabo
2110 836 2284 881 eum:

334 903 517 971 Deus
568 902 783 981 patris
846 902 985 980 mei,
1053 907 1109 967 et
1163 901 1450 967 catellam
1511 922 1668 967 eum.
1767 902 1828 966 3.
1889 901 2123 967 Iehova
2182 902 2284 966 vir

333 988 689 1053 bellicosus.-
732 986 962 1052 Iehova
995 1007 1211 1053 nomen
1255 988 1405 1053 eius.
1496 987 1557 1051 4.
1619 987 1859 1053 Curms
1920 986 2284 1057 Pharaonis

335 1079 388 1139 et
423 1073 760 1139 exercitum
794 1073 932 1139 eius
961 1074 1229 1153 proiecit
1270 1074 1340 1137 in
1381 1092 1586 1138 mare:
1626 1078 1685 1139 et
1715 1073 1881 1139 electi
1924 1074 2114 1138 duces
2147 1075 2281 1139 eius

335 1159 603 1227 demersi
655 1163 804 1224 sunt
858 1159 926 1222 in
980 1160 1151 1224 mari
1209 1157 1402 1241 Suph.
1500 1158 1558 1224 5.
1620 1159 1861 1243 Abyssi
1916 1164 2283 1243 operuerunt

338 1264 475 1310 eos:
518 1245 957 1310 descenderunt
987 1245 1058 1309 in
1091 1245 1434 1327 profunda,
1481 1246 1669 1327 quasi
1710 1245 1897 1326 lapis.
2000 1245 2060 1310 6.
2110 1245 2280 1309 Dex-

336 1336 471 1396 tera
514 1335 625 1395 tua
666 1329 894 1395 Iehova
936 1331 1218 1396 excelluit
1257 1331 1656 1413 fortitudine,
1717 1332 1970 1397 dextera
2024 1337 2133 1395 tua
2179 1328 2277 1397 Ie·

336 1417 493 1483 hova
534 1416 719 1498 freqit
759 1416 1101 1481 iniiam.
1194 1416 1249 1480 7.
1286 1416 1375 1480 Et
1415 1418 1485 1481 in
1529 1417 1955 1501 maynitudine
1996 1438 2055 1482 m
2141 1417 2280 1498 nifi-

335 1504 572 1569 centiae
611 1507 755 1566 tnae
796 1501 1146 1567 subvertisti
1176 1504 1568 1585 insumentes
1609 1509 1820 1568 contra
1862 1507 1934 1568 te.
2110 1503 2279 1568 isisti

331 1589 641 1672 furorem,
733 1589 1112 1668 consumpsit
1188 1608 1292 1653 eos
1370 1589 1556 1670 quasi
1619 1589 1934 1670 stipulam.
2047 1590 2104 1654 8.
2190 1586 2279 1652 Et

316 1695 447 1759 per
508 1675 732 1753 flatum
794 1674 1052 1739 narium
1115 1678 1369 1738 tuarum
1431 1680 1816 1739 coacervatae
1856 1678 2003 1739 sunt
2056 1695 2274 1756 aquae,

327 1764 622 1827 steterunt
656 1759 895 1838 fluenta
937 1760 1123 1824 sicuti
1166 1779 1455 1825 acervus.-
1510 1760 1866 1844 coayulatae
1907 1766 2054 1825 sunt
2094 1780 2274 1825 vora-

325 1849 511 1932 9ines
556 1846 621 1908 in
665 1845 841 1909 corde
880 1846 1099 1909 maris.
1190 1845 1249 1911 9.
1298 1845 1577 1910 Dixerat
1616 1846 1839 1910 hostis.-
1887 1845 2268 1928 Persequar,

327 1930 810 2016 apprehendam,
854 1930 1134 1995 dividam
1176 1930 1377 2017 spolia
1392 1982 1408 2009 ,
1467 1931 1827 2012 implebitur
1869 1930 2004 1997 illis
2054 1934 2274 1996 anima

326 2039 486 2097 mea,
530 2036 810 2082 exseram
829 2018 1132 2099 yladium,
1163 2017 1386 2100 perdet
1405 2036 1505 2082 eos
1539 2037 1766 2083 manus
1786 2038 1939 2082 mea.
1990 2019 2090 2084 10.
2118 2016 2276 2083 Fla-

324 2105 478 2171 visti
519 2107 690 2168 vento
733 2107 850 2180 tuo,
896 2104 1137 2183 operuit
1191 2122 1294 2169 eos
1335 2123 1537 2181 mare,
1583 2104 1847 2170 demersi
1901 2110 2046 2169 sunt
2087 2104 2276 2187 quasi

313 2188 648 2275 plumbum
690 2188 760 2253 in
801 2189 989 2271 aquis
1029 2188 1280 2254 validis.

505 2363 563 2426 1.
617 2360 792 2427 Tum
824 2360 1038 2426 cecinit
1073 2359 1297 2426 Moses·
1389 2359 1735 2427 Canticum
1783 2360 1905 2427 hoc
1941 2378 2082 2426 *non
2128 2370 2270 2426 tan-

328 2457 469 2515 tum
516 2450 587 2513 in
625 2445 1070 2512 testimonium
1108 2466 1265 2512 suae
1299 2446 1722 2529 gratitudinis
1758 2448 1994 2514 adiecit
2029 2447 2269 2526 Moses,

327 2536 445 2603 sed
524 2534 721 2599 etiam
790 2531 871 2596 ad
959 2531 1520 2598 confirmationem
1589 2532 1917 2600 historiae.
2041 2533 2270 2616 Neque

325 2622 505 2688 enim
551 2618 866 2685 Israelitis
911 2617 1184 2683 dictavit
1226 2616 1398 2700 quod
1442 2626 1756 2685 canerent
1800 2619 1879 2684 de
1933 2641 2004 2684 re
2047 2619 2267 2703 incog-

322 2708 491 2784 nita,
557 2704 671 2772 sed
715 2725 826 2769 eos
870 2710 1179 2787 tanquam
1227 2714 1427 2769 testes
1486 2704 1774 2771 oculatos
1832 2704 2143 2788 produxit
2200 2707 2267 2769 in

320 2793 649 2860 medium:
709 2801 783 2854 ut
842 2790 1089 2855 scirent
1143 2811 1367 2854 omnes
1426 2799 1672 2856 aetates
1727 2792 1890 2855 nihil
1952 2791 2270 2857 hactenus

320 2879 531 2945 fuisse
568 2877 884 2961 scriptum
923 2876 1091 2959 quod
1130 2897 1260 2941 non
1299 2898 1428 2940 uno
1464 2896 1784 2943 consensu
1806 2878 2024 2962 palam
2064 2877 2270 2944 decla-

321 2963 625 3031 raverint
669 2972 975 3028 sexcenta
1026 2961 1316 3027 virorum
1363 2961 1603 3042 millia,
1663 2972 1730 3029 et
1786 2962 1983 3029 simul
2043 2984 2268 3030 eorum

324 3070 569 3117 uxores
614 3070 688 3115 ac
732 3048 922 3115 filiae.
970 3048 1261 3114 Praeivit
1306 3069 1463 3134 ergo
1508 3049 1729 3116 Moses
1773 3071 1891 3135 pro
1934 3050 2130 3117 officii
2168 3050 2269 3117 sui

320 3138 603 3216 ratione,
647 3133 760 3200 sed
804 3135 1040 3217 populo
1084 3135 1462 3201 succinente
1506 3145 1782 3220 sequuta
1819 3145 1918 3202 est
1954 3136 2266 3222 approba·

321 3225 422 3289 tio
469 3222 644 3288 omni
704 3222 1086 3305 exceptione
1142 3220 1366 3286 maior.
1458 3220 1713 3303 Quibus
1777 3224 1949 3288 enim
2007 3223 2269 3289 mentiti

318 3319 570 3387 essent,
607 3327 810 3391 quum
848 3306 957 3372 alii
996 3307 1141 3372 aliis
1177 3316 1398 3373 essent
1431 3313 1647 3388 testes,
1690 3307 1772 3374 ad
1800 3309 2014 3375 nullos
2051 3317 2269 3375 autem

320 3403 589 3461 exteros
654 3393 1030 3476 perveniret
1094 3392 1404 3458 carmen?
1492 3394 1592 3460 Ac
1650 3393 1913 3461 videtur
1963 3394 2267 3461 fiduciam

318 3488 557 3547 notare
591 3480 812 3544 Moses
855 3477 1163 3544 hebraica
1206 3479 1624 3563 repetitione,
1671 3478 1973 3547 dicendo:
2060 3479 2268 3545 Dixe—

318 3575 505 3634 runt.
554 3567 650 3631 Ac
685 3586 761 3631 eo
797 3562 945 3648 plus
981 3564 1131 3630 fidei
1169 3574 1458 3631 meretur
1492 3566 1807 3632 confessio
1843 3566 2135 3631 omnium
2158 3586 2269 3631 ore

320 3654 526 3736 edita,
570 3653 721 3735 quia
760 3650 953 3734 paulo
997 3660 1145 3733 post
1179 3652 1387 3716 maior
1421 3673 1571 3735 pars
1608 3650 1689 3716 ad
1725 3651 2268 3737 ingratitudinem

320 3739 629 3823 prolapsa
672 3747 790 3802 est.
894 3735 1085 3803 Unde
1144 3737 1473 3821 colligitur
1515 3739 1776 3803 nonnisi
1822 3747 2080 3804 coactos
2124 3740 2269 3804 Deo

323 3823 609 3911 gloriam
659 3822 931 3888 dedisse.
998 3822 1145 3888 Etsi
1193 3835 1415 3888 autem
1457 3824 1677 3889 Moses
1720 3832 1909 3889 autor
1952 3826 2077 3889 fuit
2119 3844 2267 3891 can-

282 3913 476 3990 nici,
522 3931 655 3975 non
701 3918 920 3973 tamen
981 3909 1050 3973 in
1111 3930 1231 3974 sua
1276 3929 1550 3992 persona
1594 3909 1752 3974 dicit
1804 3910 2109 3975 cantabo:
2154 3910 2267 3976 sed

323 3997 631 4064 omnibus
686 3994 1067 4078 praescribit
1110 3993 1266 4077 quid
1311 3996 1583 4079 quisque
1627 4016 1917 4061 seorsum
1976 4017 2094 4080 pro
2149 4017 2270 4062 sua

321 4082 505 4149 virili
549 4102 744 4166 agere
789 4079 1038 4145 debeat.

504 4168 564 4233 2.
615 4166 959 4232 Fortitudo.
1064 4166 1211 4232 Hac
1271 4186 1427 4231 voce
1483 4167 1772 4233 fatentur
1830 4166 1956 4233 sibi
2008 4167 2078 4230 in
2125 4165 2269 4232 Deo

322 4254 493 4323 satis
530 4250 809 4320 validam
848 4253 1045 4318 fuisse
1068 4252 1530 4318 munitionem:
1568 4261 1797 4337 postea
1820 4251 2092 4338 addunt,
2130 4255 2270 4319 eius

323 4340 613 4427 gratiam
658 4338 782 4404 sibi
824 4339 1059 4404 iustam
1107 4359 1249 4404 esse
1292 4341 1632 4405 materiam
1677 4338 1909 4404 laudis.
1991 4337 2271 4405 Summa

323 4437 451 4504 est,
495 4426 698 4490 fuisse
742 4425 810 4488 in
856 4422 999 4489 Deo
1043 4424 1265 4503 fortes,
1313 4445 1444 4490 non
1489 4435 1708 4490 autem
1753 4425 2017 4508 proprio
2061 4433 2271 4490 marte

321 4513 553 4578 hostes
616 4510 885 4577 vicisse:
949 4509 1219 4594 ideoque
1286 4511 1468 4576 nefas
1534 4532 1676 4577 esse
1741 4510 1898 4576 alibi
1951 4533 2142 4595 quam
2200 4512 2269 4576 in

321 4597 482 4664 Deo
525 4596 661 4662 solo
706 4595 989 4682 gloriari.
1073 4595 1453 4661 Notandum
1497 4607 1712 4662 autem
1760 4606 1878 4676 est,
1914 4595 2041 4662 Dei
2087 4600 2270 4663 auxi-

320 4686 494 4750 lium
552 4682 857 4767 coniungi
915 4703 1064 4748 cum
1122 4684 1263 4748 eius
1306 4681 1530 4748 laude:
1597 4683 1752 4766 quia
1795 4684 2088 4749 omnium
2133 4684 2272 4749 eius

322 4769 795 4838 beneficiorum
854 4768 963 4835 hic
1020 4776 1117 4833 est
1161 4769 1312 4833 finis
1356 4778 1428 4832 ut
1472 4779 1802 4852 acceptam
1848 4769 1944 4833 illi
1989 4771 2273 4835 feramus

326 4865 626 4922 nostram
686 4855 993 4920 salutem:
1061 4851 1230 4938 quod
1296 4854 1492 4919 etiam
1538 4854 1730 4920 tertio
1790 4854 1928 4921 loco
1985 4856 2272 4938 ponitur.

326 4940 753 5008 Tantundem
821 4941 997 5007 enim
1065 4939 1240 5006 valet
1304 4940 1519 5005 Deum
1586 4940 1790 5006 fuisse
1846 4941 1915 5005 in
1975 4941 2273 5019 salutem,

327 5038 532 5112 atque
568 5027 883 5111 populum
928 5026 1069 5092 eius
1106 5026 1318 5111 gratia
1353 5025 1603 5092 salvum
1643 5047 1803 5093 esse.
1864 5026 1946 5092 In
1992 5027 2276 5095 secundo

323 5113 630 5181 :membro
687 5122 786 5178 est
828 5111 1178 5178 antithesis
1232 5112 1405 5178 inter
1463 5132 1692 5179 verum
1750 5110 1969 5178 Deum
2028 5123 2093 5179 et
2136 5135 2274 5180 om-

475 5390 533 5459 1)
566 5389 642 5443 ·1n
677 5387 947 5457 margine:
980 5386 1147 5441 Hebr.
1187 5386 1582 5456 magnificando
1619 5387 1986 5453 magnificatus
2021 5395 2119 5442 est.

1486 452 2220 520 COMMENTARIUS
2264 452 2365 519 IN
2408 452 2710 520 EXODI
2755 455 2952 523 OAP.
2996 457 3149 523 XV.

4199 465 4320 531 158

2385 665 2501 709 nes
2577 646 2860 713 fictitios.
2969 647 3362 732 Emphatica
3426 648 3600 713 enim
3667 658 3769 716 cst
3834 649 4318 719 demonstratio,

2383 729 2507 796 Hic
2571 740 2672 796 est
2729 733 2911 798 Deus
2975 754 3192 814 meus,
3246 754 3374 818 qua
3432 734 3721 802 excludit
3784 736 4001 803 Moses
4060 757 4319 803 omnem

2383 816 2576 881 aliam
2626 815 2890 883 deorum
2939 820 3219 898 turbam,
3265 841 3433 903 quae
3474 821 3717 904 passim
3761 829 3916 888 tunc
3964 825 4031 887 in
4076 822 4322 890 mundo

2380 901 2736 968 colebatur.
2824 903 3075 970 Eodem
3134 926 3328 971 sensu
3384 905 3592 984 addit,
3652 906 3865 972 Deum
3931 929 4071 974 esse
4116 909 4321 993 patris

2381 990 2511 1053 sui:
2574 1009 2701 1072 qua
2759 1010 2917 1055 voce
2976 990 3283 1057 Abrahae
3342 991 3503 1057 fides
3546 992 3941 1059 discernitur
3985 1015 4024 1058 a
4066 994 4319 1061 cunctis

2380 1073 2680 1158 gentium
2726 1076 3318 1158 superstitionibus.
3386 1078 3687 1161 Denique
3729 1079 4118 1163 pronunciat
4160 1080 4318 1146 fide·

2381 1159 2477 1224 les
2541 1160 2668 1225 sibi
2734 1169 2946 1226 tutum
3014 1182 3156 1228 esse
3222 1165 3626 1246 acquiescere
3685 1164 3757 1229 in
3820 1185 3952 1229 uno
4017 1166 4188 1244 Deo,
4255 1174 4321 1230 et

2379 1266 2527 1311 eum
2586 1266 2727 1311 esse
2788 1246 3054 1330 dignum
3116 1250 3300 1315 cuius
3342 1248 3570 1315 laudes
3612 1250 4039 1317 celebrentur.
4125 1251 4318 1318 Hanc

2377 1332 2654 1414 figuram
2701 1331 2994 1398 imitatus
3030 1342 3129 1398 est
3149 1333 3356 1399 Isaias
3392 1356 3528 1418 cap.
3567 1335 3672 1415 25,
3695 1336 3766 1402 9:
3835 1337 4006 1403 Ecce
4050 1338 4173 1402 iste
4218 1344 4317 1402 est

2376 1418 2561 1483 Deus
2607 1428 2858 1484 noster:
2919 1420 3444 1502 exspectavimus
3489 1442 3669 1501 eum,
3737 1431 3803 1486 et
3845 1423 4136 1488 servabit
4180 1443 4315 1488 nos.

2376 1502 2510 1569 Hic
2555 1502 2829 1583 Iehova,
2888 1506 3417 1587 exspectavimus
3476 1527 3646 1572 eum.
3736 1507 3984 1572 Eodem
4029 1509 4318 1591 pertinet

2377 1587 2550 1672 quod
2595 1589 2890 1671 sequitur
2934 1592 3231 1674 proximo
3277 1613 3495 1672 versu,
3557 1592 3866 1658 Iehovam
3913 1613 4055 1657 esse
4099 1595 4315 1659 virum

2376 1674 2549 1741 belli.
2629 1675 2777 1740 Etsi
2822 1677 2994 1741 enim
3043 1678 3252 1760 primo
3297 1677 3542 1743 intuitu
3592 1698 3821 1761 aspera
3864 1689 3966 1743 est
4007 1680 4315 1762 loquutiO,

2376 1761 2591 1844 gratia
2628 1772 2845 1826 tamen
2881 1783 3013 1827 non
3038 1773 3237 1842 caret,
3285 1764 3499 1829 Deum
3536 1763 3758 1828 ornari
3793 1764 4066 1829 militari
4089 1764 4315 1830 habitu

2376 1856 2450 1915 ut
2508 1848 2814 1931 confligat
2868 1869 3015 1914 eum
3083 1848 3387 1915 omnibus
3429 1850 3715 1916 hostium
3749 1850 3969 1933 copiis.
4059 1850 4315 1915 Nomen

2375 1954 2533 2016 ergo
2563 1932 2846 2000 Iehovae
2883 1932 3040 1999 dicit
3061 1934 3282 2001 Moses
3321 1937 3384 2001 in
3434 1937 3648 2019 ipsum
3685 1935 3896 2001 solum
3920 1946 4308 2020 competere:

2375 2020 2530 2103 quia
2564 2018 2808 2085 sufficit
2851 2020 2989 2085 eius
3035 2041 3267 2087 manus
3305 2020 3387 2086 ad
3421 2021 3968 2104 prosternendum
4003 2019 4318 2104 quidquid

2374 2114 2607 2170 contra
2662 2105 2962 2189 insurgit.

2543 2190 2603 2255 4.
2655 2189 2900 2256 Currus
2945 2189 3324 2257 Pharaonis.
3420 2192 3544 2258 His
3581 2191 3799 2258 verbis
3834 2200 4092 2257 tantum
4138 2212 4313 2257 asse·

2372 2298 2518 2341 rere
2563 2276 2774 2341 voluit
2829 2277 3047 2343 Moses
3107 2297 3237 2342 non
3298 2278 3642 2344 obscurum
3689 2279 3887 2344 fuisse
3948 2279 4070 2344 Dei
4130 2299 4312 2361 opus,

2372 2362 2546 2445 quod
2591 2362 2970 2428 submersus
3014 2372 3184 2428 esset
3227 2364 3509 2430 Pharao,
3584 2364 3815 2446 Itaque
3860 2384 3999 2429 rem
4045 2374 4316 2449 gestam,

2371 2468 2564 2531 quam
2610 2449 2990 2532 simpliciter
3032 2448 3216 2531 prius
3251 2451 3567 2534 narravit,
3611 2450 3931 2515 coloribus
3966 2470 4142 2516 nunc
4164 2449 4314 2515 illu·

2370 2542 2571 2598 strat:
2629 2534 2817 2600 sicuti
2866 2532 3019 2599 dum
3072 2534 3397 2619 lapidibus
3451 2546 3516 2600 et
3563 2534 3829 2619 plumbo
3889 2536 4135 2600 confert
4182 2538 4313 2601 Ae—

2371 2621 2668 2704 gyptios:
2721 2621 2902 2703 quasi
2955 2620 3201 2686 diceret
3251 2620 3561 2705 impulsos
3619 2622 3822 2687 fuisse
3860 2621 4144 2687 violenta
4186 2620 4317 2687 Dei

2372 2728 2576 2771 manu
2610 2706 2681 2770 in
2704 2706 3118 2789 profundum,
3157 2717 3229 2772 ut
3266 2707 3448 2773 nulla
3483 2717 3654 2773 esset
3689 2708 3996 2773 enatandi
4040 2706 4315 2789 agilitas.
4385 2762 4390 2771 .

2374 2791 2520 2858 Hac
2555 2792 2811 2857 ratione
2846 2792 2946 2858 bis
2970 2793 3207 2876 repetit
3230 2793 3353 2858 Dei
3380 2793 3700 2873 dextram,
3736 2813 3811 2858 ac
3834 2795 3889 2858 si
3921 2793 4163 2858 diceret
4185 2814 4316 2859 non

2373 2898 2564 2961 posse
2626 2877 2758 2942 tale
2809 2877 3194 2946 miraculum
3272 2879 3369 2945 vel
3433 2880 3734 2944 fortunae
3800 2879 3910 2944 vel
3976 2879 4317 2944 hominum

2373 2963 2739 3030 industriae
2818 2963 3115 3030 adscribi.
3238 2964 3613 3030 Notandum
3691 2971 3910 3029 autem
3976 2972 4077 3032 est
4145 2963 4318 3048 quod

2374 3049 2569 3134 paulo
2637 3058 2783 3134 post
2861 3048 3071 3116 addit:
3161 3049 3523 3136 Aegyptios
3587 3049 4024 3117 insurrexisse
4089 3059 4318 3116 contra

2374 3138 2624 3202 Deum:
2693 3137 2842 3219 quia
2909 3137 3048 3202 eius
3105 3137 3344 3221 populo
3399 3137 3641 3202 iniuste
3705 3136 3966 3202 molesti
4033 3137 4312 3202 fuerant.

2373 3222 2569 3289 Unde
2614 3222 2997 3305 colligimus,
3036 3221 3164 3287 Dei
3203 3243 3445 3288 numen
3491 3221 3722 3288 violari
3768 3223 3847 3288 ab
3892 3222 4111 3306 impiis
4155 3242 4313 3306 quo-

2375 3309 2498 3373 ties
2560 3309 2895 3391 impetitur
2961 3307 3261 3389 ecclesia,
3319 3309 3499 3374 cuius
3566 3308 3838 3373 salutem
3901 3308 4029 3373 fide
4087 3329 4207 3373 sua
4250 3314 4316 3373 et

2372 3394 2735 3478 patrocinio
2780 3392 3083 3458 tuendam
3131 3395 3435 3478 suscepit.
3535 3394 3743 3459 Porro
3788 3393 3949 3459 haec
3992 3392 4119 3458 duo
4162 3415 4313 3459 con·

2372 3481 2647 3545 iunctim
2686 3478 2963 3563 legenda
2998 3489 3172 3545 sunt.
3222 3480 3463 3546 Misisti
3501 3480 3805 3558 furorem,
3844 3489 3908 3543 et
3948 3480 4313 3562 perflatum

2372 3566 2631 3631 narium
2679 3573 2941 3631 tuarum
2991 3576 3409 3632 coacervatae
3462 3574 3617 3632 sunt
3660 3586 3883 3648 aquae.
3974 3563 4317 3649 Significat

2372 3651 2547 3718 enim
2586 3652 2822 3729 Deum,
2864 3652 3059 3717 nullis
3097 3651 3406 3717 adhibitis
3443 3650 3785 3732 machinis,
3824 3651 3936 3717 sed
3976 3652 4113 3716 solo
4151 3660 4317 3717 nutu

2371 3747 2438 3804 et
2480 3740 2617 3804 irae
2655 3759 2808 3802 suae
2847 3737 3036 3821 signo
3073 3739 3384 3803 stravisse
3410 3738 3648 3804 hostes.

2544 3822 2604 3889 9.
2649 3822 2923 3888 Dioeerat
2964 3823 3174 3890 hostis.
3221 3823 3372 3888 Non
3420 3833 3675 3889 tantum
3721 3822 4085 3888 insultandi
4122 3842 4316 3889 causa

2371 3910 2575 3975 refert
2617 3907 2982 3974 Pharaonis
3027 3909 3421 3988 iactantiam,
3468 3908 3580 3975 sed
3627 3920 3700 3974 ut
3743 3908 4128 3974 miraculum
4176 3930 4312 3974 am-

2371 3996 2640 4079 plificet:
2689 3996 2841 4078 quia
2882 3995 3064 4060 Deus
3109 3995 3333 4079 lupum
3378 3996 3656 4079 praedae
3699 3993 4063 4059 inhiantem
4111 3994 4311 4059 exitio

2373 4079 2731 4147 tradiderit.
2806 4081 2970 4147 Plus
3020 4091 3235 4146 autem
3285 4080 3595 4164 ponderis
3642 4081 3838 4146 habet
3883 4080 4106 4158 oratio,
4153 4079 4311 4145 dum

2372 4168 2736 4254 Aegyptios
2781 4165 3034 4233 inducit
3075 4167 3433 4250 loquentes,
3492 4188 3684 4249 quam
3730 4167 3783 4231 si
3828 4186 4052 4230 eorum
4097 4166 4311 4232 consi-

2371 4254 2462 4319 lia
2505 4253 2721 4319 verbis
2765 4255 3177 4336 exprimeret.
3265 4253 3436 4318 Nam
3487 4253 3582 4317 ita
3642 4252 3876 4316 melius
3932 4252 3999 4315 in
4060 4251 4314 4318 animos

2371 4347 2670 4424 penetrat
2714 4337 3032 4403 mirabilis
3075 4338 3507 4422 catastrophe,
3552 4337 3703 4403 dum
3753 4336 4082 4421 Aegyptii,
4129 4337 4315 4421 quasi

2372 4428 2440 4491 in
2489 4425 2822 4490 theatrum
2863 4422 3179 4507 producti,
3228 4446 3357 4490 non
3404 4432 3656 4488 tantum
3705 4423 4088 4489 ebuccinant
4126 4445 4311 4489 suam

2373 4511 2747 4586 victoriam,
2807 4509 2920 4576 sed
2987 4509 3345 4577 insolenter
3409 4508 3649 4575 fastum
3695 4530 3888 4575 suum
3932 4521 3998 4573 et
4038 4509 4312 4575 crudeli-

2374 4607 2578 4663 tatem
2625 4596 2869 4660 efflant.
2959 4595 3112 4660 Mox
3170 4617 3325 4661 vero
3373 4594 3454 4659 ab
3509 4594 3717 4660 altera
3781 4603 3966 4677 parte
4009 4595 4312 4677 produci-

2374 4693 2486 4749 tur
2530 4683 2746 4759 Deus‚
2811 4681 2922 4765 qui
2965 4682 3100 4747 solo
3144 4682 3306 4747 flatu
3350 4681 3709 4746 terribilem
3753 4681 3931 4745 illam
3977 4679 4315 4746 audaciam

2376 4769 2666 4836 discutit.
2770 4767 2962 4834 Unde
3026 4767 3198 4833 enim
3245 4777 3428 4832 tanta
3473 4768 3822 4852 Aegyptiis
3867 4767 4198 4847 securitas,
4243 4776 4317 4832 ut

2375 4855 2498 4922 sibi
2543 4853 3005 4938 promitterent
3049 4854 3456 4918 saturitatem
3516 4875 3598 4918 ex
3646 4852 3904 4937 spoliis,
3962 4874 4080 4918 nec
4125 4865 4312 4936 puta·

2378 4951 2528 5008 rent
2589 4939 2709 5006 sibi
2775 4938 2949 5004 aliud
3018 4941 3154 5004 fore
3218 4938 3460 5023 negotii
3526 4939 3595 5003 in
3642 4936 3997 5022 iugulando
4055 4938 4313 5022 popu10,

2376 5048 2568 5112 quam
2615 5025 2977 5090 exserendo
3022 5022 3304 5109 gladios:
3373 5025 3501 5090 nisi
3561 5024 3734 5108 quod
3778 5024 4019 5108 optime
4079 5022 4316 5089 armati

2378 5122 2567 5180 erant
2610 5118 2832 5175 contra
2894 5111 3220 5177 imbellem
3266 5110 3571 5176 turbam?
3662 5110 3836 5177 Hinc
3885 5130 4039 5194 ergo
4075 5109 4314 5175 clarius

2378 5199 2615 5265 enituit
2631 5194 2763 5260 Dei
2802 5198 3107 5280 potentia,
3155 5196 3324 5280 quod
3362 5196 3546 5262 venti
3591 5197 3841 5281 impetu
3886 5216 3997 5261 eos
4033 5216 4068 5259 e
4105 5194 4314 5260 medio

2376 5284 2664 5352 sustulit.
4102 5302 4105 5305 ’
