4867 6150
317 468 405 535 57
1511 472 2259 542 COMMENTARIUS
2305 474 2404 540 IN
2454 473 2756 541 EXODI
2800 474 3002 542 OAP.
3049 472 3172 540 IV.
4262 477 4344 545 58

318 680 570 745 genere
614 659 997 725 masculino.
1084 659 1256 726 Mihi
1305 666 1557 740 autem,
1615 669 1693 727 ut
1748 661 2019 727 tollatur
2073 665 2287 731 omnis

255 765 261 772 ·
318 746 743 830 ambiguitas,
788 745 1143 811 femineum
1191 766 1401 831 genus
1445 748 1657 831 magis
1699 748 1929 832 placet,
1975 750 2284 832 quemad·

317 831 594 898 modum
664 832 858 897 etiam
926 831 1198 898 reddidi.
1310 832 1540 916 Neque
1605 837 1780 899 enim
1847 834 2115 901 dubium
2185 848 2287 900 est

318 919 484 1003 quin
533 918 754 983 Moses
799 938 964 983 onus
1009 917 1133 984 sibi
1195 919 1392 983 nimis
1449 918 1802 985 molestum
1856 929 1920 985 et
2088 942 2169 986 ve
2213 923 2285 986 in

319 1004 531 1070 alium
600 1002 959 1086 quemlibet
1029 1005 1387 1069 transferre
1445 1007 1699 1089 cupiat,
1766 1007 1951 1090 perin
2004 1029 2040 1072 e
2099 1028 2173 1074 ac
2229 1009 2284 1074 si

325 1090 625 1168 dixisset,
651 1110 850 1173 quum
891 1090 1005 1156 tibi
1044 1090 1372 1154 innumeri
1413 1092 1546 1155 sint
1582 1091 1666 1156 ad
1700 1113 1969 1157 manum
2007 1114 2283 1176 quorum

320 1196 525 1260 opera
571 1178 796 1251 utaris,
842 1195 925 1239 ex
970 1175 1096 1243 hac
1139 1176 1323 1260 eopia
1367 1176 1580 1262 delige
1624 1199 1817 1262 quem
1859 1178 2052 1257 voles,
2091 1177 2283 1244 modo

323 1262 527 1328 alium
575 1260 693 1325 tibi
738 1281 1029 1343 quaeras,
1076 1282 1197 1345 ego
1241 1272 1592 1329 excusatus
1636 1285 1958 1338 maneam.
2043 1263 2286 1331 Subest

324 1348 503 1413 enim
551 1348 726 1412 inter
769 1347 986 1430 ipsum
1034 1348 1265 1413 Mosen
1313 1358 1381 1413 et
1435 1350 1595 1414 alios
1658 1350 1859 1416 tacita
1912 1350 2282 1429 antithesis,

322 1431 437 1499 ubi
483 1454 554 1498 se
598 1433 904 1497 mutilum
951 1455 1093 1499 esse
1132 1433 1584 1515 subindicans,
1655 1437 1817 1501 alios
1874 1435 2283 1516 dexteritate,

326 1519 681 1597 industria,
729 1518 1027 1604 agilitate
1080 1519 1409 1603 praeditos
1468 1524 1610 1587 es‘se
1664 1521 1841 1588 dicit.
1930 1523 2123 1589 Unde
2169 1523 2279 1587 ab·

326 1604 602 1671 surdum
646 1605 788 1669 fore
832 1605 1289 1684 ratiocinatur,
1348 1608 1403 1672 si
1449 1607 1633 1672 Deus
1692 1629 1927 1674 manus
1987 1608 2069 1673 ad
2117 1628 2280 1693 opus

324 1692 489 1756 bene
533 1690 850 1756 formatas
895 1698 964 1756 et
1004 1701 1269 1774 paratas
1314 1693 1586 1759 reiieiat.

499 1777 601 1842 14.
647 1776 738 1841 Et
779 1778 987 1843 iratus
1029 1782 1118 1843 est
1156 1778 1359 1860 furor.
1450 1779 1819 1845 Confirmat
1862 1779 1969 1844 hie
2012 1780 2193 1846 loeus
2239 1801 2279 1846 a

317 1864 648 1929 contrario
691 1864 1086 1928 sententiam
1130 1863 1333 1945 illam,
1380 1865 1638 1929 nullum
1676 1886 1817 1931 esse
1842 1866 1985 1931 Deo
2022 1867 2278 1951 gratius

318 1951 715 2015 sacrificium
784 1970 980 2033 quam
1047 1948 1310 2015 obedire
1377 1952 1519 2016 voci
1585 1951 1758 2017 eius:
1823 1950 2079 2041 quando
2138 1963 2275 2016 tam

318 2037 614 2120 graviter
657 2035 1015 2101 offenditur
1048 2034 1235 2101 Deus
1279 2036 1484 2101 Mosis
1526 2036 1856 2117 tarditate,
1903 2040 2005 2103 eui
2050 2046 2276 2103 tamen

314 2122 589 2188 suberat
646 2123 940 2206 speciosa
996 2123 1348 2188 excusatio.
1451 2121 1583 2189 Sed
1640 2124 1807 2188 nihil
1863 2124 2007 2189 Deo
2065 2125 2274 2208 pluris

315 2215 421 2273 est
465 2228 664 2291 quam
710 2216 787 2272 ut
829 2208 1030 2273 verbo
1074 2228 1192 2274 suo
1237 2217 1491 2274 constet
1548 2211 1895 2291 autoritas,
1955 2220 2153 2292 atque
2196 2222 2274 2274 ut

316 2293 442 2359 hoc
464 2294 688 2359 fraeno
712 2295 852 2378 regi
878 2314 948 2358 se
971 2295 1355 2377 permittant
1378 2293 1679 2362 homines
1695 2294 1780 2381 (1.
1808 2296 1987 2362 Sam.
2017 2296 2116 2373 15,
2140 2292 2270 2383 22).

317 2380 603 2445 Veniam
649 2379 835 2444 Deus
893 2401 1083 2444 servo
1143 2402 1261 2447 suo
1321 2383 1661 2447 cunctanti
1720 2395 1785 2446 et
1845 2380 1924 2446 ad
1986 2385 2271 2448 officium

316 2467 509 2550 segni
529 2463 826 2532 dederat:
865 2465 979 2532 sed
1005 2466 1332 2532 obstinate
1356 2467 1677 2553 refragari
1714 2468 1965 2547 videns,
1991 2469 2270 2552 amplius

316 2574 452 2616 non
498 2552 726 2636 parcit.
797 2550 948 2634 Quo
994 2573 1358 2634 monemur,
1403 2562 1654 2619 attente
1697 2555 2059 2621 cavendum
2107 2577 2266 2633 esse,

318 2659 401 2702 ne
444 2639 499 2703 si
546 2638 628 2702 ad
678 2648 935 2721 tempus
976 2660 1097 2704 nos
1134 2638 1316 2705 Deus
1364 2639 1615 2717 tolerat,
1663 2641 1784 2724 ipsi
1826 2640 2011 2707 nobis
2049 2639 2301 2705 indul--

315 2744 621 2808 geamus,
688 2726 876 2807 quasi
919 2725 1189 2808 impune
1246 2725 1426 2790 abuti
1474 2727 1698 2791 liceret
1740 2727 1882 2791 eius
1924 2727 2263 2810 patientia.

314 2809 717 2894 Quanquam
755 2810 877 2875 hoc
921 2813 1180 2896 signum
1221 2821 1323 2877 est
1365 2822 1678 2894 paternae
1723 2813 2265 2891 mansuetudinis,

313 2896 534 2960 Deum
579 2906 849 2962 eatenus
908 2897 1099 2963 irasci
1142 2906 1216 2962 ut
1272 2896 1722 2982 obiurgatione
1767 2909 2111 2965 contentus
2155 2900 2261 2964 sit.

314 2980 511 3062 Quod
561 2982 719 3046 dicit
763 3004 831 3048 se
878 2985 1137 3049 novisse
1180 2983 1453 3049 Aharon
1496 2984 1636 3050 fore
1681 2984 1887 3050 Mosis
1939 2985 2263 3069 interpre-

312 3075 468 3146 tem,
514 3067 787 3135 dubium
832 3078 935 3136 est
976 3091 1060 3135 an
1107 3068 1188 3134 ab
1229 3070 1416 3136 initio
1473 3071 1809 3137 statuisset
1871 3094 2016 3137 eum
2075 3070 2261 3137 adhi-

312 3153 467 3218 bere
511 3153 594 3218 ad
632 3155 752 3220 hoe
787 3177 1047 3234 munus,
1093 3177 1180 3221 an
1218 3177 1373 3221 vero
1407 3155 1530 3222 hoc
1564 3158 1828 3224 tandem
1865 3160 2264 3225 concesserit

315 3241 523 3306 Mosis
569 3238 990 3307 diffidentiae.
1075 3241 1325 3308 Verum
1371 3242 1631 3326 quidem
1677 3257 1794 3322 est,
1842 3244 2056 3309 Deum
2098 3244 2261 3310 nihil

312 3347 511 3411 agere
555 3327 723 3410 quod
762 3350 891 3392 non
928 3328 1182 3394 occulta
1216 3350 1332 3394 sua
1376 3330 1790 3412 providentia
1834 3341 1986 3395 ante
2033 3330 2262 3396 mundi

313 3412 713 3479 creationem
780 3414 1173 3481 decreverit:
1228 3414 1341 3480 sed
1399 3414 1748 3498 aliquando
1804 3416 2263 3483 interveniunt

314 3498 571 3564 mediae
637 3519 871 3564 causae
920 3521 1040 3566 cur
1094 3500 1217 3567 hoc
1275 3500 1380 3567 vel
1450 3501 1613 3566 illud
1670 3504 1802 3567 fiat.
1893 3502 2263 3587 Utrumque

314 3586 420 3651 hic
467 3584 801 3666 probabile
845 3595 964 3666 est,
1010 3587 1112 3650 vel
1159 3589 1330 3670 quod
1366 3590 1755 3671 pronunciet
1778 3587 1962 3653 Deus
1985 3588 2261 3654 Aharon

313 3673 441 3736 iam
482 3693 521 3736 a
558 3692 629 3736 se
664 3670 985 3737 delectum
1010 3693 1170 3750 esse,
1208 3673 1317 3757 qui
1353 3672 1671 3740 secundas
1709 3684 1926 3757 partes
1961 3675 2262 3740 obeundo

316 3757 489 3823 Mosi
514 3757 603 3822 sit
625 3756 914 3823 adiutor:
955 3759 1056 3823 vel
1082 3758 1254 3825 dicat
1279 3760 1400 3826 hoc
1426 3758 1791 3826 subsidium
1814 3781 1884 3825 se
1906 3760 2261 3827 concedere

315 3844 521 3909 Mosis
555 3843 944 3909 infirmitati.
1011 3845 1157 3912 Hoc
1193 3844 1555 3911 secundum
1593 3845 1758 3911 mihi
1781 3848 1991 3929 magis
2016 3847 2257 3931 placet:

314 3929 592 3995 Aharon
636 3950 783 3994 cum
829 3931 1279 4014 indignatione
1334 3932 1603 4016 adiungi
1662 3933 1850 3997 fratri
1896 3954 2014 3998 suo
2058 3934 2262 3999 comi-

312 4026 468 4096 tem,
511 4025 589 4079 ut
625 4037 777 4098 pars
824 4016 1090 4082 honoris
1129 4014 1209 4081 ad
1256 4039 1404 4082 eum
1467 4019 1938 4084 transferatur:
2001 4018 2261 4102 quando

313 4102 537 4168 Moses
580 4102 720 4186 ipse
765 4100 1231 4168 retrocedendo
1284 4125 1367 4168 ex
1428 4102 1770 4188 dignitatis
1830 4126 1987 4170 suae
2046 4105 2254 4189 gradu

312 4188 678 4254 decesserit.
749 4186 884 4254 Sed
919 4210 1038 4254 cur
1058 4190 1367 4255 Levitam
1406 4199 1612 4270 vocat,
1652 4211 1729 4256 ac
1771 4191 1828 4256 si
1873 4189 1954 4255 de
1996 4190 2260 4255 bomine

310 4274 642 4357 incognito
665 4274 1019 4358 ageretur?
1058 4275 1490 4359 Respondent
1526 4277 1791 4360 quidam
1814 4277 2038 4360 plures
2061 4277 2261 4343 fuisse

310 4360 543 4425 eodem
589 4360 855 4426 nomine
889 4361 1064 4425 inter
1097 4361 1467 4428 Israelitas:
1514 4362 1674 4427 mihi
1716 4373 1935 4429 autem
1975 4363 2258 4447 simplex

309 4446 476 4511 haec
496 4444 731 4511 solutio
768 4446 1032 4524 suffieit,
1073 4468 1205 4512 non
1244 4468 1449 4512 unum
1487 4449 1857 4531 quempiam
1899 4471 1981 4514 ex
2018 4470 2260 4532 genere

310 4531 524 4597 Israel
580 4533 824 4598 socium
861 4533 1050 4599 .Mosi
1108 4533 1434 4616 promitti,
1492 4535 1607 4599 sed
1664 4535 1932 4600 fratrem
1992 4538 2255 4619 propin-

310 4639 546 4701 quum:
605 4639 839 4702 nempe
882 4620 995 4701 qui
1039 4640 1397 4704 germanus
1443 4629 1643 4698 esset,
1700 4630 1779 4685 ut
1818 4630 1954 4685 tam
2006 4634 2257 4687 aretum

309 4703 721 4790 cognationis
742 4705 1080 4771 vinculum
1106 4705 1316 4789 magis
1339 4705 1727 4772 familiarem
1754 4727 1947 4771 usum
1972 4707 2256 4773 afferret.

310 4791 461 4856 Nisi
503 4791 670 4855 forte
712 4792 1077 4874 respexerit
1120 4789 1304 4857 Deus
1361 4791 1441 4857 ad
1501 4793 1789 4857 futuram
1852 4794 2257 4858 vocationem

312 4876 524 4941 tribus
569 4875 890 4942 leviticae.
966 4878 1241 4944 Pactum
1289 4878 1467 4942 enim
1511 4900 1702 4943 suum
1748 4899 1899 4943 cum
1937 4879 2105 4946 Levi
2144 4901 2259 4963 per

311 4962 712 5029 Malachiam
757 4963 818 5042 2,
874 4964 934 5028 4.
994 4964 1195 5028 fuisse
1255 4963 1475 5044 docet,
1532 4973 1608 5029 ut
1666 4964 1912 5047 posteri
1971 4964 2137 5049 legis
2192 4977 2260 5028 et

309 5050 612 5115 veritatis
656 5048 960 5115 custodes
1004 5059 1240 5127 essent,
1287 5071 1361 5116 ae
1407 5045 1632 5118 nuncii
1656 5049 1783 5114 Dei
1830 5051 2255 5117 exercituum.

308 5135 414 5201 Ita
457 5154 689 5200 sensus
734 5135 979 5219 optime
1023 5134 1404 5218 quadraret,
1465 5136 1635 5218 quod
1683 5137 1864 5201 Deus
1921 5138 2054 5202 irae
2099 5158 2258 5203 suae

309 5229 651 5304 temperet,
699 5220 854 5285 dum
902 5222 1107 5288 Mosis
1154 5222 1620 5288 detrectatione
1665 5222 1987 5301 offensus,
2033 5244 2253 5308 sump-

309 5313 500 5373 turus
537 5316 760 5371 tamen
796 5308 883 5372 sit
905 5309 1192 5392 legatum
1219 5330 1299 5373 ex
1337 5309 1514 5374 tribu
1537 5309 1653 5373 illa
1689 5310 1792 5373 eui
1823 5308 2255 5375 sacerdotium

309 5392 770 5458 destinaverat.
818 5394 1023 5459 Porro
1046 5415 1178 5459 non
1217 5394 1510 5478 vulgaris
1546 5396 1950 5461 confirmatio
1974 5393 2253 5477 additur,

2391 664 2567 749 quod
2612 665 2882 729 Aharon
2929 665 3117 730 fratri
3170 670 3490 731 venturus
3551 666 3638 730 sit
3694 665 3955 731 obviam
4013 666 4079 730 in
4128 665 4346 734 deser-

2391 760 2555 829 tum,
2602 758 2668 815 et
2712 771 2866 815 eum
2911 771 3058 816 cum
3107 771 3366 816 summo
3409 751 3650 834 gaudio
3695 758 4111 834 excepturus.
4182 754 4346 819 Per-

2388 837 2542 901 inde
2587 838 2760 902 enim
2802 836 2925 902 hoc
2961 835 3174 900 valuit
3219 858 3294 902 ac
3344 836 3401 902 si
3435 838 3617 902 Deus
3661 858 3793 902 una
3835 858 4035 903 manu
4080 860 4345 905 servum

2389 943 2584 988 suum
2628 944 2711 987 ex
2757 927 2935 986 terra
2977 921 3250 987 Madian
3295 922 3673 1006 impellens,
3733 922 4008 988 alteram
4069 945 4345 993 manum

2389 1031 2471 1074 ex
2517 1011 2822 1093 Aegypto
2866 1008 3231 1091 porrigeret
3289 1008 3368 1074 ad
3430 1030 3579 1075 eum
3647 1008 4065 1076 trahendum.
4155 1011 4344 1076 Visio

2387 1093 2565 1159 enim
2622 1095 2858 1159 Mosen
2917 1093 3267 1160 extrudere
3323 1094 3549 1160 debuit
3607 1093 3690 1160 ad
3735 1104 4159 1179 praeceptum
4213 1096 4343 1162 Dei

2387 1179 2914 1264 exsequendum:
2951 1177 3066 1244 sed
3101 1179 3254 1263 quia
3289 1180 3432 1245 eius
3475 1180 3809 1265 pigritiem
3854 1181 4181 1248 stimulari
4226 1204 4343 1248 ne-

2385 1286 2563 1333 cesse
2598 1275 2760 1344 erat,
2805 1267 3084 1331 emissus
3119 1265 3244 1330 fuit
3281 1265 3567 1345 Aharon,
3613 1288 3687 1333 ac
3722 1268 3780 1332 si
3816 1267 4032 1351 palam
4071 1290 4341 1335 manum

2385 1373 2571 1417 suam
2628 1352 2814 1419 Deus
2874 1353 3196 1435 proferret
3248 1351 3603 1418 alacritatis
3667 1353 4057 1419 excitandae
4121 1375 4336 1421 causa.

2384 1440 2613 1521 Neque
2656 1438 2832 1504 enim
2871 1437 2977 1503 vel
3016 1438 3221 1502 animi
3246 1439 3479 1523 gratia,
3525 1438 3629 1504 vel
3675 1440 3961 1519 fortuito,
4005 1441 4112 1505 vel
4154 1442 4341 1506 inani

2383 1524 2763 1591 curiositate
2816 1523 2887 1588 in
2955 1523 3283 1589 desertum
3354 1545 3740 1610 progressus
3803 1535 3921 1606 est,
3986 1525 4102 1592 sed
4160 1537 4339 1592 certo

2384 1612 2695 1697 cognovit
2740 1610 2960 1675 Moses
2996 1609 3314 1697 vexillum
3353 1610 3476 1676 sibi
3515 1609 3827 1677 divinitus
3862 1620 4151 1678 erectum
4196 1633 4340 1679 esse

2384 1696 2468 1762 ad
2524 1695 3022 1760 monstrandam
3079 1697 3225 1761 viae
3283 1696 3761 1763 certitudinem.
3868 1696 3981 1764 Sic
4034 1697 4339 1764 Ananiae

2382 1803 2655 1849 occursu
2701 1783 3088 1847 confirmata
3129 1782 3259 1847 fuit
3300 1783 3466 1848 visio
3509 1783 3720 1849 Paulo
3765 1782 3999 1862 oblata,
4056 1804 4138 1850 ne
4181 1783 4338 1868 quid

2381 1869 2743 1952 ambigeret
2798 1864 2990 1953 (Act:
3035 1867 3095 1947 9,
3160 1866 3287 1954 17).
3409 1870 3625 1953 Atque
3685 1868 3811 1935 hoc
3870 1868 4131 1952 quidem
4195 1871 4338 1936 Deo

2380 1955 2662 2020 extorsit
2704 1952 2910 2019 Mosis
2955 1954 3453 2036 importunitas,
3504 1953 3620 2020 sed
3670 1957 3810 2038 ipse
3853 1976 3973 2039 pro
4015 1956 4338 2022 immensa

2379 2061 2503 2106 sua
2545 2040 2831 2105 bonitate
2877 2061 2959 2105 ex
3003 2040 3164 2105 vitio
3198 2041 3371 2106 servi
3418 2042 3521 2107 sui
3565 2041 3797 2107 elicere
3834 2040 4041 2106 voluit
4084 2043 4335 2125 gratiae

2377 2147 2536 2192 suae
2580 2126 2953 2201 materiam:
2999 2126 3194 2191 sicuti
3239 2126 3408 2207 solet
3450 2150 3533 2192 ex
3579 2125 3866 2192 tenebris
3910 2128 4126 2194 lucem
4175 2126 4334 2195 edu-

2376 2233 2523 2277 cere
2569 2210 2636 2298 (2
2682 2211 2832 2277 Oor.
2892 2212 2953 2291 4,
3012 2209 3098 2298 6).
3199 2211 3534 2278 Gaudium
3591 2214 3811 2279 fratris
3868 2223 4335 2279 commemorat

2374 2298 2755 2381 MosijDeus
2798 2297 2879 2362 ad
2917 2297 3442 2381 exprobrandum
3485 2308 3845 2382 torporem:
3893 2319 3967 2365 ac
3990 2300 4047 2364 si
4070 2299 4334 2379 diceret,

2376 2385 2648 2449 Aharon
2696 2392 2930 2467 sponte
2974 2393 3289 2463 accurret‚
3337 2394 3528 2468 teque
3572 2386 3743 2450 laeto
3782 2396 3848 2449 et
3880 2385 4074 2450 hilari
4112 2385 4334 2450 animo

2373 2471 2685 2554 excipiet:
2746 2480 2817 2534 tu
2874 2491 3033 2535 vero
3095 2491 3389 2536 moerore
3447 2480 3515 2535 et
3567 2472 3767 2535 animi
3818 2471 4138 2555 angustiis
4182 2492 4332 2537 con-

2372 2558 2659 2635 strictus,
2722 2555 2818 2620 vel
2881 2555 3248 2631 diffidentia
3306 2560 3639 2636 attonitus,
3702 2558 3809 2622 vix
3872 2556 4214 2623 adduceris
4256 2563 4332 2623 ut

2373 2643 2602 2725 pedem
2650 2663 2935 2708 moveas.

2548 2728 2649 2793 16.
2697 2727 2785 2792 Et
2824 2728 3103 2809 loquetur
3150 2729 3283 2809 :lpse
3314 2748 3441 2808 pro
3483 2733 3554 2795 te.

2373 2823 2621 2880 textum
2685 2814 2982 2892 discutit,
3042 2813 3352 2897 loquendi
3413 2827 3632 2897 partes
3673 2815 3865 2880 fratri
3908 2815 4326 2899 assignandO,

2368 2921 2583 2984 neque
2629 2911 2850 2966 tamen
2895 2900 3173 2966 alterum
3221 2900 3529 2984 subrogat
3587 2901 3655 2966 in
3718 2902 3859 2966 eius
3902 2901 4143 2967 locum:
4193 2902 4326 2967 imo

2368 2985 2495 3052 sibi
2549 2986 2925 3051 humaniter
2984 2996 3337 3067 temperat,
3396 2997 3470 3050 ut
3513 2987 3686 3052 servi
3730 2988 3832 3052 sui
3875 2996 4030 3052 voto
4075 3008 4326 3052 morem

2369 3094 2622 3157 gerens,
2659 3073 2943 3141 invitum
2983 3080 3208 3137 tamen
3244 3074 3491 3147 honore
3520 3073 3777 3139 afficiat.
3837 3074 4137 3140 Partitur
4167 3096 4324 3158 ergo

2368 3160 2576 3239 vices,
2633 3167 2708 3224 ut
2751 3179 2953 3243 penes
2999 3159 3233 3224 Mosen
3282 3159 3369 3224 sit
3409 3161 3759 3237 autoritas,
3807 3159 4081 3224 Aharon
4134 3158 4324 3224 obeat

2369 3266 2613 3312 munus
2675 3245 3073 3329 interpretis.
3196 3244 3301 3309 Ita
3365 3244 3548 3310 nullo
3616 3244 3953 3329 dignitatis
4018 3257 4323 3330 respectu

2367 3332 2737 3415 praefertur
2778 3332 2998 3397 Moses
3037 3330 3256 3396 fratri:
3302 3331 3453 3414 quia
3494 3332 3621 3397 Dei
3665 3332 3948 3416 gratiam
3991 3331 4065 3396 in
4107 3332 4324 3415 capite

2368 3439 2501 3483 non
2545 3438 2735 3484 secus
2779 3437 2855 3481 ac
2895 3417 3208 3483 membris
3243 3417 3659 3501 conspicuam
3706 3418 3957 3502 fulgere
4001 3418 4319 3503 oportuit:

2367 3502 2540 3587 quod
2585 3503 2687 3569 his
2731 3503 2947 3570 verbis
2992 3503 3402 3588 exprimitur,
3468 3503 3754 3569 Aharon·
3779 3504 3921 3570 loco
3965 3505 4097 3569 oris
4140 3504 4318 3569 futu·

2365 3611 2535 3664 rum,
2573 3591 2804 3655 Mosen
2841 3598 3061 3655 autem
3097 3590 3239 3655 loco
3276 3586 3434 3654 Dei:
3481 3590 3634 3675 quia
3674 3589 3871 3655 huius
3911 3589 4035 3655 fuit
4071 3588 4318 3656 dictare

2365 3675 2538 3759 quod
2602 3675 2716 3741 ille
2780 3676 3063 3742 fideliter
3127 3674 3431 3756 referret,
3495 3695 3571 3741 ae
3636 3674 4078 3759 praescribere
4144 3675 4316 3760 quod

2365 3762 2477 3828 ille
2533 3762 2909 3828 obedienter
2965 3770 3365 3845 sequeretur.
3470 3760 3617 3843 Quo
3675 3762 3977 3845 exemplo
4037 3769 4316 3828 testatus

2365 3859 2467 3913 est
2523 3846 2709 3913 Deus
2768 3869 2838 3914 se
2897 3849 3069 3914 dona
3126 3848 3393 3930 spiritus
3452 3860 3517 3912 et
3572 3849 3769 3913 simul
3823 3849 4038 3914 officia
4092 3847 4316 3913 distri·-

2364 3936 2566 4001 buere
2629 3955 2746 4016 pro
2813 3954 2994 4000 mero
3059 3955 3176 3999 suo
3245 3933 3676 4017 beneplacito:
3752 3955 3873 4000 nec
3942 3953 4315 4017 quenquam

2365 4020 2470 4085 vel
2516 4021 2759 4085 honore
2804 4021 2911 4085 vel
2959 4019 3221 4085 dotibus
3263 4019 3582 4086 excellere
3639 4020 3769 4086 nisi
3828 4040 3946 4103 pro
4003 4023 4316 4084 mensur‘a

2363 4107 2688 4192 gratuitae
2733 4106 3119 4172 donationis.
3191 4104 3382 4187 Quod
3423 4117 3640 4172 autem
3684 4105 3929 4170 minori
3967 4104 4316 4170 subiicitur

2363 4192 2868 4276 primogenitus,
2963 4205 3027 4257 et
3103 4201 3360 4257 tantum
3443 4193 3584 4257 eius
3664 4212 3984 4275 organum
4063 4190 4135 4255 in
4220 4191 4313 4255 lo·

2364 4279 2620 4362 quendo
2699 4279 3150 4356 constituitur,
3232 4300 3434 4361 quum
3513 4278 3655 4343 eius
3719 4298 3921 4342 manu
3984 4283 4051 4342 et
4114 4296 4314 4360 opera

2363 4366 2690 4446 complere
2748 4373 2967 4446 posset
3035 4365 3218 4429 Deus
3279 4364 3450 4447 quod
3518 4386 3634 4447 per
3688 4364 3919 4428 Mosen
3977 4374 4313 4446 praestare
4376 4375 4380 4386 ’

2363 4452 2592 4530 voluit,
2638 4451 2789 4532 quia
2833 4449 3487 4533 incomprehensibile
3543 4450 3733 4514 nobis
3776 4449 3954 4514 illius
3996 4449 4314 4514 iudicium

2362 4549 2481 4615 est,
2527 4558 2602 4604 ac
2646 4536 2855 4601 instar
2890 4536 3252 4620 profundae
3288 4536 3525 4620 abyssi,
3572 4544 3951 4600 reverenter
3986 4535 4314 4618 suspicere

2363 4623 2709 4689 discamus.
2835 4623 3000 4687 Esse
3067 4624 3136 4685 in
3204 4622 3454 4700 Deum,
3534 4621 3922 4686 tantundem
3993 4622 4170 4686 valet
4237 4641 4312 4685 ac

2362 4710 2617 4792 praeire
2657 4708 2762 4773 vel
2808 4718 3032 4773 tenere
3076 4708 3535 4793 gubernacula,
3589 4708 3692 4771 vel
3738 4727 3992 4772 summo
4037 4707 4312 4791 imperio

2364 4797 2584 4879 potiri:
2655 4795 2826 4859 sicut
2889 4795 3087 4859 etiam
3149 4793 3522 4859 Chaldaeus
3587 4792 4048 4877 paraphrastes
4113 4794 4312 4857 vertit

2362 4903 2507 4947 esse
2549 4881 2909 4964 principem
2957 4880 3063 4945 vel
3109 4881 3516 4963 magistrum.
3618 4877 3814 4959 Quod
3863 4880 4310 4944 autem·Arri-

2362 4969 2491 5044 ani,
2532 4977 2605 5032 ut
2639 4966 3016 5032 testimonia
3048 4965 3421 5031 refellerent
3455 4966 3690 5048 quibus
3724 4963 4035 5049 probatur
4058 4964 4312 5029 Christi

2362 5054 2694 5130 divinitas,
2759 5051 2879 5117 hoc
2934 5051 3071 5116 loco
3126 5065 3192 5116 et
3248 5052 3568 5117 similibus
3624 5049 3807 5115 abusi
3867 5063 4048 5128 sunt,
4108 5050 4309 5114 nimis

2362 5141 2624 5205 infirma
2682 5137 2805 5203 fuit
2849 5138 3205 5203 calumnia:
3258 5139 3410 5221 quia
3453 5137 3627 5202 aliud
3675 5145 3775 5202 est
3817 5137 4200 5219 simpliciter
4244 5145 4311 5198 et

2362 5227 2508 5290 sine
2557 5223 2918 5290 adiectione
2964 5222 3180 5289 Deum
3242 5225 3477 5303 vocari,
3524 5243 3715 5306 quam
3763 5222 3984 5287 addita
4028 5222 4308 5288 circum-

2360 5312 2624 5377 stantia.
2734 5309 2994 5376 Scimus
3066 5310 3244 5378 enim
3307 5311 3437 5376 Dei
3505 5329 3742 5374 nomen
3809 5308 3890 5372 ad
3956 5307 4314 5391 quemlibet

2360 5400 2800 5482 principatum
2836 5396 3190 5479 improprie
3226 5395 3506 5479 quidem,
3544 5393 3656 5461 sed
3694 5416 3821 5459 non
3859 5393 4000 5460 sine
4036 5394 4309 5473 ratione,

3643 2728 4091 2795 Immunitatis
4141 2750 4329 2812 prae-
