4867 6150
574 445 691 508 171

572 633 909 716 incognita
951 631 1349 697 sciscitatus:
1403 628 1516 694 sed
1579 629 1841 695 mistam
1896 629 2308 714 ignoratione
2354 629 2523 694 noti·

574 718 734 783 tiam
760 718 979 801 ponit:
1017 716 1207 784 sicuti
1234 736 1339 781 res
1365 714 1604 798 partim
1642 712 1858 796 dubia,
1895 716 2131 799 partim
2171 715 2526 800 conspicua

576 813 735 869 erat.
801 801 1031 869 Oculis
1077 803 1251 868 enim
1297 800 1564 884 patebat
1586 800 1715 865 Dei
1752 802 1997 867 virtus:
2043 802 2266 866 velum
2312 802 2525 867 incre·

574 889 872 956 dulitatis
916 892 1283 972 oppositum
1327 906 1486 967 erat,
1533 907 1618 951 ne
1652 888 2045 969 promissam
2083 887 2206 953 sibi
2242 889 2523 971 gratiam

574 985 937 1043 cernerent.

748 1062 849 1127 16.
897 1060 1032 1126 Hoc
1074 1064 1164 1125 est
1214 1059 1499 1124 edictum.
1589 1058 1879 1124 Additur
1938 1060 2274 1143 exceptio,
2335 1070 2408 1123 ut
2449 1059 2520 1123 in

575 1145 943 1231 colligendo
992 1146 1170 1210 victu
1212 1146 1535 1210 rationem
1584 1144 1871 1209 habeant
1919 1145 2239 1211 sabbathi.
2320 1144 2521 1210 Prae-

576 1234 884 1300 scribitur
927 1251 1234 1297 mensura
1277 1231 1346 1296 in
1391 1229 1689 1314 singulos
1733 1228 1904 1296 dies:
1949 1231 2263 1297 iubentur
2304 1240 2523 1295 autem

575 1319 789 1404 pridie
833 1317 1137 1384 sabbathi
1180 1337 1324 1382 eam
1371 1317 1693 1399 duplicem
1739 1337 2077 1400 reponere,
2123 1334 2199 1382 ut
2234 1318 2520 1401 quietem

576 1407 940 1472 observent.
1031 1402 1219 1467 Deus
1275 1411 1497 1467 autem
1553 1402 1730 1467 haud
1795 1403 1990 1468 dubie
2049 1424 2239 1469 suam
2286 1403 2522 1469 libera-

571 1492 828 1557 litatem
874 1511 950 1555 eo
994 1488 1297 1554 extendit
1354 1488 1526 1572 quod
1571 1489 1904 1554 saturitati
1950 1489 2299 1554 sufficeret.
2388 1489 2523 1554 No-

572 1589 711 1644 tum
792 1576 1053 1659 quidem
1135 1587 1234 1640 est
1311 1574 1537 1640 homer
1616 1576 1816 1640 fuisse
1883 1575 2198 1639 decimam
2270 1587 2524 1658 partem

573 1664 774 1747 epha:
821 1673 888 1728 et
931 1662 1096 1725 forte
1139 1662 1356 1743 aliqua
1400 1663 1733 1744 proportio
1778 1682 1926 1725 cum
1974 1662 2302 1727 mensuris
2348 1658 2524 1746 apud

573 1771 693 1816 nos
741 1749 997 1813 usitatis
1043 1746 1333 1811 inveniri
1393 1761 1624 1828 posset.
1691 1747 1968 1833 ¹Verum
2011 1749 2329 1812 curiosius
2377 1747 2525 1811 nolo

575 1836 655 1900 de
692 1856 764 1899 re
803 1854 933 1898 non
973 1834 1340 1899 necessaria
1385 1833 1749 1916 disputare:
1796 1835 1946 1915 quia
1990 1834 2234 1899 sufficit
2279 1845 2523 1909 tenere,

574 1941 710 1986 non
758 1921 977 1983 minus
1031 1919 1235 1983 fuisse
1294 1918 1521 1983 datum
1572 1939 1767 2001 quam
1814 1917 1895 1983 ad
1943 1921 2224 2000 amplam
2271 1920 2523 2001 copiam

576 2006 926 2072 sufficeret.

753 2092 851 2156 17.
901 2093 1103 2171 Amne
1135 2090 1229 2154 ita
1266 2090 1557 2172 fecerunt.
1625 2091 1776 2155 Non
1813 2091 2094 2157 arbitror
2130 2112 2527 2174 magnopere

577 2177 831 2244 laudari
879 2177 1099 2260 populi
1144 2176 1582 2241 obedientiam
1632 2176 1753 2242 hoc
1801 2177 1972 2241 loco:
2028 2176 2286 2259 quando
2332 2175 2525 2259 paulo

576 2278 727 2348 post
770 2264 1069 2329 subiiciet
1113 2263 1366 2341 Moses,
1412 2260 1724 2344 quosdam
1785 2263 1960 2327 iusto
2023 2263 2332 2327 demenso
2391 2283 2523 2327 non

575 2359 933 2423 contentos,
971 2349 1119 2430 plus
1144 2369 1334 2431 quam
1377 2347 1602 2413 liceret
1640 2369 2087 2414 coacervasse:
2127 2348 2289 2412 alios
2326 2349 2526 2413 etiam

577 2450 1019 2518 transgressos
1056 2455 1198 2498 esse
1233 2434 1403 2516 quod
1442 2434 1523 2497 de
1557 2433 1873 2499 sabbatho
1908 2446 2328 2519 praeceptum
2365 2445 2524 2498 erat.

577 2521 713 2588 Sed
774 2524 864 2585 ita
924 2520 1284 2584 orationem
1346 2521 1633 2585 resolvo:
1695 2519 1915 2600 Quum
1976 2542 2202 2585 omnes
2261 2541 2525 2603 operam

577 2616 937 2673 navassent
981 2605 1380 2687 colligendo,
1452 2618 1782 2689 repertum
1843 2607 2042 2670 fuisse
2094 2607 2162 2670 in
2222 2608 2528 2689 congerie

577 2693 748 2778 quod
806 2693 873 2757 in
933 2692 1194 2774 singula
1249 2694 1464 2774 capita
1531 2693 1759 2757 homer
1824 2691 2194 2774 compleret.
2297 2693 2528 2776 Neque

578 2780 755 2844 enim
802 2778 924 2843 sibi
969 2780 1244 2860 quisque
1290 2779 1599 2859 privatim
1655 2799 1978 2843 annonam
2041 2778 2348 2862 parabat:
2409 2777 2525 2843 sed

578 2866 690 2931 ubi
737 2885 963 2930 omnes
1006 2863 1427 2929 contulerant
1471 2885 1721 2946 operas,
1766 2864 2030 2929 tandem
2077 2885 2160 2928 ex
2196 2865 2526 2929 communi

578 2972 810 3018 acervo
865 2950 1216 3015 sumebant
1268 2951 1739 3033 praescriptam
1799 2951 2187 3033 portionem.
2289 2950 2394 3015 Ita
2456 2960 2526 3014 ut

577 3039 849 3123 quisque
913 3035 1209 3121 agilitate
1275 3038 1680 3119 praestabat,
1760 3036 2005 3119 absque
2072 3036 2206 3102 ulla
2272 3036 2526 3103 iactura

577 3125 786 3208 magis
809 3123 1072 3190 iuvabat
1108 3123 1546 3206 propinquum
1585 3145 1776 3188 suum
1813 3122 2168 3188 tardiorem
2206 3134 2272 3186 et
2307 3125 2525 3187 minus

575 3210 998 3276 industrium.
1061 3209 1202 3274 Hoc
1240 3220 1391 3292 apte
1427 3209 1739 3274 transfert
1761 3209 2010 3274 Paulus
2034 3207 2119 3294 (2.
2148 3209 2295 3275 Cor.
2323 3211 2383 3286 8,
2416 3208 2524 3295 14)

578 3295 660 3361 ad
682 3296 1149 3378 eleemosynas,
1188 3295 1344 3393 dam
1384 3297 1655 3378 quisque
1680 3292 1760 3359 de
1795 3316 1911 3360 suo
1948 3305 2175 3380 erogat
2209 3296 2524 3361 fratribus

577 3382 836 3464 egenis:
917 3380 1110 3444 modo
1175 3400 1458 3445 sciamus
1523 3382 1667 3446 fieri
1735 3403 1849 3462 per
1916 3400 2291 3465 anagogen:
2370 3380 2524 3464 quia

578 3466 777 3533 sicuti
819 3465 1036 3549 aliqua
1093 3475 1195 3532 est
1259 3465 1618 3534 similitudo
1675 3466 1850 3531 inter
1894 3487 2046 3530 man
2092 3476 2159 3532 et
2203 3467 2522 3549 quotidia-

579 3574 742 3618 num
808 3553 1086 3629 victum,
1153 3552 1246 3616 ita
1312 3552 1669 3617 tenendum
1735 3562 1836 3617 est
1892 3551 2271 3632 discrimen,
2337 3554 2523 3619 cuius

578 3639 735 3704 alibi
789 3639 900 3703 fiet
959 3639 1222 3703 mentio.
1312 3637 1536 3718 Quum
1594 3660 1749 3724 ergo
1806 3659 1959 3702 man
2027 3639 2210 3704 cibus
2268 3647 2440 3704 esset
2484 3660 2524 3703 a

578 3723 911 3792 communi
946 3723 1261 3802 diversus,
1301 3744 1376 3788 ac
1411 3725 1696 3806 quotidie
1732 3724 1873 3790 sine
1908 3724 2166 3790 cultura
2201 3734 2266 3789 et·
2300 3723 2521 3790 labore

579 3832 783 3894 prope
841 3810 910 3874 in
965 3830 1201 3875 manus
1261 3809 1558 3888 daretur,
1618 3831 1749 3875 non
1807 3812 2043 3876 mirum
2107 3819 2208 3876 est
2250 3812 2307 3875 si
2350 3831 2524 3876 unus

577 3895 936 3980 aequaliter
958 3895 1249 3980 singulos
1272 3917 1308 3959 e
1347 3895 1584 3979 populo
1619 3895 1701 3961 ad
1737 3917 1918 3961 esum
1956 3896 2133 3962 illius
2168 3896 2520 3975 vocaverit,

579 4005 656 4049 ac
713 3982 999 4049 vetuerit
1056 4002 1450 4065 quemquam
1503 3981 1649 4064 plus
1708 3981 1879 4064 aliis⁸
1916 4004 2197 4048 sumere.
2286 3982 2524 4048 Victus

580 4077 800 4135 autom
860 4066 1173 4133 ordinarii
1232 4068 1360 4132 alia
1417 4078 1517 4133 est
1574 4068 1769 4133 ratio:
1837 4069 1989 4151 quia
2045 4068 2128 4133 ad
2172 4067 2521 4134 fovendam

579 4154 936 4220 humanam
1003 4154 1377 4220 societatem
1458 4154 1772 4236 pertinet,
1851 4166 1927 4219 ut
2003 4158 2272 4238 quisquc
2349 4154 2521 4239 quod

581 4261 776 4305 suum
856 4249 957 4305 est
1034 4239 1388 4323 possideat:
1473 4241 1815 4323 acquirant
1882 4239 1995 4305 alii
2067 4240 2378 4317 emendo,
2442 4239 2524 4305 ad

584 4325 746 4392 alios
801 4323 993 4390 fundi
1052 4326 1490 4390 haereditario
1547 4326 1691 4389 iure
1747 4327 2169 4409 perveniant,
2225 4326 2307 4392 ad
2365 4326 2525 4391 alios

584 4411 774 4477 titulo
821 4412 1217 4477 donationis:
1263 4423 1336 4477 ut
1380 4411 1653 4495 quisque
1701 4413 1802 4478 vel
1847 4412 2112 4478 solertia
2155 4413 2373 4496 pollet,
2423 4411 2525 4478 vel

583 4498 873 4580 corporis
939 4498 1222 4574 viribus,
1289 4497 1395 4562 vel
1461 4497 1606 4564 aliis
1674 4497 1959 4575 dotibus,
2029 4498 2125 4564 ita
2183 4498 2526 4565 facultates

583 4603 737 4648 suas
816 4593 1070 4666 augeat.
1184 4583 1481 4667 Denique
1550 4583 1854 4667 politicus
1920 4584 2080 4651 ordo
2145 4585 2426 4668 flagitat,
2489 4605 2529 4648 a

585 4691 837 4753 quoque
881 4669 1089 4733 teneri
1134 4668 1305 4750 quod
1362 4691 1553 4735 suum
1616 4680 1735 4736 est.
1825 4670 2111 4737 Proinde
2167 4670 2527 4736 absurdum

585 4767 758 4821 esset
798 4754 871 4819 in
917 4755 1091 4820 victu
1140 4755 1377 4820 usitato
1421 4755 1634 4839 legem
1681 4757 2144 4840 praescribere,
2191 4757 2402 4838 qualis
2450 4754 2529 4820 de

583 4863 737 4906 man
810 4840 916 4906 hic
981 4840 1236 4922 legitur.
1346 4842 1435 4905 Et
1501 4841 1858 4924 prudenter
1920 4844 2116 4907 etiam
2183 4841 2531 4928 distinguit

586 4927 855 5005 Paulus,
901 4926 1058 4991 dum
1103 4925 1563 5009 aequalitatem
1605 4930 1839 4995 statuit
1873 4950 2006 4995 non
2040 4929 2112 4994 in
2160 4928 2529 5011 promiscuo

587 5024 656 5078 et
699 5012 962 5079 confuso
1007 5034 1164 5091 usu,
1230 5011 1342 5077 sed
1391 5025 1464 5076 ut
1507 5014 1740 5080 divites
1785 5026 2018 5097 sponte
2062 5023 2129 5080 et
2175 5015 2530 5079 liberaliter

585 5101 861 5165 fratrum
899 5098 1158 5162 inediae
1191 5111 1597 5174 succurrant,
1636 5121 1766 5164 non
1789 5114 2007 5167 autem
2033 5124 2115 5166 ex
2142 5102 2529 5166 necessitate

587 5185 694 5250 vel
737 5185 1022 5249 tristitia.
1092 5184 1237 5249 Hoc
1274 5182 1466 5248 modo
1502 5186 1825 5264 admonet,
1859 5187 2166 5270 quidquid
2211 5186 2528 5252 bonorum

586 5271 771 5336 nobis
827 5270 1151 5353 suppetit,
1214 5271 1400 5352 quasi
1443 5292 1595 5335 man
1641 5292 1724 5335 ex
1768 5270 1894 5336 Dei
1942 5274 2334 5338 liberalitate
2377 5293 2527 5356 pro·

583 5356 822 5423 fluere:
872 5355 986 5421 sed
1032 5356 1184 5438 quia
1227 5356 1538 5439 privatim
1584 5368 1649 5421 et
1692 5377 1986 5423 seorsum
2033 5359 2273 5442 singuli
2318 5359 2528 5443 possi·

1712 438 2457 507 COMMENTARIUS
2502 441 2603 507 IN
2647 441 2949 508 EXODI
2991 440 3189 508 CAP.
3234 441 3425 507 XVI.

4450 434 4562 501 172

2629 629 2788 694 dent
2833 628 3004 713 quod
3049 631 3181 696 illis
3225 629 3454 695 datum
3500 639 3617 706 est,
3663 648 3795 692 non
3840 626 4114 692 eandem
4161 625 4354 691 hodie
4388 648 4564 712 prae-

2627 716 2739 799 figi
2785 717 2996 800 legem
3042 718 3111 782 in
3158 724 3387 781 mutua
3431 714 3748 780 bonorum
3793 713 4401 790 communicatione,
4447 735 4562 797 qua

2623 802 2811 867 Deus
2855 801 3167 886 populum
3227 812 3517 867 veterem
3561 798 3932 865 adstrinxit.
4034 798 4231 866 Unde
4284 809 4560 883 apparet,

2626 898 2804 954 recte
2859 889 3073 972 aptari
3133 888 3572 972 eleemosynis
3629 885 4155 952 distributionem
4212 906 4364 949 man
4409 907 4561 968 quae

2627 995 2666 1039 a
2690 975 2873 1040 Mose
2909 986 3237 1040 narratur.
3307 973 3558 1038 Eadem
3597 972 3894 1038 doctrina
3938 972 4131 1055 longe
4177 971 4560 1039 extenditur.

2626 1060 2829 1126 Vetat
2872 1060 3048 1126 enim
3095 1060 3341 1126 Paulus
3387 1061 3666 1125 nimium
3710 1057 4023 1124 sollicitos
4055 1078 4197 1122 esse
4232 1058 4454 1122 fideles
4488 1078 4563 1124 ne

2626 1169 2697 1211 se
2765 1147 3196 1212 beneficentia
3267 1146 3693 1211 exhauriant:
3761 1144 3914 1227 quia
3979 1143 4231 1208 nemini
4297 1142 4566 1209 defuerit

2628 1254 2919 1311 annona,
2983 1254 3182 1316 quum
3243 1253 3394 1297 man
3456 1252 3537 1296 ex
3581 1232 3707 1297 Dei
3768 1229 4080 1295 mandato
4120 1229 4566 1313 partiebantur

2626 1319 2797 1384 inter
2845 1340 2917 1383 se
2949 1319 3308 1385 Israelitae.

2802 1489 2902 1555 19.
2948 1490 3037 1555 Et
3078 1492 3171 1555 ait
3214 1487 3428 1555 Moses
3468 1490 3555 1554 ad
3596 1508 3730 1554 eos.-
3777 1488 3976 1554 Nemo
4029 1487 4344 1569 relinquat
4395 1487 4565 1568 quid·

2626 1596 2818 1658 quam
2869 1597 2947 1641 ex
3003 1597 3072 1641 eo
3129 1596 3327 1658 usque
3386 1595 3584 1640 mam.
3689 1575 3791 1640 20.
3865 1573 3989 1638 Sed
4051 1594 4174 1640 nou
4240 1574 4568 1640 audierunt

2629 1661 2879 1727 Mosen:
2941 1663 3094 1744 quia
3150 1663 3409 1745 quidam
3460 1664 3858 1725 reservarunt
3899 1680 3976 1724 ex
4020 1680 4088 1725 eo
4138 1679 4336 1741 usque
4378 1680 4564 1726 mne.

2628 1747 2717 1812 Et
2780 1753 3010 1813 scatere
3073 1749 3270 1828 coepit
3332 1746 3677 1826 vermibus,
3741 1751 3799 1811 et
3858 1747 4262 1825 computruit.-
4325 1748 4569 1828 ideoque

2626 1834 2837 1899 iratus
2888 1839 2980 1899 est
3030 1839 3239 1900 contra
3295 1853 3394 1898 eos
3437 1831 3669 1899 Moses.
3760 1832 3863 1897 21.
3925 1830 4152 1914 Itaque
4209 1833 4568 1916 colleqerunt

2627 1920 2791 1985 illud
2843 1921 3113 2003 sinqulis
3165 1920 3383 1985 diebus
3442 1939 3660 1985 mane.-
3709 1920 3973 2001 quisque
4030 1919 4375 1985 secundum
4414 1940 4569 1985 meot-

2627 2026 2847 2070 suram
2914 2027 3133 2071 suam.-
3212 2010 3267 2069 et
3329 2025 3527 2087 quum
3589 2004 3682 2070 sol
3757 2004 4128 2083 incaluerat,
4211 2005 4569 2086 liqwfiebat.

2628 2091 2729 2156 22.
2779 2091 2937 2156 Fuit
2968 2096 3174 2157 autem
3212 2091 3314 2156 die
3345 2097 3516 2156 sexto
3549 2096 3618 2156 ut
3651 2090 3997 2171 colliqerent
4030 2111 4265 2172 panem
4297 2092 4568 2172 duplum,

2627 2179 2749 2242 duo
2804 2177 3037 2243 scilicet
3090 2177 3297 2242 homer
3348 2197 3467 2258 pro
3517 2197 3656 2243 uno.
3748 2175 3839 2240 Et
3891 2177 4199 2242 venientes
4247 2178 4571 2261 principes

2627 2265 3120 2348 conqreqationis
3185 2263 3524 2328 retulerunt
3578 2261 3766 2327 Mosi.
3867 2262 3971 2327 23.
4037 2263 4163 2343 Qui
4225 2263 4395 2328 dixit
4457 2265 4570 2330 eis:

2631 2350 2766 2414 Hoc
2784 2356 2872 2416 est
2904 2349 3069 2432 quod
3102 2350 3392 2430 loquutus
3425 2353 3514 2413 est
3536 2349 3795 2414 lehova:
3837 2348 4027 2430 Quies
4058 2347 4344 2415 sabbathi
4378 2348 4571 2414 sancti

2628 2457 2773 2502 cras
2817 2440 2905 2500 est
2949 2435 3212 2500 Iehovae
3229 2487 3244 2513 ‚
3303 2435 3466 2516 quod
3507 2436 3743 2501 cocturi
3784 2435 3963 2512 estis,
4009 2436 4273 2516 coquite,
4318 2441 4379 2500 et
4418 2434 4571 2517 quod

2630 2522 2935 2587 elixatuffi
2998 2522 3149 2586 estis
3166 2573 3180 2595 ,
3247 2521 3502 2586 elimate:
3571 2527 3629 2586 et
3691 2521 4000 2602 quidquid
4064 2522 4394 2586 residuum
4463 2522 4573 2587 erit

2629 2609 2909 2688 reponite
2945 2607 3118 2672 vobis
3161 2628 3356 2689 usque
3398 2626 3597 2672 mane.
3688 2607 3790 2671 24.
3837 2606 3924 2670 Et
3964 2613 4374 2687 reposuerunt
4416 2606 4571 2673 illud

2629 2714 2825 2774 usque
2865 2713 3064 2773 mane,
3106 2694 3269 2758 sicut
3298 2698 3705 2775 praeceperat
3745 2691 3986 2757 Moses.-
4038 2697 4097 2758 et
4148 2712 4274 2757 non
4331 2714 4569 2775 compu-

2631 2781 2816 2859 truit,
2870 2800 2977 2845 nec
3028 2780 3258 2844 vermis
3306 2779 3433 2861 fuit
3489 2780 3557 2844 in
3614 2799 3700 2844 ec.
3804 2778 3905 2843 25.
3961 2777 4274 2859 Dixitque
4335 2780 4571 2846 Moses.-

2635 2864 2939 2931 Comedite
2960 2866 3120 2930 illud
3142 2865 3350 2930 hodie.-
3386 2865 3541 2946 quia
3575 2864 3937 2930 sabbathum
3969 2869 4058 2929 est
4092 2864 4271 2930 hodie
4294 2867 4567 2932 Iehovae.

2632 2951 2839 3016 Hodie
2881 2972 3004 3016 non
3045 2951 3372 3016 invenietis
3414 2951 3575 3016 illud
3618 2952 3689 3015 in
3745 2972 3913 3034 aqro.
4002 2950 4105 3015 26.
4173 2950 4300 3016 Sex
4358 2951 4570 3017 diebus

2629 3036 2923 3121 colliqetis
2963 3037 3161 3104 illud:
3202 3037 3307 3102 die
3349 3042 3557 3103 autem
3599 3037 3855 3119 septimo
3897 3040 3988 3102 est
4027 3036 4416 3120 sabbathum,
4458 3055 4569 3103 non

2630 3125 2749 3189 erit
2789 3125 2860 3189 in
2902 3124 3029 3190 illc.
3117 3122 3220 3188 27.
3266 3124 3517 3189 Accidit
3572 3129 3780 3189 autem
3830 3125 3936 3190 die
3990 3125 4250 3207 septimo
4302 3131 4377 3191 ut
4420 3143 4571 3209 eqre-

2629 3212 2919 3275 cierentur
2973 3211 3231 3291 quidam
3288 3231 3321 3274 e
3360 3210 3596 3293 populo
3654 3211 3739 3275 ad
3803 3209 4211 3293 colliyendum
4274 3211 4472 3278 illud.-
4521 3212 4573 3276 et

2630 3315 2753 3361 non
2817 3298 3195 3361 invenerunt.
3298 3296 3402 3362 28.
3476 3296 3651 3361 Tunc
3713 3296 3807 3361 ait
3868 3294 4102 3360 Iehova
4166 3297 4253 3361 ad
4321 3297 4573 3364 Mosen.-

2647 3379 2853 3464 Usque
2906 3403 3023 3464 quo
3086 3381 3355 3446 renuitis
3417 3403 3667 3448 servare
3719 3385 4054 3463 praecepta
4109 3402 4250 3447 mea
4307 3390 4367 3449 ct
4422 3383 4573 3465 leqes

2630 3468 2851 3533 meas?
2941 3468 3045 3534 29.
3106 3467 3317 3532 Videte
3357 3469 3520 3550 quod
3555 3467 3786 3533 Iehova
3816 3467 4103 3547 posuerit
4142 3468 4315 3533 vobis
4358 3468 4571 3535 sabba·

2628 3553 2837 3618 thum.-
2892 3555 3031 3619 ideo
3086 3555 3223 3636 ipse
3276 3554 3385 3618 dat
3439 3553 3610 3619 vobis
3666 3554 3767 3617 die
3821 3557 3991 3618 sexto
4034 3574 4269 3635 panem
4311 3556 4571 3621 duorum

2629 3641 2907 3705 dierum.-
2948 3641 3212 3722 quisque
3246 3640 3417 3721 apud
3449 3660 3516 3705 se
3548 3640 3840 3721 quiescat,
3872 3659 3982 3704 nec
4013 3639 4187 3704 ullus
4220 3642 4571 3724 eqrediatur

2628 3746 2661 3790 e
2693 3725 2818 3791 loco
2855 3746 2971 3790 suo
3009 3727 3112 3791 die
3144 3727 3419 3806 septime.
3485 3726 3589 3791 30.
3643 3725 3888 3808 Quievit
3917 3726 4128 3807 itaque
4158 3728 4444 3810 populus
4476 3726 4571 3792 die

2625 3812 2903 3892 septimo,

2801 3982 2901 4048 19.
2961 3981 3053 4048 Et
3107 3983 3200 4048 ait
3242 3983 3455 4049 Moses
3512 3982 3599 4048 ad
3653 4002 3790 4049 eos.-
3853 3981 4065 4048 Nemo.
4156 3982 4288 4048 Hic
4347 3989 4571 4048 narrat

2630 4069 2865 4146 Moses,
2903 4090 3102 4152 quum
3144 4069 3440 4152 singulos
3484 4068 3780 4133 iussisset
3822 4089 3956 4133 non
4001 4069 4149 4152 plus
4192 4069 4569 4150 quotidiano

2628 4156 2806 4220 victu
2866 4174 3160 4231 sumere,
3219 4169 3286 4219 et
3343 4154 3551 4237 pridie
3608 4153 3911 4222 sabbathi
3967 4155 4270 4238 colligere
4329 4154 4570 4239 duplex

2631 4239 3049 4320 demensum,
3097 4242 3165 4304 in
3210 4250 3486 4324 utroque
3531 4240 3780 4323 aliquos
3825 4240 4097 4305 minime
4140 4240 4343 4306 fuisse
4388 4242 4568 4307 obse-

2631 4335 2922 4408 quentes.
3014 4325 3208 4408 Quod
3255 4327 3335 4391 ad
3382 4326 3566 4412 prius
3609 4338 3890 4409 spectat,
3951 4347 4153 4408 quum
4198 4326 4400 4391 vellet
4443 4326 4568 4391 illis

2632 4413 2814 4477 Deus
2857 4411 3074 4477 cibum
3120 4434 3252 4477 non
3297 4412 3491 4478 aliter
3547 4432 3900 4496 suggerere
3956 4433 4152 4495 quam
4210 4412 4566 4478 infantibus

2632 4519 2954 4563 mammae
2999 4500 3241 4582 porrigi
3287 4499 3529 4575 solent,
3573 4499 3836 4582 signum
3882 4518 4229 4581 perversae
4268 4498 4566 4564 incredu-

2633 4585 2838 4649 litatis
2905 4584 3058 4665 fuit,
3124 4606 3255 4650 non
3324 4584 3606 4667 pendere
3660 4605 3699 4647 a
3763 4583 4180 4666 providentia
4234 4585 4395 4666 Dei,
4461 4583 4571 4650 sed

2633 4691 2962 4735 annonam
3006 4682 3311 4753 expetere
3354 4675 3423 4734 in
3467 4669 3606 4735 dies
3638 4669 4022 4754 complures.
4091 4669 4378 4753 Signum
4423 4688 4571 4736 vero

2633 4756 3038 4840 pervicaciae
3084 4758 3238 4835 fuit,
3293 4757 3468 4822 nolle
3513 4755 3663 4822 ullis
3706 4755 4174 4821 monitionibus
4218 4756 4413 4821 fidem
4459 4756 4568 4820 ha-

2632 4842 2818 4918 bere,
2865 4841 3069 4908 donec
3111 4843 3523 4924 experientia
3567 4841 3849 4907 convicti
3910 4842 4127 4906 forent
4183 4865 4253 4907 se
4308 4841 4570 4906 nonnisi

2631 4930 2943 4993 foetorem
2991 4928 3164 4992 domi
3201 4949 3535 5012 reponere.
3625 4929 3856 5010 Neque
3911 4931 4084 4993 enim
4143 4939 4218 4992 ut
4261 4928 4341 4993 ab
4385 4930 4568 4992 inex-

2633 5014 2855 5098 plebili
2920 5013 3277 5097 cupiditate
3343 5012 3735 5080 desisterent
3793 5012 4052 5079 adducti
4111 5024 4300 5091 sunt,
4368 5013 4568 5078 donec

2632 5101 2840 5165 iustas
2885 5099 3221 5165 dedissent
3273 5121 3538 5183 poenas.
3629 5100 3777 5164 Etsi
3834 5114 4054 5164 autom
4113 5120 4246 5164 non
4306 5119 4567 5183 prorsus

2633 5186 2866 5251 similis
2901 5197 3002 5251 est
3037 5188 3203 5251 ratio
3238 5206 3393 5251 man
3439 5197 3504 5250 et
3546 5186 3859 5251 ordinarii
3907 5187 4095 5268 panis
4141 5207 4270 5268 quo
4313 5185 4564 5260 alimur,

2636 5273 3046 5353 aliquatenus
3071 5285 3291 5336 tamen
3316 5272 3494 5336 valet
3515 5292 3841 5355 anagoge:
3882 5274 4034 5354 quia
4055 5273 4148 5338 sic
4173 5272 4566 5337 frumentum

2635 5368 2701 5423 et
2765 5358 2994 5422 vinum
3048 5356 3116 5423 in
3179 5358 3430 5423 horreis
3488 5368 3555 5423 et
3605 5358 3786 5424 cellis
3844 5357 4247 5425 reconditum
4312 5375 4567 5424 servare
