4867 6150
318 440 400 507 97
1457 438 2198 510 COMMENTARIUS
2242 441 2345 508 IN
2389 441 2695 509 EXODI
2736 441 2936 510 CAP.
2979 440 3174 508 VIII.

484 627 541 692 1.
601 626 796 694 Dixit
857 631 1063 694 autem
1123 627 1371 695 Iehova.
1476 628 1735 696 Rursus
1799 630 1985 713 quasi
2050 629 2123 694 in
2181 652 2255 696 re

318 715 602 798 integra,
661 713 951 796 postulat
995 715 1177 780 Deus
1220 734 1261 779 a
1302 714 1654 782 Pharaone
1718 714 1886 799 quod
1943 717 2105 782 iuris
2148 716 2253 782 sui

317 801 649 886 proprium
687 809 817 865 est:
864 808 940 865 ut
975 800 1223 867 scilicet
1257 821 1297 864 a
1330 802 1569 884 populo
1603 802 1875 880 colatur,
1911 802 2027 868 sed
2064 813 2254 868 extra

318 899 552 952 terram
592 885 890 969 Aegypti,
939 895 1010 951 ut
1051 886 1397 970 peculiaris
1442 889 1532 953 sit
1573 888 1788 954 cult-us
1832 901 1899 953 et
1935 909 2136 971 purus
2171 888 2255 954 ab

315 973 487 1037 omni
535 972 1046 1055 inquinamento.
1137 971 1371 1037 Voluit
1413 974 1585 1041 enim
1633 971 1736 1060 (ut
1773 975 1955 1057 prius
2003 973 2253 1040 dictum

316 1056 434 1145 est)
477 1057 794 1141 populum
842 1079 1035 1124 suum
1079 1059 1507 1144 segregando,
1553 1058 1866 1126 damnare
1891 1061 2251 1146 Aegyptia·

313 1163 415 1209 cas
462 1142 978 1226 superstitiones,
1058 1144 1321 1210 Interea
1366 1156 1649 1230 tyranno
1694 1147 1878 1212 nulla
1919 1148 2251 1213 excusatio

313 1230 444 1308 fuit,
485 1250 686 1312 quum
712 1230 1030 1314 sacrilega
1050 1228 1322 1297 audacia
1344 1233 1718 1316 insurgeret
1738 1232 1820 1298 ad
1844 1232 2249 1315 eripiendum

314 1316 450 1381 Deo
474 1317 718 1380 iustum
746 1315 1080 1381 honorem.
1126 1315 1233 1381 Ita
1266 1316 1523 1382 exitum
1559 1317 1858 1402 negando
1883 1339 2015 1383 non
2038 1318 2249 1383 solum

313 1399 618 1480 crudelis,
678 1401 790 1467 sed
846 1401 1087 1485 impius
1130 1403 1329 1467 etiam
1387 1405 1684 1488 cognitus
1725 1404 1872 1469 fuit.
1964 1402 2249 1470 Additur

315 1488 506 1552 etiam
565 1488 1009 1565 comminatio,
1070 1500 1146 1552 ut
1202 1489 1436 1555 saltem
1494 1488 1744 1555 invitus
1801 1489 2101 1555 trahatur
2166 1489 2246 1554 ad

312 1573 612 1643 officium.
703 1572 814 1641 Sic
874 1575 1050 1638 enim
1111 1575 1442 1658 agendum
1499 1583 1600 1642 est
1649 1595 1797 1640 cum
1845 1576 2245 1659 praefractis,

312 1659 413 1742 qui
476 1680 810 1743 nunquam
870 1659 997 1725 nisi
1065 1670 1245 1725 metu
1305 1661 1408 1726 vel
1470 1661 1640 1726 malo
1697 1661 1902 1728 coacti
1960 1660 2246 1727 officium

308 1754 660 1828 praestant.
752 1745 1049 1810 Minatur
1114 1744 1373 1829 quidem
1432 1748 1631 1812 etiam
1678 1745 1857 1812 Deus
1914 1746 2247 1812 interdum

305 1833 515 1898 servis
582 1831 755 1909 suis,
824 1841 897 1896 ut
963 1852 1186 1896 eorum
1255 1832 1587 1916 pigritiem
1654 1831 2064 1898 exstimulet:
2132 1833 2248 1898 sed

307 1919 651 2002 praecipue
705 1936 862 2000 erga
921 1937 1263 2001 perversos
1318 1928 1383 1983 et
1439 1917 1889 2002 immorigeros
1955 1919 2248 2003 asperior

306 2013 414 2069 est.
506 2001 719 2070 Sicuti
755 2003 823 2067 in
863 2002 1131 2069 Psalmo
1185 2003 1285 2082 18,
1336 2004 1422 2070 26
1462 2003 1703 2071 dicitur
1744 2026 1895 2071 cum
1938 2003 2248 2072 humanis

310 2088 636 2155 humanus
681 2110 839 2169 esse,
883 2099 951 2153 et
995 2090 1399 2172 praefractus
1443 2110 1591 2155 cum
1626 2090 1992 2174 praefactis.
2061 2091 2247 2158 Haec

310 2174 467 2241 ratio
514 2189 616 2240 est
659 2197 775 2241 cur
818 2177 1164 2259 imperium
1211 2177 1409 2241 minis
1444 2178 1715 2254 sanciat,
1762 2175 1918 2242 dum
1957 2175 2246 2243 Pharao-

309 2283 449 2327 nem
490 2259 863 2343 alloquitur.
929 2261 1140 2326 Porro
1175 2262 1243 2327 in
1283 2261 1404 2328 hoc
1440 2260 1721 2327 secundo
1764 2262 2021 2347 flagello
2061 2264 2249 2330 mbis

308 2347 427 2413 duo
462 2356 627 2414 sunt
660 2345 1146 2425 consideranda,
1172 2369 1325 2412 nam
1350 2348 1630 2431 primum
1654 2350 2018 2432 Aegyptios
2054 2361 2251 2415 antea

308 2434 486 2517 quasi
547 2434 840 2517 precario
897 2434 1095 2498 vitam
1158 2433 1425 2500 duxisse
1481 2432 1766 2499 ostendit
1823 2435 2037 2516 Deus,
2095 2437 2250 2519 quia

307 2519 619 2605 singulari
681 2520 989 2585 beneficio
1047 2528 1426 2602 protexerat
1478 2520 1559 2585 ab
1604 2521 1871 2586 incursu
1917 2540 2244 2588 ranarum.

308 2603 566 2672 Scimus
610 2608 1023 2691 Aegyptum,
1084 2604 1167 2670 ob
1220 2607 1464 2671 multas
1517 2604 1820 2688 paludes,
1878 2616 1946 2672 et
1989 2606 2246 2673 lentum

306 2710 377 2756 ac
418 2712 625 2775 prope
668 2702 1079 2775 stagnantem
1128 2690 1389 2769 Nilum,
1443 2688 1667 2757 multis
1711 2692 1892 2758 ranis
1936 2701 2004 2758 et
2049 2715 2247 2759 vene·

306 2779 473 2843 natis
543 2777 770 2843 bestiis
834 2777 1034 2843 fuisse
1100 2778 1440 2842 refertam:
1508 2796 1686 2842 nuno
1760 2799 1963 2861 quum
2029 2779 2246 2845 subito

306 2870 659 2946 erumpunt
722 2862 1025 2947 ingentes
1104 2871 1394 2942 turmae,
1454 2883 1760 2947 agrorum
1834 2865 2246 2947 superficiem

302 2948 655 3034 obtegunt,
721 2956 1063 3032 penetrant
1120 2949 1314 3014 etiam
1372 2949 1440 3014 in
1509 2949 1733 3015 domos
1798 2963 1866 3015 et
1929 2950 2244 3031 cubicula,

302 3033 582 3119 denique
646 3035 716 3100 in
779 3035 1029 3120 regium
1105 3036 1420 3119 palatium
1500 3034 1976 3102 conscendunt:
2056 3036 2246 3105 facile

300 3132 577 3205 apparet
617 3122 816 3188 fuisse
860 3131 1012 3187 ante
1057 3122 1380 3188 cohibitas
1423 3123 1562 3187 sola
1606 3123 1727 3187 Dei
1776 3144 1995 3201 manu,
2048 3133 2246 3208 atque

299 3208 390 3274 ita
424 3209 644 3273 Deum
681 3205 1135 3274 Hebraeorum
1179 3209 1381 3274 fuisse
1427 3207 1616 3292 regni
1658 3208 1837 3276 illius
1879 3210 2245 3293 praesidem

298 3300 366 3358 et
405 3293 767 3360 custodem.
860 3292 1162 3361 Secundo
1209 3294 1418 3360 voluit
1462 3295 1645 3360 Deus
1689 3316 1819 3360 non
1859 3295 2245 3380 simpliciter

416 3401 576 3444 nam
632 3381 930 3464 infligere
977 3380 1355 3465 Aegyptiis,
1421 3379 1535 3447 sed
1592 3380 1994 3464 ignominiae
2047 3402 2247 3449 causa

323 3465 582 3531 udibrio
625 3487 970 3549 exponere.
1060 3466 1199 3532 Nec
1244 3465 1515 3532 dubium
1561 3476 1665 3532 est
1719 3467 1876 3549 quin
1920 3466 2042 3535 hac
2087 3488 2242 3535 con—

300 3553 570 3617 tumelia
604 3550 797 3617 valde
833 3552 1259 3620 exacerbatus
1299 3552 1498 3618 fuerit
1532 3572 1760 3617 eorum
1795 3551 1991 3634 dolor,
2039 3574 2241 3637 quum

299 3636 603 3704 viderent
636 3660 706 3704 se
743 3660 868 3703 non
908 3639 990 3703 ab
1026 3638 1243 3720 aliquo
1289 3639 1535 3704 victore
1570 3639 1862 3705 exercitu
1901 3649 2034 3704 tam
2074 3641 2243 3706 male

298 3724 638 3799 mulctari,
683 3723 798 3790 sed
843 3745 883 3792 a
924 3724 1205 3807 putridis
1258 3723 1690 3790 animalculis.
1779 3724 1931 3791 Huc
1972 3728 2245 3793 accessit

299 3809 469 3959 gauod
521 3830 557 3874 e
600 3809 751 3875 Nilo
796 3810 904 3892 qui
951 3819 1046 3875 tot
1088 3810 1659 3876 commoditatibus
1702 3810 2032 3894 regionem
2080 3812 2247 3880 dita·

381 3906 438 3974 t,
504 3905 737 3961 exorta
793 3896 916 3960 fuit
973 3895 1087 3961 illa
1143 3896 1483 3980 pernicies.
1574 3896 1707 3962 Nos
1768 3917 1924 3962 vero
1981 3919 2062 3963 ex
2120 3900 2244 3967 hac

301 3979 577 4047 historia
621 3981 980 4059 discamus,
1039 3984 1218 4048 vitae
1272 3992 1533 4048 nostrae
1599 3982 1841 4048 multas
1895 4004 2036 4050 esse
2097 4006 2245 4069 per·

300 4067 544 4132 mixtas
591 4077 861 4134 mortes:
915 4090 1033 4133 nec
1079 4069 1269 4134 aliter
1311 4088 1454 4134 eam
1502 4067 1690 4136 nobis
1736 4070 2070 4154 prorogari
2115 4071 2244 4138 nisi

300 4164 621 4235 quatenus
666 4174 871 4219 noxas
915 4156 1267 4238 compescit
1311 4155 1523 4232 Deus,
1580 4176 1746 4237 quae
1792 4177 1909 4221 nos
1955 4155 2244 4240 undique

300 4238 631 4305 obsident:
692 4238 924 4306 deinde
982 4249 1053 4304 ut
1112 4241 1329 4325 palam
1386 4261 1518 4306 non
1583 4241 1893 4306 fulminet
1951 4262 1987 4307 e
2042 4242 2240 4321 coeIO,

300 4325 399 4389 vel
436 4325 707 4410 angelos
742 4325 813 4390 in
836 4324 1099 4393 caedem
1136 4325 1473 4392 hominum
1511 4336 1749 4392 armet:
1787 4327 1982 4393 simul
2020 4339 2241 4394 tamen

244 4486 257 4496 ,
300 4419 495 4494 atque
562 4413 905 4490 annuerit,
973 4421 1307 4478 creaturas
1364 4434 1591 4478 omnes
1656 4423 1911 4496 praesto
1965 4414 2104 4480 fore
2157 4414 2240 4481 ad

299 4497 664 4563 exercenda
709 4497 852 4562 eius
896 4497 1168 4564 iudicia:
1225 4498 1503 4583 ideoque
1556 4498 1696 4564 eius
1743 4499 2132 4566 clementiae
2174 4509 2242 4567 et

298 4581 681 4648 tolerantiae
725 4604 867 4648 esse
911 4583 1333 4650 tribuendum
1378 4584 1552 4669 quod
1599 4607 1730 4651 non
1781 4585 2059 4670 singulis
2102 4609 2240 4653 mo-

300 4669 540 4733 mentis
596 4682 873 4752 pereunt
914 4669 1117 4754 impii.
1210 4670 1477 4737 Adhaec
1520 4671 1576 4738 si
1622 4670 1881 4755 quando
1925 4672 2240 4754 probrum

294 4760 363 4818 et
406 4753 686 4821 dedecus
732 4755 918 4820 nobis
962 4758 1198 4835 inurat,
1244 4758 1529 4823 sciamus
1573 4757 1697 4824 hoc
1740 4758 2034 4824 consulto
2078 4760 2239 4838 fieri,

298 4852 371 4903 ut
412 4840 627 4923 pudor
670 4842 807 4923 ipse
850 4862 927 4906 su
977 4843 1221 4909 erbiam
1269 4854 1560 4909 nostram
1606 4852 1994 4927 prosternat.

468 4925 532 4992 5.
590 4925 680 4992 Et
743 4928 837 4992 ait
934 4927 1123 4995 ehova
1186 4929 1272 4995 ad
1322 4928 1565 4995 Mosen.-
1621 4929 1750 4995 Die
1811 4931 1898 4995 ad
1952 4930 2237 4997 Ahar-ou.

300 5010 595 5077 Dubium
674 5022 773 5078 est
849 5015 1244 5080 continuone
1320 5025 1548 5081 tenore
1626 5017 1744 5083 hoc
1812 5015 1986 5082 Mosi
2057 5017 2238 5084 Deus

295 5099 677 5180 praceperit‚
701 5119 785 5163 an
810 5100 1296 5184 exspectaverit
1317 5101 1471 5166 dum
1487 5101 1749 5167 Pharao
1771 5103 2243 5190 pontumaciter

295 5183 643 5266 imperium
687 5195 1046 5269 sperneret.
1136 5187 1512 5252 Verisimile
1567 5186 1830 5269 quidem
1876 5201 2003 5267 est,
2061 5198 2235 5272 post-

292 5289 495 5416 quam
542 5272 754 5335 minas
798 5291 918 5354 pro
964 5270 1168 5337 nihilo
1213 5272 1494 5339 duxerat
1535 5273 1815 5355 Pharao,
1857 5272 2232 5340 mandatam

326 5355 500 5421 uisse
578 5377 823 5438 poenae
899 5359 1453 5441 exsequutionem.
1541 5359 1807 5426 Interea
1872 5360 2234 5426 tenendum

402 5466 409 5474 ·
491 5454 717 5513 cavam·
744 5473 934 5529 opera.
981 5458 1099 5516 ναι
1135 5459 1367 5517 mv.

4224 442 4318 511 98

2358 630 2526 714 quod
2571 632 2753 715 prius
2798 630 2954 709 dixi,
3009 652 3137 715 quo
3180 629 3621 713 contemptius
3666 640 3981 697 tractetur
4022 631 4328 712 Pharao„

2359 718 2594 784 Mosen
2638 740 2722 783 ne
2766 716 3041 801 digitum
3088 717 3350 800 quidem
3386 736 3666 797 movere,
3712 715 3824 782 sed
3870 738 3988 799 pro
4028 717 4322 801 imperio-

2357 813 2580 887 partes
2639 802 2877 888 agendi
2943 803 3299 868 transferre
3362 804 3429 866 in
3490 802 3847 868 secundum
3906 804 4326 871 ministrum..

2356 890 2643 955 Perinde
2666 890 2840 955 enim
2863 889 2983 956 hoc
3007 888 3132 953 fuit
3155 909 3231 953 ac
3267 889 3319 953 si
3357 888 3494 953 solo
3530 889 3689 953 flatu
3727 898 3924 954 totam
3965 891 4329 975 regionem„

2356 975 2539 1040 illam
2584 974 2907 1041 obrueret.
2998 972 3393 1057 Quanquam
3446 983 3667 1038 autem
3718 976 3838 1041 hoc
3881 975 4073 1041 modo
4116 977 4320 1043 Deus-

2358 1061 2718 1127 violentum
2764 1070 3119 1139 tyrannum
3155 1081 3304 1125 cum
3341 1060 3601 1142 turgido
3644 1081 3761 1125 suo
3805 1062 3980 1126 fastu
4027 1060 4303 1146 pedibus

2352 1147 2613 1212 illorum
2660 1145 3042 1212 calcandum
3086 1146 3376 1225 subiecit,
3423 1166 3554 1210 non
3599 1155 3815 1210 tamen
3861 1145 4007 1213 ideo
4051 1148 4305 1232 quievit

2353 1254 2695 1317 magorum
2763 1231 3165 1315 improbitas.
3277 1231 3381 1297 Ita
3460 1251 3688 1297 servos
3769 1231 3895 1297 Dei
3974 1234 4301 1301 continuis

2351 1318 2819 1386 certaminibus
2864 1317 3220 1383 identidem
3264 1318 3555 1384 exerceri
3598 1319 3903 1401 oportuit.

2525 1492 2584 1556 8.
2650 1490 2825 1555 Tunc
2876 1490 3112 1554 vocavit
3171 1487 3429 1554 Pharao
3485 1487 3706 1553 Mosen
3760 1494 3818 1554 et
3876 1489 4139 1556 Aharou
4152 1541 4168 1571 ,
4228 1511 4304 1558 ae

2350 1576 2544 1641 dixit.-
2603 1575 2969 1642 Preeamini
3012 1574 3306 1641 Iehovam
3359 1579 3428 1640 ut
3491 1574 3747 1656 auferat
3786 1595 3984 1641 ranas
4023 1596 4067 1642 a
4108 1597 4206 1642 me
4248 1583 4310 1643 et

2350 1662 2661 1742 apopulo
2703 1682 2871 1728 meo.-
2932 1665 2987 1725 et
3049 1661 3365 1727 dimittam
3417 1659 3758 1743 populum,
3824 1666 3892 1726 ut
3953 1663 4299 1744 sacrificent

2353 1747 2632 1814 Iehovae.
2697 1749 2758 1814 9.
2806 1746 2894 1812 Et
2925 1747 3090 1811 dixit
3129 1744 3336 1812 Moses
3374 1746 3735 1812 Pharaoni.-
3783 1746 4078 1813 Gloriare
4109 1768 4302 1832 super

2350 1853 2448 1898 me
2502 1835 2747 1915 quando
2802 1834 2987 1899 orabo
3037 1853 3160 1912 pro
3217 1838 3299 1912 te,
3358 1838 3416 1898 et
3460 1851 3583 1915 pro
3638 1833 3837 1898 servis
3891 1833 4019 1898 tuis
4075 1839 4132 1897 et
4173 1854 4297 1917 pro

2338 1920 2577 2001 populo
2596 1925 2715 1998 tuo,
2740 1924 2810 1985 ut
2831 1919 3279 1985 exscindantur
3299 1939 3498 1984 ranae
3518 1940 3562 1983 a
3583 1923 3655 1999 te,
3691 1923 3747 1984 et
3767 1940 3808 1983 a
3843 1918 4126 1985 domibus
4144 1922 4302 1987 tuis:

2349 2010 2589 2069 tantum
2644 2008 2716 2071 in
2765 2005 3025 2086 flumine
3076 2005 3366 2072 residuae
3420 2006 3566 2070 sint.
3661 2004 3759 2070 10.
3805 2004 3894 2070 Et
3945 2007 4068 2070 ait:
4120 2004 4301 2072 Cras.

2357 2090 2534 2156 Tune
2575 2091 2682 2157 ille
2728 2092 2923 2157 dixit:
2972 2090 3324 2156 Seeundum
3365 2111 3703 2157 sermonem
3744 2096 3953 2169 tuum,
4021 2096 4091 2156 ut
4133 2093 4304 2159 scias

2349 2176 2514 2258 quod
2556 2177 2769 2241 nullus
2810 2178 2898 2242 sit
2947 2176 3109 2242 sieut
3153 2175 3381 2241 Iehova
3423 2176 3603 2243 Deus
3658 2181 3878 2241 noster.
3967 2176 4066 2242 11.
4117 2177 4303 2244 Rece-

2349 2263 2495 2328 dent
2534 2264 2731 2346 iyitur
2772 2282 2970 2329 ranae
3005 2262 3116 2327 abs
3157 2266 3214 2327 te
3248 2267 3306 2327 et
3340 2284 3383 2326 a
3423 2262 3713 2327 domibus
3746 2263 3891 2343 tuis,
3938 2268 3994 2328 et
4025 2284 4069 2328 a
4101 2264 4306 2330 servis

2350 2349 2497 2424 tuis,
2534 2354 2590 2413 et
2622 2370 2665 2414 a
2688 2347 2924 2430 populo
2956 2353 3087 2414 tuo.-
3124 2353 3366 2413 tautum
3398 2348 3466 2413 in
3494 2348 3755 2428 flumine
3782 2349 4074 2414 residuae
4098 2355 4296 2416 eruut.

2354 2435 2455 2500 12.
2508 2435 2680 2500 Tum
2721 2455 3007 2519 eyressus
3053 2439 3141 2499 est
3186 2433 3396 2500 Moses
3448 2439 3504 2498 et
3544 2433 3812 2499 Aharon
3854 2455 3898 2498 a
3944 2433 4297 2502 Pharaone.

2352 2520 2441 2586 Et
2480 2522 2773 2588 clamavit
2807 2520 3019 2587 Moses
3061 2519 3148 2585 ad
3182 2519 3476 2586 Iehovam
3509 2540 3710 2603 super
3741 2538 3936 2584 causa
3973 2541 4302 2602 ranarum,

2349 2628 2514 2689 quas
2556 2608 2904 2673 immiserat
2942 2605 3287 2672 Pharaoni.
3360 2606 3459 2672 13.
3502 2604 3593 2670 Et
3630 2606 3776 2687 feeit
3811 2605 4041 2672 Iehova
4080 2627 4299 2673 seeun-

2350 2694 2502 2758 dum
2542 2713 2885 2759 sermionem
2919 2691 3142 2757 Mosis.
3205 2691 3432 2773 Itaque
3471 2697 3752 2758 mortuae
3792 2698 3938 2758 sunt
3978 2712 4174 2758 ranae
4217 2713 4297 2758 ex

2349 2777 2650 2858 domibus,
2693 2799 2771 2843 ex
2812 2778 3134 2855 atriis-„et
3175 2797 3254 2841 ex
3299 2780 3490 2862 aqm's.
3582 2777 3681 2844 14.
3729 2777 3819 2843 Et
3858 2783 4304 2844 coacervarunt

2350 2884 2459 2930 eas
2537 2864 2896 2929 turmoetim:
2971 2869 3027 2928 et
3103 2864 3481 2948 computruit
3556 2868 3747 2930 terra.
3863 2862 3961 2930 15.
4062 2864 4299 2931 Videas

2351 2954 2555 3015 autem
2601 2949 2862 3016 Pharao
2925 2949 3088 3031 quod
3149 2955 3309 3015 esset
3366 2950 3674 3015 relaxatio
3688 3000 3706 3030 ,
3773 2950 4141 3034 ayyravavit
4194 2971 4300 3018 cor

2347 3056 2567 3103 suum:
2609 3055 2805 3120 neque
2848 3035 3094 3102 audivit
3134 3055 3260 3114 eos,
3306 3035 3495 3103 sicuti
3535 3035 3826 3120 loquutus
3869 3040 4002 3103 erat
4047 3036 4297 3107 lehova.

2522 3208 2583 3274 8.
2625 3209 2800 3276 Tune
2834 3208 3073 3275 vocavit
3099 3207 3355 3273 Pharao
3371 3207 3613 3273 Mosen.
3664 3208 4011 3274 Mitescere
4033 3207 4300 3274 tandem

2350 3293 2613 3360 videtur
2645 3294 2924 3375 Pherae,
2968 3302 3036 3360 et
3075 3293 3320 3377 aliquid
3365 3315 3450 3359 ex
3495 3293 3895 3361 truculentia
3938 3314 4058 3360 sua
4100 3294 4301 3379 depo·

2349 3399 2540 3446 nere:
2617 3381 2734 3446 sed
2800 3401 2931 3445 non
2997 3380 3197 3446 fuisse
3264 3401 3418 3445 vere
3485 3379 4037 3459 mansuefactum,
4104 3381 4299 3464 paulo

2351 3475 2501 3550 post
2542 3467 2833 3551 liquebit.
2924 3465 3106 3531 Fieri
3163 3465 3426 3551 quidem
3487 3476 3704 3550 potest
3741 3478 3816 3531 ut
3861 3475 4112 3531 terrore
4155 3488 4297 3532 cor·

2349 3561 2575 3637 reptus
2619 3553 2790 3620 serio
2835 3552 3205 3637 confugerit
3262 3552 3342 3616 ad
3402 3552 3750 3634 petendam
3804 3552 4092 3618 veniam:
4153 3552 4299 3620 Deo

2348 3647 2571 3704 tamen
2617 3660 2691 3705 ac
2737 3639 2863 3706 sibi
2909 3639 3107 3704 fuisse
3152 3638 3498 3703 mentitum
3545 3659 3624 3703 ex
3679 3638 3952 3703 levitate
3995 3639 4137 3722 ipsa
4180 3660 4297 3724 ap·

2348 3736 2566 3808 paret:
2612 3726 2766 3810 quia
2809 3724 3082 3791 simulac
3125 3744 3432 3791 concessa
3475 3723 3601 3788 fuit
3644 3723 3999 3801 relaxati0,
4068 3724 4149 3789 ad
4194 3725 4299 3790 in-

2347 3812 2612 3896 genium
2660 3811 2871 3890 rediit,
2919 3811 3051 3876 imo
3097 3832 3167 3876 re
3200 3811 3344 3893 ipsa
3387 3809 3694 3893 patefecit
3731 3825 4095 3894 repressam
4133 3811 4300 3876 dun-

2348 3907 2534 3962 taxat
2579 3907 2760 3963 metu
2817 3897 3018 3963 fuisse
3076 3895 3430 3972 malitiam,
3491 3916 3657 3978 quae
3711 3916 3781 3961 se
3841 3916 3992 3961 mox
4051 3897 4302 3974 iterum,

2347 3983 2598 4049 effudit.
2688 3982 2801 4050 Sic
2845 3982 3244 4068 hypocritae,
3287 4003 3488 4064 quum
3534 3993 3855 4065 urgentur
3903 3981 4028 4048 Dei
4074 4002 4295 4063 manu,

2349 4069 2455 4134 vel
2500 4078 2953 4154 expavescunt
2995 4068 3077 4133 ad
3122 4070 3265 4134 eius
3310 4067 3610 4149 flagella,
3653 4066 3889 4132 blande
3934 4081 4000 4132 et
4043 4067 4295 4151 suppli·

2345 4157 2511 4220 citer
2588 4154 3100 4221 misericordiam
3180 4156 3322 4219 eius
3402 4153 3788 4238 implorant:
3871 4173 4100 4217 verum
4183 4153 4294 4219 ubi

2346 4241 2677 4325 paulisper
2748 4242 2996 4306 malum
3069 4241 3348 4319 remisit,
3422 4241 3653 4304 breves
3709 4237 4037 4316 induciae,
4106 4240 4293 4323 quasi

2344 4335 2679 4393 aeternam
2727 4347 2951 4410 pacem
3003 4325 3221 4409 adepti
3266 4336 3519 4402 essent,
3565 4324 3694 4390 illis
3739 4323 3977 4388 inflant
4019 4326 4293 4392 animos.

2343 4413 2490 4479 Hoc
2533 4411 2795 4479 Iudaeis
2855 4433 3109 4495 quoquo
3159 4410 3469 4478 accidisse
3513 4411 3931 4493 conqueritur
3973 4410 4296 4495 propheta

2344 4500 2412 4563 in
2480 4499 2746 4565 Psalmo
2811 4497 2941 4586 (78,
3008 4497 3137 4585 34).
3228 4496 3451 4579 Quum
3526 4495 3850 4580 affligeret
3914 4518 4023 4562 eos
4089 4497 4292 4578 Deus,

2344 4586 2745 4668 quaerebant
2787 4604 2969 4651 eum:
3016 4584 3261 4649 reversi
3308 4592 3463 4648 sunt
3506 4592 3575 4647 et
3616 4603 3812 4647 mane
3849 4584 4291 4666 properabant

2344 4671 2426 4736 ad
2497 4671 2733 4737 Deum.
2845 4672 2936 4736 Et
2998 4670 3316 4735 recordati
3384 4679 3541 4733 sunt
3605 4668 3774 4750 quod
3844 4669 4028 4734 Deus
4094 4691 4291 4753 rupes

2343 4779 2595 4837 eorum,
2666 4766 2733 4823 et
2791 4757 2970 4823 Deus
3040 4755 3340 4822 excelsus
3403 4754 3779 4838 redemptor
3845 4774 4091 4821 corum.
4199 4757 4292 4822 Et

2344 4843 2621 4909 blanditi
2665 4854 2819 4909 sunt
2874 4863 2985 4907 ore
3029 4861 3178 4920 suo,
3239 4850 3304 4906 et
3362 4839 3587 4925 lingua
3645 4863 3764 4906 sua
3820 4842 4078 4907 mentiti
4135 4852 4290 4908 sunt

2342 4930 2437 4995 ei:
2501 4951 2611 4996 cor
2665 4940 2883 4995 autem
2943 4948 3171 4993 eorum
3230 4948 3359 4992 non
3416 4927 3541 4992 fuit
3599 4936 3851 4993 rectum
3913 4949 4133 4993 eoram
4191 4949 4288 5006 eo,

2340 5037 2461 5081 nec
2505 5016 2676 5080 firmi
2721 5013 2992 5079 fuerunt
3035 5015 3105 5078 in
3164 5013 3420 5080 foedere
3478 5015 3639 5078 eius.
3731 5013 4029 5096 Denique
4079 5013 4287 5097 hypo-

2338 5102 2521 5167 critis
2565 5100 2867 5166 omnibus
2911 5101 3017 5166 hic
3062 5099 3326 5165 morbus
3371 5099 3735 5165 communis
3782 5112 3916 5178 est,
3984 5108 4055 5163 ut
4098 5118 4316 5164 suam.

2338 5189 2735 5269 proterviam
2779 5184 2900 5252 sibi
2945 5186 3277 5252 exitialem
3322 5185 3595 5268 experti,
3637 5186 3789 5268 quia
3810 5184 3936 5250 Dei
3972 5183 4306 5251 iudicium.

2336 5273 2625 5356 effugere
2670 5281 3022 5356 nequeunt,
3065 5271 3519 5355 impetrandae
3566 5273 3795 5336 veniae
3830 5290 4024 5335 causa
4059 5270 4300 5351 poeni·

2339 5360 2609 5424 tentiam
2655 5358 2994 5427 simulent:
3041 5358 3154 5426 sed
3201 5356 3310 5423 ubi
3354 5379 3426 5424 se
3470 5366 3709 5441 putant
3748 5355 4024 5438 elapsos,
4075 5358 4298 5439 prosi-
