4867 6150
365 477 499 544 681

371 675 765 752 appetamus
820 688 903 733 ex
949 666 1228 734 aliorum
1288 665 1645 751 dispendio.
1735 666 1928 749 Quod
1986 675 2205 734 autem
2251 667 2335 735 ad

373 755 483 819 ius
518 754 773 820 forense
810 761 1094 837 spectat,
1139 752 1309 819 nihil
1354 752 1595 819 mirum
1643 753 1699 819 si
1741 753 1980 837 populo
2026 775 2143 821 suo
2187 773 2334 838 per·

375 838 634 906 miserit
655 839 841 905 Deus
875 839 1105 906 foenus
1141 838 1224 905 ab
1260 840 1595 905 extraneis
1631 840 1927 925 exigeret
1972 841 2125 923 quia
2171 841 2333 906 alio-

376 926 490 1009 qui
549 937 814 992 servata
879 947 1015 991 non
1082 925 1315 991 fuisset
1370 935 1604 990 mutua
1644 926 2125 1011 aequabilitas,
2185 926 2333 993 sine

376 1032 506 1095 qua
561 1012 838 1077 alteram
897 1017 1157 1095 partem
1204 1011 1469 1096 gravari
1527 1033 1795 1078 necesse
1839 1022 1959 1078 est.
2050 1012 2330 1078 Mandat

374 1097 514 1163 suis
559 1098 741 1163 Deus
785 1119 872 1162 ne
915 1098 1354 1175 foenerentur,
1401 1118 1477 1163 ac
1519 1097 1796 1181 proinde
1839 1099 2015 1164 solos
2044 1097 2324 1165 Iudaeos

368 1182 501 1249 hac
544 1183 722 1268 lege,
787 1203 918 1248 non
965 1192 1226 1249 exteras
1270 1191 1519 1269 gentes,
1565 1182 1936 1268 obstringit.
2026 1185 2208 1269 Ergo
2254 1193 2328 1251 ut

367 1270 596 1354 vigeat
658 1269 827 1335 ratio
870 1269 1207 1354 analogica
1225 1319 1241 1347 ,
1298 1268 1471 1334 idem
1524 1268 1848 1336 libertatis
1904 1270 2145 1355 populo
2205 1291 2323 1337 suo

366 1354 671 1422 concedit
728 1353 898 1438 quod
957 1364 1191 1439 gentes
1247 1354 1373 1421 sibi
1433 1363 1818 1439 sumpturae
1875 1365 2102 1423 erant:
2168 1358 2325 1439 quia

368 1440 533 1508 haec
570 1442 839 1507 demum
873 1439 1235 1506 tolerabilis
1280 1452 1383 1507 est
1421 1441 1857 1521 mediocritas,
1903 1442 2015 1508 ubi
2060 1464 2178 1527 par
2221 1450 2324 1509 est

367 1534 564 1611 atque
597 1527 886 1610 aequalis
920 1528 1265 1611 utriusque
1299 1527 1509 1610 partis
1542 1526 1849 1594 conditio.
1924 1529 2095 1594 Nam
2128 1529 2320 1594 Plato

365 1612 477 1678 ubi
519 1612 961 1678 foeneratores
1006 1615 1073 1678 in
1121 1613 1456 1696 republica
1501 1612 1667 1679 bene
1705 1617 2064 1701 composita
2105 1615 2321 1680 feren-

366 1697 483 1764 dos
532 1719 675 1764 esse
744 1708 959 1783 negat,
1016 1698 1275 1782 longius
1334 1719 1469 1764 non
1520 1700 1942 1785 progreditur
2004 1721 2197 1784 quam
2244 1710 2319 1765 ut

364 1785 544 1850 cives
587 1784 668 1850 ab
713 1784 829 1850 illo
874 1786 1051 1868 turpi
1096 1794 1164 1850 et-
1205 1783 1555 1852 inhonesto
1599 1787 1986 1852 commercio
2029 1787 2205 1852 inter
2247 1806 2317 1851 se

367 1870 755 1937 abstineant.
847 1868 1208 1951 Quaeritur
1282 1891 1458 1936 nunc
1530 1893 1613 1937 an
1687 1872 2012 1937 foenerari
2074 1893 2191 1957 per
2247 1893 2319 1937 se

363 1954 616 2022 malum
660 1957 765 2022 sit.
850 1956 941 2020 Et
998 1966 1176 2022 certe
1237 1958 1508 2022 minime
1552 1956 1820 2024 videtur
1863 1957 2114 2024 licitum
2162 1957 2315 2024 filiis

365 2042 495 2108 Dei
555 2041 728 2125 quod
788 2041 1048 2125 profani
1114 2063 1374 2126 quoque
1434 2043 1736 2110 homines
1782 2042 2091 2111 detestati
2135 2054 2311 2109 sunt.

367 2125 629 2195 Scimus
683 2127 923 2212 ubique
981 2139 1048 2194 et
1087 2149 1347 2213 semper
1389 2149 1660 2195 exosum
1707 2137 1776 2196 et
1817 2130 2064 2196 infame
2107 2128 2315 2196 fuisse

360 2214 846 2280 foeneratorum
928 2234 1188 2281 nomen.
1300 2214 1533 2298 Itaque
1598 2215 1764 2281 Cato
1841 2215 2309 2301 agriculturam

361 2298 632 2365 laudare
693 2300 954 2379 volens,
999 2302 1174 2367 fures
1219 2300 1377 2365 dicit
1418 2322 1458 2366 a
1502 2301 1838 2368 veteribus
1883 2302 2069 2385 dupli
2111 2302 2314 2367 fuisse

361 2384 859 2464 condemnatos,
906 2387 1344 2453 foeneratores
1390 2386 1774 2471 quadrupli:
1823 2388 1999 2453 unde
2045 2388 2312 2473 colligit,

360 2470 485 2537 hos
527 2471 661 2537 illis
706 2470 1062 2538 deteriores
1107 2472 1311 2538 fuisse
1355 2472 1632 2539 habitos.
1723 2475 1817 2540 Et
1865 2475 2313 2558 interrogatus

360 2557 517 2643 quid
565 2557 664 2625 de.
689 2558 1064 2625 foenoribus
1108 2561 1414 2642 sentiret,
1460 2559 1829 2642 respondit:
1877 2558 2053 2642 Quid
2098 2558 2311 2625 homi-

359 2665 516 2710 nem
560 2642 898 2710 occidere?
960 2642 1110 2725 Quo
1154 2644 1386 2712 docere
1443 2644 1668 2723 voluit,
1715 2644 1922 2712 nihilo
1968 2647 2311 2711 honestius

360 2750 504 2796 esse
548 2741 891 2813 quaestum
936 2729 1155 2796 facere
1201 2752 1290 2796 ex
1331 2731 1553 2797 usuris
1586 2752 1783 2815 quam
1831 2732 2164 2798 hominem
2209 2732 2309 2797 iu-

357 2816 607 2901 gulare.
720 2815 868 2881 Hoc
936 2816 1132 2882 unius
1200 2816 1487 2882 hominis
1554 2817 1802 2902 privati
1857 2818 1985 2883 fuit
2042 2816 2310 2897 dictum,

357 2910 699 2986 sumptum
732 2910 953 2967 tamen
999 2923 1080 2967 ex
1125 2902 1421 2968 omnium
1462 2901 1602 2968 fere
1646 2904 1944 2988 gentium
1989 2903 2198 2981 dictis,
2246 2913 2312 2969 et

355 2987 702 3055 hominum
737 2987 1087 3073 suffragiis.
1179 2988 1269 3053 Et
1313 2998 1490 3055 certe
1532 2989 1657 3056 hac
1695 2990 1775 3055 de
1818 3011 2014 3056 causa
2057 2990 2313 3055 Romae

358 3075 624 3159 saepius
673 3076 887 3140 exorti
945 3083 1103 3140 sunt
1145 3095 1388 3160 graves
1429 3076 1773 3156 tumultus,
1822 3091 1891 3143 et
1930 3076 2311 3143 exitialibus

357 3160 704 3228 discordiis
724 3162 902 3225 inter
922 3161 1176 3245 plebem
1203 3169 1271 3227 et
1291 3161 1650 3244 locupletes
1685 3171 2042 3230 certatum:
2079 3184 2307 3246 quem·

357 3246 713 3314 admodum
763 3249 902 3315 vix·
930 3248 1074 3313 fieri
1120 3255 1338 3330 potest
1390 3248 1550 3330 quin
1595 3248 2038 3315 foeneratores
2096 3250 2308 3315 instar

356 3332 747 3400 hirudinum
804 3333 1028 3418 populi
1085 3333 1477 3417 sanguinem
1521 3342 1870 3419 exsugant.
1960 3333 2038 3400 Si
2082 3346 2305 3400 tamen

358 3418 440 3484 de
483 3440 556 3485 re
598 3419 744 3503 ipsa
798 3427 978 3486 certo
1020 3419 1595 3503 pronunciandum
1650 3429 1750 3487 est
1773 3471 1791 3501 ,
1848 3442 1982 3487 non
2039 3419 2307 3487 aliunde

355 3525 553 3656 quam
611 3525 697 3570 ex
754 3505 1089 3572 communi
1147 3505 1498 3589 aequitatis
1554 3506 1784 3591 regula
1839 3507 2163 3573 sumenda
2206 3515 2309 3573 est

400 3590 669 3670 efinitio,
698 3611 775 3657 ac
808 3591 1200 3674 praesertim
1235 3612 1318 3656 ex
1365 3590 1618 3658 Christi
1662 3595 2004 3670 sententia,
2047 3615 2133 3659 ex
2178 3613 2307 3675 qua

353 3677 650 3762 pendent
692 3676 799 3742 lex
853 3685 919 3743 et
962 3677 1320 3762 prophetae
1363 3675 1586 3764 (Matt.
1637 3679 1695 3759 7,
1745 3679 1886 3766 12):
1947 3678 2141 3761 Quod
2186 3677 2305 3743 tibi

351 3764 498 3830 fieri
542 3783 677 3828 non
722 3763 846 3841 vis,
893 3762 1082 3828 alteri
1127 3785 1213 3828 ne
1256 3763 1506 3830 feceris.
1570 3762 1850 3850 Semper
1892 3767 2065 3832 enim
2114 3785 2303 3832 exco-

355 3850 570 3935 gitant
639 3848 942 3914 homines
1022 3849 1226 3915 astuti
1282 3850 1733 3933 captiunculas
1792 3851 2029 3935 quibus
2082 3850 2303 3917 Deum

351 3934 656 4002 illudant.
737 3932 851 4000 Sic
896 3955 1094 4017 quum
1140 3936 1423 4002 foenoris
1467 3957 1710 4003 nomen
1752 3958 1979 4003 omnes
2026 3937 2304 4004 detesta-

351 4030 617 4098 rentur,
672 4022 1086 4104 suppositum
1150 4022 1274 4088 fuit
1334 4020 1617 4088 alterum
1658 4023 1831 4108 quod
1876 4022 2155 4089 honesto
2199 4044 2305 4089 co-

354 4106 492 4173 lore
550 4105 770 4172 odium
817 4106 1168 4191 effugeret:
1216 4129 1488 4174 usuram
1534 4109 1710 4175 enim
1756 4119 2073 4176 vocarunt
2116 4110 2308 4194 quasi

356 4193 958 4277 compensationem
1011 4191 1268 4273 damni,
1329 4195 1561 4278 quanti
1616 4195 1934 4261 intererat
1992 4198 2307 4280 pecuniae

352 4299 514 4346 suae
570 4299 697 4343 usu
742 4298 983 4343 carere.
1072 4277 1277 4362 Atqui
1322 4279 1581 4345 nullum
1625 4290 1727 4347 est
1769 4282 2054 4348 foenoris
2098 4304 2307 4368 genus

355 4365 461 4430 cui
517 4363 885 4447 speciosum
945 4362 1124 4430 hune
1183 4365 1453 4430 tit-ulum
1513 4367 1867 4433 obtendere
1912 4390 2048 4435 non
2094 4370 2304 4436 liceat.

352 4451 528 4518 'Nam
567 4449 863 4533 quisquis
901 4459 1310 4533 praesentem
1355 4449 1555 4517 habet
1590 4453 1955 4536 pecuniam,
2003 4454 2116 4520 ubi
2161 4476 2304 4521 eam

354 4549 590 4604 mutuo
620 4534 893 4600 daturus
921 4546 1038 4615 est,
1065 4535 1294 4601 utilem
1327 4537 1450 4602 sibi
1477 4538 1610 4603 fore
1641 4538 2020 4628 causabitur
2055 4541 2113 4605 si
2150 4540 2304 4624 quid

356 4634 553 4702 emat,
588 4631 655 4686 et
675 4621 954 4705 singulis
976 4624 1325 4688 momentis
1345 4622 1646 4689 lucrandi
1680 4626 2024 4691 materiam
2063 4628 2304 4693 offerri.

355 4709 465 4776 Ita
501 4727 761 4790 semper
803 4707 932 4771 erit
974 4709 1488 4792 compensationi
1531 4710 1742 4790 locus,
1804 4713 2063 4794 quando
2111 4735 2305 4779 nemo

356 4794 643 4864 creditor
714 4794 854 4857 sine
920 4793 1161 4858 damno
1239 4796 1581 4879 pecuniam
1652 4797 1841 4861 alteri
1910 4800 2303 4866 numerabit.

356 4880 466 4947 Ita
522 4899 757 4945 nomen
811 4899 1066 4958 usurae,
1112 4901 1310 4963 quum
1358 4903 1432 4946 re
1474 4882 1618 4966 ipsa
1662 4883 2053 4949 tantundem
2091 4886 2309 4951 valeat

312 4988 437 5035 ·ac
500 4966 768 5039 foenus,
836 4965 976 5030 inte
1027 4975 1366 5033 umentum
1436 4978 1537 5034 est
1596 4970 1691 5033 rei
1756 4969 2049 5035 odiosae:
2119 4973 2304 5055 quasi

355 5073 517 5121 vero
561 5050 803 5116 talibus
846 5051 992 5117 cavi
1020 5051 1100 5115 lis
1134 5072 1206 5117 se
1249 5073 1288 5117 a
1325 5053 1448 5120 Dei
1494 5053 1737 5120 iudicio
1779 5055 2152 5140 expediant,
2196 5056 2305 5123 ubi

360 5140 503 5206 sola
535 5137 884 5220 integritas
920 5134 1000 5202 ad
1038 5136 1481 5204 defensionem
1530 5141 1720 5207 valet.
1806 5142 2057 5207 Similis
2101 5164 2306 5227 prope

361 5222 536 5309 apud
600 5221 940 5288 Israelitas
1005 5222 1484 5306 tergiversandi
1556 5226 1680 5291 fuit
1744 5230 1930 5294 ratio,
2047 5228 2305 5295 Nomen

466 5325 493 5381 2
535 5306 704 5392 quod
752 5327 792 5371 a
835 5307 1194 5374 mordendo
1241 5309 1589 5376 deductum
1632 5321 1751 5395 est,
1794 5313 1968 5379 male
2010 5316 2304 5382 sonabat.

434 5416 592 5462 uum
653 5414 810 5477 ergo
883 5414 1075 5460 nemo
1147 5397 1397 5462 censeri
1458 5396 1662 5464 vellet
1711 5401 1893 5466 canis
1947 5400 2306 5482 famelicus,

1787 476 2240 547 OOTAvUM
2300 478 2949 549 PRAEOEP'PUM.

4263 490 4395 557 682

2483 671 2551 735 ui
2615 670 2778 736 alios
2842 669 3206 737 mordendo
3249 692 3319 738 se
3364 673 3577 756 ipsum
3632 684 3960 757 pasceret,
4021 677 4389 759 quaesitum

2511 756 2563 821 it
2616 756 2840 839 probri
2901 757 3250 842 effugium:
3299 771 3508 827 wrm
3555 770 3888 839 vocarunt,
3936 762 4125 845 quasi
4171 763 4387 830 incre·

2437 852 2737 907 mentum
2759 892 2776 922 ,
2841 842 3157 928 quidquid
3215 844 3386 911 lucri
3443 854 3708 930 praeter
3772 856 4015 912 sortem
4073 846 4373 916 dabatur.

2438 928 2622 993 Deus
2666 937 2886 994 autem
2932 938 3006 994 ut
3052 929 3294 996 talibus
3337 929 3615 997 fallaciis
3650 941 3950 998 occurrat
3970 983 3988 1013 ,
4032 941 4387 1019 utrumque

2437 1035 2678 1080 nomen
2708 1015 3069 1100 coniungit,
3102 1024 3167 1081 et
3247 1015 3448 1082 ariter
3479 1016 3747 1083 damnat
3782 1029 4206 1102 augmentum
4235 1042 4387 1087 cum

2432 1101 2781 1166 mersione.
2842 1101 3013 1166 Nam
3040 1099 3150 1167 ubi
3237 1121 3274 1166 e
3314 1103 3580 1169 iniustis
3616 1103 3979 1186 praedandi
4019 1113 4086 1170 et
4122 1106 4387 1172 furandi

2431 1186 2801 1253 rationibus
2840 1188 3267 1270 conqueritur
3311 1188 3482 1272 apud
3529 1188 3943 1255 Ezechielem
3982 1188 4267 1278 (18,12),
4311 1199 4381 1258 et

2430 1283 2799 1355 utrumque,
2837 1272 3028 1338 sicuti
3064 1294 3242 1340 nunc
3276 1273 3450 1358 apud
3473 1274 3726 1355 Mosen,
3761 1276 4077 1355 nominat,
4113 1278 4387 1344 minime

2432 1356 2701 1425 dubium
2757 1368 2857 1425 est
2902 1358 3061 1442 quin
3104 1381 3313 1426 vanas
3356 1361 3810 1427 excusationes
3852 1362 4157 1429 consulto
4202 1373 4386 1430 ante-

2428 1453 2663 1511 vertat.
2734 1446 2915 1529 Ergo
2959 1466 3042 1510 ne
3079 1445 3227 1529 quis
3271 1446 3606 1530 exciperet
3649 1468 3739 1528 se,
3780 1448 4083 1532 quamvis
4126 1449 4372 1515 emolu·

2425 1542 2725 1596 mentum
2801 1552 2885 1595 ex
2950 1531 3229 1615 pecunia
3288 1534 3642 1616 acciperet,
3729 1554 3858 1599 non
3943 1532 4086 1599 ideo
4163 1546 4385 1602 tamen

2424 1617 2781 1696 foenerari,
2843 1616 3012 1683 hane
3070 1637 3296 1683 ansam
3350 1628 3610 1684 mature
3644 1615 3831 1684 Deus
3889 1619 4240 1701 abscindit,
4309 1643 4387 1688 ac

2422 1703 2824 1786 generaliter
2895 1701 3165 1769 damnat
3236 1703 3593 1786 quamlibet
3667 1705 3861 1772 sortis
3933 1707 4385 1774 accessionem.

2423 1787 2622 1854 Certe
2685 1788 2865 1855 locus
2931 1798 3206 1872 uterque
3267 1788 3442 1855 clare
3508 1790 3913 1856 demonstrat
3979 1792 4146 1858 nihil
4207 1792 4388 1859 aliud

2421 1894 2617 1957 quam
2683 1874 2928 1940 frustra
2983 1875 3217 1961 nugari
3271 1877 3382 1958 qui
3438 1874 3519 1941 ad
3565 1876 3857 1943 criminis
3901 1879 4382 1945 excusationem

2420 1981 2627 2027 novas
2669 1981 2859 2027 voces
2916 1960 3259 2028 fabricant.
3349 1960 3506 2027 Ideo
3554 1982 3694 2027 rem
3740 1964 3957 2047 potius
4001 1963 4389 2048 simpliciter

2419 2046 2857 2129 reputandam
2902 2068 3044 2113 esse
3088 2048 3434 2125 admonui,
3482 2048 3636 2132 quia
3678 2046 3823 2114 Deo
3872 2069 4133 2133 semper
4175 2050 4386 2134 iniqui

2421 2151 2654 2198 omnes
2697 2140 3010 2216 quaestus
3053 2132 3435 2217 displicent,
3481 2152 3907 2218 quoscunque
3950 2136 4197 2207 colores
4242 2145 4384 2203 ten-

2420 2226 2639 2284 temus
2705 2218 3046 2285 obducere.
3144 2218 3339 2301 Quod
3407 2220 3462 2285 si
3542 2242 3624 2285 ex
3685 2223 4012 2303 aequitate
4069 2221 4386 2289 iudicium

2419 2304 2635 2369 facere
2691 2304 3016 2382 convenit,
3061 2326 3296 2371 usuras
3346 2304 3670 2389 quaslibet
3715 2305 3960 2390 absque
4002 2308 4387 2391 exceptione

2422 2390 2770 2467 damnare,
2832 2389 3012 2457 nulla
3068 2392 3318 2474 patitur
3362 2393 3547 2457 ratio.
3637 2390 3919 2457 Debitor
3962 2395 4018 2458 si
4063 2394 4385 2479 tergiver-

2419 2475 2627 2542 sando
2670 2485 2936 2559 tempus
2981 2477 3349 2543 extraxerit
3391 2498 3541 2543 eum
3587 2477 3931 2561 dispendio
3977 2488 4043 2544 et
4086 2478 4389 2546 molestia

2417 2562 2793 2641 creditoris,
2850 2584 2936 2627 an
2987 2569 3497 2629 consentaneum
3545 2565 3674 2629 erit
3716 2586 3867 2630 eum
3913 2586 3994 2630 ex
4038 2566 4214 2631 mala
4258 2565 4389 2632 fide

2418 2656 2487 2713 et
2543 2648 2973 2743 frustratione
3033 2649 3292 2716 lucrum
3338 2648 3615 2733 capere?
3661 2650 3871 2716 Nemo
3916 2654 4090 2716 certe
4134 2651 4235 2738 (ut
4280 2673 4387 2717 ar-

2415 2733 2651 2820 bitror)
2695 2734 2964 2818 negabit
2998 2756 3233 2801 usuras
3275 2733 3579 2801 creditori
3620 2734 3967 2802 solvendas
4011 2757 4154 2803 esse
4199 2757 4386 2821 prae-

2417 2830 2521 2885 ter
2571 2830 2833 2900 sortem,
2880 2829 2953 2885 ut
2994 2829 3310 2904 pensetur
3354 2822 3497 2886 eius
3540 2822 3809 2887 iactura.
3903 2821 3978 2889 Si
4013 2823 4164 2905 quis
4207 2824 4388 2890 locu-

2416 2907 2559 2990 ples
2604 2906 2716 2991 qui
2761 2907 2889 2970 erit
2931 2906 3002 2971 in
3047 2906 3183 2973 suis
3225 2908 3535 2985 nummis,
3578 2907 3854 2972 fundum
3896 2929 4113 2974 emere
4156 2909 4386 2974 volens

2414 3002 2674 3077 partem
2730 2992 3014 3076 aliquam
3075 3012 3379 3059 summae*
3433 2992 3514 3058 ab
3569 2994 3778 3059 altero
3840 3001 4207 3074 mutuetur,
4267 2994 4385 3079 qui

2415 3080 2761 3163 pecuniam
2821 3087 3159 3159 numerat,
3214 3100 3434 3145 annon
3538 3081 3735 3146 oterit
3791 3102 3876 3145 ex
3934 3080 4123 3146 fundi
4165 3080 4384 3147 reditu

2411 3165 2701 3232 fructum
2738 3164 3023 3249 aliquem
3063 3166 3418 3249 percipere,
3505 3187 3667 3232 onec
3709 3187 3851 3232 sors
3895 3175 4386 3250 repraesentata

2412 3249 2661 3317 fuerit?
2746 3250 2965 3316 Multa
3023 3252 3162 3317 eius
3220 3252 3482 3336 generis
3545 3250 3831 3335 quotidie
3877 3251 4200 3332 accidunt,
4246 3253 4382 3335 ubi,

2412 3337 2585 3422 quod
2651 3337 2734 3402 ad
2793 3337 3191 3420 aequitatem
3252 3345 3534 3421 spectat,
3590 3360 3788 3404 usura
3834 3337 4044 3405 nihilo
4098 3339 4385 3405 deterior

2412 3425 2542 3489 erit
2599 3442 2794 3507 quam
2840 3423 3105 3508 emptio.
3195 3422 3334 3490 Nec
3380 3443 3535 3492 vero
3582 3435 3818 3509 arguta
3859 3424 3976 3490 illa
4019 3426 4185 3491 ratio
4230 3425 4383 3491 Ari-

2411 3505 2670 3575 stotelis
2713 3509 3033 3590 consistit,
3079 3509 3313 3575 foenus
3358 3531 3503 3576 esse
3542 3518 3802 3594 praeter
3846 3518 4152 3576 naturam
4172 3561 4187 3591 ,
4231 3511 4382 3594 quia

2411 3597 2689 3680 pecunia
2753 3596 2999 3662 sterilis
3065 3605 3197 3676 est,
3263 3615 3385 3661 nec
3452 3598 3794 3680 pecuniam
3862 3597 4066 3680 parit:
4134 3598 4383 3680 poterit

2411 3683 2586 3749 enim
2647 3680 2757 3747 ille
2817 3703 3010 3765 quem
3073 3681 3212 3747 dixi
3268 3683 3655 3761 frustrator,
3702 3704 3786 3748 ex
3845 3682 4061 3748 aliena
4103 3683 4382 3766 pecunia

2411 3776 2754 3853 quaestum
2814 3767 3080 3833 uberem
3138 3768 3352 3835 facere
3409 3767 3836 3853 negotiandO,
3893 3767 4082 3833 fundi
4127 3779 4387 3853 emptor

2411 3863 2617 3919 metet
2668 3873 2743 3919 ac
2788 3853 3239 3920 vindemiabit.
3328 3854 3582 3920 Verum
3625 3856 3953 3938 excipient
3999 3855 4111 3937 qui
4156 3865 4387 3921 contra

2412 3940 2742 4018 sentiunt,
2802 3939 3191 4023 simpliciter
3244 3939 3553 4006 standum
3607 3960 3751 4006 esse
3795 3940 3919 4006 Dei
3965 3940 4224 4022 iudicio,
4272 3942 4385 4024 qui

2412 4024 2810 4112 generaliter
2866 4047 3056 4092 omne
3101 4026 3331 4093 foenus
3377 4026 3614 4110 populo
3657 4047 3777 4092 suo
3820 4024 4172 4094 interdicit.
4247 4027 4380 4093 Re-

2412 4110 2730 4197 sponde0,
2787 4112 3051 4177 nonnisi
3113 4112 3194 4178 de
3294 4111 3642 4197 auperibus
3700 4112 3929 4179 haberi
3989 4127 4381 4193 sermonem,

2409 4199 2690 4280 ideoque
2750 4197 2807 4263 si
2857 4219 3006 4265 cum
3055 4195 3241 4264 diviti
3291 4220 3370 4264 us
3417 4199 3754 4283 negotium
3800 4199 3905 4277 sit,
3951 4198 4231 4265 liberum
4278 4200 4380 4265 ius

2409 4283 2796 4350 foenerandi
2850 4284 3180 4366 permitti:
3242 4286 3396 4368 quia
3454 4284 3792 4370 legislator
3836 4306 3974 4349 rem
4022 4306 4221 4351 unam
4260 4305 4378 4350 no·

2412 4368 2644 4447 tando,
2706 4370 2979 4435 alteram
3040 4369 3120 4436 de
3179 4393 3308 4454 qua
3364 4371 3665 4451 subticet,
3710 4369 3971 4438 videtur
4013 4392 4146 4436 non
4195 4370 4378 4436 datu-

2409 4478 2591 4522 nare.
2684 4454 2759 4522 Si
2814 4477 3046 4522 rursus
3102 4457 3442 4535 obiiciant,
3513 4459 3954 4522 foeneratores
4021 4477 4061 4521 a
4121 4456 4379 4524 Davide

2411 4553 2480 4608 et
2538 4542 2885 4608 Ezechiele
2938 4544 3005 4607 in
3062 4551 3277 4608 totum
3336 4541 3638 4608 damnari
3683 4540 3822 4629 (Ps.
3863 4541 3963 4620 15,
4009 4541 4071 4609 5.
4136 4542 4376 4610 Ezech.

2413 4628 2514 4709 18,
2562 4626 2689 4716 13),
2754 4629 3109 4694 sententias
3153 4628 3300 4695 illas
3366 4627 3447 4694 ad
3493 4650 3794 4694 normam
3855 4629 4143 4695 caritatis
4202 4629 4379 4713 exigi

2412 4714 2648 4780 debere
2684 4714 2999 4780 arbitror:
3035 4714 3310 4799 ideoque
3354 4736 3482 4781 non
3530 4713 3832 4780 damnari
3878 4715 4003 4782 nisi
4048 4716 4378 4799 improbas

2410 4803 2788 4866 exactiones
2813 4851 2829 4877 ,
2912 4798 3146 4883 quibus
3211 4800 3526 4881 creditor,
3593 4799 3966 4884 posthabita
4029 4799 4376 4884 aequitate,

2412 4887 2773 4952 debitorem
2834 4906 3026 4951 suum
3082 4897 3312 4952 onerat
3367 4907 3441 4953 ac
3501 4887 3756 4971 premit.
3841 4887 4064 4952 Nolim
4110 4885 4377 4969 quidem

2409 4993 2558 5037 meo
2612 4972 2977 5056 patrocinio
3021 4994 3255 5039 usuras
3296 4973 3537 5052 fovere,
3597 4984 3789 5058 atque
3834 4973 4093 5038 utinam
4137 4992 4375 5037 nomen

2409 5059 2630 5143 ipsum
2684 5057 2996 5123 abolitum
3049 5068 3222 5126 esset
3268 5080 3305 5124 e
3348 5059 3624 5124 mundo:
3670 5059 3785 5125 sed
3849 5080 3974 5124 nou
4033 5055 4237 5123 audeo
4296 5056 4377 5123 de

2410 5166 2484 5210 re
2521 5144 2744 5229 magni
2780 5145 3100 5210 momenti
3135 5145 3285 5229 plus
3311 5145 3747 5229 pronunciare
3785 5165 3979 5226 quam
4009 5143 4137 5207 Dei
4174 5144 4381 5210 verba

2411 5241 2668 5301 sonant.
2770 5231 2966 5295 Clare
3047 5241 3229 5314 patet
3287 5240 3574 5296 veterem
3652 5230 3961 5313 populum
4019 5226 4101 5293 ab
4160 5229 4377 5294 usuris

2411 5317 2615 5382 fuisse
2667 5316 3101 5399 prohibitum,
3164 5315 3276 5383 sed
3330 5316 3501 5381 hanc
3555 5315 3757 5382 fuisse
3814 5326 4067 5398 partem
4126 5313 4377 5381 ordinis

2411 5402 2662 5487 politici
2727 5403 2915 5469 fateri
2995 5423 3256 5471 necesse
3321 5413 3437 5469 est.
3527 5401 3722 5469 Unde
3786 5402 4081 5485 sequitur
4144 5422 4377 5467 usuras
