4867 6150
572 461 696 526 143

569 655 980 723 adiuraverat
1018 649 1188 731 filios
1232 647 1474 728 Israel,
1517 646 1802 713 dicendo:
1867 643 2196 712 Visitando
2237 647 2518 714 visitabit

569 760 678 807 vos
763 737 945 804 Deus
959 788 975 818 ,
1057 741 1113 801 et
1197 734 1417 800 tolletis
1501 753 1646 799 ossa
1727 751 1867 796 mea
1953 730 2100 797 hinc
2184 733 2514 799 vobiscum.

570 826 677 893 20.
737 825 962 907 Itaque
1007 821 1273 906 profecti
1327 823 1474 884 sunt
1528 839 1561 884 e
1621 816 1890 884 Suchoth
1906 866 1920 894 ,
1985 821 2042 883 et
2091 819 2519 886 castrametati

573 910 836 979 suntin
879 907 1149 985 Etham,
1209 907 1281 971 iu
1339 902 1721 971 extremitate
1777 902 2022 968 deserti.
2128 903 2232 969 21.
2294 903 2528 970 ΙεῙιουα

569 1002 780 1064 autem
815 993 1215 1078 praecedebat
1254 1010 1355 1058 eos
1396 990 1674 1056 interdiu
1713 989 1785 1054 in
1837 988 2124 1055 eolmnna
2172 990 2361 1056 uubis
2375 1040 2392 1069 ,
2446 994 2519 1055 ut

569 1083 892 1151 deduceret
933 1099 1033 1147 eos
1061 1098 1185 1161 per
1225 1078 1427 1142 viam:
1468 1081 1654 1142 noctu
1695 1094 1836 1141 vero
1878 1076 1948 1140 in
1996 1074 2284 1141 columna
2329 1077 2517 1160 ἱρηὶε,

570 1174 642 1235 ut
684 1168 905 1235 luceret
953 1166 1075 1242 eie,
1136 1170 1205 1228 ut
1258 1162 1647 1229 ambularent
1688 1160 1791 1226 die
1833 1164 1887 1225 et
1928 1165 2129 1227 noctu.
2218 1161 2322 1227 22.
2372 1161 2521 1227 Non

571 1254 826 1321 abradit
888 1251 1238 1318 cdwnuam
1300 1248 1486 1315 nubis
1549 1246 1856 1324 interdiu,
1923 1266 2116 1329 neque
2171 1247 2522 1314 columnam

571 1342 743 1426 iynis
781 1343 960 1405 noctu
1002 1358 1045 1402 a
1084 1336 1251 1420 faeie
1282 1334 1528 1418 populi.

747 1510 849 1576 17.
918 1507 1180 1575 Factum
1257 1511 1347 1571 est
1421 1509 1627 1571 autem
1702 1523 1893 1586 quum
1971 1504 2276 1569 emitteret.
2392 1502 2522 1568 Hic

573 1597 793 1664 Moses
837 1613 1102 1661 causam
1142 1593 1433 1677 assignat
1476 1611 1595 1655 cur
1630 1588 1815 1654 Deus
1860 1611 1989 1654 non
2036 1588 2330 1655 rectioris
2376 1589 2523 1653 viae

572 1681 958 1766 compendio
1039 1700 1118 1762 po
1167 1677 1349 1743 ulum
1428 1675 1649 1742 statim
1724 1672 2073 1740 adduxerit
2138 1675 2206 1740 in
2273 1687 2520 1741 terram

576 1768 931 1844 Chanaan‚
990 1785 1117 1849 quo
1207 1765 1263 1828 ei
1311 1761 1579 1847 perinde
1624 1760 1815 1827 facile
1858 1768 2026 1827 erat:
2087 1761 2201 1827 sed
2244 1781 2362 1844 per
2407 1758 2521 1825 de-

572 1863 843 1928 sertum,
879 1853 1115 1917 itinere
1153 1851 1367 1935 longo,
1407 1848 1653 1914 difficili
1676 1856 1743 1912 et
1759 1867 1989 1932 aspero
2026 1845 2519 1913 circumducere

574 1938 913 2017 maluerit,
980 1959 1063 2003 ne
1126 1936 1376 2004 scilicet
1433 1935 1579 2001 viae
1638 1933 1918 2000 facilitas
1976 1953 2204 1998 eorum
2265 1932 2520 1997 animos

574 2025 942 2092 retraheret
1006 2025 1075 2088 in
1143 2024 1564 2107 Aegyptum,
1646 2020 1698 2086 si
1775 2020 1943 2084 forte
2006 2039 2152 2086 cum
2222 2016 2520 2083 hostibus

572 2110 1000 2196 pugnandum
1062 2108 1250 2175 foret.
1361 2106 1626 2173 Scimus
1702 2116 1951 2189 quanta
2025 2104 2227 2170 fuerit
2295 2102 2519 2186 populi

571 2197 755 2263 illius
814 2197 1051 2263 inertia
1093 2205 1161 2260 et
1205 2192 1540 2272 mollities,
1606 2190 1805 2258 simul
1862 2212 1937 2257 ac
1993 2189 2319 2256 obiectum
2378 2197 2523 2254 erat

576 2283 841 2368 aliquod
899 2281 1279 2347 discrimen:
1347 2288 1592 2362 quanta
1648 2278 1914 2343 levitate
1973 2275 2251 2342 subinde
2308 2297 2347 2340 a
2392 2275 2522 2339 Dei

571 2370 845 2454 imperio
890 2366 1321 2445 desciverint,
1381 2366 1634 2447 quoties
1678 2363 1825 2447 plus
1879 2363 2096 2429 oneris
2139 2361 2517 2444 impositum

575 2464 716 2522 erat
775 2475 970 2538 quam
1025 2452 1292 2518 vellent.
1383 2449 1647 2517 Scimus
1710 2469 1906 2533 quam
1965 2467 2158 2531 saepe
2214 2468 2324 2513 eos
2368 2468 2518 2530 poe-

577 2542 852 2607 nituerit
910 2537 1081 2624 quod
1127 2538 1345 2603 Deum
1400 2535 1658 2620 sequuti
1715 2544 1938 2600 essent
1994 2533 2260 2600 ducem:
2321 2546 2518 2615 atque

575 2628 671 2692 ita
714 2648 833 2692 sua
876 2622 1353 2709 ingratitudine
1397 2621 1684 2687 oblatam
1728 2620 1855 2687 sibi
2020 2619 2180 2684 tiam
2239 2618 2518 2684 abiicere

576 2713 787 2798 parati
829 2711 1093 2777 fuerint.
1159 2708 1383 2791 Quum
1418 2729 1575 2793 ergo
1611 2706 1794 2772 nullo
1830 2727 1912 2790 po
1938 2706 2153 2771 lerent
2184 2724 2519 2769 armorum

576 2820 723 2880 usu,
765 2797 877 2865 sed
920 2817 1189 2881 prorsus
1231 2802 1534 2879 expertes
1576 2801 1795 2859 essent
1837 2790 2144 2858 militaris
2187 2790 2518 2869 scientiae,

577 2886 814 2969 quibus
860 2883 1096 2949 animis
1147 2879 1477 2966 congressi
1535 2879 1814 2946 fuissent
1870 2899 2017 2945 cum
2075 2876 2404 2958 hostibus,
2463 2877 2518 2942 si

577 2971 690 3057 qui
735 2970 958 3053 paucis
1002 2968 1232 3034 diebus
1276 2980 1422 3051 post
1477 2965 1730 3032 exitum
1781 2964 2040 3031 obviam
2080 2960 2516 3048 prodiissent?

577 3058 775 3125 Certe
854 3076 1186 3141 nunquam
1251 3074 1670 3138 congressum
1738 3073 1940 3117 unum
2015 3049 2517 3117 sustinuissent:

578 3144 739 3228 quin
804 3143 1021 3227 potius
1073 3140 1416 3226 Aegyptiis
1466 3160 1536 3205 se
1598 3138 1897 3205 addicere
1955 3137 2165 3220 parati
2221 3136 2518 3211 fuissent,

577 3229 789 3316 petita
844 3228 1230 3312 suppliciter
1296 3227 1513 3293 venia.
1621 3225 1799 3309 Ergo
1865 3246 1950 3289 ne
2015 3243 2141 3307 qua
2204 3220 2521 3287 redeundi

578 3313 903 3400 cupiditas
968 3334 1196 3379 eorum
1262 3311 1565 3379 cordibus
1630 3310 1997 3393 obreperet,
2066 3307 2276 3373 voluit
2333 3308 2519 3373 Deus

577 3422 650 3466 as
697 3402 930 3466 eritate
974 3401 1120 3465 viae
1164 3398 1453 3465 claustra
1494 3396 1625 3462 illis
1671 3416 2000 3480 opponere
2044 3403 2191 3478 post
2235 3402 2516 3478 tergum.

580 3486 644 3552 A
692 3485 771 3550 de
835 3484 1035 3570 quod,
1103 3484 1161 3550 si
1225 3505 1308 3549 ex
1375 3486 1673 3568 Aegypto
1740 3482 1986 3567 egressi
2052 3502 2207 3548 mox
2272 3479 2524 3546 incolas

578 3581 796 3638 terrae
821 3571 1139 3645 Chanaan
1175 3569 1346 3636 bello
1381 3569 1674 3653 aggressi
1697 3574 1934 3648 essent,
1957 3566 2280 3632 difficilior
2312 3566 2520 3630 insta-

577 3659 692 3725 bat
750 3657 984 3723 moles:
1035 3658 1191 3741 quia
1244 3655 1516 3721 minime
1574 3661 1940 3721 cessassent
1996 3652 2344 3737 Aegyptii,
2406 3650 2522 3717 sed

578 3742 786 3809 adiuti
832 3751 928 3808 tot
975 3742 1360 3826 populorum
1416 3739 1720 3807 subsidiis
1764 3749 1834 3805 et
1890 3739 2122 3822 copiis,
2180 3737 2401 3805 ulcisci
2451 3759 2522 3802 se

578 3837 966 3906 tentassent,
1011 3828 1344 3911 pactisque
1389 3827 1542 3892 hinc
1576 3827 1730 3891 inde
1766 3825 2152 3904 foederibus,
2189 3824 2521 3907 illaqueati

578 3915 858 3982 fuissent
900 3915 1120 3980 miseri
1163 3913 1523 3980 Israelitae.
1603 3910 1870 3996 Optime
1912 3931 2068 3995 ergo
2111 3910 2243 3976 illis
2284 3929 2519 3976 eonsu-

580 4002 698 4067 luit
728 4003 929 4081 Deus,
967 3999 1137 4084 quod
1182 4021 1299 4084 per
1343 4000 1525 4064 invia
1567 4019 1677 4064 eos
1720 3997 2007 4076 trahens,
2049 3996 2245 4081 longa
2285 3995 2522 4082 fatiga-

574 4089 754 4154 tione
797 4088 1066 4154 ianuam
1109 4084 1241 4150 illis
1286 4085 1538 4162 clausit,
1588 4106 1669 4150 ne
1707 4103 1995 4167 unquam
2033 4090 2416 4167 appeterent
2452 4083 2520 4147 in

572 4173 673 4240 Ae
719 4186 952 4259 yptum
1018 4171 1266 4238 redire:
1330 4169 1566 4236 deinde
1632 4169 1952 4254 paulatim
2015 4169 2320 4235 fiduciam
2387 4168 2519 4234 illis

573 4195 822 4324 addidit
900 4269 1251 4341 antequam
1321 4256 1404 4323 ad
1472 4277 1761 4340 pugnam
1826 4264 2097 4321 ventum
2165 4265 2366 4335 esset,
2445 4274 2520 4319 ac

574 4344 899 4410 subeundi
959 4344 1247 4410 hostium
1306 4344 1607 4425 impetus.
1699 4342 1971 4407 Poterat
2027 4340 2291 4425 quidem
2335 4342 2520 4407 Deus

576 4430 680 4497 his
711 4431 907 4496 etiam
944 4430 1243 4499 omnibus
1279 4428 1469 4494 malis
1507 4428 1697 4494 aliter
1732 4448 2092 4506 occurrere,
2130 4428 2366 4492 fateor:
2403 4426 2520 4492 sed

575 4517 729 4600 quia
752 4514 1136 4580 humanitus
1159 4536 1352 4597 saepe
1388 4535 1536 4581 cum
1574 4515 1709 4579 suis
1747 4534 1941 4598 agere
1976 4512 2161 4593 solet,
2201 4513 2518 4578 rationem

574 4602 757 4685 sequi
793 4602 996 4666 voluit
1028 4622 1194 4683 quae
1231 4601 1453 4684 populi
1491 4600 1861 4666 infirmitati
1898 4607 2069 4666 esset
2102 4598 2517 4667 commodior.

573 4687 725 4754 Hoc
788 4686 1173 4753 admirabile
1239 4687 1382 4751 eius
1447 4686 1793 4753 consilium
1868 4708 2043 4753 nunc
2107 4684 2524 4751 commendat

575 4774 822 4852 Moses,
872 4781 944 4838 ut
986 4773 1267 4838 sciamus
1294 4771 1478 4837 -nihil
1524 4772 1605 4838 ab
1648 4793 1727 4838 eo
1771 4772 2304 4857 praetermissum
2348 4772 2518 4853 quod

575 4871 751 4925 esset
815 4881 897 4923 cx
963 4858 1174 4924 salute
1239 4858 1346 4923 vel
1415 4858 1699 4923 utilitate
1764 4858 2009 4942 populi.
2111 4857 2287 4923 Nam
2344 4859 2521 4923 istud

574 4945 817 5012 Dicere
844 4942 989 5024 Dei,
1011 4945 1197 5011 cuius
1226 4944 1546 5023 meminit,
1583 4942 1665 5008 ad
1700 4943 2184 5029 providentiam
2207 4943 2520 5009 refertur:

577 5031 762 5116 quasi
820 5030 1060 5097 diceret
1119 5030 1468 5096 transitum
1528 5029 1881 5096 faciliorem
1928 5040 1994 5095 et
2037 5030 2247 5112 magis
2292 5030 2521 5095 tritum

578 5139 709 5184 non
749 5125 994 5182 temere
1029 5115 1224 5181 fuisse
1262 5116 1739 5199 posthabitum,
1776 5115 1891 5182 sed
1928 5117 2225 5183 consulto
2259 5114 2520 5182 obviam

576 5204 742 5269 itum
766 5202 969 5268 fuisse
994 5202 1358 5280 tentationi,
1384 5205 1536 5287 quia
1561 5203 1742 5267 Deus
1779 5203 1874 5269 sic
1896 5201 2204 5286 expedire
2226 5211 2521 5268 noverat.

753 5288 854 5355 18.
920 5286 1012 5354 Et
1071 5287 1362 5370 dispositi
1437 5288 1865 5372 ascenderunt.
1975 5288 2125 5355 Vox
2190 5301 2415 5357 nwnn
2485 5312 2524 5355 a

577 5375 863 5459 quinque
929 5374 1307 5441 deducitur:
1378 5375 1550 5441 unde
1616 5372 1882 5458 quidam
1946 5377 2299 5441 commenti
2364 5383 2527 5441 sunt

1706 455 2452 527 COMMENTARIUS
2499 460 2596 525 IN
2642 459 2944 527 EXODI
2987 459 3184 526 CAP.
3231 459 3429 525 XIII.

4436 455 4549 523 144

2618 649 2904 734 quinque
2949 668 3282 714 armorum
3328 645 3680 732 generibus
3741 646 3941 711 fnisse
4000 646 4382 712 instructos:
4442 645 4549 712 sed

2618 736 2814 800 nimis
2858 733 3155 800 absurde.
3225 734 3529 813 Hebraei,
3576 733 3727 816 qnia
3770 732 3932 797 nihil
3978 731 4214 797 melius
4259 730 4365 797 vel
4410 752 4549 815 pro-

2618 819 2897 887 babilius
2920 821 3294 904 excogitare
3316 829 3640 903 poterant,
3674 840 3804 884 uno
3829 819 3963 883 fere
3985 837 4307 884 consensu
4331 816 4550 883 volunt

2618 907 2898 990 intelligi
2941 915 3228 972 armatos
3275 905 3475 971 fuisse
3516 903 3639 969 sub
3683 904 3916 987 quinta
3951 917 4146 970 costa.
4215 901 4347 970 Sed
4386 902 4552 968 unde

2618 991 2939 1059 Israelitis
2961 992 3032 1057 in
3056 1002 3366 1076 promptu
3403 1000 3503 1056 tot
3535 990 3773 1054 loricae
3809 989 4171 1055 militares?
4218 989 4365 1073 Ego
4403 1009 4553 1056 vero

2619 1078 2962 1164 repudiato
3006 1087 3139 1143 tam
3186 1087 3411 1142 coacto
3455 1084 3522 1140 et
3563 1085 3814 1141 remoto
3858 1096 4084 1154 sensu,
4145 1097 4276 1141 non
4334 1073 4554 1140 dubito

2624 1164 2960 1232 numerale
3006 1185 3147 1229 esse
3185 1181 3454 1228 nomen:
3502 1183 3577 1228 ac
3622 1163 3678 1226 si
3722 1161 3996 1227 dixisset
4041 1161 4286 1235 Moses,
4332 1162 4554 1244 quinos

2623 1249 2932 1334 disposita
2974 1250 3142 1316 serie
3183 1250 3385 1314 fuisse
3438 1247 3787 1332 profectos:
3854 1248 4007 1330 qnia
4062 1248 4120 1312 si
4174 1248 4449 1330 quisque
4490 1247 4555 1311 in

2621 1337 2814 1404 turba
2848 1356 3267 1419 perrumpere
3303 1342 3642 1412 tentasset,
3678 1334 3949 1417 quisque
3984 1334 4299 1399 fratribus
4336 1333 4556 1398 fuisset

2621 1421 2973 1489 obstaculo.
3063 1420 3222 1485 Ideo
3279 1433 3537 1486 vertere
3598 1420 3844 1503 placuit
3901 1419 4269 1503 dispositos.
4369 1416 4555 1500 Quod

2625 1509 2704 1574 de
2773 1508 3002 1591 quinta
3055 1506 3481 1592 generatione
3554 1505 3896 1588 imaginati
3970 1514 4129 1571 sunt
4187 1504 4462 1582 Graeci,
4522 1525 4558 1570 a

2623 1593 2955 1678 praesenti
2999 1593 3374 1658 narratione
3429 1592 3623 1675 longe
3685 1591 3973 1656 alienum
4017 1600 4134 1656 est.
4221 1589 4307 1656 In
4364 1610 4556 1656 sensu

2624 1689 2845 1746 autem
2890 1701 3080 1763 quem
3141 1678 3361 1759 attuli,
3431 1677 3595 1742 nihil
3655 1676 4034 1751 obscurum,
4099 1676 4197 1741 vel
4257 1675 4556 1741 dubium:

2622 1767 2778 1851 quia
2821 1765 3008 1832 facile
3052 1773 3323 1848 apparet
3368 1764 3493 1830 Dei
3558 1762 3839 1847 gratiam
3901 1763 4023 1829 hac
4080 1783 4336 1846 quoque
4383 1772 4559 1845 parte

2624 1852 2972 1930 celebrari,
3049 1848 3222 1933 quod
3281 1849 3595 1933 populum
3667 1870 3858 1913 suum
3926 1847 4223 1913 ordinate
4283 1846 4557 1913 duxerit.

2625 1938 2794 2004 Nam
2834 1937 2955 2001 etsi
2988 1935 3417 2001 tumultuarie
3454 1936 3697 2021 egressi
3735 1943 3892 2000 sunt
3926 1956 4001 2001 ac
4038 1932 4323 2017 trepide,
4385 1931 4560 1999 Deus

2623 2033 2844 2090 tamen
2882 2021 3067 2106 quasi
3101 2022 3222 2088 sub
3262 2020 3503 2086 vexillo
3541 2021 3643 2085 vel
3683 2020 4036 2104 manipulis
4071 2040 4180 2085 eos
4223 2019 4560 2098 continuit,

2622 2133 2707 2175 ne
2753 2130 2881 2194 qua
2925 2108 3248 2174 accideret
3292 2106 3712 2190 perturbatiO.

2796 2194 2895 2261 19.
2962 2194 3050 2260 Et
3100 2193 3243 2259 tulit
3300 2190 3514 2259 Moses
3565 2213 3710 2259 ossa
3769 2190 3996 2271 Ioseph
4058 2210 4286 2257 secum.
4395 2191 4563 2257 Hinc

2621 2290 2923 2365 apparet,
2984 2281 3055 2344 in
3115 2280 3307 2345 rebus
3352 2278 3643 2345 adversis
3692 2277 3915 2362 populi
3961 2297 4297 2360 nunquam
4346 2286 4561 2344 tamen

2623 2367 2942 2434 excidisse
2986 2365 3367 2431 memoriam
3428 2367 3788 2449 promissae
3847 2361 4334 2445 redemptionis.
4427 2362 4561 2428 Nisi

2622 2454 2797 2520 enim
2863 2451 3194 2519 communi
3259 2450 3556 2516 omnium
3622 2470 3920 2516 sermone
3986 2449 4260 2516 celebris
4337 2450 4562 2515 fuisset

2621 2540 2970 2607 obtestatio
3036 2537 3303 2621 Ioseph,
3385 2534 3547 2602 nihil
3615 2535 3695 2600 de
3761 2556 3840 2600 ea
3916 2535 4235 2601 coniicere
4318 2546 4562 2619 poterat

2625 2626 2863 2692 Moses.
2974 2624 3173 2707 Atqui
3255 2621 3497 2688 diserte
3560 2622 3905 2706 exprimit,
3985 2620 4295 2687 mandato
4361 2620 4564 2688 sancti

2622 2710 3034 2795 patriarchae
3092 2731 3162 2775 se
3216 2729 3464 2774 morem
3525 2709 3804 2791 gessisse
3847 2708 3913 2771 in
3970 2709 4387 2790 asportandis
4430 2709 4563 2773 eius

2621 2798 2892 2864 ossibus.
2983 2793 3332 2861 Probabile
3387 2795 3592 2879 igitur
3647 2803 3748 2859 est
3805 2792 3898 2860 sic
3957 2793 4158 2859 fuisse
4213 2793 4561 2870 recondita,

2623 2892 2699 2949 ut
2743 2892 2964 2948 tamen
3023 2880 3327 2964 capsulae
3384 2881 3490 2945 vel
3551 2899 3753 2944 urnae
3812 2886 4079 2962 aspectu
4139 2899 4289 2962 spes
4349 2879 4565 2963 populi

2622 2969 2909 3054 quotidie
2954 2975 3399 3044 renovaretur,
3446 2986 3521 3032 ac
3565 2966 3619 3032 si
3664 2974 3931 3031 sanctus
3966 2966 4070 3031 vir
4104 2974 4254 3049 post
4291 2974 4565 3031 mortem

2624 3077 2810 3123 suam
2881 3077 2918 3121 e
2984 3052 3279 3138 sepulcro
3373 3052 3777 3118 liberationis
3870 3052 4132 3136 signum
4228 3053 4561 3133 proferret.

2625 3141 2949 3223 Quamvis
3003 3141 3179 3204 enim
3244 3140 3363 3205 hoc
3417 3139 3710 3225 symbolo
3763 3137 3956 3204 fidem
4014 3159 4199 3203 suam
4261 3139 4333 3203 in
4380 3137 4564 3205 corde

2624 3228 2879 3306 aluerit,
2918 3248 3119 3310 quum
3157 3226 3364 3291 voluit
3400 3227 3593 3290 etiam
3631 3233 3929 3290 mortuus
3967 3232 4179 3289 terrae
4218 3224 4564 3308 possessio·

2622 3336 2775 3379 nem
2844 3313 3056 3391 adire,
3139 3332 3269 3377 non
3334 3310 3607 3376 dubium
3687 3321 3908 3376 tamen
3974 3319 4076 3375 est
4135 3312 4292 3393 quin
4362 3310 4566 3395 magis

2622 3400 2987 3485 respexerit
3029 3397 3267 3464 fratres
3310 3416 3461 3463 suos
3507 3408 3571 3461 et
3616 3404 3821 3462 totam
3865 3396 4322 3481 posteritatem
4364 3396 4566 3463 sancti

2623 3487 2903 3570 generis.
2995 3484 3163 3550 Nam
3210 3494 3519 3566 expertus
3576 3503 3798 3547 eorum
3860 3482 4209 3566 segnitiem
4253 3490 4326 3547 et
4368 3482 4566 3547 imbe-

2624 3572 2806 3639 cillas
2852 3570 3003 3637 fidei
3046 3572 3251 3643 vires,
3310 3570 3547 3634 merito
3609 3567 3880 3634 timebat
3940 3590 4023 3633 ne
4067 3568 4366 3653 longiore
4413 3577 4563 3633 tem·

2622 3658 2801 3742 poris
2837 3665 3051 3723 tractu
3082 3656 3291 3740 magis
3327 3676 3403 3720 ac
3439 3657 3646 3740 magis
3680 3656 4152 3733 flaccescerent,
4190 3674 4266 3719 ac
4299 3654 4564 3720 tandem

2622 3743 3053 3828 promissione
3089 3751 3477 3824 contempta,
3513 3751 3682 3808 totos
3721 3762 3792 3806 se
3828 3741 4061 3806 darent
4094 3740 4176 3805 ad
4221 3748 4565 3826 torporem.

2625 3831 2713 3896 Et
2753 3840 2929 3895 certe
2973 3830 3136 3895 hacc
3180 3827 3546 3893 diffidentia
3600 3848 3752 3893 eum
3810 3828 4128 3910 compulit
4173 3838 4247 3890 ut
4289 3826 4565 3910 simplici

2624 3922 2965 4000 praecepto
3033 3936 3162 3980 non
3220 3922 3592 3993 contentus,
3644 3913 4064 3979 iureiurando
4130 3913 4566 3998 obstringeret

2622 4023 2847 4066 eorum
2893 4001 3163 4067 animos.
3233 4000 3550 4082 Reliquos
3595 4000 3791 4064 etiam
3840 3999 4141 4065 undecim
4179 3999 4355 4065 filios
4380 3997 4565 4065 Iacob

2622 4086 2885 4154 videtur
2953 4086 3329 4170 Stephanus
3397 4089 3706 4150 Actorum
3776 4085 3835 4150 7.
3902 4105 4195 4150 asserere
4275 4085 4564 4171 sepultos

2620 4174 2820 4239 fnisse
2856 4173 3103 4257 pariter
3139 4173 3207 4236 in
3231 4171 3518 4251 Sichem,
3555 4180 3622 4236 et
3642 4172 4015 4237 coniectura
4038 4172 4415 4239 verisimilis
4451 4183 4559 4248 est,

2622 4260 2924 4344 exemplo
2968 4258 3193 4324 fratris
3237 4260 3340 4324 sui
3387 4257 3623 4341 Ioseph
3669 4257 3973 4323 inductos
4016 4258 4217 4324 fuisse
4261 4259 4348 4324 ad
4393 4260 4561 4343 piam

2622 4346 3141 4411 aemulationem.
3228 4343 3424 4410 Certe
3467 4344 3536 4408 in
3578 4343 3777 4409 aridis
3821 4344 4076 4410 ossibus
4119 4346 4281 4410 fides
4328 4344 4564 4411 mortui

2621 4430 2862 4515 Ioseph
2906 4451 3145 4498 sonore
3201 4428 3282 4495 ad
3339 4443 3644 4514 posteros
3683 4430 4070 4495 concionata
4127 4439 4230 4496 est
4282 4431 4368 4496 de
4411 4431 4564 4497 libe·

2621 4519 2875 4583 ratione
2920 4519 3253 4601 promissa,
3297 4537 3381 4582 ne
3427 4515 3741 4581 diuturno
3785 4514 3997 4580 taedio
4041 4517 4559 4601 languescerent:

2622 4614 2692 4669 et
2734 4624 2933 4686 quum
2992 4602 3208 4669 educti
3266 4601 3532 4667 tandem
3591 4610 3745 4667 sunt
3789 4601 4158 4679 Israelitae,
4224 4602 4559 4670 duodecim

2624 4688 3159 4755 Patriarcharum
3183 4711 3328 4755 ossa
3351 4688 3462 4754 vel
3482 4688 3736 4755 cineres
3773 4688 4044 4752 totidem
4079 4690 4349 4754 fuerunt
4386 4689 4559 4773 quasi

2627 4774 2993 4852 vexilliferi,
3030 4778 3139 4859 qui
3176 4775 3468 4857 singulas
3503 4774 3711 4839 tribus
3748 4772 3829 4839 ad
3854 4773 4231 4856 erigendam
4267 4775 4561 4840 fiduciam

2625 4862 2972 4946 praeirent.
3043 4858 3192 4942 Quo
3230 4861 3438 4945 magis
3476 4859 3882 4926 detestabilis
3925 4860 4053 4925 fuit
4097 4861 4302 4927 totius
4345 4859 4568 4943 populi

2624 4946 2949 5026 socordia,
3006 4946 3120 5030 qui
3165 4947 3357 5012 toties
3401 4947 3466 5010 in
3514 4947 3747 5012 itinere
3791 4948 4074 5029 turpiter
4116 4955 4306 5031 terga
4352 4948 4562 5022 vertit,

2623 5054 2826 5116 quum
2870 5033 2942 5098 in
2986 5042 3336 5116 conspectu
3397 5043 3570 5098 esset
3615 5042 3746 5097 tam
3790 5033 4071 5116 insignis
4113 5032 4390 5099 fiduciae
4435 5054 4564 5097 ma·

2625 5119 2807 5185 teria.
2912 5117 3100 5201 Quae
3168 5119 3419 5184 Moses·
3451 5119 3648 5183 refert
3711 5120 3851 5184 eius
3919 5119 4149 5185 verba:
4221 5116 4561 5183 visitando

2623 5205 2922 5270 visitabit
2960 5225 3090 5282 vos,
3137 5214 3257 5270 etc.
3297 5203 3539 5271 dictum
3577 5205 3738 5270 illud
3775 5204 4050 5288 apostoli
4084 5202 4278 5292 (Heb.
4320 5205 4420 5284 11,
4456 5202 4562 5289 22)

2623 5292 3036 5369 confirmant,
3073 5290 3458 5356 morientem
3499 5289 3625 5355 fide
3660 5290 4006 5356 mandasse
4042 5289 4124 5356 de
4144 5290 4398 5356 ossibus
4426 5290 4561 5355 suis

2625 5376 3126 5442 transferendis:
3185 5376 3372 5460 quia,
3431 5385 3504 5441 ut
3558 5387 3820 5462 gentem
3886 5398 4073 5442 suam
4133 5378 4428 5442 hortetur
4483 5373 4563 5440 ad
