4867 6150
583 420 714 487 511
812 452 815 456 “

588 614 690 679 1118
748 610 1108 696 significat,
1168 620 1324 676 tunc
1381 632 1501 678 nos
1559 620 1784 696 gratas
1829 613 1973 677 Deo
2032 633 2175 679 esse
2235 612 2536 678 victimas

591 698 703 765 ubi
760 718 987 763 sumus
1042 697 1195 785 igne
1239 699 1625 763 examinati:
1673 707 1740 763 ct
1783 699 1956 764 hanc
1999 720 2143 764 esse
2186 698 2343 764 salis
2386 719 2539 764 con-

589 785 898 862 dituram,
936 782 1047 848 ubi
1081 803 1233 848 caro
1269 793 1493 849 nostra
1527 805 1678 850 cum
1714 785 1851 850 suis
1886 784 2301 870 cupiditabus
2336 784 2537 867 probe

590 879 923 937 macerata
977 869 1196 935 fuerit.
1285 869 1549 936 Interea
1601 871 1812 936 fixum
1865 871 2025 937 illud
2072 879 2354 949 maneat,
2399 870 2536 936 cul-

593 956 908 1023 tum*Dei
950 963 1200 1021 rectum
1247 976 1378 1021 non
1424 956 1676 1022 censeri
1719 956 1960 1039 absque
2003 977 2251 1040 sapore,
2299 957 2410 1040 qui
2456 978 2539 1021 ex

591 1041 791 1110 verbo
824 1039 1145 1126 petendus
1179 1048 1310 1107 est:
1354 1042 1509 1125 quia
1541 1044 1609 1107 in
1645 1041 1947 1108 omnibus
1983 1042 2325 1108 hominum
2361 1063 2539 1108 cere-

591 1129 729 1195 bris
773 1149 856 1193 ne
902 1128 1071 1192 mica
1112 1127 1376 1210 quidem
1422 1127 1580 1194 salis
1624 1127 2007 1212 reperietur.
2101 1127 2287 1194 Alias
2330 1129 2540 1194 subti-

590 1216 787 1280 liores
846 1213 1194 1296 allegorias
1254 1215 1739 1298 praetermittO,
1810 1235 2090 1298 quarum
2144 1235 2278 1279 non
2336 1214 2538 1280 alium

591 1300 779 1368 video
837 1321 1033 1365 usum
1092 1300 1221 1365 nisi
1277 1308 1348 1365 ut
1406 1300 1695 1367 curiosas
1747 1321 1942 1366 aures
1988 1299 2334 1367 oblectent.
2424 1298 2543 1366 Sal

589 1384 870 1452 foederis
893 1385 1021 1451 alio
1057 1406 1251 1452 sensu
1294 1386 1562 1469 ponitur
1596 1407 1794 1470 quam
1832 1386 2056 1453 foedus
2091 1386 2265 1465 salis,
2305 1406 2542 1471 nempe

590 1472 762 1558 quod
842 1469 1189 1536 adhibetur
1254 1470 1336 1536 ad
1403 1492 1588 1538 sacra
1652 1481 1963 1556 tanquam
2032 1494 2115 1539 ex
2178 1471 2543 1539 inviolabili

589 1559 717 1624 Dei
764 1567 971 1640 pacto.
1042 1556 1232 1624 Unde
1274 1558 1471 1623 etiam
1516 1560 1942 1625 confirmatur
1986 1558 2155 1643 quod
2199 1559 2331 1624 iam
2380 1557 2540 1637 dixi,

589 1643 868 1711 foederis
934 1643 1062 1708 Dei
1127 1642 1651 1710 observationem
1717 1645 1783 1709 in
1846 1645 1985 1711 eius
2044 1644 2224 1712 cultu
2283 1665 2544 1728 semper

589 1731 837 1815 primas
879 1737 1119 1794 tenere.

767 1815 867 1881 14.
919 1814 994 1880 Si
1049 1835 1187 1882 vero
1239 1814 1546 1882 obtuleris,
1635 1816 1821 1882 Haec
1866 1816 2106 1883 oblatio
2150 1837 2190 1881 a
2232 1814 2544 1898 primitiis

593 1900 853 1967 diversa
909 1909 1035 1978 est,
1095 1902 1248 1984 quia
1303 1911 1446 1967 erat
1505 1902 1910 1979 voluntaria,
1970 1923 2171 1987 quum
2213 1902 2544 1985 primitiae

592 2010 676 2054 ex
719 1987 884 2071 legis
930 1988 1331 2071 praescripto
1374 1987 1805 2055 solverentur.
1867 1988 2115 2054 Verum
2164 1988 2221 2054 si
2265 1988 2409 2071 quis
2455 2008 2541 2052 ex

590 2072 800 2139 horno
871 2071 1084 2138 tritico
1155 2073 1469 2158 primitiis
1528 2074 1727 2140 vellet
1784 2073 2032 2157 aliquid
2086 2072 2542 2157 superaddere,

593 2159 892 2244 regulam
950 2158 1151 2223 tradit
1207 2159 1455 2225 Moses:
1529 2169 1604 2225 ut
1663 2160 1884 2245 spicae
1944 2170 2349 2240 torreantur,
2409 2179 2540 2244 quo

590 2245 843 2330 possint
914 2243 1170 2310 facilius
1236 2245 1522 2326 conteri,
1596 2245 1833 2311 deinde
1888 2246 2136 2311 mixtae
2192 2245 2333 2311 oleo
2389 2266 2540 2312 oum

586 2331 785 2398 thure
821 2329 1231 2395 adoleantur:
1276 2332 1368 2397 sic
1411 2332 1588 2396 enim
1633 2332 2030 2417 interpretor
2071 2332 2277 2399 Mosis
2322 2331 2541 2412 verba,

588 2428 669 2483 ut
722 2417 892 2483 idem
953 2416 1329 2500 significent
1386 2418 1563 2500 spica
1616 2426 1793 2484 tosta
1851 2426 1919 2483 et
1975 2418 2267 2484 triticum
2325 2419 2543 2502 spicae

588 2511 973 2570 contusum:
1035 2504 1248 2586 spicas
1307 2524 1464 2568 vero
1564 2504 1748 2569 lenas
1793 2505 2031 2588 exigit,
2090 2511 2167 2569 ut
2213 2502 2541 2570 delectum

588 2588 833 2738 {tabeat
876 2588 1194 2674 populus,
1253 2611 1335 2654 ne
1393 2526 1562 2673 quid)
1608 2590 1780 2656 exile
1824 2600 1937 2655 aut
1977 2590 2405 2656 macilentum
2450 2589 2540 2654 of-

621 2684 781 2741 erat.

1319 3015 1628 3084 LEVIT.
1675 3016 1803 3084 III.

764 3192 823 3257 1.
889 3190 1066 3274 Quod
1119 3191 1180 3256 si
1236 3188 1626 3270 sacrificium
1654 3191 2157 3272 prosperitatum
2196 3191 2400 3274 fuerit
2442 3191 2539 3256 ob-

587 3278 739 3343 latio
803 3277 944 3343 eius
961 3329 975 3356 ‚
1042 3277 1103 3343 si
1157 3276 1232 3342 de
1287 3275 1477 3341 bobus
1534 3276 1667 3357 ipse
1719 3277 1930 3357 offeret
1981 3278 2112 3343 sive
2167 3277 2537 3356 masculum,

588 3365 721 3429 sive
779 3363 1084 3447 feminam
1144 3362 1393 3444 offerat,
1450 3361 1925 3428 immaculatum
1982 3362 2191 3445 offeret
2247 3383 2389 3428 eum
2466 3365 2537 3429 in

587 3453 908 3531 conspectu
953 3448 1233 3514 lehovae.
1321 3447 1380 3512 2.
1431 3445 1522 3512 Et
1573 3449 1842 3529 imponet
1895 3469 2154 3514 manum
2207 3469 2391 3515 suam
2432 3470 2538 3516 su-

576 3556 704 3617 per
738 3539 927 3617 caput
960 3533 1287 3600 oblationis
1321 3553 1492 3614 suae,
1535 3538 1594 3598 et
1624 3533 1972 3600 immolabit
2003 3555 2145 3601 eum
2188 3536 2272 3601 ad
2310 3536 2538 3602 ostium

587 3620 972 3687 tabernaculi
1013 3619 1458 3686 conventionis.-
1505 3619 1886 3702 fundentque
1936 3620 2065 3702 filii
2117 3620 2382 3687 Aharon
2435 3642 2539 3687 sa-

587 3708 858 3774 cerdotes
890 3706 1260 3790 sanquinem
1292 3725 1480 3787 super
1504 3705 1707 3771 altare
1727 3727 1846 3789 per
1868 3706 2216 3773 circuitum.
2271 3707 2333 3772 3.
2362 3705 2541 3774 Post—

591 3812 667 3857 ea
731 3792 943 3874 offeret
976 3792 1051 3857 de
1090 3790 1399 3872 sacrificio
1432 3792 1928 3875 prosperitatum
1969 3792 2336 3859 oblationem
2377 3793 2539 3877 iyni-

587 3882 719 3943 tam
763 3877 1058 3958 Iehovae,
1114 3877 1366 3958 adipem
1407 3878 1778 3958 operientem
1821 3879 2149 3957 intestina,
2205 3883 2260 3943 et
2301 3899 2540 3945 omnem

590 3964 843 4046 adipem
884 3964 995 4047 qui
1037 3968 1129 4029 est
1167 3982 1360 4045 super
1399 3963 1535 4029 illa.
1601 3963 1662 4028 4.
1697 3958 1786 4028 Et
1826 3965 1984 4030 duos
2024 3984 2219 4042 renes,
2265 3965 2541 4047 adipem-

588 4070 707 4132 que
749 4050 861 4132 qui
900 4053 992 4116 est
1031 4069 1222 4132 super
1259 4049 1431 4130 ipsos
1447 4095 1464 4122 ‚
1507 4050 1619 4131 qui
1662 4055 1752 4115 est
1788 4069 1979 4132 super
2019 4049 2170 4124 ilia,
2216 4055 2271 4115 et
2307 4049 2540 4132 fibram

589 4156 730 4201 cum
763 4137 955 4203 iecore
985 4156 1127 4203 cum
1161 4134 1416 4200 renibus
1445 4135 1787 4201 removebit.
1847 4135 1907 4203 5.
1944 4134 2302 4201 Adolebunt
2333 4142 2541 4202 autem

589 4241 763 4286 omne
782 4222 946 4287 illud
961 4221 1090 4303 filii
1110 4220 1377 4286 Aharon
1397 4240 1590 4302 super
1609 4222 1831 4300 altare,
1867 4242 2000 4287 una
2020 4241 2159 4286 cum
2180 4221 2539 4288 holocausto

590 4308 754 4389 quod
805 4309 924 4373 erit
963 4326 1155 4389 super
1193 4305 1365 4392 liqna
1405 4309 1802 4390 superposita
1842 4307 2014 4392 iyni:
2071 4307 2296 4374 oblatio
2338 4309 2540 4392 ignita

589 4397 681 4459 est
734 4392 944 4458 odoris
997 4393 1224 4475 quietis
1268 4392 1549 4459 Iehovae.
1638 4394 1697 4458 6.
1751 4393 1927 4475 Quod
1979 4393 2041 4459 si
2081 4394 2158 4460 de
2187 4394 2541 4475 pecudibus

581 4478 779 4560 fuerit
821 4479 1039 4544 oblatio
1082 4479 1244 4559 eius,
1287 4479 1360 4545 in
1402 4479 1785 4561 sacrificium
1814 4482 2312 4563 prosperitatum
2355 4479 2538 4545 18118-

583 4584 715 4641 vae,
759 4564 1107 4629 masculum
1135 4570 1246 4630 aut
1272 4566 1580 4649 feminam
1614 4566 2085 4632 immaculatum
2121 4565 2325 4648 offeret
2360 4585 2503 4631 eum
2517 4591 2537 4631 .-

589 4650 646 4715 7.
678 4648 754 4714 Si
794 4669 937 4715 vero
977 4671 1212 4735 aynum
1256 4652 1474 4734 offerat
1511 4650 1875 4718 oblationem
1916 4671 2120 4731 suam,
2162 4656 2296 4717 tum
2336 4652 2542 4734 offeret

585 4735 771 4802 illum
827 4736 898 4799 in
955 4743 1275 4818 conspeetu
1320 4737 1618 4803 Iehovae:
1696 4736 1755 4802 8.
1818 4737 2223 4819 Imponetque
2276 4758 2538 4803 manum

585 4841 775 4887 suam
806 4842 996 4903 super
1028 4827 1212 4904 caput
1244 4823 1571 4889 oblationis
1602 4844 1772 4903 suae,
1803 4829 2028 4906 postea
2060 4823 2356 4889 mactabit
2397 4844 2537 4889 eum

587 4909 658 4974 in
698 4913 1018 4989 conspectu
1060 4907 1447 4974 tabernaculi
1488 4910 1902 4976 conventionis
1916 4935 1935 4974 .-
1977 4915 2035 4975 et
2075 4915 2372 4994 sparyent
2409 4908 2538 4992 filii

587 4994 854 5059 Ahar-on
908 4994 1277 5078 sanquinem
1332 4996 1468 5059 eius
1522 5015 1713 5079 super
1762 4995 1965 5061 altare
2008 5016 2130 5078 per
2186 4996 2535 5062 circuitum.

587 5080 648 5145 9.
710 5079 798 5144 Et
853 5080 1058 5162 offeret
1113 5080 1190 5145 de
1248 5081 1560 5161 sacrificio
1604 5083 2104 5167 prosperitatum
2174 5082 2537 5148 oblationem

584 5165 852 5250 iynitam
912 5165 1180 5231 Iekovae
1197 5217 1211 5241 ‚
1265 5167 1517 5247 adipem
1572 5169 1709 5232 eius
1724 5217 1739 5243 ,
1799 5169 2069 5234 caudam
2124 5168 2428 5251 inteyram
2444 5219 2460 5247 ‚
2503 5188 2536 5233 e

583 5252 830 5336 reyione
881 5254 1109 5333 spinae
1159 5252 1335 5317 dorsi
1391 5251 1723 5318 removebit
1777 5274 1940 5333 eam,
2003 5254 2254 5334 adipem
2295 5274 2535 5336 quoque

583 5339 949 5420 operientem
991 5338 1314 5416 intestina,
1359 5343 1543 5421 atque
1585 5357 1820 5403 omnem
1865 5340 2115 5421 adipem
2153 5340 2268 5421 qui
2299 5347 2390 5405 est
2429 5360 2534 5404 su·

1988 420 2502 491 SECUNDUM
2547 421 3200 492 PRAEOEPTUM.

4434 427 4547 494 512

2627 633 2753 694 per
2794 612 2929 679 ilia.
3000 613 3101 679 10.
3146 612 3238 679 Et
3277 613 3435 680 duos
3474 633 3681 680 renes:
3722 618 3777 679 et
3820 615 4069 697 adipem
4109 613 4222 697 qui
4263 618 4346 681 est
4383 635 4543 700 super

2639 699 2817 780 illos,
2874 704 2930 766 et
2970 700 3081 781 qui
3121 705 3213 765 est
3251 719 3444 783 super
3484 701 3638 778 ilia,
3694 705 3750 765 et
3785 699 4017 783 fibram
4057 720 4220 782 quae
4261 703 4346 767 est
4380 722 4545 783 super

2638 785 2843 865 ieeur,
2902 805 3043 850 cum
3094 785 3348 852 renibus
3400 785 3740 852 removebit.
3830 786 3933 852 11.
3977 785 4375 867 Adolebitque
4410 787 4548 854 illud

2639 870 2933 937 sacerdos
2946 890 3137 952 super
3147 871 3365 949 altare,
3388 872 3562 939 cibus
3583 872 3916 938 oblationis
3936 871 4176 956 iynitae
4198 872 4549 940 estIehovae.

2644 956 2744 1022 12.
2797 955 2871 1021 Si
2913 976 3056 1022 vero
3098 977 3298 1040 capra
3333 957 3531 1039 fuerit
3568 957 3793 1024 oblatio
3835 958 3988 1036 eius,
4031 961 4164 1022 tum
4204 957 4399 1039 offeret
4434 979 4551 1025 em

2640 1044 2711 1107 in
2752 1047 3069 1126 conspeetu
3112 1042 3392 1109 Iehovae.
3463 1043 3562 1109 13.
3605 1041 3916 1125 Ponetque
3954 1062 4216 1108 manum
4254 1063 4429 1109 suam
4460 1065 4551 1110 su·

2632 1148 2754 1212 per
2824 1133 3010 1212 caput
3064 1130 3229 1207 eius,
3289 1135 3347 1195 et
3391 1128 3682 1196 mactabit
3735 1149 3873 1194 eam
3929 1149 4136 1195 coram
4191 1127 4557 1196 tabernaculo

2641 1215 3059 1281 conventionis
3073 1266 3088 1294 ,
3148 1220 3207 1280 et
3241 1220 3533 1300 sparyent
3567 1215 3698 1296 filii
3738 1214 4005 1281 Aharon
4045 1215 4408 1298 sanquinem
4438 1217 4556 1282 eius

2643 1321 2837 1382 super
2892 1301 3092 1367 altare
3123 1321 3246 1382 per
3284 1302 3630 1368 circuitum.
3724 1301 3825 1366 14.
3876 1299 4104 1367 Postea
4147 1301 4351 1383 offeret
4387 1321 4458 1365 ecc
4492 1322 4555 1366 ea

2645 1385 3008 1453 oblationem
3049 1407 3252 1467 suam,
3295 1386 3660 1453 oblationem
3700 1387 3965 1472 iquitam
4008 1385 4292 1467 Iehovae,
4335 1386 4557 1469 adipem

2643 1473 3010 1554 operientem
3064 1473 3382 1539 intestina.-
3433 1477 3492 1539 et
3546 1493 3782 1539 omnem
3823 1473 4075 1555 adipem
4115 1472 4227 1553 qui
4268 1476 4358 1538 est
4393 1491 4559 1555 super

2644 1558 2785 1624 ilia.
2891 1558 2992 1623 15.
3050 1555 3141 1623 Et
3195 1558 3356 1624 duos
3412 1578 3614 1639 renes,
3674 1563 3731 1625 et
3782 1559 4032 1642 adipem
4088 1559 4201 1640 qui
4254 1562 4346 1625 est
4393 1578 4557 1641 super

2643 1643 2818 1710 illos.-
2877 1649 2934 1710 et
2986 1644 3097 1727 qui
3139 1649 3231 1711 est
3269 1665 3464 1726 super
3503 1645 3650 1723 ilia,
3701 1650 3759 1711 et
3792 1643 4025 1727 fibram
4066 1664 4226 1726 quae
4269 1648 4356 1708 est
4394 1664 4560 1727 super

2645 1730 2817 1795 iecur
2871 1750 3011 1796 cum
3067 1730 3321 1796 renibus
3370 1731 3710 1797 removebit.
3815 1730 3915 1796 16.
3982 1728 4385 1814 Adolebitque
4442 1749 4560 1796 eam

2644 1816 2933 1882 sacerdos
2964 1836 3153 1899 super
3173 1816 3390 1896 altare,
3425 1817 3600 1882 cibus
3633 1817 3959 1882 oblationis
3994 1816 4227 1898 ionitae
4259 1821 4350 1881 est
4378 1816 4564 1882 odoris

2645 1903 2908 1985 quietis.-
2971 1908 3027 1967 et
3082 1904 3285 1968 omnis
3340 1902 3535 1985 adeps
3589 1901 3852 1969 lehovae
3898 1906 4003 1967 est.
4110 1900 4210 1966 17.
4277 1901 4562 1968 &atnam

2633 1988 3112 2140 affixi?
3136 1988 3661 2157 {wilm
3683 1989 4041 2140 &mx
4061 1987 4565 2159 ἔφ”ῗῗωᾞᾞ

2643 2160 2983 2226 comedetis.
3407 2156 3412 2161 ’

2819 2331 2876 2396 1.
2918 2331 3096 2413 Quod
3137 2331 3199 2397 si
3239 2331 3642 2415 sacrificium.
3710 2330 3981 2397 Transit
4025 2352 4203 2397 nunc
4249 2330 4334 2397 ad
4378 2329 4566 2396 diver·

2646 2438 2795 2483 sum
2854 2437 3097 2500 genus,
3156 2438 3394 2500 nempe
3448 2416 3530 2482 ad
3590 2417 3908 2483 sacrificia
3960 2437 4129 2501 quae
4170 2415 4566 2503 gratitudinis

2646 2502 3022 2568 testimonia
3064 2510 3253 2568 erant
3295 2504 3365 2567 in
3410 2502 3818 2569 celebrandis
3851 2503 3976 2568 Dei
4025 2503 4389 2569 beneficiis:
4433 2523 4568 2586 quo·

2647 2609 2798 2654 rum
2844 2610 2991 2672 pars
3035 2588 3189 2673 igue
3233 2588 3768 2670 comburebatur,
3811 2597 4067 2674 partem
4111 2589 4239 2654 sibi
4287 2588 4569 2654 vendica·

2648 2675 2808 2741 bant
2865 2674 3230 2740 sacerdotes
3247 2724 3263 2752 ,
3323 2674 3658 2740 residuum
3708 2674 4016 2741 manebat
4056 2675 4216 2757 ipsis
4265 2674 4570 2740 offerenti·

2647 2761 2789 2826 bus.
2856 2759 2963 2825 De
2998 2779 3156 2826 voce
3192 2745 3408 2829 &wa
3444 2760 3602 2826 alibi
3638 2761 3791 2845 quid
3829 2760 4110 2826 sentiam
4149 2760 4376 2845 attigi:
4419 2769 4571 2826 certe

2647 2868 2785 2914 non
2842 2847 3120 2931 quadrat
3176 2846 3469 2931 vulgaris
3520 2846 3895 2913 translatio:
3940 2846 4263 2913 sacrificia
4304 2846 4570 2930 pacifico·

2648 2955 2816 2999 rum.
2906 2933 3142 3016 Longe
3194 2932 3391 2997 etiam
3448 2934 3727 3016 petitum
3785 2939 3884 2998 est
3931 2932 4105 3016 quod
4145 2932 4261 2997 alii
4306 2931 4573 3011 tradunt,

2647 3019 2868 3088 vocari
2933 3018 3252 3086 sacrificia
3315 3018 3787 3102 perfectionum
3804 3070 3821 3101 ,
3884 3018 4038 3102 quia
4101 3017 4458 3085 immundis
4507 3036 4573 3083 ea

2646 3107 2971 3189 attingere
3037 3105 3221 3171 nefas
3279 3114 3439 3171 erat.
3541 3104 3750 3171 Porro
3802 3126 4007 3189 quum
4064 3103 4361 3171 Hebraei
4413 3103 4572 3189 pacis

2642 3194 2907 3258 nomine
2941 3189 3501 3274 comprehendant
3533 3191 3812 3257 salutem
3848 3199 3918 3256 et
3960 3190 4164 3257 laetos
4197 3212 4430 3258 omnes
4446 3208 4572 3256 suc-

2641 3298 2896 3359 cessus,
2955 3277 3273 3360 pluralem
3333 3297 3682 3343 nnmerum
3737 3276 4074 3343 commode
4129 3278 4358 3344 censui

2642 3364 2815 3430 verti
2837 3363 3337 3447 prosperitates:
3373 3382 3505 3446 qua
3528 3363 3782 3428 ratione
3808 3361 4028 3430 David
4051 3359 4259 3449 (Psal.
4302 3363 4443 3440 116,
4480 3359 4574 3446 13)

2638 3450 2905 3516 calicem
2943 3448 3229 3515 ‘salutum
3275 3449 3570 3514 nominat
3610 3449 3899 3515 libamen
3945 3448 4115 3533 quod
4156 3449 4307 3515 fieri
4350 3446 4575 3515 solebat

2638 3538 2709 3603 in
2753 3533 3075 3602 eiusmodi
3117 3535 3470 3602 sacrificio:
3516 3555 3731 3619 neque
3776 3535 3955 3600 enim
4001 3532 4229 3600 dubito
4277 3536 4436 3619 quin
4476 3554 4571 3598 ex·

2639 3631 2827 3688 terno
2863 3621 3157 3707 symbolo
3189 3621 3552 3707 gratiarnm
3596 3621 3918 3688 actionem
3964 3620 4285 3706 designet.
4353 3621 4575 3686 Fateor

2639 3706 2902 3793 quidem
2959 3707 3084 3774 hoc
3141 3707 3530 3773 sacrificium
3587 3726 3722 3771 non
3783 3706 3977 3773 modo
4033 3706 4107 3771 in
4151 3705 4573 3789 gratulatione

2639 3794 2931 3861 oblatum
2978 3814 3124 3859 esse
3139 3844 3154 3875 ,
3211 3792 3327 3859 sed
3364 3814 3568 3878 quum
3603 3813 3833 3878 pacem
3878 3800 3946 3858 et
3988 3793 4210 3859 felices
4255 3809 4573 3859 successus

2640 3902 2681 3947 a
2737 3880 2882 3945 Deo
2947 3887 3278 3963 peterent:
3351 3900 3610 3963 semper
3663 3886 3885 3944 tamen
3939 3879 4186 3963 optime
4244 3876 4573 3943 conveniet

2638 3965 2979 4051 epitheton
2996 4016 3012 4044 ‚
3071 3965 3225 4049 quia
3272 3965 3749 4049 profitebantur
3792 3963 4010 4030 Deum
4054 3964 4354 4031 omnium
4396 3964 4573 4029 bono-

2639 4074 2790 4118 rum
2835 4052 2930 4118 sic
2973 4059 3270 4117 autorem
3313 4073 3484 4132 esse,
3529 4059 3608 4117 ut
3651 4072 3805 4117 suas
3849 4072 4079 4117 omnes
4123 4050 4572 4134 prosperitates

2641 4139 2702 4204 ei
2763 4138 3010 4203 ferrent
3062 4145 3377 4221 acceptas.
3467 4137 3694 4203 Primo
3750 4145 3971 4202 autem
4016 4136 4239 4202 omnia
4284 4136 4443 4200 haec
4481 4153 4571 4199 sa·

2640 4224 2886 4292 crificia
2942 4224 3085 4290 sisti
3128 4222 3309 4288 iubet
3352 4221 3433 4288 ad
3479 4223 3993 4301 tabernaculum,
4038 4222 4212 4306 quod
4260 4220 4573 4307 significat

2639 4332 2758 4394 per
2792 4317 3214 4393 conspectum
3235 4308 3555 4376 Iehovae:
3599 4308 3841 4392 alioqui
3876 4309 4050 4374 enim
4088 4307 4339 4392 passim
4375 4313 4572 4373 erecta

2638 4398 2920 4462 fuissent
2977 4395 3209 4460 altaria
3254 4396 3320 4461 in
3367 4395 3638 4461 urbibus
3681 4405 3747 4460 et
3788 4394 3999 4479 pagis,
4045 4405 4111 4458 et
4155 4394 4284 4460 hac
4328 4390 4572 4458 licentia

2639 4482 3003 4564 discerptus
3048 4481 3275 4547 fuisset
3318 4482 3535 4547 cultus
3571 4479 3715 4560 Dei,
3764 4488 3830 4545 et
3871 4479 4299 4564 pessumdata
4341 4477 4570 4564 religio.

2637 4569 2816 4653 Ergo
2855 4576 2931 4632 ut
2965 4568 3278 4652 populum
3315 4568 3647 4632 contineat
3680 4567 3748 4632 in
3790 4565 4081 4632 eiusdem
4117 4565 4274 4631 fidei
4319 4582 4577 4660 consen:

2638 4676 2749 4734 su,
2809 4653 2991 4718 iubet
3050 4675 3275 4719 omnes
3333 4656 3528 4719 unico
3571 4652 3766 4719 altari
3812 4674 3955 4718 esse
3997 4659 4361 4718 contentos.
4448 4646 4575 4714 0011

2638 4748 2859 4806 autem
2920 4747 2988 4804 et
3045 4740 3333 4807 invocari
3395 4739 3538 4804 vult
3584 4740 3650 4803 in
3696 4759 3773 4803 eo
3815 4738 3959 4804 loco
4002 4758 4197 4822 quem
4242 4737 4368 4804 sibi
4415 4732 4577 4801 dedi·

2637 4834 2929 4892 caverat:
2977 4846 3061 4890 ne
3106 4825 3188 4890 ad
3227 4826 3401 4892 Deos
3446 4836 3791 4890 extraneos
3838 4823 4175 4889 diffluant:
4224 4821 4458 4889 deinde
4497 4818 4576 4883 ri·

2638 4924 2780 4977 tum
2824 4909 3138 4977 offerendi
3183 4911 3603 4995 praescribit,
3664 4910 3804 4975 sive
3849 4931 3930 4975 ex
3975 4918 4278 4975 armento
4325 4910 4413 4974 sit
4455 4905 4577 4970 vic-

2637 4998 2830 5074 tima,
2897 4998 3037 5062 sive
3097 5018 3180 5062 ex
3239 4996 3617 5080 pecudibus.
3718 4995 3909 5077 Quod
3970 5005 4191 5061 autem
4253 4994 4337 5061 de
4396 4992 4576 5058 rebus

2635 5083 2913 5149 minutis
2971 5091 3105 5146 tam
3152 5091 3384 5149 exacte
3429 5082 3779 5166 praecipit,
3834 5079 4048 5147 videri
4090 5091 4313 5165 posset
4355 5075 4575 5144 frivola

2636 5169 2971 5246 sedulitas,
2997 5189 3407 5252 supervacua
3429 5168 3629 5234 etiam
3652 5169 3974 5252 repetitio,
4013 5166 4183 5251 quod
4215 5187 4356 5232 rem
4390 5179 4573 5230 unam

2638 5255 2901 5339 saepius
2936 5254 3222 5320 inculcat
3255 5255 3480 5321 verbis
3525 5275 3796 5339 prorsus
3840 5253 4197 5319 similibus:
4246 5251 4375 5317 nisi
4456 5243 4573 5346 uod

2637 5341 2803 5407 11888
2861 5339 3205 5425 diligentia
3262 5341 3572 5425 populum
3631 5340 4156 5420 commonefecit,
4215 5336 4416 5422 aliqui
4507 5354 4575 5396 m
