4867 6150
523 413 651 481 711
1964 411 2420 480 OCTAVUM
2466 401 3108 479 PRAEO'EPTUM.
4405 412 4519 478 712

513 605 934 689 rependitur,
969 602 1128 668 dum
1163 604 1244 669 iis
1278 601 1390 685 qui
1424 602 1595 667 vites
1628 602 2014 687 plantarunt
2050 601 2257 668 libera
2293 601 2487 669 datur

525 692 778 773 missio,
815 691 1020 756 donec
1061 696 1387 773 proventu
1431 687 1621 771 potiti
1664 686 1929 753 fuerint.
2013 687 2355 769 Quantum
2402 687 2485 754 ad

527 798 803 861 sponsos
849 777 1104 856 attinet,
1147 775 1410 840 tametsi
1460 773 1721 840 videtur
1762 773 1834 838 in
1879 774 2158 858 gratiam
2195 774 2485 859 coniugii

529 862 757 929 datum
791 862 924 927 illis
959 882 1104 928 esse
1143 869 1219 926 ut
1252 858 1546 925 redirent
1579 859 1660 923 ad
1698 881 1936 926 uxores
1981 880 2144 943 quas
2187 860 2481 925 nondum

532 951 926 1034 attigerant,
970 956 1482 1013 consentaneum
1526 954 1752 1010 tamen
1796 954 1898 1012 est
1940 967 2074 1011 non
2117 944 2323 1013 fuisse
2368 946 2483 1011 ab·

533 1043 754 1120 reptos
814 1055 853 1100 a
914 1033 1328 1118 possessione
1388 1035 1681 1096 omnium
1730 1032 2102 1111 carissima,
2161 1041 2238 1097 ut
2290 1053 2485 1098 suum

529 1122 768 1204 cuique
811 1127 1125 1185 maneret.
1219 1116 1405 1183 Adde
1449 1116 1620 1201 quod
1667 1119 1788 1184 hoc
1831 1117 2043 1197 modo,
2088 1139 2201 1201 spe
2244 1118 2487 1184 sobolis

529 1205 778 1285 ablata,
839 1204 1360 1271 transferebatur
1418 1203 1500 1268 ad
1552 1204 1802 1269 alienos
1848 1203 2252 1269 haereditas:
2311 1203 2485 1287 quod

529 1291 807 1377 perinde
874 1299 1018 1357 erat
1081 1312 1156 1357 ac
1222 1291 1279 1354 si
1344 1291 1515 1356 iusto
1580 1290 1843 1355 domino
1908 1289 2138 1356 fuisset
2207 1298 2486 1356 extorta.

529 1377 848 1445 Diximus
901 1384 1120 1443 autem
1175 1376 1399 1460 pigros
1443 1384 1513 1440 et
1554 1375 1821 1441 timidos
1868 1374 2132 1440 domum
2184 1377 2490 1441 remissos

531 1463 767 1544 fuisse,
833 1471 907 1529 ut
956 1461 1285 1529 discerent
1337 1461 1679 1528 Israelitae
1735 1460 1951 1528 nullos
2018 1482 2254 1545 urgere
2310 1462 2493 1527 ultra

531 1571 729 1635 quam
775 1548 985 1627 ferret
1040 1547 1337 1615 facultas.
1427 1548 1517 1612 Et
1572 1548 1697 1613 hoc
1761 1547 1959 1614 etiam
2018 1567 2102 1612 ex
2165 1549 2490 1631 aequitate

527 1635 807 1720 pendet,
871 1655 1038 1719 quae
1105 1633 1309 1700 dictat
1366 1631 1449 1698 ab
1512 1634 1691 1698 omni
1756 1635 2004 1700 iniusta
2069 1635 2490 1718 oppressione

529 1719 997 1788 abstinendum
1043 1740 1203 1786 esse.

1147 2059 1281 2127 EX.
1323 2060 1593 2128 DEU'I'.
1639 2061 1864 2127 XXV.

706 2233 765 2299 5.
847 2233 1054 2315 Quum
1114 2232 1532 2299 habitaverint
1590 2233 1826 2316 fratres
1878 2234 2159 2316 pariter,
2227 2238 2283 2298 et
2332 2252 2494 2298 mor-

530 2324 682 2385 tuus
733 2319 931 2403 fuerit
982 2339 1150 2385 unus
1207 2340 1284 2384 ex
1338 2319 1529 2401 ipsis,
1594 2339 1704 2385 nec
1742 2320 1940 2402 fuerit
2002 2321 2060 2385 ei
2098 2319 2276 2401 filius
2291 2370 2305 2399 ,
2369 2338 2490 2384 non

534 2405 799 2471 abnubet
874 2425 1042 2469 uxor
1095 2406 1328 2470 mortui
1389 2406 1526 2470 viro
1609 2411 1931 2471 extraneo:
1995 2411 2291 2490 coynatus
2354 2406 2492 2469 eius

533 2491 917 2576 inyredietur
974 2491 1060 2556 ad
1115 2510 1283 2570 eam,
1344 2495 1401 2555 et
1451 2490 1652 2573 capiet
1708 2512 1844 2556 eam
1896 2490 2023 2557 sibi
2091 2493 2161 2556 in
2215 2511 2489 2569 worm,

532 2582 592 2643 et
644 2576 1018 2659 affinitatem
1075 2574 1384 2642 contrahet
1437 2595 1579 2641 cum
1633 2596 1725 2641 ea.
1817 2577 1876 2643 6.
1944 2576 2154 2660 Atque
2211 2579 2305 2641 ita
2353 2578 2491 2659 pri-

531 2662 878 2746 moyenitus
930 2682 1111 2745 quem
1141 2662 1487 2743 pepererit,
1530 2668 1738 2746 suryet
1779 2664 2027 2728 nomme
2066 2664 2299 2744 fratris
2352 2663 2491 2728 eius

532 2748 843 2831 defuncti.-
885 2768 963 2812 ne
994 2747 1194 2813 deleat
1246 2767 1464 2813 nomen
1520 2748 1659 2813 eius
1715 2768 1793 2813 ex
1850 2747 2107 2815 Israele.
2203 2749 2259 2814 7.
2314 2750 2490 2830 Quod

530 2835 592 2898 si
638 2832 903 2898 noluerit
942 2834 1043 2897 vir
1084 2832 1189 2898 ille
1222 2833 1498 2914 accipere
1531 2833 1788 2916 affinem
1816 2854 2018 2913 suam,
2041 2840 2184 2900 twnc
2210 2835 2489 2900 ascendet

527 2921 678 2999 ipsa
720 2920 806 2985 ad
837 2924 1095 3000 portam
1146 2920 1233 2985 ad
1288 2920 1589 2993 seniores,
1642 2925 1697 2985 et
1737 2921 1922 2985 dicet.-
1979 2920 2214 2986 Renuit
2269 2921 2489 3003 affinis

529 3025 709 3071 meus
751 3004 1054 3069 suscitare
1091 3004 1289 3088 fratri
1344 3025 1458 3071 suo
1501 3025 1722 3071 nomen
1763 3007 1837 3071 in
1880 3004 2154 3089 Israele,
2206 3027 2316 3071 nec
2353 3006 2488 3074 vult

531 3089 907 3173 affinitatem
993 3091 1345 3158 contrahere
1419 3113 1676 3159 mecum.
1781 3093 1840 3158 8.
1928 3093 2104 3160 Tunc
2179 3098 2489 3159 accersent

529 3178 720 3244 illum
776 3178 1049 3243 seniores
1101 3177 1279 3243 urbis
1323 3177 1531 3256 illius,
1587 3183 1642 3244 et
1695 3178 2019 3261 loquentur
2071 3198 2211 3244 cum
2268 3200 2367 3245 eo.-
2432 3185 2488 3244 et

531 3262 642 3328 ubi
705 3263 964 3342 steterit,
1045 3282 1119 3328 ac
1172 3264 1434 3328 dixerit.-
1499 3264 1652 3330 Non
1704 3265 1910 3345 placet
1979 3266 2258 3346 accipere
2319 3283 2488 3334 eam:

534 3348 594 3413 9.
640 3350 904 3414 Accedet
921 3354 1138 3430 postea
1164 3354 1421 3433 coynata
1450 3350 1587 3415 eius
1616 3352 1702 3416 ad
1726 3350 1943 3431 ipsum
1969 3352 2036 3415 in
2064 3351 2258 3417 oculis
2289 3354 2487 3418 senio-

535 3455 680 3499 rum
693 3484 710 3513 ,
768 3439 824 3499 ct
876 3434 1063 3499 solvet
1118 3434 1591 3500 calceamentum
1641 3436 1779 3502 eius
1835 3457 1879 3501 a
1925 3437 2087 3517 pede
2148 3438 2376 3521 ipsius,
2433 3442 2491 3501 et

531 3525 713 3603 spuet
752 3521 825 3585 in
865 3519 1092 3602 faciem
1155 3521 1324 3586 eius.-
1385 3521 1811 3604 loqueturque,
1871 3542 1945 3586 ac
1980 3523 2162 3588 dicet.-
2227 3522 2335 3587 Sic
2384 3522 2491 3604 fiet

530 3607 671 3672 viro
705 3607 818 3688 qui
851 3626 973 3670 non
1017 3607 1439 3688 aedificaverit
1479 3608 1733 3673 domum
1767 3608 2001 3690 fratris
2041 3609 2163 3673 sui.
2256 3608 2356 3674 10.
2402 3607 2493 3673 Et

531 3691 853 3758 vocabitur
893 3712 1113 3758 nomen
1153 3694 1291 3758 eius
1331 3693 1404 3757 in
1448 3693 1689 3759 Israel:
1732 3693 1980 3760 Domus
2022 3694 2394 3761 discalceati.

709 3861 768 3928 5.
844 3862 1051 3944 Quum
1105 3862 1537 3929 habitaverint.
1646 3863 1872 3930 Habet
1950 3865 2110 3931 haec
2196 3866 2301 3931 lex
2370 3866 2489 3931 ali-

534 3947 692 4032 quid
746 3948 958 4014 simile
1016 3969 1165 4015 cum
1227 3970 1305 4013 ea
1360 3968 1527 4033 quae
1586 3970 1824 4033 sponso
1889 3952 2213 4035 permittit
2274 3950 2492 4017 redire

533 4033 620 4100 ad
653 4054 928 4100 uxorem
964 4033 1177 4100 adhuc
1210 4035 1560 4101 intactam:
1605 4038 1757 4119 quia
1806 4036 2148 4120 utriusque
2182 4038 2336 4103 finis
2371 4046 2492 4115 est,

536 4120 816 4205 singulis
857 4142 1125 4186 servare
1169 4119 1341 4205 quod
1384 4120 1740 4203 possident,
1786 4122 1944 4187 dum
1976 4123 2046 4187 id
2082 4144 2212 4188 non
2249 4144 2492 4207 cogun-

534 4213 650 4271 tur
706 4208 1039 4273 extraneis
1095 4206 1499 4290 relinquere,
1565 4207 1682 4273 sed
1742 4207 2055 4275 haeredes
2109 4210 2360 4276 habent
2409 4231 2494 4274 ex

537 4311 610 4356 se
675 4293 952 4376 genitos.
1039 4293 1214 4358 Nam
1279 4292 1396 4357 ubi
1454 4292 1744 4358 succedit
1812 4294 1994 4361 filius
2059 4295 2172 4379 qui
2236 4303 2493 4379 patrem

533 4386 1019 4461 repraesentat,
1066 4378 1252 4445 nulla
1293 4378 1431 4444 fere
1462 4378 1731 4445 videtur
1772 4382 1916 4447 fieri
1959 4381 2252 4448 mutatio.
2312 4381 2494 4447 Hinc

531 4470 759 4529 autem
824 4473 1099 4549 apparet
1157 4472 1564 4551 quantopere
1628 4464 1775 4531 Deo
1841 4467 2094 4551 placeat
2157 4468 2492 4535 neminem

2587 601 2844 685 privari
2876 603 3011 667 suis
3032 599 3327 676 fortunis,
3368 597 3480 664 ubi
3522 597 3722 663 etiam
3764 596 4194 662 morientibus
4235 599 4515 681 consulit,

2589 695 2667 752 ut
2723 707 2922 772 penes
2980 707 3206 751 eorum
3265 684 3549 752 sobolem
3607 682 3889 750 resideat
3946 682 4115 767 quod
4173 704 4362 769 aegre
4408 707 4516 754 nec

2593 774 2734 840 sine
2780 794 3072 839 moerore
3115 772 3260 838 aliis
3305 771 3737 855 resignarent.
3784 769 4017 854 Itaque
4051 769 4181 835 nisi
4221 780 4516 855 cognatus

2589 860 2835 924 mortui
2892 858 3154 924 orbitati
3211 858 3352 923 eius
3424 866 3795 936 succurrat,
3860 856 4021 921 haec
4078 855 4516 938 inhumanitas,

2591 945 2908 1028 quaedam
2955 952 3260 1010 censetur
3302 942 3549 1026 species
3603 942 3781 1007 furti.
3871 941 4041 1006 Nam
4088 962 4291 1024 quum
4335 944 4516 1008 male·

2593 1031 2787 1096 dictio
2847 1030 2978 1095 Dei
3035 1030 3237 1096 fuerit
3289 1028 3605 1094 sterilitas
3623 1079 3638 1108 ,
3683 1026 3982 1093 orbitatis
4026 1026 4329 1093 solatium
4386 1028 4516 1106 fuit,

2591 1137 2856 1200 sperare
2899 1117 3259 1201 precariam
3320 1113 3604 1181 sobolem
3624 1164 3639 1193 ,
3700 1134 3785 1178 ne
3834 1134 4102 1197 prorsus
4146 1133 4382 1179 nomen
4416 1137 4518 1180 ex-

2591 1203 3056 1286 stingueretur.
3144 1201 3337 1268 Nunc
3381 1209 3728 1284 postquam
3778 1208 4075 1265 tenemus
4109 1201 4309 1264 finem
4354 1200 4516 1286 legis,

2593 1289 2956 1354 notandum
3015 1288 3213 1353 simul
3272 1295 3373 1353 est
3425 1287 3707 1351 fratrum
3762 1287 4025 1352 nomine
4078 1306 4212 1350 non
4263 1286 4517 1371 intelligi

2591 1395 2970 1460 germanos,
3036 1373 3149 1440 sed
3214 1373 3576 1456 patrueles,
3646 1379 3712 1436 et
3776 1371 3936 1437 alios
4001 1371 4519 1456 consanguineos,

2592 1482 2871 1544 quorum
2948 1461 3390 1526 incestuosum
3470 1457 3844 1538 coniugium
3924 1479 4058 1523 non
4135 1466 4308 1522 esset
4386 1480 4517 1524 cum

2593 1546 2808 1613 viduis
2850 1547 3131 1611 fratrum
3177 1543 3522 1610 uxoribus:
3582 1542 3821 1626 alioqui
3866 1542 4049 1609 Deus
4093 1564 4314 1608 secum
4372 1566 4517 1629 pug-

2595 1642 2800 1697 naret.
2889 1632 3143 1697 Verum
3200 1631 3362 1696 haec
3415 1630 3658 1714 optime
3726 1631 3901 1694 inter
3964 1651 4035 1696 se
4106 1631 4520 1695 conveniunt:

2592 1719 2695 1783 Ne
2753 1718 2897 1801 quis
2954 1716 3383 1800 discooperiat
3443 1715 3748 1799 pudenda
3799 1715 4024 1781 fratris
4077 1715 4179 1781 sui
4224 1718 4519 1798 germani,

2594 1825 2715 1871 nec
2760 1815 2976 1869 tamen
3024 1803 3308 1869 abnubat
3350 1803 3586 1867 mulier
3620 1799 3820 1868 vidua
3855 1810 4046 1867 extra
4086 1802 4307 1866 mariti
4348 1801 4517 1867 fami-

2593 1890 2783 1969 liam,
2852 1888 3057 1954 donec
3116 1911 3341 1954 semen
3406 1888 3744 1955 sustulerit
3808 1908 3891 1953 ex
3963 1898 4243 1971 cognato
4307 1888 4519 1972 aliquo.

2594 1977 2686 2040 Et
2724 1994 2882 2041 sane
2926 1976 3101 2040 Booz
3144 1974 3329 2040 Ruth
3376 1996 3508 2040 non
3554 1974 3741 2040 duxit
3785 1994 4077 2050 uxorem,
4123 1972 4293 2055 quod
4338 1975 4520 2039 frater

2595 2081 2948 2146 germanus
3004 2072 3175 2127 esset
3232 2059 3522 2127 defuncti
3580 2060 3833 2140 mariti,
3900 2059 4014 2125 sed
4061 2068 4319 2123 tantum
4384 2080 4517 2125 eon-

2595 2148 3014 2230 sanguineus.
3104 2145 3181 2213 Si
3236 2148 3383 2231 quis
3439 2147 3751 2231 excipiat,
3803 2167 3933 2210 non
3994 2165 4354 2229 congruere
4395 2147 4518 2228 qui-

2596 2232 2879 2299 buslibet
2900 2235 3195 2317 cognatis
3209 2232 3680 2298 habitationem
3699 2249 4133 2298 communem:
4160 2232 4521 2316 respondeo,

2594 2339 2933 2401 perperam
2981 2319 3159 2384 hunc
3202 2319 3414 2385 locum
3477 2319 3682 2401 accipi
3726 2319 3807 2383 de
3850 2317 4311 2400 contubernio,
4367 2337 4436 2382 ac
4473 2317 4518 2382 si

2592 2405 2664 2469 in
2701 2405 2931 2469 iisdem
2970 2404 3240 2470 aedibus
3276 2414 3576 2489 agerent:
3620 2405 3773 2488 quia
3815 2403 4194 2499 simpliciter
4241 2402 4522 2487 dirigitur

2594 2490 2978 2555 mandatum
3046 2490 3129 2556 ad
3194 2499 3541 2576 cognatos,
3607 2491 3840 2573 quibus
3905 2499 4171 2573 propter
4236 2489 4519 2555 viciniam

2592 2575 3002 2643 commodum
3066 2576 3265 2642 fuerit
3321 2576 3556 2642 viduas
3615 2576 3696 2640 ad
3753 2598 3822 2640 se
3875 2578 4183 2660 recipere.
4277 2574 4354 2641 Si
4397 2576 4521 2659 quis

2593 2663 2770 2726 enim
2837 2663 3063 2746 procul
3126 2661 3472 2742 habitaret,
3539 2661 3807 2727 libertas
3871 2662 4131 2744 utrique
4199 2660 4358 2726 data
4415 2661 4521 2725 fuit

2591 2747 3033 2813 conditionem
3095 2747 3250 2813 alibi
3315 2768 3649 2831 quaerere.
3743 2747 3942 2814 Certe
4006 2747 4346 2830 probabile
4406 2768 4519 2810 non

2592 2842 2714 2913 est,
2753 2835 2969 2899 Deum
3006 2835 3356 2899 incestuosi
3394 2834 3675 2918 coniugii
3717 2833 3916 2921 (quod
3945 2841 4100 2898 ante
4129 2832 4520 2898 abominatus

2591 2919 2718 3007 est)
2784 2940 2959 2985 nunc
3030 2939 3174 2986 esse
3240 2928 3556 2986 autorem.
3660 2921 3799 2987 Nec
3878 2940 4033 2984 vero
4099 2918 4369 2984 dubium
4439 2925 4522 2983 est

2590 3005 2694 3093 (ut
2736 3026 2949 3091 nuper
2992 3005 3208 3094 attigi)
3252 3007 3408 3090 quin
3450 3006 3709 3074 mulieri
3745 3007 3970 3073 eadem
4006 3005 4317 3089 imposita
4349 3003 4522 3070 fuerit

2590 3093 2977 3171 necessitas,
3044 3105 3118 3157 ut
3181 3115 3252 3158 se
3317 3093 3585 3159 offerret
3651 3094 3884 3177 prioris
3959 3092 4179 3156 mariti
4249 3100 4518 3175 cognato.

2592 3177 2781 3260 Quod
2842 3179 3103 3243 tametsi
3161 3178 3399 3244 durum
3459 3179 3607 3260 fuit,
3677 3180 3854 3244 illius
3913 3187 4133 3242 tamen
4191 3176 4521 3242 memoriae

2589 3266 2731 3332 visa
2764 3265 2889 3330 fuit
2923 3272 3183 3329 tantum
3220 3264 3476 3348 debere,
3534 3274 3611 3330 ut
3646 3264 3930 3331 libenter
3964 3263 4251 3328 sobolem
4288 3269 4520 3346 pareret

2588 3359 2881 3416 mortuo:
2918 3351 2974 3415 si
3011 3350 3156 3433 quis
3192 3359 3415 3416 tamen
3444 3352 3636 3417 aliter
3666 3350 3926 3431 sentiat,
3964 3370 4094 3414 non
4130 3349 4519 3414 contendam.

2591 3435 2986 3520 Quanquam
3022 3437 3147 3501 nisi
3184 3438 3416 3503 fuisset
3449 3435 3777 3515 obstricta,
3823 3435 4183 3501 absurdum
4222 3443 4365 3501 erat
4397 3453 4519 3499 eam

2590 3532 2824 3606 sponte
2889 3542 2959 3587 se
3008 3522 3391 3587 obtrudere:
3457 3545 3579 3589 nec
3641 3543 3802 3588 vero
3869 3522 3999 3587 alia
4062 3522 4143 3585 de
4208 3541 4419 3588 causa.
4460 3520 4519 3583 in

2589 3608 2903 3674 iudicium
2971 3627 3196 3673 vocare
3251 3607 3477 3673 debuit
3528 3618 3878 3694 cognatum
3937 3629 3976 3672 a
4030 3629 4156 3690 quo
4215 3606 4519 3691 repulsam

2593 3715 2786 3779 passa
2847 3694 3094 3773 fuerat,
3170 3694 3295 3759 uisi
3342 3704 3416 3759 ut
3467 3695 3595 3762 sibi
3639 3695 4011 3760 libertatem
4069 3695 4427 3776 acquireret
4463 3690 4520 3753 in

2595 3780 2724 3844 alia
2768 3778 3016 3844 familia
3061 3777 3366 3845 nubendi.
3456 3781 3808 3846 Caeterum
3853 3778 4187 3863 probabile
4231 3791 4359 3856 est,
4406 3796 4520 3841 non

2598 3874 2750 3932 ante
2806 3865 3207 3949 ignominiae
3265 3865 3472 3931 fnisse
3515 3867 3897 3932 damnatum
3942 3886 4138 3948 quam
4183 3865 4269 3931 ad
4322 3863 4519 3928 defen-

2597 3953 2847 4018 sionem
2890 3949 3218 4016 admissus
3260 3951 3463 4017 foret:
3514 3953 3667 4037 quia
3699 3954 3906 4018 iustae
3948 3951 4282 4019 interdum
4324 3945 4523 4015 afferri

2596 4045 2901 4121 poterant
2957 4036 3302 4103 recusandi
3359 4060 3615 4105 causae.
3703 4040 3884 4123 Ergo
3928 4038 3996 4103 in
4041 4036 4354 4103 dedecore
4393 4044 4520 4099 tan-

2597 4134 2741 4188 tum
2803 4123 3034 4206 punita
3083 4121 3208 4188 fuit
3273 4122 3758 4204 inhumanitas,
3833 4124 3938 4191 vel
4008 4125 4306 4190 avaritia.
4390 4117 4524 4186 Cal·

2597 4230 2785 4275 ceum
2854 4229 3007 4273 vero
3073 4230 3264 4274 suum
3331 4211 3600 4277 tradens
3618 4262 3634 4291 ,
3702 4212 3844 4276 iure
3908 4210 4409 4294 propinquitatis
4466 4224 4527 4269 se

2598 4295 2969 4374 abdicabat,
3024 4304 3100 4358 ut
3159 4294 3351 4360 alteri
3408 4297 3698 4377 cederet,
3754 4297 3909 4381 quia
3949 4304 4087 4362 tam
4147 4296 4429 4379 maligne
4466 4309 4524 4354 se

2597 4381 2884 4467 gerendo
2920 4401 3080 4464 erga
3113 4389 3467 4461 mortuum,
3512 4383 3824 4469 indignus
3860 4391 4003 4448 erat
4046 4382 4131 4448 ad
4173 4402 4366 4465 quem
4399 4397 4525 4462 per·

2596 4468 2855 4534 veniret
2896 4466 3070 4532 ullus
3113 4467 3616 4552 propinquitatis
3660 4470 3926 4535 fruetus.
