4867 6150
339 474 462 541 549

338 663 550 729 Deum
587 661 803 729 facere
839 661 1208 727 tentabunt.
1267 660 1460 727 Adde
1493 662 1663 745 quod
1702 661 1758 726 si
1794 662 2096 745 cupimus
2123 660 2273 728 fide·

337 751 484 815 liter
525 747 742 814 Deum
802 748 1042 826 colere,
1100 760 1494 831 perpetuum
1552 770 1704 815 cum
1762 748 1896 813 illis
1939 747 2280 815 dissidium

336 836 518 902 nobis
576 855 719 900 esse
777 842 1047 918 oportet.
1138 834 1320 919 Ergo
1364 854 1495 899 non
1543 843 1805 900 tantum
1849 854 1891 897 a
1933 833 2281 900 manifesto

334 941 656 988 consensu
721 940 1028 1004 separare
1094 942 1213 986 nos
1274 919 1417 985 vult
1471 921 1688 986 Deus:
1752 920 1866 987 sed
1926 922 2079 1004 quia
2133 919 2281 1004 plus

334 1009 491 1074 satis
547 1006 935 1090 corruptelis
994 1027 1218 1072 sumus
1278 1004 1513 1084 dediti,
1571 1006 1798 1091 fugere
1855 1006 2055 1071 etiam
2101 1006 2283 1071 iubet

332 1115 559 1161 omnes
618 1092 987 1170 illecebrae,
1047 1112 1213 1175 quae
1259 1091 1577 1176 paulatim
1615 1113 1732 1157 nos
1775 1091 1859 1157 ad
1902 1091 2279 1158 societatem

329 1179 650 1246 scelerum
693 1177 1032 1244 inducant.
1090 1177 1224 1243 Sed
1270 1178 1427 1261 quia
1468 1187 1645 1244 recte
1688 1178 1996 1244 admonet
2032 1177 2280 1244 Paulus

330 1264 416 1353 (l.
461 1266 612 1331 Cor.
659 1264 734 1345 5,
796 1262 935 1350 10),
990 1265 1048 1329 si
1093 1263 1257 1328 nihil
1306 1264 1499 1330 liceat
1545 1263 1789 1329 habere
1833 1265 2083 1347 negotii
2127 1283 2277 1329 cum

331 1350 717 1430 incredulis,
791 1348 1159 1415 exeundum
1222 1371 1363 1415 esse
1419 1371 1459 1414 a
1516 1348 1794 1431 mundo,
1871 1350 2278 1434 distinguere

329 1437 637 1505 convenit
661 1437 833 1501 inter
868 1445 1242 1502 contractus
1278 1435 1389 1518 qui
1426 1457 1546 1501 nos
1583 1436 1975 1513 consociant,
2013 1445 2081 1503 et
2115 1435 2277 1501 alios

328 1524 434 1607 qui
463 1521 629 1588 nihil
652 1522 961 1587 minuunt
982 1544 1067 1587 ex
1090 1531 1316 1587 nostra
1339 1519 1658 1588 libertate.
1693 1520 2030 1603 Quamdiu
2057 1542 2273 1587 versa-

325 1630 479 1676 mur
537 1610 712 1687 inter
754 1607 1159 1683 incredulos,
1218 1608 1605 1674 commercia
1648 1628 1816 1690 quae
1859 1607 1941 1672 ad
1986 1627 2273 1673 commu-

326 1714 476 1760 nem
516 1696 722 1760 vitam
769 1701 1068 1777 spectant
1109 1693 1401 1778 effugere
1444 1715 1575 1759 non
1620 1712 1995 1777 possumus:
2046 1713 2272 1759 verum

324 1783 379 1847 si
436 1781 713 1864 propius
771 1779 1173 1859 accedimus,
1232 1790 1308 1845 ut
1348 1779 1502 1846 inde
1545 1782 1793 1845 oriatur
1841 1781 2047 1844 maior
2087 1780 2273 1843 fami-

322 1868 610 1948 liaritas,
690 1867 955 1931 ianuam
1030 1864 1505 1951 quodammodo
1570 1867 1902 1948 aperimus
1967 1864 2271 1931 Satanae.

321 1950 673 2020 Eiusmodi
706 1961 863 2018 sunt
905 1950 1166 2019 foedera
1206 1952 1379 2017 inter
1420 1972 1609 2035 reges
1653 1960 1722 2016 et
1763 1951 2055 2035 populos,
2100 1951 2276 2017 inter

367 2041 621 2106 rivatos
694 2038 993 2105 homines
1058 2038 1409 2105 connubia:
1493 2037 1766 2121 ideoque
1833 2037 1912 2101 de
1977 2038 2275 2119 utrisque

317 2060 537 2211 {egem
600 2124 752 2190 tulit
796 2124 1014 2190 Moses
1071 2125 1279 2191 veteri
1322 2124 1582 2208 populo.
1672 2124 1818 2189 Etsi
1864 2132 2081 2189 autem
2128 2144 2274 2190 nos-

317 2226 423 2277 tra
445 2210 735 2278 conditio
757 2209 950 2275 hodie
985 2209 1074 2281 sit
1106 2210 1388 2288 liberior,
1426 2230 1768 2275 monemur
1804 2216 2020 2274 tamen
2058 2208 2273 2274 vitan-

316 2295 437 2364 das
514 2318 663 2363 esse
717 2316 945 2361 omnes
1004 2295 1313 2375 insidias,
1381 2316 1813 2378 quaecunque
1871 2293 2024 2360 huic
2096 2295 2272 2360 malo

313 2385 730 2450 occasionem
790 2381 1063 2447 daturae
1118 2392 1357 2449 essent.
1449 2381 1645 2446 Viros
1693 2402 1966 2446 uxorum
2014 2379 2270 2445 blandi-

314 2471 424 2536 tiis
485 2470 701 2554 decipi
761 2468 961 2534 nimis
1019 2468 1293 2551 vulgare
1349 2477 1481 2545 est,
1541 2488 1804 2533 rursum
1867 2466 1990 2532 viri
2034 2488 2273 2533 uxores

311 2576 435 2639 pro
483 2575 610 2622 sua
653 2562 976 2638 potestate
1018 2563 1264 2637 cogunt
1309 2553 1391 2619 ad
1435 2553 1837 2636 obsequium.
1925 2552 2157 2636 Itaque
2200 2576 2270 2618 se

310 2641 507 2708 idolis
570 2641 852 2706 scientes
910 2649 977 2705 et
1018 2640 1315 2706 volentes
1361 2639 1688 2706 devovent
1730 2638 1841 2722 qui
1887 2660 1958 2705 se
2000 2637 2268 2703 idolola-

310 2727 433 2794 tris
469 2727 918 2794 commiscent.
978 2725 1060 2789 In
1097 2723 1464 2791 foederibus
1509 2725 1681 2791 idem
1723 2725 2074 2809 contingit:
2121 2725 2274 2808 quia

309 2814 519 2897 pudet
581 2834 711 2878 non
768 2811 1027 2896 aliquod
1087 2814 1351 2895 signum
1397 2810 1849 2878 observantiae
1892 2809 2064 2876 dare.
2153 2809 2271 2877 Sic

307 2899 376 2965 in
425 2899 716 2984 gratiam
761 2898 938 2983 regis
964 2895 1200 2983 Syriae
1243 2898 1454 2963 erexit
1479 2897 1697 2964 Acbaz
1739 2896 1946 2962 altare
1987 2897 2056 2962 in
2102 2904 2270 2962 tem-

306 2986 417 3071 plo
477 2984 896 3050 Damasceno
954 2983 1166 3049 simile
1222 2981 1309 3069 (2.
1358 2984 1521 3068 Reg.
1572 2984 1685 3063 16,
1734 2981 1861 3069 10).
1950 2981 2064 3050 Sic
2109 2981 2268 3047 dum

305 3071 679 3158 gratificari
728 3069 954 3137 volunt
974 3070 1204 3137 Iudaei
1228 3070 1540 3157 Assyriis,
1586 3092 1810 3135 eorum
1857 3067 2266 3153 superstitio·

301 3182 425 3226 nes
485 3157 730 3224 imitati
790 3167 963 3223 sunt.
1064 3157 1365 3240 Denique
1425 3156 1837 3224 rarissimum
1896 3167 1994 3221 est
2045 3176 2267 3220 exem-

303 3245 533 3330 plum,
598 3253 672 3309 ut
729 3241 904 3326 apud
949 3263 1059 3309 eos
1105 3244 1217 3326 qui
1262 3243 1614 3326 impiorum
1661 3243 1950 3307 favorem
2000 3251 2270 3325 captant

305 3331 667 3416 impolluta
721 3338 984 3396 maneat
1037 3328 1285 3413 religio.
1384 3327 1484 3394 Ac
1541 3349 1667 3411 quo
1725 3330 1938 3409 magis
1995 3327 2268 3393 sollicite

305 3439 382 3484 se
416 3419 494 3483 in
534 3415 754 3482 officio
787 3416 1185 3496 contineant,
1229 3415 1663 3480 denunciatur
1697 3414 1869 3497 quod
1915 3413 2053 3479 dixi
2099 3412 2268 3496 peri-

306 3504 562 3570 culum.
652 3501 920 3585 Alioqui
978 3501 1200 3566 statim
1258 3502 1328 3565 in
1383 3521 1495 3566 ore
1550 3500 1825 3567 fuissent
1872 3500 1995 3565 hae
2035 3520 2273 3581 excep-

306 3593 556 3667 tiones,
594 3587 897 3671 quamvis
931 3609 971 3653 a
1005 3607 1164 3652 vera
1198 3587 1438 3670 pietate
1474 3586 1823 3652 abhorreat
1857 3606 2043 3663 uxor,
2090 3584 2274 3651 stabo

303 3684 545 3743 tamen
604 3675 889 3758 integer:
950 3674 1254 3757 quamvis
1309 3693 1381 3739 se
1425 3672 1569 3739 Deo
1613 3693 1743 3738 non
1788 3671 2092 3738 subiiciat
2136 3692 2272 3737 ma-

307 3763 523 3846 ritus,
594 3780 931 3843 nunquam
1001 3771 1222 3825 tamen
1288 3779 1328 3823 a
1394 3766 1571 3825 recto
1633 3779 1827 3824 cursu
1895 3757 2269 3825 deflectam:

304 3848 625 3932 quamvis
681 3844 1029 3911 foederatis
1086 3844 1265 3911 cordi
1311 3866 1445 3911 non
1484 3845 1571 3911 sit
1612 3843 1877 3928 religi0,
1935 3843 2106 3929 apud
2153 3863 2274 3909 nos

305 3942 542 4000 tamen
591 3941 817 3997 sancte
859 3931 985 3996 coli
1027 3952 1158 3996 non
1203 3929 1474 3997 desinet.
1562 3930 1746 3995 Deus
1790 3949 1947 4014 ergo
1993 3939 2273 4012 tempes-

304 4020 453 4085 tive
514 4016 834 4097 occurrit,
893 4039 969 4084 ac
1012 4028 1212 4100 negat
1253 4027 1388 4094 tam
1432 4015 1728 4083 cordatos
1772 4016 1909 4081 fore
1953 4014 2037 4082 ad
2076 4016 2270 4081 resis-

303 4105 631 4183 tendum,
680 4101 794 4170 ubi
829 4102 1030 4169 semel
1068 4101 1428 4169 fenestram
1465 4102 1638 4168 malo
1673 4106 2070 4185 aperuerint.
2129 4101 2269 4167 Ad·-

305 4191 410 4257 dit
450 4190 662 4258 etiam
706 4188 884 4255 aliud
930 4189 1197 4267 malum,
1246 4186 1420 4271 quod
1462 4199 1640 4254 terra
1684 4209 1872 4254 sacra
1913 4187 2036 4253 hoc
2078 4186 2271 4253 modo

355 4275 797 4344 rofanabitur.
866 4274 1187 4356 Quamvis
1231 4275 1407 4340 enim
1449 4296 1520 4340 se
1563 4274 2021 4359 disiungerent
2056 4273 2267 4339 Israe-

302 4301 475 4430 fitae
525 4384 568 4429 a
609 4361 910 4445 gentium
955 4360 1418 4445 impietatibus,
1464 4361 1588 4427 hoc
1635 4374 1852 4425 tamen
1901 4358 2269 4426 excusabile

303 4473 447 4516 non
514 4456 693 4527 erat,
744 4446 875 4514 illis
933 4447 1313 4531 permittere
1373 4446 1606 4512 altaria
1652 4447 1724 4511 in
1765 4466 1842 4512 ea
1887 4446 2156 4529 regione
2198 4446 2269 4511 in

301 4558 446 4621 qua
494 4534 946 4602 sanctuarium
991 4534 1118 4599 sibi
1161 4533 1451 4618 elegerat
1492 4531 1696 4599 Deus.
1785 4530 2004 4598 Simul
2049 4544 2269 4598 tamen

302 4622 637 4688 admonet
672 4620 889 4685 Moses
935 4620 1048 4685 vix
1091 4622 1235 4685 fieri
1278 4640 1466 4704 posse
1510 4618 1667 4701 quin
1713 4618 2124 4701 participatio
2170 4617 2268 4682 Is-

304 4709 592 4774 raelitas
630 4725 886 4789 quoque
921 4707 1232 4773 involvat.
1291 4704 1489 4787 Quod
1524 4725 1679 4788 ergo
1718 4703 1903 4770 dicit:
1949 4704 2051 4770 Ne
2095 4723 2268 4769 scor-

304 4804 552 4860 tentur
608 4804 755 4876 post
811 4791 966 4857 deos
1026 4814 1203 4871 suos,
1266 4801 1334 4857 et
1391 4802 1456 4856 te
1511 4791 1827 4855 invitent:
1893 4790 1996 4854 his
2054 4789 2270 4855 verbis

301 4880 652 4965 significat
698 4878 1025 4944 Israelitas
1068 4878 1209 4943 fore
1250 4878 1433 4963 quasi
1476 4878 1775 4953 lenones,
1824 4876 1878 4941 si
1923 4885 2270 4960 praetextu

302 4963 635 5044 foederis,
705 4974 776 5030 et
832 4963 1152 5030 fovendae
1209 4962 1704 5030 benevolentiae
1775 4983 2002 5040 causa,
2072 4962 2275 5028 licen-

304 5053 480 5118 tiam
508 5050 869 5116 concedant
889 5051 1185 5134 gentium
1203 5048 1805 5133 superstitionibus:
1845 5046 2078 5114 deinde
2104 5049 2274 5114 hanc

302 5139 458 5204 fore
523 5137 892 5203 illecebram
949 5135 1219 5219 gravius
1279 5135 1622 5219 peccandi,
1668 5135 1822 5217 quia
1866 5135 2019 5199 dum
2066 5134 2269 5199 offen·

303 5224 576 5290 sionem
624 5231 953 5299 metuent,
1014 5244 1144 5286 non
1191 5221 1582 5288 recusabunt
1627 5223 1853 5286 venire
1900 5218 1981 5287 ad
2027 5220 2271 5303 epulas,

301 5333 347 5375 a
431 5327 526 5374 ue
581 5308 703 5375 hoc
748 5307 937 5374 modo
981 5308 1333 5391 participes
1378 5315 1574 5373 erunt
1619 5306 1909 5373 eiusdem
1953 5307 2268 5373 criminis.

301 5322 425 5462 ΑἫ
478 5394 752 5461 verbum
798 5406 930 5459 cst:
976 5394 1076 5459 Ne
1120 5393 1290 5460 forte
1333 5392 1660 5477 percutias
1707 5392 1946 5474 foedus,
1992 5403 2057 5458 et
2097 5414 2270 5459 scor-

1726 470 2241 550 SECUNDUM
2283 473 2932 543 PRAEOEP'PUM.

4203 477 4345 545 550

2388 662 2704 728 tabuntur
2764 672 2914 747 post
2958 663 3112 729 deos
3156 686 3341 743 suos,
3387 675 3455 730 et
3498 662 3960 731 sacrificabunt
4005 666 4130 730 diis
4174 666 4337 747 suis,

2385 758 2452 814 et
2495 749 2826 815 vocabunt
2868 759 2966 814 te:
3024 768 3190 833 quae
3238 750 3437 817 verba
3482 751 3575 817 sic
3619 751 3859 816 resolvi
3903 761 4181 835 possunt
4199 802 4214 828 ,
4258 761 4337 818 ut

2383 834 2713 917 pendeant
2785 857 2823 901 a
2887 837 3207 919 superiori
3274 835 3749 919 prohibitione:
3824 837 3888 903 N
3891 861 3926 902 e
3991 839 4337 923 contingat

2384 929 2723 1003 postquam
2770 925 3170 1004 percusseris
3213 923 3473 1001 foedus,
3525 932 3598 988 ut
3640 931 4009 988 scortentur
4054 932 4175 990 etc.
4220 923 4333 990 vel

2386 1007 2508 1071 hoc
2553 1006 2776 1072 modo:
2821 1006 3247 1091 Nequaquam
3297 1009 3623 1092 percutias
3666 1009 3913 1087 foedus,
3958 1009 4112 1092 quia
4156 1031 4333 1077 scor·

2380 1091 2696 1158 tabuntur
2755 1114 2905 1158 cum
2949 1092 3171 1174 idolis,
3216 1105 3278 1158 et
3325 1095 3434 1159 ubi
3479 1095 3800 1161 sacrificia
3843 1094 4218 1174 obtulerint,
4263 1108 4330 1161 te

2381 1178 2729 1244 vocabunt.
2818 1179 3067 1244 Eodem
3113 1190 3334 1245 tamen
3382 1179 3619 1245 redibit
3662 1200 3921 1247 sensus:
3968 1180 4123 1264 quia
4166 1181 4329 1248 duos

2382 1264 2695 1347 pessimos
2739 1264 2989 1330 fructus
3033 1264 3242 1331 illiciti
3289 1265 3566 1332 foederis
3611 1278 3941 1346 numerat,
3987 1266 4159 1349 quod
4201 1276 4332 1333 ter-

2380 1371 2523 1415 ram
2560 1350 2857 1433 polluent
2891 1350 3269 1416 incredulae
3304 1350 3458 1418 illae
3492 1361 3742 1437 gentes,
3785 1361 3852 1416 et
3894 1353 4328 1421 humanitatis

2378 1442 2729 1520 praetextu
2774 1436 3085 1519 populum
3133 1437 3260 1502 Dei
3304 1446 3747 1520 corrumpent.
3833 1437 3976 1504 Iam
4022 1459 4149 1521 quo
4192 1439 4330 1505 sint

2379 1523 2595 1606 magis
2639 1523 2892 1587 strenui
2934 1530 3001 1587 et
3044 1523 3322 1589 animosi
3366 1523 3445 1589 ad
3492 1524 3806 1602 officium,
3866 1524 4134 1590 additur
4179 1546 4325 1609 pro·

2378 1607 2637 1686 missin,
2704 1609 3004 1692 gentium
3063 1608 3326 1674 illarum
3386 1610 3522 1675 fore
3579 1608 3877 1675 victores.
3978 1611 4143 1675 Erat
4199 1609 4326 1678 hoc

2377 1692 2517 1758 fere
2548 1693 2950 1773 incredibile,
2994 1714 3196 1778 vagos
3231 1703 3300 1759 et
3334 1694 3593 1761 exsules
3629 1695 3816 1761 facile
3855 1704 3922 1761 et
3963 1697 4093 1761 cito
4136 1717 4328 1779 posse

2377 1787 2474 1844 tot
2506 1780 2884 1863 regionibus
2923 1782 3135 1862 potiri.
3193 1779 3691 1847 Dubitationem
3728 1801 3886 1866 ergo
3930 1781 4101 1847 tollit
4121 1783 4329 1864 Deus,

2376 1876 2570 1948 atque
2634 1867 2728 1930 ita
2792 1866 2975 1931 iubet
3032 1865 3368 1932 Israelitas
3434 1888 3551 1932 suo
3616 1867 3892 1950 imperio
3957 1888 4188 1950 parere
4252 1868 4325 1933 in

2375 1952 2559 2016 exitu
2626 1952 2766 2017 eius
2835 1951 3018 2031 belli,
3096 1951 3268 2035 quod
3334 1953 3473 2019 eius
3535 1953 3840 2036 auspiciis
3901 1954 4176 2018 feliciter
4251 1974 4325 2021 se

2375 2037 2655 2121 gessisse
2699 2038 3001 2103 sentient.
3070 2038 3178 2103 Ita
3214 2059 3357 2104 reos
3400 2037 3899 2124 ingratitudinis
3942 2040 4220 2124 peragit,
4265 2040 4326 2106 si

2375 2122 2530 2207 quid
2576 2124 2656 2188 de
2700 2124 2915 2209 rigore
2961 2145 3152 2208 quem
3256 2125 3528 2204 ostulat,
3594 2126 3926 2190 remittere
3983 2126 4127 2190 ausi
4182 2127 4322 2192 fue·

2375 2210 2543 2273 rint:
2603 2231 2680 2275 ac
2731 2211 2787 2276 si
2838 2209 3117 2276 diceret:
3275 2232 3429 2277 uum
3484 2230 3602 2277 vos
3646 2219 3711 2276 et
3755 2211 4195 2291 multitudine,
4256 2220 4326 2277 et

2374 2292 2623 2377 opibus,
2690 2305 2757 2360 et
2822 2295 3002 2361 omni
3066 2294 3300 2362 bellico
3367 2305 3687 2381 apparatu
3750 2296 3943 2380 longe
4008 2305 4325 2380 superent

2375 2391 2606 2466 gentes
2642 2382 2829 2458 istae,
2867 2394 3024 2448 tunc
3058 2381 3233 2447 clare
3263 2382 3513 2466 patebit
3538 2404 3650 2448 vos
3675 2404 3806 2447 non
3827 2384 4091 2466 proprio
4113 2391 4323 2450 marte

2373 2467 2631 2533 vicisse.
2698 2467 2862 2532 Plus
2886 2487 3083 2550 quam
3119 2488 3276 2551 ergo
3310 2469 3607 2552 iniquum
3644 2467 3831 2544 foret,
3871 2467 4112 2535 bellum
4150 2467 4322 2553 quod

2374 2575 2521 2618 meo
2579 2552 2774 2620 unius
2832 2552 3033 2619 ductu
3091 2560 3156 2618 et
3214 2575 3361 2619 mea
3417 2576 3619 2620 manu
3675 2553 4040 2620 confectum
4106 2555 4322 2635 fuerit,

2375 2659 2509 2704 non
2564 2659 2711 2705 meo
2766 2661 3019 2723 quoque
3075 2639 3345 2705 arbitrio
3406 2640 3615 2706 finiri:
3676 2661 3793 2706 vos
3847 2656 4071 2705 autem
4115 2640 4321 2707 victo·

2376 2726 2535 2801 riae,
2579 2746 2773 2808 quam
2819 2726 3031 2808 gratis
3071 2726 3477 2804 contulerim,
3522 2746 3665 2792 esse
3709 2724 4025 2791 dominos.
4131 2726 4324 2808 Quod

2374 2820 2593 2876 autem
2631 2833 2748 2876 sex
2786 2820 3044 2876 tantum
3080 2821 3310 2895 gentes
3344 2818 3691 2877 enumerat
3711 2811 3931 2877 Moses
3965 2811 4035 2877 in
4072 2811 4324 2892 Exodo,

2375 2897 2447 2961 in
2493 2896 3011 2962 Deuteronomio
3057 2904 3277 2962 autem
3324 2898 3669 2980 septimam
3714 2896 3926 2972 addit,
3998 2897 4184 2963 facile
4225 2896 4325 2963 di·

2374 2983 2583 3048 luitur
2640 2982 3110 3067 repugnantia:
3170 2980 3428 3065 quando
3483 3004 3675 3065 saepe
3743 2983 3845 3047 vel
3889 2981 4324 3049 Chananaeos

2376 3077 2656 3148 tantum,
2703 3070 2804 3135 vel
2832 3069 3271 3136 Amorrhaeos
3314 3070 3626 3150 nominat,
3672 3069 3793 3134 sub
3831 3069 4065 3153 quibus
4102 3083 4323 3136 tamen

2376 3157 2659 3239 reliquos
2702 3177 2928 3221 omnes
2973 3177 3088 3236 per
3132 3155 3585 3240 synecdochen
3631 3155 3955 3239 intelligit.

2549 3240 2910 3308 Deuteron.
2959 3241 3021 3321 Ί,
3065 3241 3124 3307 2.
3220 3240 3544 3307 Perdendo
3578 3242 3823 3322 perde-5.
3915 3240 4048 3322 Qui
4093 3243 4320 3307 existi-

2376 3341 2565 3392 mant
2618 3327 3069 3393 inhumaniter
3127 3326 3251 3393 hoc
3305 3327 3504 3392 fuisse
3559 3325 3978 3406 mandatum,
4046 3328 4323 3394 nimium

2374 3414 2542 3479 iuris
2585 3413 2707 3480 sibi
2754 3413 3083 3496 arripiunt
3122 3413 3190 3477 in
3237 3433 3387 3478 eum
3434 3412 3549 3495 qui
3593 3415 3882 3478 omnium
3944 3424 4047 3477 est
4104 3412 4319 3480 iudex.

2374 3501 2689 3583 Speciosa
2746 3498 3008 3582 quidem
3074 3498 3348 3565 obiectio
3425 3511 3525 3564 est
3549 3550 3564 3575 ,
3647 3498 3926 3563 absurde
4002 3499 4321 3582 populum

2374 3586 2505 3651 Dei
2547 3586 2755 3651 imbui
2799 3585 3102 3665 saevitia,
3162 3596 3236 3650 ut
3293 3605 3413 3668 per
3462 3596 3716 3669 strages
3775 3585 4080 3650 atrociter
4131 3606 4316 3669 gras-

2374 3670 2597 3748 sand0,
2636 3670 2803 3737 nulli
2830 3670 3042 3749 sexui,
3081 3670 3182 3736 vel
3221 3672 3421 3736 aetati
3457 3677 3771 3754 parceret.
3820 3667 3952 3736 Sed
3977 3671 4190 3753 primo
4227 3681 4325 3736 te·

2375 3757 2670 3823 nendum
2726 3765 2826 3824 est
2886 3756 3055 3841 quod
3098 3766 3323 3840 postea
3371 3755 3768 3822 videbimus:
3829 3777 4032 3839 quum
4079 3767 4325 3823 terram

2374 3844 2766 3910 destinasset
2807 3843 3047 3927 populo
3091 3864 3209 3908 suo
3252 3842 3452 3922 Deus,
3519 3842 3718 3907 fuisse
3760 3842 3830 3906 in
3876 3843 4017 3908 eius
4055 3843 4324 3909 arbitrio

2373 3930 2625 4015 priores
2676 3928 2928 3996 incolas
2983 3929 3246 4012 penitus
3302 3927 3549 4008 delere,
3609 3937 3687 3993 ut
3739 3928 3984 4012 populo
4036 3948 4157 3993 suo
4208 3950 4322 3994 va-

2372 4037 2498 4082 cua
2560 4024 2734 4082 esset
2796 4014 3140 4100 possessio,
3245 4015 3543 4100 Longius
3610 4013 3843 4079 deinde
3902 4014 4321 4098 progredien-

2373 4102 2566 4181 dum,
2632 4101 2785 4186 quia
2827 4101 3001 4167 iusta
3046 4122 3202 4167 suae
3247 4100 3573 4167 vindictae
3619 4099 3994 4166 testimonia
4048 4101 4115 4164 in
4173 4100 4320 4166 illas

2373 4196 2605 4272 gentes
2673 4195 2933 4255 exstare
3000 4186 3227 4253 voluit.
3335 4185 3858 4270 Quadringentis
3918 4193 4070 4251 ante
4128 4186 4322 4253 annis

2372 4274 2609 4339 merito
2649 4273 2829 4339 ultus
2865 4272 3097 4338 fuisset
3131 4271 3418 4356 plurima
3452 4293 3676 4337 earum
3721 4271 4001 4337 scelera:
4046 4293 4320 4355 suspen·

2372 4360 2561 4425 derat
2585 4368 2803 4425 tamen
2840 4357 3153 4425 iudicium
3190 4379 3401 4435 suum,
3449 4366 3518 4424 et
3552 4357 3876 4440 patienter
3912 4378 4021 4421 eas
4059 4357 4319 4439 tulerat,

2372 4448 2429 4511 si
2467 4447 2629 4511 forte
2667 4444 3138 4528 resipiscerent.
3227 4444 3403 4510 Nota
3452 4454 3550 4509 est
3595 4443 3709 4508 illa
3743 4444 4097 4508 sententia:
4146 4443 4325 4509 Non·

2373 4531 2530 4597 dum
2576 4531 2938 4613 completae
2961 4536 3118 4596 sunt
3138 4530 3516 4613 iniquitates
3537 4527 4091 4594 Amorrhaeorum
4146 4529 4317 4595 Gen.

2374 4618 2476 4696 15,
2516 4617 2645 4704 16).
2690 4618 3046 4700 Postquam
3071 4616 3346 4682 saeculis
3368 4624 3650 4699 quatuor
3684 4613 3781 4678 illi
3804 4615 4094 4698 signovit
4182 4637 4318 4695 eus,

2372 4715 2442 4770 et
2486 4704 2645 4768 haec
2688 4702 3036 4769 clementia
3080 4703 3268 4767 auxit
3312 4700 3415 4768 vel
3459 4697 3798 4766 audaciam
3850 4700 3961 4765 vel
4008 4700 4320 4783 furorem,

2371 4804 2448 4856 ut
2482 4792 2648 4855 iram
2686 4790 2824 4855 eius
2866 4809 3216 4871 provocare
3252 4808 3382 4852 non
3415 4785 3822 4854 destiterint:
3884 4794 4058 4854 certe
4092 4789 4321 4853 crude-

2372 4877 2524 4942 litas
2553 4897 2685 4941 non
2707 4874 2851 4951 fuit,
2877 4895 3120 4957 poenae
3143 4873 3467 4958 gravitate
3489 4893 3739 4939 moram
3766 4893 4061 4956 pensare.
4101 4875 4321 4956 Atque

2373 4964 2483 5027 hic
2517 4969 2788 5046 apparet
2830 4959 3020 5026 foeda
3055 4970 3120 5025 et
3142 4959 3543 5025 detestabilis
3578 4959 3851 5024 humani
3890 4958 4139 5042 ingenii
4175 4978 4320 5041 per-

2374 5050 2675 5113 versitas.
2712 5046 2861 5112 Nisi
2896 5045 3122 5112 statim
3145 5045 3470 5123 fulminet,
3508 5045 3957 5130 indignamur:
3995 5044 4050 5108 si
4073 5064 4318 5126 poenas

2374 5134 2625 5210 differt,
2674 5153 2825 5198 eum
2871 5132 3176 5216 ignaviae
3221 5153 3296 5197 ac
3338 5131 3667 5197 tarditatis
3712 5128 4053 5197 insimulat
4099 5129 4321 5195 fervor

2372 5230 2627 5286 noster:
2658 5220 2769 5284 ubi
2792 5239 3020 5283 rursus
3043 5217 3258 5301 prodit
3279 5218 3348 5281 in
3384 5216 3672 5282 medium
3699 5216 3943 5282 vindex
3980 5215 4319 5296 scelerum,

2375 5308 2479 5373 vel
2526 5304 2851 5373 crudelem
2901 5324 3228 5383 vocamus,
3276 5303 3377 5369 vel
3422 5304 3655 5369 saltem
3699 5301 4134 5385 obstrepimus
4177 5302 4324 5368 eius

2374 5392 2727 5461 severitati.
2805 5390 3009 5474 Atqui
3053 5411 3311 5474 semper
3352 5411 3503 5455 eum
3547 5388 3841 5454 absolvet
3885 5408 4006 5453 sua
4048 5387 4325 5469 iustitia,

3804 5488 3905 5543 35*
