4867 6150
581 402 711 467 623

580 593 773 679 quale
819 588 1022 658 Stoici
1069 590 1435 656 finxerunt:
1531 589 1641 654 uia
1682 587 1862 656 aliud
1905 594 2040 668 est,
2086 609 2253 672 quae
2295 609 2414 672 per
2459 607 2531 654 se

580 679 903 747 inclinant
958 675 1027 740 in
1089 675 1309 743 varios
1368 683 1435 740 et
1537 675 1719 742 ubios
1764 683 2041 741 eventus
2089 674 2282 759 dirigi
2328 694 2533 740 manu

580 766 712 832 Dei
772 782 1155 847 quocunque
1211 761 1527 841 voluerit,
1600 758 1776 827 aliud
1836 781 2021 841 vero,
2076 759 2532 826 necessitatem

583 848 908 919 dominari
964 867 1050 913 ex
1103 856 1420 932 perpetuo
1477 866 1822 914 causarum
1880 845 2256 930 complexu,
2333 844 2534 929 idque

581 937 729 1004 Deo
799 934 1211 1002 connivente.
1313 932 1459 998 Imo
1536 933 1704 998 nihil
1776 934 1987 1019 magis
2044 932 2375 998 diversum
2434 938 2535 998 est

584 1044 781 1109 quam
836 1021 1054 1086 Deum
1115 1018 1289 1085 trahi
1343 1026 1409 1085 et
1464 1018 1612 1102 rapi
1665 1019 1852 1085 fatali
1914 1028 2126 1098 motu,
2193 1027 2260 1083 et
2311 1018 2536 1083 omnia

584 1117 782 1194 prout
846 1107 1063 1172 visum
1125 1115 1227 1171 est
1285 1112 1672 1186 temperare.
1772 1103 1995 1171 Altius
2054 1103 2163 1170 hic
2222 1124 2372 1171 cum
2417 1102 2531 1169 Iu-

586 1195 764 1263 daeis
808 1191 1260 1278 philosophari
1304 1189 1472 1275 nihil
1515 1193 1784 1269 attinet,
1832 1211 1962 1256 non
2008 1190 2169 1256 alios
2213 1188 2405 1257 obiici
2450 1187 2535 1254 ad

583 1290 862 1349 mortem
928 1278 1054 1343 nisi
1117 1277 1188 1342 in
1252 1277 1489 1361 quibus
1554 1274 1741 1344 Deus
1803 1276 2203 1343 occasionem
2269 1276 2532 1359 reperit.

587 1367 861 1436 Certum
914 1362 1178 1447 quidem
1235 1371 1335 1428 est
1381 1363 1524 1429 Deo
1569 1383 1828 1447 semper
1872 1370 2173 1429 constare
2215 1362 2536 1446 optimam

583 1451 841 1522 consilii
900 1454 1002 1517 sui
1060 1450 1415 1516 rationem:
1471 1447 1585 1515 sed
1645 1448 1800 1514 inde
1859 1468 2202 1532 perperam
2261 1447 2535 1512 eliciunt

586 1561 760 1607 noxa
794 1536 1014 1622 aliqua
1049 1557 1190 1602 esse
1224 1533 1577 1619 implicitos
1612 1534 1723 1619 qui
1746 1536 1890 1601 Deo
1924 1532 2088 1599 duce
2131 1531 2214 1598 ad
2254 1543 2532 1600 mortem

586 1632 963 1694 occurrunt.
1051 1620 1192 1690 Nec
1251 1641 1407 1687 vero
1464 1620 1522 1686 si
1567 1620 1749 1687 Deus
1807 1621 2140 1687 hominem
2184 1617 2532 1685 innoxium

586 1712 776 1779 tollat
833 1731 869 1775 e
910 1707 1154 1786 medio,
1212 1708 1311 1772 fas
1353 1715 1455 1773 est
1498 1707 1904 1792 obstrepere,
1948 1727 2025 1774 ac
2067 1705 2124 1772 si
2168 1704 2349 1771 nulla
2393 1704 2533 1772 eius

587 1804 762 1865 esset
798 1794 1073 1873 iustitia,
1109 1792 1263 1877 quia
1297 1792 1486 1861 nobis
1521 1792 1903 1860 abscondita
1935 1800 2055 1873 est,
2099 1800 2296 1876 atque
2333 1791 2534 1856 etiam

584 1877 1281 1967 incomprehensibilis.

760 1968 860 2034 14.
918 1965 1036 2031 Sin
1099 1985 1238 2031 vero
1290 1964 1651 2034 insultando
1701 1985 1768 2032 se
1824 1964 2128 2030 extulerit.
2165 2021 2178 2032 .
2234 1962 2536 2029 Diversis

582 2054 795 2123 modis
852 2074 990 2120 rem
1049 2071 1249 2118 unam
1296 2050 1643 2136 exprimit:
1697 2051 1820 2118 etsi
1864 2050 2041 2115 enim
2086 2047 2425 2135 superbire
2468 2058 2538 2112 et

581 2140 879 2209 insidiari
923 2137 1116 2222 longe
1160 2136 1491 2217 differunt,
1536 2144 1888 2220 utrumque
1932 2143 2154 2202 tamen
2189 2135 2407 2201 Moses
2453 2131 2538 2199 ad

580 2227 849 2296 caedem
905 2224 1338 2291 voluntariam
1391 2221 1862 2290 accommodat:
1907 2222 2059 2305 quia
2102 2241 2222 2305 per
2266 2217 2535 2287 insidias

583 2312 894 2397 intelligit
972 2331 1248 2395 pravum
1328 2308 1609 2376 nocendi
1689 2308 2032 2375 affectum:
2112 2304 2534 2389 superbiendi

583 2407 805 2467 autem
844 2415 1002 2465 voce
1039 2393 1306 2461 denotat
1341 2395 1707 2462 violentum
1740 2393 2084 2473 insultum,
2127 2392 2237 2459 ubi
2272 2413 2344 2457 se
2384 2391 2534 2458 odio

584 2486 735 2570 quis
777 2485 851 2549 in
897 2482 1098 2547 alium
1142 2481 1517 2565 petulanter
1562 2480 1771 2546 effert.
1838 2480 1929 2546 Et
1972 2487 2150 2546 certe
2195 2477 2530 2544 truculen-

584 2573 684 2637 tia
741 2577 808 2636 et
869 2568 1000 2644 vis,
1061 2578 1125 2632 et
1183 2567 1514 2650 quaelibet
1569 2565 1849 2633 saevitia
1893 2564 2170 2649 superba
2215 2574 2332 2639 est,
2380 2563 2535 2647 quia

587 2656 718 2723 nisi
771 2654 918 2739 quis
976 2654 1246 2719 fratrem
1305 2675 1497 2719 suum
1555 2651 1670 2717 des
1720 2652 1952 2730 iceret,
2016 2672 2143 2716 non
2200 2650 2535 2715 hostiliter

585 2740 1071 2828 aggrederetur.
1153 2738 1297 2805 Iam
1344 2760 1425 2805 ne
1482 2737 1668 2805 caedi
1714 2760 1789 2804 us
1833 2736 2049 2804 dando
2091 2737 2356 2802 veniam
2401 2750 2533 2800 ter-

585 2851 727 2895 ram
766 2825 1078 2912 polluant,
1117 2823 1301 2891 iubet
1322 2824 1507 2892 Deus
1539 2824 1623 2891 ab
1658 2823 1853 2889 altari
1886 2843 2141 2907 quoque
2173 2842 2295 2888 suo
2338 2820 2535 2889 avelli

583 2910 981 2981 homicidas:
1017 2911 1251 2995 quibus
1291 2910 1504 2977 verbis
1540 2911 1868 2996 significat
1903 2917 2039 2975 tam
2077 2908 2302 2973 divino
2382 2927 2534 2973 uam

583 3000 876 3067 humano
940 2996 1187 3064 auxilio
1251 3017 1394 3063 esse
1458 2996 1782 3083 indignos.
1885 2995 2060 3062 Nam
2125 2993 2251 3061 etsi
2309 3014 2348 3059 a
2373 2993 2535 3060 taris

585 3087 902 3154 sanctitas
946 3084 1026 3151 ad
1072 3104 1183 3150 eos
1226 3084 1339 3168 qui
1383 3105 1499 3167 per
1541 3083 2052 3168 imprudentiam
2096 3081 2202 3148 vel
2246 3102 2534 3147 errorem

588 3172 997 3257 deliquerant
1052 3169 1482 3255 protegendos
1542 3169 1803 3254 asylum
1847 3189 1990 3236 esse
2033 3167 2247 3252 potuit
2263 3218 2277 3245 ,
2331 3166 2533 3234 scele-

588 3280 739 3325 rum
775 3266 996 3324 tamen
1032 3255 1393 3340 impunitas
1429 3254 1579 3321 inde
1617 3256 1784 3321 male
1828 3263 2088 3340 captata
2131 3264 2337 3322 esset:
2383 3252 2538 3336 quia

588 3344 717 3412 hoc
769 3342 963 3409 modo
1020 3362 1411 3410 conversum
1467 3341 1699 3409 fuisset
1754 3342 2202 3408 sanctuarium
2259 3341 2329 3405 in
2387 3359 2536 3423 spe-

586 3429 856 3496 luncam
911 3428 1239 3493 latronum
1259 3478 1273 3505 ,
1336 3436 1402 3492 et
1460 3427 1686 3494 foedae
1742 3426 2186 3510 profanationi
2244 3424 2538 3492 subiecta

589 3517 821 3582 fuisset
874 3514 1122 3598 religio.
1212 3512 1542 3595 Quamvis
1585 3534 1743 3597 ergo
1799 3512 2104 3580 scelerati
2145 3512 2352 3579 altare
2373 3532 2538 3578 ›am-

590 3602 767 3686 plexi
826 3621 1016 3685 opem
1063 3599 1187 3666 Dei
1240 3598 1627 3682 implorent,
1680 3600 1860 3667 iubet
1918 3600 2026 3665 lex
2081 3618 2195 3665 eos
2246 3598 2399 3664 inde
2454 3595 2539 3662 ad

588 3707 871 3773 poenam
922 3706 997 3751 ra
1041 3685 1100 3765 i,
1155 3686 1308 3768 quia
1351 3683 1695 3770 indignum
1743 3688 1831 3753 sit
1873 3707 2057 3753 sacro
2103 3684 2230 3750 Dei
2273 3684 2539 3750 nomine

591 3774 674 3839 ad
733 3793 975 3857 peccan
1021 3772 1044 3837 i
1102 3770 1434 3837 licentiam
1494 3771 1696 3838 abuti.
1787 3770 1982 3839 Unde
2027 3783 2299 3856 apparet
2341 3789 2539 3852 quam

587 3858 788 3927 stulte
825 3857 980 3925 olim
1027 3856 1274 3943 templa
1315 3858 1537 3922 ornari
1627 3857 1895 3936 utarint,
1948 3878 2148 3942 quum
2194 3856 2381 3940 asyla
2424 3858 2538 3921 fie-

588 3954 736 4012 rent
789 3941 1086 4012 fovendis
1139 3942 1496 4009 maleficiis.
1644 3964 1755 4009 um
1803 3953 1942 4010 tum
1998 3943 2063 4008 id
2109 3943 2367 4026 quidem
2414 3941 2543 4007 fuit

588 4056 674 4098 ex
729 4037 993 4114 recepto
1051 4029 1346 4115 gentium
1405 4050 1615 4108 more,
1676 4051 1746 4094 se
1849 4029 2037 4095 fatua
2080 4029 2538 4108 aemulatione,

589 4138 791 4201 quum
834 4117 1051 4182 Deum
1111 4115 1303 4182 idolis
1361 4116 1428 4179 in
1490 4113 1859 4181 adulterino
1918 4114 2102 4182 cultu
2156 4114 2535 4181 miscerent:

589 4221 967 4287 quanquam
1023 4200 1201 4268 idola
1254 4222 1378 4266 sua
1434 4201 1681 4268 castius
1741 4212 1805 4266 et
1863 4202 2090 4283 purius
2148 4200 2424 4284 gentiles
2468 4203 2534 4268 in

590 4288 713 4355 hac
769 4299 950 4372 parte
1005 4308 1202 4371 qnam
1261 4286 1622 4353 Christiani
1679 4286 1898 4352 Deum
1955 4287 2316 4353 coluerunt.
2399 4287 2536 4353 Im·

589 4375 731 4457 pios
775 4373 951 4439 enim
996 4385 1058 4438 et
1105 4373 1458 4458 sacrilegos
1502 4383 1568 4438 et
1611 4374 1902 4455 impuros
1947 4394 1987 4437 a
2028 4373 2172 4437 iure
2218 4372 2387 4458 asyli
2431 4393 2537 4438 ar·

584 4457 856 4537 cebant,
911 4469 988 4524 ut
1045 4480 1128 4525 ne
1171 4459 1363 4526 Persi
1402 4458 1666 4542 quidem
1713 4459 1852 4544 regi
1896 4457 2331 4525 Macedonum
2374 4459 2535 4526 late-

588 4544 710 4610 bra
752 4543 822 4608 in
866 4544 1105 4626 templo
1153 4544 1661 4612 Samothracum
1708 4555 1849 4610 tuta
1892 4543 2115 4610 fuerit.
2188 4542 2339 4610 Vox
2385 4567 2536 4630 pro-

588 4632 726 4696 fani
786 4629 1069 4696 hominis
1131 4633 1411 4698 refertur
1467 4630 1639 4715 apud
1684 4632 1991 4698 Livium:
2051 4629 2276 4712 Quum
2323 4633 2539 4700 omnis

588 4716 905 4801 praefatio
964 4737 1297 4783 sacrorum
1340 4740 1449 4784 eos
1494 4719 1728 4801 quibus
1775 4739 1906 4783 non
1951 4726 2107 4783 sunt
2151 4737 2353 4800 purae
2400 4739 2539 4785 ma-

590 4825 717 4869 nus
753 4801 956 4869 sacris
993 4814 1228 4881 arceat,
1271 4825 1388 4869 vos
1436 4804 1798 4887 penetralia
1845 4811 2068 4869 vestra
2109 4805 2540 4872 contaminari

589 4901 863 4956 cruento
922 4887 1197 4953 latronis
1250 4910 1520 4973 corpore
1563 4889 1846 4956 sinetis?
1914 4888 2174 4955 Pudeat
2216 4910 2372 4975 ergo
2418 4912 2540 4959 nos

592 4973 1038 5043 venerationis
1087 4983 1428 5056 praetextu
1471 4977 1714 5059 templa
1759 4974 2068 5059 polluere.

769 5061 868 5126 18.
933 5061 1109 5143 Quod
1166 5061 1226 5126 si
1281 5062 1499 5127 rixati.
1590 5062 1719 5129 Hic
1774 5061 2153 5128 verberibus
2212 5070 2277 5128 et
2327 5064 2541 5148 plagis

592 5148 908 5213 statuitur
964 5147 1128 5212 levis
1189 5166 1425 5229 poena,
1484 5157 1548 5211 et
1607 5168 1776 5230 quae
1817 5147 2304 5214 irritamentum
2349 5161 2538 5234 pctu-

593 5233 838 5299 lantiae
897 5232 1209 5317 improbis
1267 5252 1410 5298 esse
1471 5233 1700 5315 potuit.
1790 5231 2012 5314 Quum
2058 5232 2400 5300 duodecim
2449 5246 2541 5300 ta-

596 5318 788 5384 bulae
847 5320 1159 5385 iniustam
1214 5318 1648 5403 pulsationem
1711 5318 2228 5403 vigintiquinque
2285 5322 2538 5388 assibus

2052 398 2439 468 SEXTUM
2482 399 3134 470 PRAEOEPTUM.

4445 402 4558 468 624

2635 589 3061 669 mulctarent,
3126 599 3425 676 repertus
3479 598 3579 657 est
3638 590 3889 656 Lucius
3943 589 4210 673 quidam
4263 591 4556 675 Neratius,

2636 674 2750 758 qui
2817 674 3037 741 lusum
3102 698 3189 742 ex
3248 676 3586 759 protervia
3642 660 3922 756 faciens,
3998 676 4307 762 colaphos
4373 679 4559 749 obviis

2636 758 3128 845 quibuscunque
3170 762 3470 849 infligere
3515 784 3650 828 non
3696 760 4037 829 dubitabat
4053 813 4069 841 ,
4127 783 4282 828 mox
4322 764 4561 833 iubebat

2637 867 2816 914 asses
2870 849 3203 914 numerari
3261 869 3300 914 a
3355 869 3579 916 servo:
3654 856 3726 912 ut
3787 847 4051 914 tandem
4107 849 4314 915 satius
4369 851 4561 918 visum

2635 932 2838 999 fuerit
2875 933 2938 1000 le
2986 955 3091 1000 em
3136 934 3539 1002 obsolescere
3584 954 3777 1018 quam
3824 954 3968 1000 esse
4011 933 4312 1000 ludibrio.
4396 934 4563 1005 Idem

2635 1018 2812 1121 apud
2855 1017 2935 1086 Iu
2981 1041 3131 1087 aeos
3175 1020 3362 1088 facile
3401 1021 3780 1105 contingere
3823 1020 4066 1102 potuit,
4122 1021 4237 1086 ubi
4280 1020 4394 1105 qui
4429 1043 4566 1107 pro-

2637 1126 2893 1172 ximum
2975 1105 3000 1170 l
3091 1107 3105 1120 “
3179 1106 3509 1174 afflixerat
3542 1119 3617 1171 ut
3649 1106 3720 1172 in
3754 1106 3920 1172 lecto
3955 1105 4392 1184 decumberet,
4433 1119 4567 1174 tan·

2639 1198 2783 1257 tum
2857 1212 2932 1257 so
2959 1213 3042 1259 ve
3087 1200 3156 1258 at
3208 1192 3377 1278 quod
3437 1193 3638 1258 miser
3690 1193 4101 1274 impenderat
4152 1194 4406 1278 corpori
4461 1215 4569 1262 suo

2637 1275 2950 1344 curando.
3039 1277 3207 1360 Quis
3264 1279 3441 1344 enim
3502 1276 3624 1344 hae
3668 1276 3967 1345 mercede
4011 1298 4148 1345 non
4195 1278 4467 1346 libenter
4503 1302 4570 1345 se

2639 1363 2922 1431 oblectet
2979 1365 3471 1457 prosternendis
3528 1364 3842 1443 inimicis,
3900 1372 3973 1428 ut
4030 1385 4141 1431 eos
4185 1364 4470 1432 iacentes
4505 1367 4569 1433 iu

2637 1449 2809 1517 lecto
2852 1449 3033 1515 alat?
3079 1450 3215 1518 Sed
3261 1451 3548 1516 tenenda
3591 1460 3690 1515 est
3734 1448 3985 1517 Christi
4030 1450 4380 1531 sententia,
4422 1473 4569 1535 que·

2637 1535 2819 1601 niam
2883 1536 3247 1620 praefracto
3311 1546 3503 1603 erant
3567 1536 3831 1619 ingenio
3872 1534 4135 1617 Iudaei,
4203 1535 4415 1603 multa
4454 1537 4573 1604 illis

2639 1630 2907 1706 propter
2939 1620 3248 1689 duritiem
3284 1644 3591 1690 concessa
3629 1642 3793 1701 esse,
3839 1623 3908 1686 in
3952 1622 4189 1703 quibus
4233 1644 4572 1689 numeran-

2639 1707 2725 1774 da
2759 1717 2860 1775 est
2904 1708 3067 1776 haec
3109 1707 3525 1794 indulgentia
3544 1707 3766 1794 (Matt.
3816 1706 3917 1786 19,
3965 1708 4005 1773 7
4029 1721 4095 1773 et
4116 1707 4305 1796 par.).
4359 1707 4573 1791 Quan-

2638 1814 2835 1878 quam
2874 1793 3136 1860 videtur
3170 1794 3507 1861 remissius
3534 1793 3748 1878 egisse
3770 1792 3955 1859 Deus
3990 1815 4136 1860 cum
4176 1815 4254 1860 eo
4296 1796 4408 1879 qui
4440 1816 4572 1878 per·

2638 1889 2964 1959 cesserat,
3026 1889 3103 1946 ut
3140 1879 3419 1947 alterum
3464 1880 3818 1964 castigaret
3861 1879 3974 1964 qui
4019 1880 4575 1948 viribusdebilior

2639 1977 2884 2033 temere
2921 1965 3343 2033 descenderat
3377 1968 3446 2032 in
3483 1974 3849 2033 certamen:
3894 1965 4085 2033 ambo
4125 1967 4308 2032 enim
4345 1968 4575 2052 pariter

2638 2052 2720 2119 ob
2759 2052 2891 2119 vim
2926 2052 3170 2118 iniuste
3203 2050 3455 2118 illatam
3499 2050 3832 2136 puniendi.
3897 2051 4130 2136 Aequa
4170 2052 4381 2137 igitur
4422 2053 4574 2119 utri-

2639 2158 2766 2222 que
2788 2138 2933 2204 fieri
2956 2138 3214 2205 videtur
3236 2138 3551 2217 remissio,
3595 2137 3751 2203 dum
3789 2158 4097 2221 percusso
4139 2138 4408 2222 privata
4447 2150 4576 2205 tan-

2640 2230 2783 2290 tum
2841 2224 3095 2291 iactura
3138 2233 3471 2308 pensatur.
3560 2222 3756 2305 Quod
3802 2231 4025 2290 autem
4063 2223 4245 2309 leges
4292 2224 4574 2308 politicas

2641 2310 2826 2377 Deus
2861 2309 2944 2377 ad
2980 2308 3250 2377 solidam
3283 2308 3752 2395 perfectionem
3801 2330 3928 2375 non
3975 2311 4214 2394 exegit,
4264 2310 4391 2377 hac
4430 2311 4573 2378 faci·

2638 2395 2822 2462 litate
2879 2417 3234 2481 coarguere
3291 2396 3502 2462 voluit
3556 2394 3782 2481 populi
3840 2396 4358 2475 contumaciam,
4423 2417 4573 2481 quae

2642 2504 2724 2548 ne
2763 2482 3101 2549 moderato
3144 2480 3404 2565 quidem
3448 2482 3580 2549 iuri
3622 2503 3854 2566 parere
3898 2481 4233 2548 sustinuit.
4320 2481 4575 2566 Quoties

2639 2589 2796 2653 ergo
2841 2568 3104 2634 videtur
3148 2569 3333 2635 Deus
3377 2569 3577 2636 nimis
3622 2567 3980 2633 clementer
4025 2579 4093 2634 et
4139 2568 4327 2636 lente
4371 2569 4574 2655 ignos-

2638 2674 2814 2732 cere,
2868 2654 3098 2720 veniat
3141 2654 3326 2721 nobis
3370 2653 3443 2720 in
3484 2662 3806 2731 mentem,
3853 2654 4070 2740 ipsum
4116 2654 4465 2722 deflexisse
4503 2654 4573 2722 ab

2637 2741 2885 2889 optinlia
2928 2741 3185 2825 regula,
3244 2740 3399 2824 quia
3441 2740 3781 2826 negotium
3828 2749 3970 2805 erat
4012 2759 4160 2806 cum
4207 2740 4576 2808 indomabili

2636 2847 2814 2911 popu
2840 2848 2897 2892 o.

2810 2913 2914 2979 20.
2967 2911 3136 2994 Quin
3176 2912 3566 2995 percusserit
3615 2931 3881 2978 servum,
3971 2910 4298 2995 Quamvis
4359 2933 4576 2980 secun·

2639 2998 2797 3065 dum
2837 2996 3132 3064 ordinem
3169 2997 3508 3083 politicum
3543 2996 3740 3082 longe
3777 2997 4087 3064 differant
4129 2998 4309 3066 servi
4353 3018 4394 3063 a
4432 2997 4575 3065 libe·

2637 3085 2766 3152 ris:
2834 3087 3016 3174 Deus
3081 3094 3303 3151 tamen
3360 3093 3437 3151 ut
3492 3083 3801 3151 ostendat
3850 3104 4070 3151 caram
4127 3093 4194 3150 et
4238 3085 4576 3169 pretiosam

2640 3172 2763 3239 sibi
2823 3193 2965 3238 esse
3018 3169 3362 3238 hominum
3420 3171 3623 3236 vitam
3643 3221 3659 3249 ,
3716 3191 4032 3255 personas
4086 3170 4156 3236 in
4215 3170 4416 3238 caede
4455 3191 4576 3237 non

2644 3257 2942 3342 respicit:
2998 3256 3111 3322 sed
3155 3255 3430 3340 perinde
3472 3256 3810 3324 ulciscitur
3850 3256 4031 3323 servi
4072 3265 4360 3324 mortem
4399 3264 4577 3341 atque

2639 3343 2929 3410 hominis
2965 3342 3173 3422 liberi,
3216 3343 3271 3409 si
3307 3341 3572 3426 quidem
3615 3364 3652 3407 r
3737 3351 3887 3409 ente
3930 3364 4015 3409 ex
4059 3341 4339 3410 vulnere
4383 3342 4576 3428 perie-

2641 3430 2748 3495 rit.
2818 3430 2906 3494 Et
2948 3448 3104 3495 sane
3148 3427 3431 3494 dominis
3471 3448 3669 3496 conce
3714 3450 3824 3496 ere
3868 3437 4266 3513 potestatem
4310 3430 4483 3496 vitae
4520 3432 4578 3493 et

2642 3515 2844 3594 neeis,
2889 3513 3198 3581 immanis
3233 3515 3358 3580 fuit
3390 3513 3723 3582 barbaries
3746 3513 3919 3598 apud
3940 3515 4282 3583 Romanos
4317 3525 4387 3582 et
4427 3514 4573 3580 alias

2689 3614 2905 3668 entes:
2952 3610 3019 3667 et
3053 3599 3379 3668 sanctiore
3424 3600 3688 3668 vinculo
3732 3601 3907 3666 inter
3949 3621 4023 3668 se
4059 3602 4396 3670 coniuncti
4437 3606 4575 3668 sunt

2639 3625 2945 3754 {omines
2999 3707 3195 3770 quam
3249 3698 3323 3752 ut
3368 3683 3631 3752 domino
3675 3686 3869 3752 liceat
3914 3688 4227 3753 miserum
4273 3686 4574 3772 mancipi·

2643 3796 2754 3839 um
2814 3773 3081 3856 impune
3135 3774 3521 3839 interficere.
3611 3772 3843 3857 Neque
3884 3773 4062 3839 enim
4108 3773 4218 3840 alii
4266 3776 4362 3841 sic
4403 3792 4573 3857 prae·

2641 3872 2821 3927 sunt„
2842 3860 2989 3926 aliis
3032 3868 3106 3925 ut
3151 3858 3569 3943 tyrannidem
3616 3859 3719 3925 vel
3763 3858 4181 3926 latrocinium
4219 3865 4571 3934 exerceant.

2642 3968 2763 4014 nec
2822 3945 2962 4012 ulla
3026 3944 3193 4011 ratio
3255 3945 3503 4029 patitur
3574 3958 3644 4010 ut
3700 3945 3996 4028 privatus
4060 3946 4409 4029 quisquam
4481 3944 4570 4009 ius

2642 4031 2842 4116 gladii
2912 4030 3039 4098 sibi
3096 4031 3386 4114 arripiat.
3489 4029 3578 4096 Et
3633 4032 3933 4116 quamvis
3986 4031 4244 4116 legibus
4304 4029 4573 4096 romanis

2641 4140 2773 4183 non
2831 4117 3029 4183 fuerit
3079 4114 3183 4202 (ut
3225 4137 3346 4202 par
3391 4114 3558 4203 erat)
3599 4116 3884 4183 cohibita
3926 4117 4173 4184 iniusta
4216 4114 4572 4191 crudelitas,

2642 4203 2921 4270 confessi
2980 4212 3204 4267 tamen
3263 4212 3419 4269 sunt
3478 4202 3794 4268 utendum
3852 4203 4064 4269 servis
4109 4224 4252 4270 esse
4298 4213 4376 4269 ut
4418 4221 4571 4267 mer·

2641 4289 2943 4357 cenariis.
3031 4288 3283 4354 Verum
3345 4309 3513 4371 quae
3568 4310 3720 4355 mox
3779 4289 4078 4373 sequitur
4134 4289 4433 4374 exceptio
4487 4286 4571 4351 vi-

2642 4374 2834 4441 detur
2887 4396 3018 4440 non
3077 4374 3238 4441 satis
3297 4394 3685 4459 congruere,
3746 4376 3903 4458 quia
3958 4374 4014 4440 si
4072 4394 4306 4442 servus
4366 4372 4570 4459 paula·

2641 4462 2768 4527 tim
2826 4469 3121 4527 mortuus
3179 4459 3407 4539 fuerit,
3452 4459 3668 4527 caedis
3711 4480 3924 4544 poena
3967 4460 4362 4527 remittitur:
4406 4455 4567 4542 atqui

2642 4569 2838 4631 saepe
2872 4553 3239 4632 praestaret
3272 4568 3404 4613 uno
3439 4546 3715 4613 vulnere
3752 4547 3973 4613 statim
4010 4545 4353 4613 concidere
4395 4563 4567 4632 quam

2644 4634 2958 4700 diuturno
3012 4632 3334 4718 languore
3392 4633 3641 4700 confici.
3731 4634 3975 4701 Contin
4064 4641 4091 4698 t
4133 4654 4399 4700 servum
4441 4651 4569 4698 ver-

2644 4719 2908 4788 beribus
2963 4721 3057 4785 ita
3115 4720 3364 4785 conteri
3408 4731 3475 4784 et
3518 4719 3755 4804 affligi,
3800 4730 3874 4784 ut
3917 4719 4258 4803 aliquanto
4303 4728 4442 4803 post
4479 4715 4595 4811 iut-

2644 4817 2885 4873 tereat:
2946 4805 3057 4872 hic
3100 4814 3274 4871 certe
3306 4804 3596 4871 'deterior
3640 4814 3740 4870 est
3785 4804 3928 4871 heri
3973 4805 4253 4872 saevitia
4294 4824 4479 4889 quam
4515 4820 4567 4865 si

2643 4889 3020 4959 iracundiae
3050 4891 3308 4958 fervore
3344 4891 3423 4956 ad
3462 4889 3725 4957 caedem
3763 4892 4084 4975 impulsus
4119 4905 4308 4958 esset.
4368 4890 4567 4972 Quare

2645 4978 2907 5046 videtur
2962 4980 3064 5044 ius
3124 4977 3322 5043 nimis
3373 4977 3717 5060 inaequale
3772 4977 4007 5044 statui:
4064 4978 4178 5044 sed
4226 4975 4567 5044 notandum

2643 5073 2765 5143 est,
2812 5064 3079 5132 caedem
3113 5083 3342 5129 eorum
3384 5084 3729 5129 servorum
3762 5064 3872 5146 qui
3916 5085 4004 5130 cx
4047 5063 4260 5148 plagis
4303 5059 4565 5129 decubu-

2644 5161 2854 5232 erant,
2899 5172 3027 5215 non
3062 5149 3268 5216 fuisse
3306 5149 3714 5231 impunitam.
3775 5148 3968 5217 Unde
4006 5149 4335 5234 colligitur
4373 5145 4563 5212 saevis

2643 5245 2709 5302 et
2770 5235 3158 5303 truculentis
3204 5235 3489 5302 dominis
3538 5236 3805 5301 minime
3851 5236 4132 5301 liberum
4174 5236 4369 5301 fuisse
4409 5249 4561 5297 atro·

2644 5323 2810 5388 citer
2859 5321 3206 5388 vulnerare
3251 5344 3504 5389 servos:
3566 5321 3760 5405 idque
3807 5321 4045 5389 diserte
4090 5333 4324 5389 sonant
4368 5315 4561 5393 verbs,
