4867 6150
323 445 450 512 637

323 638 696 722 sanquinem
735 636 918 704 illius
956 639 1069 721 qui
1112 638 1335 721 effudit
1374 638 1574 705 illum.
1663 639 1768 705 34.
1818 639 1918 706 Ne
1958 659 2103 723 erqo
2139 638 2285 722 pol-

326 716 522 790 luatis
565 728 803 790 terram
842 724 916 789 in
957 745 1087 807 qua
1125 724 1458 803 habitatis,
1504 730 1563 791 et
1598 726 1670 791 in
1710 727 1893 791 cuius
1934 724 2134 791 medio
2175 745 2284 809 890

322 810 571 964 {³2th
633 829 744 895 890
807 811 977 877 enim
1043 810 1277 878 Iebova
1338 810 1548 877 habito
1608 813 1677 877 in
1740 812 1946 878 medio
2004 811 2287 892 filiorum

961 1238 1096 1306 EX
1139 1236 1410 1307 DEU'P.
1456 1238 1655 1305 ΧΠ.

500 1412 557 1477 1.
611 1411 821 1495 Quum
862 1412 1162 1479 exciderit
1206 1410 1437 1477 Iehova
1480 1411 1662 1478 Deus
1691 1415 1841 1477 tuus
1877 1416 2086 1496 qentes
2128 1431 2282 1493 qua·

317 1518 466 1564 rum
506 1500 645 1580 ipse
679 1496 912 1564 Iehova
953 1497 1135 1564 Deus
1176 1503 1327 1563 tuus
1368 1498 1480 1564 dat
1519 1496 1638 1563 tibi
1677 1502 1929 1575 terram,
1971 1503 2029 1563 et
2059 1516 2280 1578 posse-

321 1585 492 1650 deris
535 1605 661 1662 eas,
705 1584 1203 1665 habitaverisque
1243 1584 1318 1649 in
1374 1583 1636 1649 urbibus
1692 1603 1912 1649 cartem
1953 1589 2008 1648 et
2061 1584 2134 1647 in
2177 1582 2282 1648 do-

320 1669 531 1736 mibus
574 1691 813 1751 earum,
900 1670 961 1735 2.
1015 1670 1173 1735 Tres
1212 1669 1399 1736 urbes
1441 1668 1775 1751 separabis
1814 1668 1930 1735 tibi
1971 1670 2041 1734 in
2078 1668 2282 1734 medio

319 1762 522 1823 terrae
562 1761 709 1825 tuae
749 1776 941 1839 quam
984 1755 1221 1822 Iehova
1263 1754 1448 1822 Deus
1487 1761 1637 1822 tuus
1670 1755 1780 1821 dat
1819 1754 1938 1821 tibi
1977 1759 2049 1820 ut
2068 1755 2279 1837 possi-

319 1842 472 1908 deas
514 1862 670 1908 eam.
753 1841 813 1907 3.
857 1840 1290 1923 Praeparabis
1319 1841 1441 1907 tibi
1469 1844 1721 1920 itinera,
1767 1847 1826 1906 et
1858 1843 1929 1907 in
1966 1847 2095 1906 tres
2122 1861 2281 1923 par-

318 1933 411 1994 tes
450 1928 697 1996 divides
736 1929 1074 1994 termimum
1115 1932 1322 1992 terrae
1364 1932 1530 2007 tuae,
1572 1947 1764 2010 quam
1801 1928 1875 1993 in
1929 1926 2280 1993 haeredita-

317 2020 438 2081 tem
494 2010 763 2080 datm
824 2019 916 2079 est
976 2012 1093 2078 tibi
1148 2012 1380 2079 Iehova
1442 2013 1622 2079 Deus
1683 2018 1859 2079 tuus:
1929 2014 2169 2095 eritque
2209 2016 2281 2078 ut

314 2101 527 2183 fugiat
565 2100 719 2166 illuc
761 2100 969 2166 omnis
1009 2099 1339 2165 homicida.
1428 2099 1489 2165 4.
1537 2099 1714 2165 Haec
1770 2104 1978 2166 autem
2031 2103 2124 2164 est
2175 2118 2280 2164 res

315 2186 670 2251 homicidae
732 2185 846 2268 qui
907 2187 1108 2270 fuqiet
1145 2185 1317 2262 illue,
1373 2190 1430 2251 et
1484 2186 1675 2251 vivet:
1730 2187 1844 2267 qui
1896 2186 2282 2268 percusserit

312 2272 1542 2439 ffltmmwoetffltw
1503 2292 1770 2440 mmm
1717 2269 2280 2423 οαῗῗώῖᾚ

307 2445 611 2527 proximo
645 2463 760 2508 suo
794 2445 867 2509 in
909 2443 1154 2527 sylvam
1195 2445 1282 2510 ad
1323 2444 1634 2510 caedenda
1667 2444 1862 2528 liqna,
1908 2449 1964 2508 et
1996 2444 2280 2526 impulsa

476 2530 488 2544 ‘
553 2549 786 2595 manus
835 2530 974 2595 eius
1016 2529 1090 2597 in
1131 2530 1401 2596 securim
1443 2530 1531 2595 ad
1583 2529 1963 2597 caedendum
2013 2530 2276 2613 liqnum,

311 2615 598 2715 elapsum
633 2620 869 2705 *autem
931 2614 1130 2699 fuerit
1189 2614 1440 2715 ferrum
1500 2616 1807 2715 eoliqno&
1853 2615 2278 2699 inveneritque

297 2721 681 2855 w.
612 2721 934 2867 ...m
949 2751 1020 2852 2..
1033 2706 1510 2888 881111.
1539 2702 2278 2888 simum

313 2894 484 2958 quus
523 2874 860 2958 sanquinis
901 2871 1283 2940 honumdam
1324 2873 1528 2951 illum,
1573 2894 1768 2958 quum
1809 2873 2142 2941 incaluerit
2174 2894 2279 2940 eor

312 2962 490 3040 eius,
545 2964 602 3025 et
642 2964 1017 3043 assequatur
1059 2978 1230 3038 etun,
1280 2960 1448 3042 quod
1480 2959 1721 3045 Zonqior
1772 2959 1973 3042 fuerit
2027 2960 2168 3025 via.-
2224 2965 2280 3027 et

299 3046 624 3132 percutiat
665 3066 806 3113 eum
849 3045 1097 3128 anima,
1151 3066 1347 3129 quum
1390 3050 1600 3113 tamen
1639 3065 1761 3113 non
1800 3045 1887 3112 sit
1925 3067 2076 3113 reus
2116 3066 2276 3112 mor-

312 3134 434 3214 tis,
490 3134 654 3215 quod
691 3152 822 3199 non
883 3132 1114 3198 odisset
1174 3154 1317 3199 eum
1381 3132 1462 3198 ab
1508 3131 1645 3197 heri
1687 3137 1745 3198 et
1789 3133 2280 3200 nudiustertius.-

316 3219 380 3285 7.
438 3216 689 3285 Idcirco
732 3239 841 3303 890
881 3219 1214 3302 praecipio
1257 3218 1393 3297 tibi,
1435 3219 1722 3285 dicendo.-
1784 3219 1942 3284 Tres
1996 3220 2279 3286 civitates

310 3304 646 3389 separabis
685 3305 818 3372 tibi.
906 3304 967 3369 8.
1041 3305 1220 3386 Quod
1275 3305 1340 3370 si
1390 3304 1749 3372 dilataverit
1808 3302 2042 3370 Iebova
2097 3305 2280 3371 Deus

311 3397 463 3458 tuus
504 3390 843 3457 terntinmn
889 3395 1070 3457 tecum
1121 3391 1642 3472 quemadmodum
1695 3390 1937 3456 iuravit
1975 3392 2277 3473 patribus

311 3480 474 3557 tuis,
530 3483 589 3544 et
630 3476 870 3543 dederit
911 3476 1028 3543 tibi
1067 3477 1432 3543 universam
1473 3483 1707 3544 terram
1740 3496 1933 3559 quam
1965 3478 2137 3544 dixit
2165 3498 2279 3565 pa-

308 3563 519 3630 tribus
573 3564 812 3662 tuis-se
853 3563 1182 3662 datiuum.-
1239 3564 1300 3630 9.
1368 3564 1574 3645 Quum
1630 3563 2004 3630 cristodieris
2058 3565 2279 3664 omnia

297 3653 814 3836 astum&
827 3650 1577 3836 8113311811
1587 3669 1784 3802 0...⁶⁹0
1787 3669 2113 3802 nm
2144 3649 2279 3836 5:32

311 3822 486 3888 butes
533 3843 608 3887 m
662 3841 791 3888 vus
848 3841 988 3888 eius
1042 3821 1332 3888 omnibus
1395 3821 1646 3888 diebus.-
1708 3827 1854 3888 tunc
1910 3822 2104 3888 addes
2161 3824 2277 3889 tibi

312 3907 523 3974 adhuc
554 3911 680 3973 tres
709 3907 895 3975 wrbes
937 3907 1110 3974 ultra
1141 3913 1269 3973 tres
1302 3909 1500 3974 istas:
1547 3907 1646 3972 10.
1707 3907 1787 3975 Ut
1822 3928 1949 3975 non
1991 3908 2275 3991 effunda-

311 3999 421 4059 tur
458 3994 726 4077 sanquis
768 3993 1064 4061 innocens
1105 3995 1179 4059 in
1220 3993 1424 4060 medio
1465 3997 1668 4059 terrae
1724 4000 1869 4060 tuae
1923 4014 2117 4076 quam
2175 3995 2276 4062 Ie-

310 4078 479 4146 bova
521 4079 703 4145 Deus
755 4085 906 4148 tuus
957 4079 1070 4146 dat
1121 4079 1236 4145 tibi
1289 4082 1360 4145 in
1416 4079 1886 4161 haereditatem,
1943 4100 2091 4146 neve
2146 4082 2276 4147 sint

308 4185 506 4249 super
556 4170 612 4230 te
674 4166 1030 4250 sanquines.
1121 4166 1222 4232 11.
1291 4167 1383 4231 At
1447 4185 1642 4248 quum
1701 4167 1895 4248 fuerit
1955 4167 2276 4249 quispiam

310 4254 425 4335 qui
485 4251 686 4317 oderit
728 4253 1098 4336 proximum
1150 4271 1372 4330 suum,
1430 4257 1487 4317 et
1541 4253 1891 4319 insidiatus
1942 4253 2139 4336 fuerit
2193 4254 2272 4331 ei,

308 4338 851 4421 insurrexeritque
892 4338 963 4404 in
1005 4357 1177 4420 811111,
1221 4338 1694 4419 etperousserit
1739 4359 1879 4404 eum
1922 4340 2175 4420 anima,
2216 4343 2274 4405 et

309 4429 603 4490 mortuus
640 4424 859 4507 fuerit,
901 4424 1139 4509 fuqerit
1180 4428 1388 4492 autem
1431 4424 1519 4489 ad
1573 4444 1772 4490 unam
1813 4424 2069 4491 urbium
2123 4425 2275 4492 ista-

307 4529 493 4575 rum.-
584 4508 683 4575 12.
740 4510 914 4576 Tunc
951 4512 1191 4577 mittent
1229 4511 1510 4576 seniores
1551 4510 1730 4575 urbis
1771 4510 1985 4593 illius,
2029 4517 2087 4577 et
2127 4511 2272 4577 abs-

305 4594 552 4662 trahant
592 4616 734 4662 eum
782 4596 958 4678 inde,
1014 4596 1367 4678 dabuntque
1406 4614 1547 4662 eum
1580 4596 1654 4661 in
1686 4616 1881 4662 manu
1911 4599 2273 4680 propinqui

309 4683 684 4765 sanquinis,
729 4687 785 4747 et
825 4684 1145 4749 morietur.
1239 4682 1340 4749 13.
1402 4680 1553 4747 Non
1598 4688 1838 4764 parcet·
1874 4683 2088 4750 oculus
2121 4689 2271 4750 tuus

305 4768 457 4920 {aa
446 4773 505 4832 et
499 4767 807 4920 “Zeszes
863 4770 1237 4853 sanquinem
1291 4770 1673 4835 innocentem
1736 4788 1816 4834 ea·
1882 4768 2152 4852 Israek,
2216 4775 2272 4837 et

482 5025 755 5092 Numer.
801 5026 905 5106 35,
952 5027 1051 5093 10.
1141 5025 1473 5108 Alloquere
1509 5025 1684 5108 filios
1739 5026 1964 5093 Israel.
2055 5027 2269 5096 Urbes

307 5112 547 5197 refugii
611 5114 949 5181 constituit
1014 5113 1201 5179 Deus
1266 5132 1401 5178 non
1467 5112 1662 5178 modo
1726 5120 1803 5178 ut
1867 5112 2271 5180 discerneret

305 5198 487 5264 inter
524 5200 742 5266 scelus
790 5208 858 5265 et
900 5220 1222 5276 errorem,
1280 5199 1396 5264 sed
1438 5220 1524 5265 ne
1581 5206 1827 5265 temere
1880 5199 2269 5267 funderetur

309 5283 624 5351 innoxius
681 5288 970 5371 sanguis.
1060 5284 1400 5350 Hactenus
1440 5284 1729 5352 vidimus
1776 5306 1978 5368 quam
2036 5307 2267 5355 severe

306 5369 663 5438 homicidia
704 5372 924 5456 puniri
964 5371 1263 5438 voluerit.
1318 5369 1451 5436 Sed
1492 5371 1645 5453 quia
1680 5371 1954 5438 minime
1988 5393 2266 5459 aequum

1789 448 2175 518 813:wa
2219 449 2868 519 PRAEOEP'I'UM.

4213 458 4340 525 638

2384 638 2642 719 fuisset,
2687 641 2801 724 qui
2844 662 2980 707 non
3025 650 3290 727 sponte,
3348 642 3462 710 sed
3509 646 3774 711 fortuito
3817 645 4191 729 proximum
4234 666 4342 714 oc-

2384 725 2662 806 ciderat,
2720 728 2865 810 rapi
2907 726 2990 793 ad
3033 728 3309 795 eandem
3352 750 3635 814 poenam
3678 734 3786 798 cui
3828 731 4344 798 subiiciebantur

2382 811 2748 879 homicidae
2792 812 3180 896 voluntarii,
3235 817 3533 901 exceptio
3583 838 3759 884 nunc
3800 817 4090 899 additur,
4132 827 4211 883 ut
4253 819 4344 885 sit

2383 908 2576 964 extra
2619 919 2862 964 noxam
2906 900 3018 983 qui
3061 901 3361 968 nesciens
3406 911 3473 968 et
3514 913 3775 987 praeter
3818 904 4025 969 animi
4076 911 4340 970 senten-

2383 986 2544 1049 tiam
2596 985 2968 1069 quempiam
3039 987 3369 1054 occiderit.
3459 987 3856 1073 Quanquam
3907 989 4172 1074 longius
4237 1012 4340 1055 re·-

2384 1070 2606 1155 spexit
2648 1071 2832 1138 Deus
2878 1069 2983 1158 (ut
3025 1072 3273 1139 dictum
3319 1073 3448 1162 est)
3490 1095 3576 1140 ne
3635 1073 3868 1143 caedes
3923 1076 4088 1141 aliae
4144 1096 4343 1160 super

2383 1157 2547 1221 alias
2610 1158 2878 1234 fierent,
2966 1169 3163 1241 atque
3239 1161 3333 1225 ita
3396 1161 3799 1245 pollueretur
3865 1170 4059 1228 terra.
4146 1161 4343 1228 Nunc

2381 1242 2614 1308 ordine
2657 1243 2921 1327 singula
2963 1245 3394 1312 excutiamus.
3484 1248 3776 1313 Tametsi
3830 1248 4022 1314 initio
4077 1248 4341 1314 nonnisi

2383 1326 2467 1393 de
2510 1329 2781 1396 urbibus
2817 1337 3004 1396 trans
3047 1329 3397 1396 Iordanem
3445 1333 3593 1399 sitis
3653 1334 3986 1413 meminit,
4048 1355 4131 1399 ex
4192 1355 4340 1418 pro-

2382 1434 2616 1498 gressu
2673 1425 2894 1480 tamen
2965 1416 3294 1501 colligitur
3312 1468 3328 1496 ,
3389 1439 3506 1483 sex
3560 1419 3631 1484 in
3692 1440 3842 1485 eum
3900 1441 4092 1486 11811111
4135 1419 4343 1485 fuisse

2383 1500 2673 1568 delectas
2696 1553 2712 1582 ,
2766 1522 3045 1585 quarum
3107 1512 3243 1570 tres
3299 1513 3493 1570 erant
3552 1506 3646 1571 818
3710 1504 4084 1571 Iordanem.
4174 1505 4343 1570 Vult

2383 1595 2606 1652 autem
2650 1588 2747 1652 ita
2791 1608 2935 1654 esse
2981 1588 3329 1672 dispositas
3373 1601 3449 1655 ut
3493 1591 3794 1676 singulae
3854 1592 4138 1676 regionis
4195 1612 4345 1677 par·

2381 1681 2484 1739 tes
2527 1673 2817 1757 aliquam
2861 1696 2944 1738 ex
2987 1675 3150 1759 ipsis
3214 1675 3504 1742 vicinam
3572 1676 3885 1757 habeant,
3941 1698 4027 1742 ne
4081 1678 4343 1745 miseris

2381 1760 2493 1843 qui
2539 1768 2729 1824 extra
2769 1758 3035 1843 culpam
3079 1769 3269 1841 sunt,
3315 1763 3571 1829 tristius
3615 1764 3704 1828 sit
3745 1764 4054 1831 exsilium
4101 1764 4186 1829 ob
4231 1764 4342 1828 iti-

2380 1844 2562 1910 neris
2606 1844 3009 1912 distantiam.
3098 1847 3308 1913 Porro
3352 1860 3507 1914 ante
3552 1850 3910 1935 attigimus,
3954 1851 4150 1916 urbes
4193 1849 4342 1916 11188

2379 1931 2585 1998 fuisse
2629 1931 2699 1996 111
2746 1942 2922 1997 sorte
2968 1932 3176 1999 tribus
3219 1935 3521 2001 leviticae
3538 1986 3553 2012 ,
3610 1948 3684 2001 ut
3727 1933 4072 2002 sacerdotii
4125 1935 4339 2020 digni-

2379 2026 2485 2083 tas
2506 2016 2769 2084 exsules
2806 2018 3042 2084 melius
3084 2028 3478 2105 protegeret,
3516 2021 3767 2104 deinde,
3811 2022 3965 2105 quia
4009 2021 4342 2105 probabile

2380 2112 2524 2170 erat
2579 2104 2730 2187 plus
2789 2104 2859 2169 in
2904 2104 3168 2171 Levitis
3225 2105 3613 2189 prudentiae
3648 2117 3717 2173 et
3780 2108 4126 2193 gravitatis
4183 2108 4342 2189 fore,

2380 2212 2465 2255 ne
2516 2188 2892 2273 perfugium
2919 2191 3310 2257 'insontibus
3367 2213 3746 2260 concessum
3791 2193 4142 2261 sceleratos
4185 2214 4341 2277 quo-

2379 2296 2506 2359 que
2551 2277 2889 2359 reciperet.

2557 2362 2658 2428 16.
2708 2360 2786 2428 Si
2822 2363 3321 2430 instrumentum.
3378 2363 3665 2430 Videtur
3698 2364 3897 2447 paulo
3939 2372 4086 2447 post
4117 2385 4343 2430 secum

2379 2467 2685 2532 pugnare
2746 2445 2932 2514 Deus
2949 2499 2966 2527 ,
3023 2447 3138 2514 ubi
3181 2449 3548 2517 homicidas
3595 2449 3881 2517 absolvit
3922 2471 4055 2516 non
4109 2450 4344 2515 volun-

2381 2535 2583 2599 tarios
2604 2583 2618 2612 ,
2665 2533 2972 2617 quamvis
3005 2535 3180 2600 ferro
3226 2536 3330 2603 vel
3374 2536 3591 2621 lapide
3648 2535 3891 2603 vulnus
3944 2536 4343 2602 inflixerint:

2381 2620 2492 2685 hio
2549 2628 2770 2685 autem
2832 2619 3217 2705 simpliciter
3272 2642 3422 2689 reos
3480 2643 3623 2689 8888
3668 2623 3897 2688 mortis
3949 2624 4346 2707 pronunciat

2380 2708 2752 2791 quicunque
2793 2705 2995 2791 ligno,
3040 2706 3151 2775 vel
3197 2706 3398 2790 ferro,
3444 2709 3551 2775 vel
3592 2708 3812 2790 lapide
3853 2707 4180 2774 ferierint:
4227 2707 4343 2774 sed

2380 2792 2593 2857 facilis
2656 2792 2895 2858 solutio
2961 2802 3062 2859 est
3125 2793 3184 2858 si
3248 2793 3333 2858 ad
3399 2794 3527 2859 Dei
3603 2794 3949 2860 consilium
4015 2794 4340 2860 attendas.

2381 2878 2741 2961 Postquam
2804 2877 2984 2942 enim
3049 2880 3259 2945 errori
3325 2878 3506 2946 dedit
3557 2881 3853 2959 veniam,
3910 2900 3998 2944 ne
4050 2879 4200 2962 quis
4256 2878 4341 2945 ad

2382 2963 2680 3030 criminis
2726 2964 3185 3048 impunitatem
3232 2965 3560 3045 traheret,
3620 2971 3880 3032 mature
3921 2964 4230 3042 occurrit,
4276 2972 4344 3030 et

2381 3049 2553 3134 quod
2597 3057 2751 3116 ante
2799 3051 3017 3116 visum
3061 3061 3162 3116 est
3204 3073 3436 3118 rursus
3484 3051 3789 3119 inculcat.
3878 3049 4073 3134 Quod
4116 3058 4340 3117 autem

2381 3138 2537 3203 ferri
2556 3188 2570 3216 ,
2632 3136 2798 3221 ligni
2817 3187 2831 3213 ,
2878 3143 2945 3202 et
2985 3136 3224 3221 lapidis
3268 3140 3345 3204 fit
3402 3140 3649 3204 mentio
3667 3190 3684 3219 ,
3737 3139 3864 3206 hac
3924 3138 4344 3204 distinctione

2381 3223 2624 3288 clarius
2690 3223 3004 3306 explicat,
3085 3223 3291 3291 nullis
3354 3223 3662 3292 caedibus
3733 3224 4128 3291 voluntariis
4194 3245 4341 3290 esse

2381 3310 2403 3375 i
2499 3308 2884 3375 oscendum:
2932 3310 3200 3393 alioqui,
3244 3318 3320 3376 ut
3362 3309 3576 3377 solent
3614 3311 3819 3377 variis
3862 3310 4118 3377 cavillis
4160 3309 4342 3396 leges

2379 3417 2417 3462 e
2446 3394 2580 3473 udi,
2626 3396 3028 3479 restringere
3071 3396 3238 3461 forte
3280 3403 3653 3463 tentassent
3687 3396 3772 3463 ad
3805 3397 4090 3481 speciem
4135 3417 4340 3462 unam

2379 3481 2555 3566 quod
2609 3479 2691 3546 de
2750 3501 2963 3565 poena
3019 3481 3499 3550 homicidarum
3554 3483 3799 3549 dictum
3858 3481 4024 3548 fuit:
4080 3503 4340 3565 nempe,

2377 3569 2434 3635 si
2479 3567 2627 3652 quis
2650 3566 2871 3653 gladio
2893 3588 3243 3652 percussus
3278 3570 3466 3635 foret.
3525 3568 3679 3634 Non
3708 3569 3826 3638 abs
3849 3590 3924 3634 re
3967 3589 4126 3653 ergo
4154 3567 4340 3635 Deus

2378 3654 2578 3720 morti
2622 3653 2865 3720 addicit
2907 3654 3265 3737 quemlibet
3321 3654 3542 3721 caedis
3585 3662 3913 3733 autorem,
3988 3656 4130 3720 sive
4185 3654 4339 3732 telo,

2376 3742 2517 3806 sive
2562 3738 2780 3823 lapide
2821 3741 3130 3824 proiecto,
3173 3740 3315 3808 sive
3356 3740 3532 3807 fuste
3575 3740 3999 3825 percusserit:
4055 3741 4210 3825 quia
4252 3739 4337 3806 ad

2376 3845 2657 3911 poenam
2717 3826 2964 3893 sufficit
3026 3836 3419 3911 conceptum
3484 3848 3626 3894 esse
3691 3827 4110 3894 maleficium.
4201 3825 4338 3907 Qui

2376 3912 2580 3978 telum
2627 3912 2987 3996 gestaverit
3025 3912 3315 3979 hominis
3349 3913 3686 3979 occidendi
3734 3934 3932 3981 causa
3966 3933 4152 3979 1811111
4189 3912 4335 3997 lege

2376 3998 2687 4065 Cornelia
2706 3997 2914 4064 fuisse
2936 4007 3186 4065 certum
3216 4007 3345 4064 est:
3391 4008 3460 4064 et
3481 4001 3639 4065 citat
3659 3998 4037 4065 Martianus
4059 4018 4336 4083 respon-

2376 4105 2525 4151 sum
2568 4084 2884 4150 Adriani:
2947 4083 3084 4165 Qui
3126 4083 3462 4151 hominem
3520 4084 3864 4166 occiderit,
3908 4087 3963 4151 si
4010 4085 4131 4151 hoc
4171 4086 4339 4151 fece-

2375 4171 2468 4236 rit
2509 4191 2641 4235 non
2701 4170 3037 4236 occidendi
3084 4172 3306 4237 animo
3365 4171 3616 4238 absolvi
3654 4191 3875 4256 posse:
3936 4181 4004 4237 et
4059 4172 4171 4255 qni
4215 4170 4334 4235 ho-

2374 4258 2623 4323 minem
2678 4277 2814 4322 non
2873 4256 3216 4338 occiderit,
3273 4257 3392 4324 sed
3447 4257 3901 4324 vulneraverit
3936 4266 4014 4322 nt
4064 4255 4337 4337 occidat,

2374 4362 2496 4426 pro
2576 4341 2909 4408 homicida
2989 4342 3472 4409 damnandum:
3554 4343 3747 4411 sicuti
3822 4344 4020 4408 etiam
4087 4342 4337 4409 Paulus

2373 4428 2564 4495 docet
2595 4429 2668 4493 in
2705 4427 2934 4493 eadem
2961 4427 3109 4514 lege
3144 4428 3454 4495 Cornelia
3490 4427 3712 4495 dolum
3748 4451 3868 4515 pro
3900 4431 4073 4496 facto
4107 4428 4333 4514 accipi.

2373 4514 2465 4580 Et
2497 4515 2919 4582 verissimum
2943 4525 3045 4580 est
3076 4514 3245 4580 illud
3270 4515 3547 4581 Adriani
3583 4536 3993 4600 responsum,
4022 4517 4096 4580 in
4129 4516 4335 4581 male·

2371 4601 2539 4667 ficiis
2597 4600 3011 4666 voluntatem
3068 4621 3207 4667 non
3263 4603 3518 4667 exitum
3581 4602 3879 4684 spectari.
3967 4601 4162 4669 Unde
4219 4601 4336 4666 illa

2371 4686 2648 4770 Ulpiani
2711 4689 3068 4752 sententia:
3134 4686 3320 4753 Nihil
3383 4688 3663 4753 interest
3719 4685 3973 4755 occidat
4036 4688 4187 4771 quis
4246 4707 4333 4752 811

2372 4792 2638 4839 causam
2697 4774 2931 4838 mortis
2988 4774 3313 4857 praebeat.
3402 4772 3537 4840 Hic
3592 4793 3752 4853 ergo
3803 4795 3937 4840 non
3981 4772 4160 4840 aliud
4205 4773 4335 4837 fuit

2372 4859 2502 4925 Dei
2579 4859 2924 4925 consilium
3000 4879 3197 4942 quam
3262 4879 3494 4924 omnes
3574 4858 4058 4945 tergiversandi
4137 4878 4332 4925 811888

2368 4944 2717 5023 homicidis
2778 4945 3185 5029 praecidere,
3259 4945 3587 5031 siquidem
3650 4947 3891 5030 impiae
3972 4944 4332 5010 voluntatis

2369 5030 2660 5098 convicti
2703 5040 2924 5098 essent
2941 5078 2956 5107 ‚
2998 5032 3386 5115 praesertim
3435 5029 3547 5097 ubi
3589 5033 3864 5098 effectus
3907 5030 4015 5097 vel
4059 5040 4332 5096 conatus

2370 5125 2764 5184 accesserat:
2832 5118 2987 5201 quia
3042 5117 3208 5183 nihil
3268 5119 3549 5185 interest
3602 5118 3907 5203 gladione
3950 5136 4036 5180 an
4095 5115 4331 5183 malleo

2369 5202 2478 5269 vel
2524 5202 2762 5286 lapidis
2804 5203 3001 5270 iactu.

2548 5288 2647 5355 19.
2691 5287 3099 5372 Propinquus
3131 5292 3480 5375 sanquinis.
3546 5288 3767 5372 Quum
3815 5289 4096 5354 interfici
4140 5287 4331 5354 iussit

2371 5375 2765 5455 homicidas,
2826 5375 3039 5442 voluit
3095 5398 3135 5442 a
3192 5375 3518 5443 iudicibus
3567 5396 3764 5443 causa
3824 5375 4088 5460 cognita
4145 5374 4327 5440 dam-
