4867 6150
362 449 492 517 489

363 638 660 704 naculum
717 638 1133 702 conventionis
1172 641 1229 702 et
1282 638 1517 718 altare,
1572 637 1933 702 Aharonem
1976 654 2216 720 quoque
2259 642 2317 701 et

360 724 530 807 filios
571 724 726 799 eius,
773 727 831 788 et
871 721 1203 803 sacrificia,
1249 729 1320 788 ut
1360 725 1703 790 sacerdotio
1741 723 2094 807 funyantur
2133 722 2313 788 mihi.

364 810 469 875 45.
518 808 943 891 Habitaboque
985 810 1056 874 in
1097 809 1298 875 medio
1335 809 1622 891 filiorum
1656 809 1884 889 Israel,
1927 815 1986 874 et
2017 828 2122 874 ero
2154 809 2320 890 ipsis

363 898 435 961 in
490 893 735 960 Deum.-
831 894 937 959 46.
1005 894 1094 959 Et
1155 896 1347 960 scient
1410 897 1573 978 quod
1637 915 1780 961 sum
1846 894 2077 960 Jehova
2137 894 2320 961 Deus

366 1001 581 1047 eorum
599 1032 613 1056 ,
669 980 782 1062 qui
838 981 1030 1047 eduxi
1069 1001 1171 1047 eos
1205 1002 1238 1047 e
1278 985 1450 1047 terra
1494 982 1795 1065 Aemi.-
1848 986 1920 1046 ut
1970 980 2319 1046 habitarem

363 1069 437 1133 in
478 1068 681 1133 medio
724 1087 952 1132 eorum.
1039 1066 1178 1152 Eyo
1219 1066 1454 1133 lehova
1496 1066 1679 1135 Deus
1716 1084 1946 1133 eorm.

537 1238 687 1305 Mos
710 1236 1123 1304 sacrificandi
1145 1258 1407 1323 semper
1444 1240 1516 1304 in
1553 1259 1680 1305 usu
1724 1238 1849 1304 1811
1883 1238 2058 1325 apud
2092 1258 2320 1304 omnes

364 1333 627 1410 gentes,
683 1325 872 1391 cuius
926 1325 1248 1409 originem
1293 1347 1333 1390 a
1375 1327 1619 1391 sanctis
1677 1325 1973 1409 patribus
2018 1344 2320 1389 manasse

361 1433 501 1477 non
544 1422 647 1477 est
704 1410 1005 1476 dubium:
1065 1408 1181 1477 sed
1224 1430 1306 1475 ex
1351 1431 1479 1494 quo
1524 1419 1702 1477 totus
1742 1410 1919 1476 orbis
1962 1410 2044 1476 ad
2089 1430 2318 1493 super-

362 1497 668 1563 stitiones
704 1495 1091 1576 defluxerat,
1134 1498 1424 1580 primum
1460 1498 1627 1563 ritus
1661 1497 1789 1581 ipsi
1822 1497 2090 1562 fuerunt
2124 1495 2316 1579 dege·

362 1605 588 1663 neres,
648 1582 807 1647 dum
865 1582 992 1648 sibi
1034 1584 1312 1666 quisque
1354 1604 1605 1649 novum
1659 1582 1905 1665 aliquid
1963 1582 2316 1666 excogitat,

359 1679 430 1737 81
475 1668 647 1752 quod
692 1669 907 1734 simile
951 1669 1257 1747 restabat,
1303 1679 1735 1752 praepostera
1767 1668 1897 1734 fuit
1932 1667 2311 1735 aemulatio:

359 1756 519 1840 quia
561 1764 816 1820 rectum
861 1756 1063 1820 finem
1107 1763 1172 1820 et
1221 1775 1413 1821 usum
1473 1776 1609 1820 non
1666 1755 1996 1821 tenebant.
2085 1753 2313 1820 Nesci-

358 1842 468 1908 111
511 1850 648 1906 1818
693 1841 1030 1925 gentilitas
1075 1860 1191 1905 881
1221 1840 1441 1906 Β81118
1487 1841 1815 1924 sanguine
1858 1841 2108 1923 placari
2149 1860 2314 1923 opus

357 1936 555 1995 esset.
657 1927 840 2010 Ergo
898 1938 1143 1992 temere
1202 1926 1616 1993 victimarum
1676 1929 2065 2011 sanguinem
2122 1923 2314 2004 fudit,

357 2015 521 2098 quia
563 2033 776 2096 neque
820 2015 1156 2097 reputavit
1197 2035 1269 2078 se
1303 2014 1432 2078 Dei
1474 2013 1713 2079 iudicio
1756 2013 2107 2079 obnoxiam
2151 2032 2313 2091 esse,

357 2108 435 2167 ut
480 2099 863 2183 suppliciter
906 2101 1164 2164 veniam
1201 2097 1692 2184 deprecaretur:
1739 2120 1816 2166 ac
1848 2100 2057 2164 multo
2091 2098 2314 2162 minus

358 2186 625 2253 animos
669 2184 907 2251 adiecit
948 2185 1030 2249 ad
1075 2185 1516 2268 expiationem
1561 2182 2070 2269 amplexandam
2088 2235 2104 2264 ,
2146 2204 2315 2268 quae

356 2294 499 2339 non
543 2280 805 2337 tantum
848 2291 1087 2337 arcano
1131 2271 1261 2336 Dei
1303 2273 1573 2339 consilio
1631 2271 2118 2356 praedestinata
2169 2270 2312 2335 188-

355 2371 500 2436 rat,
558 2358 674 2423 sed
719 2357 1096 2424 hominibus
1152 2378 1410 2440 quoque
1466 2360 1807 2441 promissa.
1895 2356 2090 2424 Unde
2132 2355 2313 2422 colli-

358 2445 617 2530 gimus,
687 2443 1063 2527 reprobatos
1141 2443 1345 2509 fuisse
1423 2447 1649 2509 omnes
1714 2444 2010 2527 gentium
2075 2442 2311 2517 cultus,

353 2531 669 2615 quoniam
713 2531 785 2594 in
838 2530 960 2595 Dei
1004 2530 1208 2596 verbo
1251 2529 1509 2594 fundati
1552 2551 1687 2596 non
1730 2538 1941 2595 erant.
2021 2529 2312 2593 'fantum

352 2617 486 2683 hoc
529 2618 742 2681 fixum
788 2624 1070 2694 maneat,
1116 2616 1260 2699 ipso
1293 2637 1478 2681 more
1513 2615 1963 2694 sacrificandi,
2011 2615 2312 2699 quamvis

352 2702 751 2781 adulterino,
797 2703 1131 2768 convictas
1174 2702 1376 2768 fuisse
1417 2704 1719 2787 propriae
1760 2701 2200 2786 indignitatis,
2237 2711 2314 2766 ut

352 2808 718 2874 agnoscere
763 2787 1095 2866 deberent,
1142 2788 1432 2854 humano
1477 2789 1707 2873 generi
1749 2809 1882 2852 non
1927 2789 2117 2853 aliter
2160 2808 2311 2870 pro-

397 2876 600 2940 itium
644 2895 788 2940 esse
824 2874 1042 2940 Deum
1086 2896 1285 2958 quam
1330 2875 1858 2941 reconciliatione
1899 2873 2310 2957 interposita.

408 2960 589 3026 tulta
632 2960 841 3046 igitur
874 2960 1294 3046 Pythagorae
1337 2960 1768 3044 philosophia,
1815 2980 1982 3044 8888
2025 2959 2313 3026 1181111118

351 3047 490 3114 Β81
534 3065 778 3113 881888
821 3046 1257 3113 contaminari
1300 3044 1606 3124 tradidit:
1673 3049 1768 3115 sic
1827 3046 2004 3113 enim
2044 3046 2313 3130 loquen-

352 3144 499 3285 {em
557 3133 811 3200 inducit
873 3143 1070 3218 poeta
1127 3132 1287 3199 dum
1344 3135 1434 3207 εἰς
1488 3133 1595 3214 τήν
1655 3142 2060 3219 σαρκοφαγίαν
2121 3134 2314 3197 inve-

402 3220 566 3287 itur.

572 3373 689 3428 Nec
724 3375 859 3427 satis
894 3379 981 3429 est
1017 3374 1164 3443 quod
1199 3374 1310 3427 tale
1344 3374 1498 3427 nefas
1532 3374 1922 3428 committitur:
1957 3375 2108 3444 ipsos

573 3444 906 3512 Inscripsere
941 3442 1073 3497 deos
1109 3443 1319 3509 sceleri,
1356 3459 1667 3512 numenque
1703 3459 1997 3512 supernum

572 3511 751 3566 Caede
787 3512 1068 3567 laboriferi
1105 3511 1336 3566 credunt
1368 3511 1608 3582 gaudere
1641 3513 1870 3566 1818881.

574 3583 808 3636 Victima
841 3583 966 3636 labe
1002 3598 1211 3648 carens,
1248 3590 1305 3635 et
1340 3582 1812 3650 praestantissima
1843 3581 2039 3647 forma,

568 3651 736 3721 (Nam
771 3652 1037 3720 placuisse
1071 3651 1259 3719 nocet)
1292 3651 1448 3704 vittis
1484 3652 1787 3720 praesignis
1823 3658 1881 3704 et
1914 3667 2048 3704 auro

574 3721 799 3774 sistitur
832 3726 961 3774 ante
994 3737 1133 3786 8188,
1171 3719 1433 3790 auditque
1464 3720 1655 3786 ignara
1690 3727 2021 3789 precantem.

575 3789 897 3858 Imponique
932 3806 1062 3843 8888
1097 3789 1250 3842 videt
1284 3790 1432 3843 inter
1466 3806 1671 3843 cornua
1704 3790 1874 3843 fronti

577 3859 720 3924 Quas
756 3860 925 3912 coluit
958 3859 1167 3927 fruges:
1205 3874 1570 3928 percussaque
1605 3859 1866 3928 sanguine
1903 3859 2108 3911 cultros

570 3927 753 3981 Inficit
785 3929 843 3981 in
879 3928 1087 3996 liquida
1121 3929 1401 3998 praevisos
1435 3928 1666 3982 forsitan
1705 3927 1853 3981 unda
1867 3927 1924 3996 ²).

541 4081 905 4166 Displicuit
988 4081 1340 4147 innoxium
1430 4082 1678 4150 animal
1762 4081 2046 4147 hominis
2123 4080 2317 4163 culpa

357 4171 671 4236 mactari:
741 4169 856 4235 sed
923 4167 1149 4234 debuit
1209 4168 1583 4252 expendere
1648 4168 1823 4251 quod
1881 4189 2011 4233 888
2071 4167 2315 4233 8881118

337 4258 584 4341 ,turpis
618 4254 952 4321 socordiae
987 4255 1129 4331 fuit,
1174 4255 1373 4320 nimis
1406 4253 1826 4339 impudenter
1858 4252 2139 4320 audaces
2173 4274 2316 4319 esse

362 4364 445 4409 ac
491 4343 872 4408 temerarios
928 4342 1257 4417 homines,
1319 4340 1377 4406 si
1420 4340 1492 4405 in
1537 4339 1666 4405 Dei
1709 4349 2129 4423 conspectum
2171 4360 2317 4423 pro-

361 4429 590 4506 deant,
632 4429 897 4508 veniam
937 4427 1020 4493 ab
1065 4449 1141 4492 eo
1184 4427 1633 4510 impetraturi,
1671 4428 1783 4510 qui
1830 4426 2130 4491 omnibus
2170 4427 2315 4490 iure

359 4525 470 4582 881
509 4515 823 4580 18188888.
906 4513 1091 4578 Nihil
1144 4535 1299 4596 ergo
1352 4512 1711 4578 absurdum
1753 4512 1811 4577 81
1866 4512 2314 4595 1188881811888

359 4600 684 4668 iudicium
729 4601 991 4677 mortis,
1033 4600 1141 4665 cui
1183 4599 1450 4665 obnoxii
1492 4607 1683 4678 81181,
1728 4598 2113 4664 8118118181111
2157 4606 2312 4663 8818

359 4687 620 4764 888188,
681 4708 808 4770 888
848 4687 920 4751 18
964 4707 1035 4751 88
1076 4687 1253 4770 111888
1297 4684 1792 4763 descendentes,
1851 4693 2190 4766 peccatum
2242 4683 2312 4748 in

358 4794 497 4857 quo
555 4772 680 4839 8181
736 4771 1277 4853 blandiebantur,
1337 4773 1504 4837 serio
1558 4770 1923 4836 abominari
1976 4770 2310 4853 incipiant.

357 4859 623 4924 Verum
687 4859 842 4924 hinc
907 4858 1259 4942 praecipua
1314 4856 1576 4922 errandi
1628 4876 1825 4923 causa
1877 4855 2313 4940 Pythagorae,

362 4945 543 5029 quod
598 4945 881 5010 nescivit
940 4945 1159 5010 Deum
1216 4944 1360 5009 sine
1416 4944 1790 5026 expiatione
1855 4963 1984 5007 non
2050 4941 2313 5026 placari.

359 5032 508 5097 Nos
549 5053 706 5097 vero
749 5032 1058 5114 quoniam
1103 5036 1182 5095 ea
1228 5052 1330 5095 res
1376 5030 1706 5095 humanae
1755 5030 1994 5094 mentis
2049 5037 2314 5110 captum

360 5116 840 5196 transscendit‚
887 5117 1244 5193 discamus,
1291 5119 1616 5200 scriptura
1652 5116 1816 5181 duce
1858 5135 1934 5181 ac
1979 5114 2314 5199 magistra,

547 5323 602 5392 1)
650 5324 837 5377 Venio
880 5322 1081 5388 ‚qazlica
1127 5322 1226 5377 1188
1270 5337 1462 5377 versus
1497 5323 1706 5379 omittit.
1785 5322 1929 5378 Sunt
1961 5335 2090 5377 vero
2131 5319 2321 5375 ovidio·

358 5392 431 5448 in
473 5392 692 5448 Metam.
727 5393 844 5448 XV.
883 5391 982 5445 127
1017 5407 1089 5447 ss.

1769 445 2283 516 SECUNDUM
2325 446 2978 516 PRAEOEP'PUM.

4250 448 4397 516 490

2418 637 2788 721 quicunque
2853 657 3149 720 unquam
3207 637 3426 702 Deum
3490 656 3652 703 vere
3715 635 4168 719 quaesierunt,
4222 636 4374 703 lita·

2419 723 2667 788 tionem
2712 724 2780 787 in
2827 725 3149 806 sanguine
3191 722 3526 788 attulisse:
3580 723 3674 787 ita
3717 733 3871 789 ante
3913 723 4127 807 legem
4171 722 4375 790 latam

2418 830 2680 892 semper
2731 809 3019 875 victimis
3077 810 3334 875 sancita
3387 809 3511 873 1811
3565 808 3815 893 religio.
3905 808 4044 874 Nec
4099 807 4371 876 dubium

2419 903 2525 960 est
2565 894 2725 978 quin
2771 914 3011 961 arcano
3055 896 3329 980 spiritus
3371 894 3690 960 instinctu
3738 894 3949 960 sancti
4007 902 4229 978 patres
4273 895 4371 961 di-

2421 981 2582 1046 recti
2625 981 2870 1046 fuerint
2925 980 3010 1045 ad
3065 980 3492 1046 mediatorem
3516 1030 3532 1061 ,
3590 981 3775 1047 cuius
3832 989 4046 1046 morte
4104 980 4372 1047 tandem

2420 1065 2779 1150 placandus
2842 1074 2987 1132 erat
3051 1067 3252 1133 Deus.
3363 1067 3455 1131 Et
3518 1077 3724 1146 certe,
3802 1066 4021 1132 oblato
4086 1066 4370 1148 Christo,

2417 1174 2845 1236 quaecunque
2887 1154 3058 1218 fiunt
3102 1153 3529 1218 mactationes
3572 1151 3745 1216 nihil
3788 1152 4099 1217 differunt
4142 1174 4182 1218 a
4224 1175 4372 1236 pro-

2418 1238 2575 1303 fana
2617 1238 3016 1304 carnificina.
3107 1239 3360 1304 Verum
3406 1246 3633 1322 postea
3674 1239 3748 1302 in
3792 1235 3938 1321 lege
3981 1238 4203 1303 addita
4246 1239 4375 1304 1811

2419 1323 2678 1407 plenior
2719 1324 3088 1407 explicatio.
3178 1325 3268 1390 Et
3323 1324 3631 1407 quoniam
3675 1322 4067 1406 multiplices
4124 1325 4372 1390 formae

2419 1409 2829 1477 sacrificandi
2864 1430 2905 1476 a
2939 1409 3248 1495 gentibus
3291 1412 3555 1475 fuerant
3598 1417 4070 1490 coarcervatae,
4112 1410 4366 1476 nullam

2417 1495 2689 1560 omnino
2759 1504 3011 1579 partem
3079 1497 3304 1563 omisit
3368 1496 3581 1574 Deus,
3647 1495 3721 1559 in
3786 1516 3915 1578 qua
3978 1516 4049 1561 se
4115 1496 4372 1562 utiliter

2419 1592 2808 1648 exercerent
2829 1582 3089 1649 fideles:
3122 1584 3264 1649 8118
3298 1580 3602 1648 testanda
3638 1581 3862 1663 pietas,
3901 1581 4040 1647 sive
4076 1581 4368 1665 agendae

2417 1670 2701 1751 gratiae,
2764 1671 2904 1735 8118
2959 1667 3403 1734 adiuvandum
3463 1666 3770 1750 precandi
3838 1666 4164 1744 studium,
4231 1668 4372 1733 8118

2417 1755 2831 1835 quaerendae
2912 1756 3365 1839 purgationes,
3450 1753 3593 1819 8118
3677 1751 4005 1837 expianda
4086 1761 4369 1835 peccata.

2416 1839 2821 1907 Bimembris
2873 1848 3097 1906 tamen
3155 1841 3420 1924 partitio
3476 1839 3736 1923 integra
3789 1846 3892 1904 est
3935 1858 4007 1905 ac
4053 1837 4365 1905 dilucida:

2416 1924 2530 1991 ubi
2567 1925 2843 1991 dicimus
2879 1926 3008 1993 alia
3044 1947 3187 1992 esse
3222 1926 3602 2009 expiatoria,
3649 1924 3781 1989 alia
3816 1945 3974 1990 vero
4009 1945 4153 1990 esse
4189 1925 4372 1991 testi-

2418 2012 2641 2078 monia
2683 2012 3127 2097 gratitudinis.
3217 2012 3324 2077 Ita
3366 2018 3587 2077 autem
3633 2010 3758 2075 888
3812 2011 4032 2094 1111818
4075 2010 4369 2076 1118111818

2416 2099 2811 2182 complector
2887 2099 3058 2171 ritus
3134 2097 3728 2175 consecrationum,
3807 2096 4044 2179 quibus
4121 2096 4369 2161 initiari

2416 2184 2602 2250 Deus
2647 2185 3014 2251 sacerdotes
3060 2184 3306 2250 voluit:
3370 2185 3521 2265 quia
3576 2184 3883 2266 purgatio
3942 2181 4190 2264 primas
4233 2182 4369 2249 illic

2415 2280 2637 2353 partes
2680 2272 2967 2338 tenebat.
3055 2269 3199 2344 Iam
3244 2269 3402 2354 quia
3458 2269 3700 2351 absque
3745 2268 3997 2334 Christi
4054 2269 4370 2335 interces-

2416 2355 2603 2421 sione
2646 2357 2851 2424 nullis
2894 2356 3197 2440 precibus
3219 2357 3438 2422 Deum
3483 2374 3626 2420 esse
3670 2354 4067 2419 exorabilem
4115 2364 4369 2419 certum

2415 2454 2548 2519 est,
2615 2443 2769 2527 iuge
2834 2442 3229 2510 sacrificium
3295 2460 3491 2506 mane
3549 2447 3619 2506 et
3676 2441 3934 2524 vesperi
3989 2440 4368 2505 institutum

2415 2528 2542 2594 fuit
2586 2529 2670 2594 ad
2714 2527 3190 2596 consecrandas
3252 2526 3565 2595 ecclesiae
3621 2546 3866 2610 preces.
3955 2523 4101 2591 Imo
4166 2546 4367 2609 quum

2417 2622 2677 2680 tantum
2737 2616 3146 2682 celebrarent
3199 2615 3325 2680 Dei
3382 2612 3730 2692 beneficia,
3784 2612 3969 2677 fusus
4028 2611 4160 2676 fuit
4215 2632 4368 2678 san-

2419 2703 2584 2784 gnis,
2632 2710 2711 2766 ut
2752 2711 3218 2787 cognoscerent
3252 2722 3336 2765 ne
3371 2720 3559 2765 suam
3592 2698 3858 2783 quidem
3895 2697 4367 2781 gratitudinem

2420 2788 2566 2853 Deo
2610 2787 2887 2870 placere,
2933 2788 3061 2852 nisi
3103 2785 3547 2853 intercedente
3591 2784 3973 2850 mediatoris
4016 2784 4366 2849 sacrificio:

2420 2872 2701 2957 denique
2746 2873 2914 2939 nihil
2956 2893 3194 2956 purum
3241 2873 3322 2937 ab
3382 2870 3763 2936 hominibus
3820 2869 4178 2954 proficisci,
4240 2870 4369 2934 nisi

2419 2960 2741 3045 sanguine
2785 2967 3157 3043 purgatum.

2592 3044 2696 3112 38.
2743 3044 2879 3112 Hoc
2906 3050 2999 3112 est
3030 3042 3194 3127 quod
3223 3044 3440 3128 facies.
3508 3042 3692 3108 Inter
3726 3040 4047 3109 sacrificia
4079 3041 4367 3123 primum

2419 3132 2632 3197 locum
2680 3132 2836 3198 dare
2879 3132 3127 3215 placuit
3168 3128 3546 3214 quotidiano
3602 3127 3773 3212 quod
3816 3129 3971 3212 iuge
4012 3127 4366 3212 appellant.

2420 3220 2625 3285 Mane
2669 3221 2844 3285 enim
2890 3227 2958 3283 et
3001 3218 3256 3301 vesperi
3311 3215 3471 3281 duos
3531 3234 3737 3299 agnos
3795 3213 4080 3298 singulis
4139 3213 4369 3279 diebus

2420 3306 2644 3371 offerri
2702 3304 2827 3370 sibi
2892 3303 3106 3370 voluit
3160 3302 3374 3382 Deus,
3442 3309 3517 3366 ut
3578 3322 3650 3368 88
3713 3298 3972 3367 assidue
4034 3307 4370 3365 exerceret

2421 3391 2702 3476 populus
2746 3392 2817 3455 18
2875 3389 3189 3455 1881118118
3243 3390 3501 3454 1818188
3558 3386 4128 3453 reconciliationis.
4219 3386 4368 3451 Etsi

2419 3489 2643 3544 autem
2686 3478 2809 3543 sub
2853 3475 2998 3560 lege
3043 3477 3306 3558 saepius
3358 3473 3665 3540 victimae
3718 3473 4157 3548 iterabantur,
4216 3472 4369 3554 quia

2419 3565 2502 3631 ad
2538 3562 2867 3648 expianda
2902 3572 3170 3645 peccata
3205 3561 3440 3627 efficax
3474 3581 3611 3625 non
3655 3569 3795 3624 erat
3831 3579 4059 3623 earum
4093 3557 4362 3623 oblatio:

2416 3650 2781 3716 notandum
2825 3657 3045 3713 tamen
3081 3656 3200 3724 est,
3246 3645 3440 3712 sicuti
3483 3645 3676 3711 88818
3718 3643 3998 3728 singulis
4041 3641 4366 3727 ingredie-

2418 3737 2612 3804 batur
2675 3735 2878 3801 semel
2944 3732 3246 3800 sacerdos
3311 3732 3589 3817 adytum
3643 3751 3797 3797 cum
3853 3732 4210 3814 sanguine:
4270 3730 4360 3794 ita

2416 3823 2581 3889 utile
2639 3822 2876 3900 fuisse,
2931 3819 3218 3904 quotidie
3274 3817 3376 3883 818
3433 3819 3715 3884 alterum
3782 3838 3993 3902 genus
4057 3816 4365 3880 victimae

2416 3908 2697 3994 proponi
2739 3915 2893 3972 ante
2936 3905 3162 3990 populi
3206 3905 3455 3984 oculos,
3512 3913 3587 3968 ut
3641 3909 3980 3987 reputaret
4022 3901 4147 3967 sibi
4198 3922 4364 3984 opus

2416 4016 2561 4061 esse
2603 3992 2961 4058 identidem
3005 3992 3408 4058 reconciliari
3431 3991 3594 4056 Deo.
3663 3990 3939 4055 Duobus
3975 4007 4131 4072 ergo
4174 3987 4365 4071 agnis

2413 4082 2487 4146 in
2531 4078 2826 4164 singulos
2864 4078 3004 4143 dies
3038 4078 3298 4144 litatum
3334 4077 3483 4155 fuit,
3527 4086 3604 4140 ut
3624 4074 3965 4140 Israelitae
4000 4074 4103 4138 sui
4140 4082 4363 4137 reatus

2416 4178 2484 4233 et
2519 4165 2958 4232 damnationis
2995 4163 3332 4242 admoniti,
3370 4185 3410 4228 a
3444 4161 3768 4245 principio
3806 4180 4008 4243 usque
4044 4159 4127 4224 ad
4162 4159 4364 4223 finem

2418 4252 2584 4332 diei,
2663 4251 2748 4317 ad
2815 4252 2943 4317 Dei
3008 4248 3522 4316 misericordiam
3602 4247 3955 4330 confugere
4018 4245 4361 4310 discerent.

2416 4339 2730 4406 Deiectus
2775 4347 2995 4402 autem
3039 4337 3164 4401 fuit·
3207 4355 3419 4420 agnus
3461 4333 3544 4399 ad
3588 4334 3713 4399 hoc
3765 4332 4188 4409 sacrificium,
4249 4330 4364 4413 qui

2415 4446 2625 4509 purus
2666 4432 2839 4489 esset
2882 4443 2958 4489 ac
3001 4423 3291 4507 integer:
3360 4440 3516 4485 nam
3571 4421 3642 4484 in
3700 4428 3914 4485 aetate
3967 4424 4198 4482 notata
4239 4416 4366 4480 1811

2415 4511 2726 4595 perfectio
2762 4509 2866 4574 181
2901 4509 3269 4592 integritas.
3316 4505 3564 4572 Addita
3598 4506 3728 4569 fuit
3761 4502 4002 4571 oblatio
4025 4504 4365 4587 placentae

2415 4598 2557 4663 oleo
2602 4594 2917 4672 conditae,
2962 4603 3029 4660 et
3070 4593 3356 4658 libamen
3401 4592 3561 4657 vini.
3653 4591 3945 4657 Dubium
3992 4609 4185 4672 porro
4229 4608 4363 4653 non

2417 4695 2518 4750 est
2561 4682 2720 4766 quin
2764 4681 2871 4746 1118
2915 4679 3230 4765 symbolis
3275 4677 3490 4744 edocti
3548 4676 3793 4743 1881181
3846 4686 4137 4755 1818188,
4196 4673 4361 4739 811111

2415 4767 2772 4852 insipidum
2815 4767 3053 4832 offerre
3094 4764 3240 4831 Deo
3298 4765 3400 4830 188
3459 4784 3618 4830 8888.
3708 4763 3893 4828 Deus
3951 4760 4214 4846 quidem
4258 4781 4362 4825 sa-

2414 4857 2594 4938 poris
2653 4852 2999 4919 dulcedine
3063 4852 3426 4918 oblectatus
3490 4871 3625 4915 non
3683 4851 3836 4924 fuit,
3894 4868 4110 4932 neque
4165 4847 4362 4912 etiam

2415 4939 2786 5007 sacerdotes
2826 4938 3041 5004 voluit
3082 4957 3453 5005 assuescere
3495 4936 3791 5015 lautitiis,
3835 4943 3912 5000 ut
3946 4934 4068 4999 sub
4104 4931 4364 5015 religio-

2417 5029 2523 5093 nis
2582 5026 2795 5092 colore
2842 5025 3222 5110 liguritores
3275 5032 3524 5089 essent:
3593 5022 3734 5087 vini
3786 5022 3988 5087 etiam
4045 5017 4204 5083 odor
4246 5037 4365 5100 per

2419 5135 2493 5179 se
2536 5121 2767 5197 gratus
2813 5132 2956 5177 esse
3001 5109 3144 5176 Deo
3187 5131 3319 5175 non
3363 5110 3606 5193 potuit:
3675 5129 3903 5174 verum
3966 5107 4096 5170 huc
4136 5102 4365 5169 tende-

2419 5199 2583 5264 bant
2625 5195 3027 5275 conditurae,
3074 5217 3160 5261 88
3202 5197 3482 5279 1181111188
3527 5194 3912 5261 subsisteret
3956 5193 4024 5256 in
4071 5188 4263 5255 nudis
4297 5200 4365 5254 et

2420 5284 2729 5350 inanibus
2779 5284 3042 5367 figaria,
3099 5282 3215 5348 sed
3273 5287 3659 5366 agnosceret
3712 5276 3962 5360 aliquid
4020 5277 4255 5341 melius
4298 5283 4366 5340 et

2421 5372 2866 5455 praestantius
2909 5368 3192 5435 subesse.
3275 5369 3527 5434 Gustus
3570 5386 3728 5450 ergo
3769 5364 3883 5429 ille
3929 5363 4068 5428 vini
4112 5372 4181 5427 et
4220 5362 4363 5442 olei,
