4867 6150
1165 598 1299 666 EX
1343 599 1647 668 EXODI
1690 600 1961 668 XXIII.

760 775 858 841 19.
910 772 2406 856 Nmooqnoeshoeduminzademissuae.

1134 1114 1270 1182 EX
1311 1115 1618 1183 EXODI
1658 1115 1998 1183 XXXIV.

758 1289 862 1355 26.
911 1288 1056 1355 Non
1097 1308 1316 1372 coques
1358 1287 1624 1356 hoedmn
1661 1289 1731 1355 in
1774 1289 1927 1355 lacte
1966 1290 2199 1355 matris
2241 1310 2413 1356 suae.

1227 1631 1359 1698 EX
1395 1629 1667 1700 DEU‘P.
1712 1629 1907 1697 XIV.

758 1803 865 1870 21.
916 1802 2403 1885 Nonooqueshoeduminlademafflsauae.

760 1973 1040 2042 Levitic.
1100 1975 1206 2054 22,
1267 1976 1373 2042 27.
1438 1973 1575 2040 Bos
1630 1973 1726 2041 vel
1778 1993 2000 2057 amous.
2103 1974 2308 2039 Vetat
2352 1973 2537 2041 Deus

589 2070 852 2127 teneros
894 2061 1110 2127 foetus
1153 2062 1379 2128 statim
1426 2059 1509 2126 ab
1551 2071 1739 2126 utero
1783 2058 1959 2124 trahi
2005 2059 2086 2126 ad
2132 2059 2357 2135 altare,
2403 2082 2536 2126 non

589 2144 782 2212 modo
838 2148 996 2230 quia
1050 2147 1343 2231 proclive
1385 2146 1622 2212 fuisset
1663 2145 1786 2212 hoc
1828 2144 2204 2228 exemplum
2249 2167 2292 2211 a
2333 2147 2538 2241 sacri-

585 2232 753 2298 ficiis
817 2233 1155 2301 traducere
1213 2232 1296 2298 ad
1354 2252 1766 2299 communem
1823 2232 2103 2298 victum:
2162 2231 2276 2298 sed
2333 2234 2536 2297 etiam

586 2318 744 2401 quia
784 2318 1206 2386 fraudulenta
1248 2320 1480 2385 fuisset
1523 2318 1784 2384 oblatio.
1864 2315 2174 2383 Vidimus
2217 2318 2539 2385 sacrificia

589 2405 808 2470 vocari
829 2403 963 2471 Dei
997 2426 1252 2489 panem,
1298 2426 1424 2489 quo
1459 2403 1795 2471 liberalius
1838 2424 1908 2469 se
1951 2412 2184 2488 gerant
2217 2404 2541 2485 homines,

590 2509 714 2555 nec
764 2490 1108 2558 immolent
1167 2492 1550 2558 macilentas
1609 2490 1924 2556 victimas.
2031 2489 2322 2556 Mactare
2383 2511 2539 2557 vero

588 2575 841 2641 foetum
879 2576 961 2643 ab
998 2588 1186 2644 utero
1228 2583 1580 2651 recentem.
1622 2576 1885 2660 signum
1930 2575 2161 2642 fuisset
2201 2582 2539 2660 contemp-

590 2672 729 2729 tus:
776 2682 1152 2748 quanquam
1195 2662 1627 2730 humanitatis
1672 2662 1870 2728 etiam
1915 2661 2141 2727 habita
2183 2661 2310 2727 fuit
2351 2663 2539 2743 ratio,

591 2768 677 2812 ne
719 2747 959 2815 talibus
1003 2750 1337 2818 sacrificiis
1383 2747 1727 2828 vescendo,
1774 2747 1856 2814 ad
1902 2747 2269 2814 barbariem
2313 2768 2538 2815 assue-

589 2833 844 2900 fierent.
932 2834 1098 2902 Dies
1142 2843 1358 2902 autem
1404 2845 1674 2902 octavus
1715 2833 2184 2919 praescribitur
2198 2884 2215 2914 ,
2273 2854 2400 2917 quo
2446 2834 2540 2899 lc-

591 2919 824 3003 gitima
875 2941 1018 2988 esse
1076 2923 1347 3005 incipiat
1387 2921 1677 2987 victima.
1764 2920 1963 2986 Ratio
2006 2940 2201 3003 quam
2238 2919 2539 2985 nonnulli

590 3006 966 3091 assignant,
1012 3030 1245 3075 vereor
1288 3029 1373 3073 ne
1417 3008 1504 3075 sit
1548 3006 1826 3073 nimium
1871 3016 2124 3091 arguta,
2170 3005 2538 3089 perfectum

591 3100 843 3175 septem
890 3093 1117 3161 diebus
1161 3093 1343 3161 reddi
1384 3094 1648 3170 animal,
1690 3093 1846 3177 quia
1873 3093 2057 3159 Deus
2100 3101 2353 3177 septem
2400 3092 2537 3158 die-

590 3178 715 3243 bus
771 3180 1008 3246 mundi
1051 3181 1447 3246 creationem
1492 3177 1863 3245 absolverit.
1953 3176 2149 3244 Adde
2193 3177 2368 3261 quod
2412 3178 2539 3244 hac

592 3264 848 3330 ratione
911 3266 1229 3350 septimus
1288 3265 1426 3332 dies
1479 3265 1754 3331 idoneus
1808 3272 1982 3330 esset
2036 3264 2119 3330 ad
2172 3264 2539 3331 sacrifican-

594 3348 785 3415 dum:
843 3352 998 3435 quia
1052 3375 1170 3418 sex
1227 3351 1456 3418 diebus
1513 3350 1866 3434 complevit
1908 3350 2093 3416 Deus
2136 3369 2329 3416 omne
2372 3372 2542 3435 opus

592 3455 821 3516 suum,
881 3437 1199 3521 septimus
1257 3458 1416 3503 vero
1471 3436 1554 3503 ad
1611 3438 1753 3502 eins
1811 3436 2062 3503 cultum
2121 3444 2542 3504 consecratus

593 3520 735 3588 fuit.
803 3524 974 3589 Mihi
1010 3525 1169 3591 satis
1204 3534 1304 3591 est
1345 3523 1581 3590 aetatis
1622 3522 2074 3588 maturitatem
2117 3520 2316 3588 fuisse
2359 3543 2544 3606 spec-

594 3621 824 3686 tatam,
868 3631 1005 3675 non
1048 3629 1236 3676 secus
1279 3618 1475 3693 atque
1519 3610 1592 3674 in
1635 3608 2150 3676 circumcisione.

767 3697 872 3763 28.
929 3694 1170 3762 Bovem
1243 3701 1354 3761 aut
1405 3696 1726 3778 pecudem.
1829 3692 2221 3759 Immanitas
2278 3692 2544 3777 quidem

593 3783 719 3849 hoc
753 3794 1102 3867 praecepto
1147 3781 1458 3847 damnata
1501 3781 1655 3846 fuit:
1700 3801 1834 3846 non
1880 3787 2100 3845 tamen
2146 3778 2373 3846 dubito
2394 3778 2545 3845 Mo-

594 3890 713 3935 sen
785 3867 868 3933 de
934 3867 1269 3935 sacrificiis
1334 3867 1601 3951 proprie
1673 3866 1867 3950 loqui.
1967 3865 2210 3932 Fateor
2264 3866 2545 3931 verbum

594 3967 751 4025 Dm!
797 3975 924 4037 quo
960 3955 1169 4020 utitur
1203 3974 1346 4019 esse
1377 3952 1712 4038 generale:
1761 3951 1877 4018 sed
1919 3972 2121 4035 quum
2168 3972 2287 4035 per
2330 3960 2544 4016 totum

592 4050 794 4125 caput
859 4040 938 4106 de
1003 4040 1342 4106 sacrificiis
1403 4061 1486 4105 ex
1552 4037 1847 4122 professo
1900 4037 2178 4104 disserat
2194 4088 2211 4115 ‚
2268 4045 2335 4102 et
2388 4036 2544 4103 hnic

593 4127 958 4192 sententiae
986 4127 1298 4191 continuo
1335 4124 1615 4191 addatur
1660 4123 1970 4204 clausula,
2015 4132 2091 4188 ut
2133 4123 2543 4190 sanctificent

590 4232 839 4278 nomen
892 4213 1051 4292 Dei,
1110 4218 1458 4278 contextus
1516 4208 1807 4294 postulat
1864 4219 1940 4275 ut
2014 4208 2307 4276 dicamus
2373 4229 2545 4276 com-

593 4297 895 4364 mendari
937 4297 1293 4382 puritatem
1338 4297 1408 4362 in
1455 4297 1580 4362 Dei
1624 4296 1822 4363 cultu.
1912 4293 1991 4362 Si
2033 4296 2142 4361 cui
2184 4295 2384 4362 latius
2428 4317 2544 4360 ex-

592 4383 860 4451 tendere
903 4385 1177 4469 placeat,
1224 4405 1357 4449 non
1403 4379 1762 4449 contendo:
1809 4388 2005 4465 atque
2048 4383 2144 4449 ita
2187 4383 2350 4448 haec
2393 4402 2546 4448 sen-

1981 409 2496 479 SECUNDUM
2541 408 3191 492 PRAEOEPTUM.

4445 413 4552 483 544

2643 600 2854 666 tentia
2922 599 3251 683 appendix
3328 608 3504 665 esset
3562 600 3738 665 sexti
3796 601 4150 685 praecepti.
4258 599 4551 685 Sequutus

2642 693 2863 752 tamen
2917 706 3064 750 sum
3124 682 3293 768 quod
3338 685 3550 771 magis
3594 696 3735 751 erat
3780 686 4142 769 probabile,
4200 696 4268 751 et
4306 688 4452 753 mibi
4489 700 4555 755 ut

2641 792 2833 855 spero
2892 771 3036 837 sani
3082 771 3304 836 iudicii
3349 770 3625 836 lectores
3669 772 4097 840 subscribent.
4190 772 4439 839 Interea
4474 774 4556 840 fa-

2644 866 2784 922 teor
2826 858 3152 922 feritatem
3196 877 3460 922 omnem
3506 868 3571 922 et
3615 858 3961 924 saevitiam
3999 860 4207 924 arceri
4251 878 4292 924 a
4312 860 4432 925 Dei
4469 882 4558 927 sa-

2641 944 2902 1010 crificiis
2920 992 2936 1020 ,
2988 950 3056 1008 et
3097 944 3169 1008 in
3213 942 3377 1028 ipsis
3420 941 3718 1026 regulam
3763 944 3994 1022 statui,
4048 965 4133 1010 ne
4176 943 4461 1012 homines
4496 947 4559 1012 in

2640 1029 3024 1113 quotidiano
3096 1031 3271 1094 victu
3339 1026 3638 1095 crudeles
3703 1030 3855 1096 sint.
3959 1028 4419 1114 Spectaculum
4475 1040 4562 1099 est

2640 1113 3006 1182 mansuetis
3061 1114 3341 1197 ingeniis
3394 1114 3667 1180 minime
3722 1115 4114 1196 iucundum,
4171 1126 4442 1182 matrem
4480 1119 4562 1183 iu·

2643 1201 2871 1285 gulare
2906 1221 3056 1268 cum
3099 1222 3218 1267 suo
3260 1200 3470 1266 foetu-z
3517 1199 3583 1265 id
3631 1201 3688 1267 si
3730 1202 4206 1268 consuetudine
4250 1212 4564 1286 receptum

2644 1286 2860 1366 fuerit,
2892 1286 3083 1352 facile
3118 1285 3417 1352 homines
3450 1284 3533 1352 ad
3570 1288 3975 1370 promiscuas
4008 1288 4240 1354 caedes
4275 1288 4563 1356 obdures-

2643 1382 2810 1439 cent.
2875 1373 3058 1457 Ergo
3093 1373 3355 1455 pietatis
3388 1373 3699 1440 exercitia
3738 1373 3942 1439 voluit
3964 1374 4150 1441 Deus
4193 1394 4329 1439 non
4371 1373 4565 1441 aliena

2644 1479 2790 1525 esse
2846 1460 2927 1525 ab
2986 1458 3416 1524 humanitatis
3459 1458 3721 1526 officiis:
3778 1469 3844 1526 et
3885 1459 4017 1524 huc
4062 1458 4281 1525 tendit
4317 1459 4565 1527 manda-

2642 1552 2803 1624 tum,
2849 1564 2935 1609 ne
2980 1543 3106 1610 Dei
3152 1544 3357 1610 altare
3400 1544 3728 1629 cyclopica
3770 1545 3857 1612 sit
3898 1545 4300 1612 carnificina.

2814 1629 3027 1696 Exodi
3094 1630 3199 1706 23,
3266 1630 3370 1696 19.
3433 1629 3581 1696 Non
3644 1651 3860 1714 coques
3934 1631 4211 1698 hoedum.
4313 1632 4567 1717 Triplex

2641 1716 2936 1781 mandati
2996 1717 3295 1800 repetitio
3349 1714 3658 1783 admonet
3714 1717 3794 1782 de
3848 1738 3920 1782 re
3961 1717 4133 1784 seria
4178 1718 4381 1785 verba
4420 1719 4565 1785 fieri.

2639 1802 2851 1885 Atqui
2887 1801 3031 1870 leve
3075 1810 3176 1869 est
3218 1823 3293 1869 ac
3337 1822 3546 1887 paene
3591 1802 3901 1869 frivolum
3947 1802 4122 1886 quod
4166 1804 4401 1870 volunt
4440 1804 4570 1888 qui-
4649 1804 4655 1809 ’

2639 1887 2791 1954 dam
2808 1939 2824 1966 ,
2882 1887 3097 1955 vetari
3152 1888 3446 1955 edulium
3502 1888 3725 1955 minus
3782 1889 4061 1959 salubre.
4150 1888 4387 1959 Iudaei
4426 1910 4570 1956 vero

2640 1974 2838 2038 finem
2876 1995 3011 2039 non
3046 1982 3434 2058 spectantes,
3480 1984 3555 2039 ut
3588 1976 3658 2041 in
3701 1975 3899 2059 nugis
3941 1974 4311 2059 puerilibus
4356 1976 4572 2042 saneti-

2640 2058 2930 2125 moniam
2973 2060 3316 2139 affectant,
3376 2081 3514 2125 non
3557 2061 3803 2127 audent
3845 2083 3994 2127 cum
4038 2082 4238 2128 carne
4282 2062 4392 2128 vel
4434 2060 4572 2129 hoe·

2641 2144 2800 2211 dina
2857 2146 2965 2212 vel
3023 2147 3268 2231 agnina
3317 2166 3580 2213 caseum
3623 2154 3920 2233 gustare,
3979 2146 4184 2214 donec
4227 2146 4398 2213 bene
4439 2168 4572 2231 per-

2640 2232 2983 2298 fricuerint
3040 2252 3192 2299 suos
3237 2230 3490 2299 dentes.
3578 2232 3638 2299 E
3686 2255 3725 2297 o
3768 2254 3929 2299 vero
3973 2254 4107 2299 non
4152 2233 4385 2300 dubito
4428 2234 4574 2317 quin

2640 2316 2804 2384 haec
2859 2318 3216 2401 prohibitio
3274 2319 3359 2383 ad
3401 2319 3718 2386 sacrificia
3758 2320 4088 2402 pertineat
4101 2369 4121 2400 ,
4178 2319 4337 2402 quia
4378 2320 4574 2404 primo

2641 2402 2784 2470 loco
2861 2403 3263 2471 coniunctim
3345 2403 3690 2472 subiicitur
3799 2404 4191 2470 rimitiarum
4256 2405 4573 2471 oblationi.

2643 2487 2952 2556 Secundo
2986 2491 3185 2557 etiam
3219 2491 3312 2556 ita
3354 2490 3631 2576 legitur:
3680 2493 3737 2555 A
3787 2490 3980 2557 duces
4024 2491 4097 2555 in
4140 2492 4576 2558 sanctuarium

2641 2574 2772 2642 Dei
2807 2577 2906 2641 tui
2942 2584 3239 2643 maturos
3271 2583 3488 2643 terrae
3520 2578 3797 2657 fructus,
3843 2598 3965 2644 nec
4014 2596 4252 2659 coques
4306 2576 4576 2643 hoedum

2644 2664 2713 2728 in
2756 2661 2927 2728 lacte
2968 2667 3198 2729 matris
3241 2681 3433 2729 suae:
3491 2661 3792 2729 similiter
3835 2663 4028 2729 tertio
4068 2662 4240 2730 loco:
4286 2663 4444 2728 Non
4485 2684 4577 2731 oo·

2645 2748 2871 2816 medes
2923 2747 3237 2829 cadaver,
3298 2749 3450 2832 quia
3507 2749 3785 2833 populus
3842 2756 4113 2816 sanctus
4153 2770 4225 2814 es
4268 2750 4419 2816 Deo
4462 2761 4578 2828 tuo,

2649 2856 2771 2902 nec
2825 2854 3064 2918 coques
3118 2832 3400 2900 hoedum
3455 2835 3526 2899 in
3580 2835 3750 2902 lacte
3806 2836 4038 2901 matris
4087 2856 4263 2902 suae.
4358 2835 4580 2903 Fateor

2651 2920 2912 3003 quidem
2938 2921 3172 2987 Mosen
3208 2920 3557 3004 aliquando
3591 2928 3937 3005 praecepta
3969 2922 4245 2987 miscere
4281 2920 4370 2987 de
4404 2921 4580 2988 rebus

2655 3006 2963 3074 diversis:
3030 3027 3260 3075 verum
3328 3015 3684 3092 perpetuus
3748 3007 3859 3074 ille
3924 3017 4267 3075 contextus
4330 3007 4579 3089 evincit,

2658 3103 3075 3178 praeceptum
3107 3092 3230 3160 hoc
3271 3093 3448 3159 inter
3489 3093 3932 3161 caeremonias
3965 3093 4220 3173 referri,
4265 3100 4467 3179 atque
4503 3095 4582 3160 ita

2652 3180 2906 3246 censeri
2970 3187 3224 3263 partem
3290 3179 3521 3265 legalis
3585 3181 3821 3246 cultus.
3927 3179 4124 3247 Unde
4188 3188 4412 3247 statuo
4466 3201 4582 3246 non

2650 3273 2909 3331 tantum
2938 3264 3243 3332 interdici
3277 3286 3361 3331 ne
3401 3266 3686 3350 populus
3727 3273 4030 3333 vescatur
4072 3265 4191 3331 tali
4233 3266 4443 3333 edulii
4485 3288 4583 3352 ge-

2649 3372 2837 3430 nere,
2896 3350 3166 3435 perinde
3225 3372 3301 3418 ac
3345 3352 3403 3417 si
3441 3372 3708 3420 carnem
3749 3360 4063 3418 vorarent
4104 3354 4433 3453 sanguine
4472 3353 4582 3418 im·

2649 3438 2904 3505 butam:
2961 3436 3078 3504 sed
3133 3458 3218 3503 ne
3274 3436 3391 3504 illa
3440 3438 3712 3505 immani
3756 3439 4034 3504 mistura
4075 3439 4406 3507 sacrificia
4446 3459 4583 3505 oon-

2646 3523 2989 3591 taminent.
3076 3522 3427 3591 Probabile
3471 3533 3693 3590 autem
3735 3532 3840 3591 est
3880 3543 4109 3590 carnes
4152 3523 4328 3592 lacte
4374 3523 4581 3591 condi·

2646 3618 2752 3676 tas
2809 3609 3011 3676 fuisse
3053 3610 3126 3675 in
3171 3608 3442 3675 delitiis:
3487 3609 3603 3676 sed
3647 3610 3803 3694 quia
3844 3610 4159 3693 obrepere
4201 3619 4468 3694 poterat
4502 3609 4585 3677 fe-

2647 3697 2837 3776 ritas,
2890 3696 2947 3763 si
2997 3717 3244 3780 agnum
3302 3695 3406 3761 vel
3454 3694 3742 3762 hoedum
3784 3694 4203 3762 comederent
4240 3696 4319 3762 in
4367 3695 4585 3764 matris

2647 3781 2815 3848 lacte
2831 3832 2848 3860 ,
2898 3783 3112 3848 vetuit
3148 3782 3332 3848 Deus
3368 3781 3495 3848 sibi
3524 3781 3750 3848 offerri
3783 3781 3956 3866 quod
4001 3802 4087 3847 ne
4130 3782 4201 3846 in
4260 3780 4587 3852 communi

2690 3866 2908 3934 uidem
2969 3868 3146 3935 victu
3204 3876 3346 3933 erat
3389 3867 3740 3934 tolerabile.
3826 3867 4023 3950 Quod
4066 3879 4421 3952 exponunt
4459 3868 4586 3954 qni·

2692 3974 2798 4019 am
2853 3952 3096 4019 hoedos
3137 3953 3399 4021 excludi
3444 3975 3485 4020 a
3525 3953 3801 4035 mensis,
3860 3953 4066 4021 donec
4110 3954 4427 4022 ablactati
4469 3955 4587 4021 fue·

2647 4039 2801 4120 rint,
2848 4039 3137 4105 alienum
3169 4047 3272 4105 est
3306 4062 3348 4105 a
3380 4041 3665 4106 ratione:
3712 4039 3868 4125 quia
3902 4049 4061 4105 tunc
4097 4039 4363 4107 hircum
4408 4041 4586 4107 subo·

2644 4125 2780 4191 lere
2835 4125 3174 4209 incipiunt.
3265 4124 3520 4191 Verum
3579 4127 3824 4211 optime
3880 4126 4193 4193 convenit
4233 4126 4360 4193 illa
4401 4126 4586 4208 ratio,

2648 4211 2863 4276 Deum
2918 4211 2990 4276 in
3046 4211 3385 4278 sacrificiis
3432 4212 3568 4279 suis
3613 4233 3746 4278 non
3790 4210 4136 4278 admittere
4177 4220 4584 4297 portentum:

2644 4306 2720 4363 ut
2760 4319 2911 4399 caro
2955 4299 3167 4363 teneri
3202 4299 3419 4398 foetus
3465 4310 3782 4383 coquatur
3823 4299 3895 4364 in
3931 4297 4098 4365 lacte
4143 4300 4381 4366 matris
4396 4350 4416 4380 ,
4460 4306 4588 4365 tan-

2647 4403 2845 4467 quam
2887 4405 2959 4449 in
3002 4404 3121 4450 suo
3165 4404 3506 4469 sanguine.
