4867 6150
429 436 562 503 687
1870 433 2318 503 OO'I'AVUM
2368 432 3021 502 PRAEOEP'I'UM.
3060 526 3069 535 ι
4323 430 4451 498 688

433 625 566 692 tica
621 625 1009 709 repetitione
1067 625 1354 692 inculcat
1410 624 1627 707 Deus,
1702 634 1775 691 ut
1829 622 2174 691 inflexibili
2233 644 2384 689 con·

433 711 680 778 stantia
723 710 970 776 iudices
1016 712 1324 794 aequitati
1370 711 1712 778 studeant:
1755 731 1876 777 nec
1916 710 2186 784 frustra.
2232 709 2389 794 quia

434 797 602 863 nihil
662 796 1020 881 proclivius
1078 818 1277 881 quam
1334 798 1559 863 favore
1619 796 1725 865 vel
1781 797 1931 863 odio
1974 793 2389 863 obtenebrari

433 882 776 949 hominum
847 891 1120 949 mentes,
1223 883 1482 950 Deinde
1553 904 1756 967 quum
1811 884 2199 948 innumerae
2256 882 2391 947 sint

432 969 767 1054 captiones
804 966 885 1034 ad
929 968 1414 1054 pessumdanda
1457 969 1714 1048 iudicia,
1761 968 1892 1035 nisi
1921 967 2116 1035 valde
2152 966 2390 1033 attenti

435 1056 569 1122 sint
609 1055 733 1139 ipsi
777 1054 1026 1123 iudices
1070 1054 1153 1121 ad
1194 1054 1473 1122 insidias
1516 1054 1877 1134 cavendas,
1923 1052 2202 1122 subinde
2247 1053 2391 1119 illa·

432 1142 659 1225 queari
704 1142 1058 1226 continget.

1021 1482 1154 1548 EX
1201 1481 1507 1549 EXODI
1540 1480 1815 1548 XXIII.

606 1653 667 1720 3.
720 1652 1069 1737 Pauperem
1112 1674 1236 1721 non
1280 1653 1617 1721 honorabis
1658 1674 1735 1719 ex
1776 1674 1900 1721 sua
1940 1673 2160 1721 eausa.

956 1996 1090 2062 EX
1135 1994 1468 2062 EODEM
1514 1994 1871 2095 ΟᾼΕῙΤΕ.

610 2170 669 2235 6.
698 2167 847 2236 Non
871 2169 1137 2247 inflecte-s*
1169 2166 1481 2235 iudicium
1500 2167 1827 2252 pauperis
1860 2167 1958 2233 tui
1992 2167 2061 2233 in
2094 2168 2204 2234 lite
2237 2168 2395 2234 eius,

608 2341 669 2406 6.
713 2339 866 2406 Non
906 2340 1189 2420 irfiectes.
1261 2337 1594 2420 Quoniam
1639 2338 1724 2404 ad
1766 2338 2187 2423 reprimenda
2208 2359 2397 2423 'quae

433 2447 633 2510 saepe
676 2425 1072 2510 contingunt
1115 2425 1310 2505 vitia,
1357 2424 1667 2491 feruntur
1711 2424 1891 2512 leges
1909 2475 1924 2503 ,
1971 2445 2105 2490 non
2153 2426 2395 2490 mirum

433 2521 538 2578 est
581 2512 641 2577 si
682 2532 1007 2596 pauperes
1052 2510 1239 2578 Deus
1283 2510 1732 2589 commendet,
1783 2511 2020 2595 quibus
2065 2531 2202 2576 non
2245 2531 2397 2577 raro

432 2598 673 2663 accidit
726 2597 1150 2664 succumbere
1206 2597 1274 2664 in
1320 2595 1509 2663 bonis
1553 2596 1769 2664 causis
1786 2645 1803 2677 ,
1859 2593 2015 2661 dum
2062 2603 2128 2661 et
2169 2595 2397 2663 favore

437 2683 918 2763 destituuntur,
975 2691 1041 2749 et
1094 2691 1364 2768 propter
1421 2691 1867 2766 contemptum
1913 2681 2198 2766 expositi
2240 2688 2399 2748 sunt

437 2769 756 2849 iniuriae,
815 2789 933 2839 nec
992 2769 1205 2854 pretio
1250 2776 1503 2835 certare
1546 2777 1824 2853 possunt
1867 2789 2017 2834 cum
2062 2765 2395 2835 divitibus.

439 2855 684 2923 Merito
737 2856 957 2939 itaque
1015 2854 1415 2938 prospicitur
1461 2875 1688 2920 eorum
1744 2853 2083 2935 tenuitati,
2130 2876 2213 2919 ne
2255 2854 2397 2920 exi-

435 2963 646 3027 guum
706 2941 877 3026 quod
935 2938 1272 3025 possident
1328 2938 1461 3006 illis
1524 2940 1778 3006 auferat
1820 2939 2110 3006 iudicum
2152 2940 2397 3025 iniqui-

2494 630 2618 688 tas.
2729 620 2981 689 Verum
3047 620 3221 706 quod
3288 620 3616 706 sequitur,
3693 640 4179 705 supervacuum
4241 619 4457 687 videri

2493 717 2742 792 posset:
2799 708 2866 774 N
2866 731 2904 774 e
2948 709 3346 792 pauperibus
3389 709 3611 774 faveat
3652 706 3884 772 iudex:
3933 705 4106 789 quod
4149 707 4262 772 vix
4304 705 4455 772 fieri

2494 793 2689 861 solet:
2763 793 2998 861 deinde
3056 816 3188 861 non
3245 795 3553 861 convenit
3609 792 4004 877 reprehendi
4062 790 4234 876 quod
4295 790 4454 857 alibi

2496 880 2812 965 praecipit
2855 878 3074 962 Dens,
3121 902 3196 947 ac
3251 878 3434 946 laudi
3474 878 3676 946 ducit.
3764 877 4190 962 Respondeo,
4232 884 4456 943 tanto·

2495 987 2653 1051 pere
2697 967 2840 1032 Deo
2898 967 3156 1050 placere
3198 963 3693 1045 rectitudinem,
3750 973 3827 1030 ut
3869 964 4051 1029 nullo
4094 963 4288 1029 modo
4333 985 4459 1030 ex-

2496 1052 2804 1120 cusabilis
2862 1053 2950 1118 sit
2996 1050 3226 1131 iudex,
3284 1072 3674 1136 quocunque
3732 1057 4081 1135 praetextu
4140 1049 4245 1117 vel
4299 1057 4455 1115 tan-

2502 1136 2717 1204 tillum
2765 1139 2846 1204 ab
2891 1159 2970 1204 ea
3013 1137 3314 1215 declinet,
3361 1147 3554 1222 atque
3599 1136 3778 1202 hunc
3815 1156 3959 1201 esse
4003 1137 4205 1202 finem
4249 1134 4459 1201 huius

2501 1223 2869 1290 doctrinae:
2928 1226 3085 1309 quia
3140 1226 3265 1291 etsi
3308 1234 3384 1290 ut
3425 1223 3786 1307 plurimum
3834 1222 4181 1307 tyrannice
4230 1221 4455 1305 oppri-

2499 1310 2706 1377 mitur
2739 1331 3009 1395 pauper,
3054 1310 3322 1376 ambitio
3357 1320 3582 1376 tamen
3626 1305 3958 1374 interdum
4003 1307 4286 1373 iudicem
4328 1309 4463 1372 im·

2497 1396 2700 1547 gellet
2764 1395 2848 1463 ad
2905 1416 3282 1480 perversam
3344 1395 3854 1474 misericordiam
3869 1443 3886 1474 ,
3954 1401 4028 1457 ut
4084 1393 4310 1479 larg-us
4369 1392 4463 1458 sit

2545 1503 2581 1548 e
2625 1482 2841 1548 alieno
2858 1533 2873 1561 ,
2926 1490 3122 1567 atque
3177 1482 3341 1549 haec
3393 1481 3671 1548 tentatio
3728 1501 3806 1546 eo
3863 1478 4289 1563 periculosior
4332 1485 4457 1556 est,

2500 1566 2675 1652 quod
2732 1567 2907 1634 fallit
2960 1568 3289 1635 iniustitia
3345 1567 3468 1633 sub
3521 1566 3737 1651 specie
3791 1564 4077 1633 virtutis.
4166 1564 4339 1630 Nam
4395 1564 4461 1631 si

2501 1655 2723 1721 oculos
2782 1663 3041 1720 tantum
3093 1653 3322 1739 dirigit
3365 1652 3562 1720 iudex
3607 1653 3691 1720 ad
3734 1651 4067 1718 miseriam
4112 1650 4461 1735 litigantis,

2501 1739 2699 1807 simul
2742 1740 3014 1825 obrepet
3055 1741 3272 1808 inanis
3306 1749 3544 1819 metus,
3589 1760 3675 1804 ne
3717 1736 4103 1822 pessumdet
4147 1758 4270 1805 sua
4311 1757 4465 1802 sen·

2503 1826 2715 1892 tentia
2767 1847 2960 1910 quem
3019 1835 3291 1910 cuperet
3333 1847 3478 1892 esse
3521 1825 3799 1891 salvum.
3884 1822 3992 1889 Ita
4033 1821 4208 1907 quod
4250 1823 4458 1888 unius

2502 1920 2679 1992 erat,
2739 1912 2928 1979 alteri
2983 1910 3401 1979 adiudicabit.
3491 1911 3708 1977 Maior
3764 1916 3867 1975 est
3922 1907 4260 1975 interdum
4301 1929 4467 1992 pau-

2499 2019 2734 2082 perum
2780 1999 3133 2079 temeritas,
3178 1996 3468 2073 audacia.
3514 2007 3581 2062 et
3612 1995 3976 2080 pertinacia
4011 1995 4097 2061 ad
4128 1994 4281 2060 lites
4317 2013 4464 2059 mo-

2503 2083 2751 2151 vendas
2808 2092 2877 2151 et
2932 2083 3414 2169 persequendas
3503 2104 3656 2149 uam
3701 2081 4018 2148 divitum:
4064 2080 4180 2147 ubi
4222 2099 4466 2147 causae

2503 2168 2842 2248 diffidunt,
2889 2170 3159 2237 solenne
3203 2178 3305 2237 est
3347 2169 3432 2236 ad
3497 2188 3803 2255 acl-ymas
3846 2176 3912 2234 et
3954 2166 4469 2233 lamentationes

2501 2256 2876 2340 confugere,
2921 2256 3157 2340 quibus
3198 2255 3451 2323 iudices
3494 2256 3714 2321 minus
3756 2261 3983 2321 cautos
4017 2253 4465 2320 circumveni-

2501 2350 2658 2418 unt,
2717 2344 2830 2426 qui
2886 2362 3121 2409 causae
3159 2342 3380 2423 obliti,
3436 2348 3701 2408 tantum
3745 2339 3825 2406 de
3871 2338 4154 2407 levanda
4195 2337 4469 2404 miseria

2504 2434 2571 2492 et
2613 2436 2907 2511 egestate
2950 2430 3262 2515 cogitant.
3349 2428 3557 2511 Atqui
3602 2425 3760 2492 dum
3803 2446 3922 2509 pro
3963 2424 4172 2490 nihilo
4214 2426 4470 2492 ducunt

2502 2514 2826 2581 iacturam
2884 2513 3165 2580 divitum
3223 2512 3329 2601 (eo
3372 2511 3545 2598 quod
3588 2512 3720 2578 illis
3763 2510 4053 2578 toleratu
4095 2513 4183 2578 sit
4223 2507 4471 2594 facilis)

2504 2619 2734 2666 secure
2768 2601 2839 2664 in
2885 2602 3164 2684 gratiam
3210 2619 3581 2686 pauperum
3619 2598 3703 2666 ab
3870 2598 4083 2663 nitate
4124 2596 4471 2663 excidunt.

2502 2684 2683 2752 Hinc
2726 2706 2886 2752 vero
2930 2686 3169 2752 melius
3206 2694 3485 2770 apparet
3525 2705 3723 2768 quam
3768 2685 3839 2749 in
3887 2684 4041 2768 igne
4082 2681 4258 2749 ferat
4279 2680 4473 2749 Dens

2502 2791 2822 2856 pauperes
2864 2774 3164 2856 opprimi,
3209 2772 3324 2838 ubi
3369 2792 3452 2837 ne
3492 2772 3652 2855 ipsis
3694 2769 3963 2854 quidem
4006 2770 4301 2836 succurri
4346 2788 4475 2852 pa-

2502 2857 2667 2922 titur
2709 2879 2860 2925 cum
2904 2857 3144 2925 damno
3191 2857 3492 2925 divitum.

1765 3666 2444 3745 APPENDIGES
2489 3666 3072 3745 POLITICAE
3099 3658 3170 3746 ¹).

1044 3881 1176 3949 EX
1218 3882 1523 3951 EXODI
1568 3883 1803 3951 XXII.

618 4018 751 4106 12).
814 4020 1023 4102 Quam
1074 4020 1337 4103 furatus
1389 4021 1588 4104 fuerit
1643 4023 1790 4105 quis
1827 4022 2035 4087 bovem
2076 4025 2404 4102 autpoeu-

435 4107 599 4185 dent,
646 4111 703 4171 et
734 4106 1127 4191 ἰιιραῖαυονᾱ,
1174 4111 1286 4171 aut
1316 4108 1682 4187 vendiderit,
1726 4108 2001 4191 quinque
2043 4105 2221 4173 boves
2260 4107 2403 4172 red-

438 4192 2405 4277 daminobove,etquatuorpoeudespropeoudeiua:

440 4278 504 4344 2.
553 4278 661 4360 (Si
707 4280 780 4344 in
831 4279 1153 4360 effossione
1208 4280 1494 4345 inventus
1532 4279 1735 4361 fuerit
1772 4280 1919 4362 fur,
1969 4284 2026 4345 et
2055 4297 2405 4360 percussus

438 4365 664 4448 fuerit,
729 4369 785 4430 et
849 4365 997 4430 inde
1039 4369 1352 4441 mortum,
1420 4384 1547 4429 non
1598 4367 1718 4430 erit
1773 4366 1833 4430 ei
1885 4365 1959 4431 in
2010 4367 2402 4448 sanquinem.

445 4450 505 4515 3.
534 4448 608 4515 Si
641 4456 815 4517 orbus
845 4449 1044 4532 faerit
1076 4449 1172 4516 sol
1205 4470 1396 4531 super
1435 4469 1598 4527 eum,
1644 4452 1762 4516 erit
1802 4450 1873 4516 ‘in
1907 4452 1967 4517 ei
2000 4451 2403 4535 sanquinem)

443 4535 752 4602 reddendo
806 4538 1054 4614 reddet:
1111 4536 1175 4602 si
1215 4555 1342 4601 non
1382 4538 1469 4600 sit
1509 4536 1599 4615 ei,
1644 4536 1944 4602 vendetur
1975 4542 2232 4619 propter
2269 4537 2408 4620 fur-

443 4627 817 4688 tumsuum.
882 4622 943 4688 4.
989 4620 1950 4704 Sideprehendaturinmanu
1992 4623 2408 4705 eiusfurtum

445 4707 1327 4790 aboveusqueadasinum,
1371 4708 2242 4792 usqueadpecudemtviva
2283 4709 2409 4775 duo

445 4794 675 4861 reddet.

620 4947 966 5014 Hactenus
1001 4945 1423 5031 iniquitatum
1462 4948 1790 5016 vindicem
1828 4969 1901 5015 se
1940 4947 2083 5014 fore
2126 4948 2410 5015 asseruit

449 5033 653 5113 Dens,
697 5035 1002 5116 furesque
1036 5031 1299 5100 citando
1342 5034 1423 5100 ad
1470 5055 1666 5102 suum
1712 5034 2027 5114 tribunal,
2073 5044 2406 5101 aeternam

625 5221 686 5290 1)
725 5220 973 5276 Rubriae
1007 5224 1069 5275 in
1103 5220 1340 5276 editione
1370 5223 1621 5292 principe
1652 5239 1766 5279 non
1799 5224 2024 5293 Mittor,
2073 5239 2193 5278 aaut
2227 5228 2408 5278 tamon

459 5290 867 5428 Gauuffihfigffs
896 5357 984 5427 21,
1016 5357 1113 5428 37;
1150 5357 1236 5426 22,
1273 5357 1426 5414 1-3.

2506 3889 2786 3948 mortem
2844 3882 2977 3949 illis
3033 3883 3381 3949 minitatus
3424 3892 3543 3948 est.
3632 3881 3827 3948 Nunc
3870 3893 4240 3965 sequuntur
4282 3882 4473 3966 leges

2505 3969 2829 4048 forenses,
2884 3990 3165 4054 quarum
3222 3990 3356 4034 non
3414 3978 3550 4033 tam
3603 3977 3838 4035 exacta
3892 3978 3995 4034 est
4052 3977 4121 4033 et
4174 3968 4474 4051 perfecta
4544 4036 4549 4041 ,

2510 4056 2706 4121 ratio:
2754 4054 2909 4138 quia
2956 4055 3136 4121 Deus
3179 4054 3251 4119 in
3296 4055 3379 4121 iis
3422 4053 3715 4121 ferendis
3756 4055 4005 4119 iustum
4090 4055 4102 4069 “
4194 4074 4337 4120 rem
4381 4053 4468 4120 ad

2508 4140 2733 4224 populi
2777 4139 3085 4206 duritiem
3131 4141 3409 4207 inflexit.
3498 4140 3854 4207 Caeterum
3898 4140 4075 4224 quod
4188 4160 4307 4206 eus

2510 4226 2670 4311 pulo
2729 4248 2847 4293 suo
2903 4225 3265 4293 tradiderat
3282 4278 3298 4305 ,
3359 4227 3641 4292 mutuati
3696 4233 3856 4293 sunt
3911 4223 4149 4292 deinde
4204 4161 4471 4309 pst-effi

2512 4312 2943 4398 legislatores.
3048 4313 3363 4397 Asperior
3428 4312 3690 4396 quidem
3756 4312 3975 4378 fuerat
4034 4312 4254 4378 Draco
4268 4362 4286 4392 ,
4351 4309 4473 4378 sed

2512 4399 2721 4464 nimia
2775 4400 2916 4467 eius
2971 4400 3288 4465 severitas
3332 4400 3532 4465 tacito
3567 4398 3794 4483 populi
3838 4396 4269 4464 Atheniensis
4313 4416 4470 4464 con-

2513 4505 2712 4551 sensu
2777 4485 3119 4552 obsolevit.
3235 4487 3300 4551 A
3357 4484 3602 4552 Solone
3673 4491 3899 4550 autem
3966 4484 4255 4550 mutuati
4308 4493 4470 4550 sunt

2516 4571 2869 4637 decemviri
2926 4579 3181 4655 partem
3239 4570 3404 4640 iuris
3457 4569 3628 4656 qnod
3672 4571 3744 4634 in
3787 4591 3942 4637 suas
3987 4568 4243 4636 tabulas
4286 4586 4469 4636 retu·

2514 4656 2765 4722 lerunt:
2826 4677 3199 4742 quanquam
3254 4657 3326 4723 in
3382 4655 3805 4723 distinctione
3863 4676 4115 4739 poenae
4174 4654 4359 4739 dupli
4404 4663 4471 4720 et

2515 4741 2862 4827 quadrupli
2904 4743 3280 4810 variarunt:
3328 4743 3598 4810 tandem
3640 4761 3945 4808 successu
3989 4741 4304 4825 temporis
4350 4741 4472 4807 ali·

2517 4828 2673 4913 quid
2718 4837 2944 4913 postea
2989 4837 3318 4896 mutatum
3353 4839 3470 4896 est.
3549 4828 3803 4894 Verum
3848 4826 3995 4912 quis
4038 4828 4144 4893 uis
4186 4826 4475 4912 pruden-

2517 4925 2619 4980 ter
2661 4917 2885 4982 omnia
2928 4915 3350 5001 expenderit,
3400 4914 3689 4999 reperiet
3730 4922 3870 4980 tam
3917 4911 4008 4981 So
4034 4934 4230 4979 onem
4273 4933 4477 4997 quam

2518 5001 2941 5080 decemviros,
2991 5001 3108 5068 ubi
3152 5022 3193 5067 a
3236 5002 3381 5086 lege
3427 5001 3554 5067 Dei
3598 4999 4026 5077 deflexerunt,
4070 4999 4141 5065 in
4185 4999 4479 5065 deterius

2514 5087 2855 5173 prolapsos
2898 5110 3059 5155 csse.
3148 5087 3375 5153 Primo
3419 5085 3770 5154 discrimen
3816 5087 3926 5153 hic
3968 5085 4237 5170 ponitur
4278 5084 4478 5169 quale

2516 5175 2832 5240 statuitur
2884 5173 3141 5259 legibus
3198 5173 3490 5240 romanis
3542 5174 3718 5239 inter
3754 5172 3935 5238 fures
3977 5172 4363 5238 manifestos
4406 5175 4479 5236 et

2519 5280 2640 5325 nec
2708 5259 3115 5325 manifestos:
3185 5259 3320 5326 illic
3377 5259 3557 5325 enim
3612 5259 3723 5324 fur
3779 5279 3902 5325 nec
3960 5258 4347 5323 manifestus
4402 5257 4477 5321 in

2518 5343 2796 5429 duplum
2838 5344 3189 5412 damnatur
3206 5398 3221 5426 ,
3267 5346 3653 5413 manifestus
3697 5365 3856 5411 vero
3896 5343 3969 5410 in
4014 5342 4475 5428 quadruplum.
