4867 6150
544 411 676 479 119

553 597 850 664 dendum
894 598 1257 666 tradiderit.
1346 600 1504 667 Fuit
1548 607 1766 666 autem
1814 601 1974 667 haec
2024 620 2154 664 non
2202 599 2500 682 vulgaris

551 704 793 770 poena,
852 684 1071 750 inedia
1127 695 1193 751 et
1251 687 1422 752 fame
1466 687 1783 752 conficere
1829 689 2242 771 Aegyptum,
2299 705 2501 768 quum

555 769 909 856 periissent
971 782 1243 838 cunctae
1308 782 1582 856 segetes.
1689 771 1942 837 Verum
2008 780 2362 854 antequam
2425 790 2503 834 eo

557 855 916 921 descendat
973 858 1228 938 Moses,
1293 856 1533 923 iterum
1590 859 1826 924 recitat
1882 880 1953 925 se
2013 857 2211 922 huius
2271 857 2505 940 plagae

550 943 755 1009 fuisse
820 962 1239 1025 praeconem,
1305 952 1372 1008 et
1436 944 1756 1010 rationem
1817 943 1943 1009 sibi
2001 964 2040 1008 a
2099 940 2243 1008 Deo
2305 944 2506 1007 fuisse

551 1027 881 1096 redditam
936 1050 1057 1095 cur
1110 1028 1303 1095 toties
1360 1029 1432 1093 in
1487 1051 1675 1097 suam
1735 1029 2090 1113 perniciem
2145 1029 2506 1094 reluctatus

553 1123 730 1181 esset
782 1113 1068 1180 Pharao,
1156 1115 1339 1181 Dicit
1391 1136 1549 1202 ergo
1607 1117 1791 1181 Deus
1849 1136 1920 1180 se
1975 1115 2330 1182 obdurasse
2394 1133 2506 1178 cor

554 1201 719 1280 eius,
756 1207 832 1265 ut
866 1207 1172 1284 portenta
1214 1210 1281 1265 et
1326 1201 1595 1267 virtutis
1638 1222 1793 1267 suae
1831 1200 2222 1266 documenta
2262 1197 2504 1265 ederet.

553 1286 729 1352 Nam
774 1286 832 1351 si
875 1289 1096 1351 statim
1144 1286 1530 1353 humiliatus
1582 1288 1883 1354 cessisset
1926 1287 2219 1365 Pharao,
2278 1307 2504 1368 super·

554 1392 834 1440 vacuum
881 1382 1024 1437 erat
1068 1386 1417 1439 certamen.
1507 1373 1839 1455 Quorsum
1901 1374 2079 1439 enim
2137 1393 2286 1458 cum
2330 1374 2506 1437 victo

554 1467 621 1524 et
639 1458 894 1523 iacente
918 1460 1112 1525 confli
1162 1480 1270 1524 ere
1294 1458 1577 1524 attinet?
1616 1460 1796 1544 Ergo
1832 1460 2101 1544 tyranni
2126 1458 2508 1541 pertinacia,

553 1542 775 1609 Deum
820 1544 1081 1628 saepius
1117 1481 1530 1626 lacessendo,
1598 1545 1894 1629 pluribus
1952 1543 2287 1609 miraculis
2333 1545 2508 1609 viam

552 1631 843 1713 aperuit:
890 1629 1434 1713 quemadmodum
1477 1652 1560 1696 ex
1604 1631 1939 1696 collisione
1975 1629 2212 1713 lapidis
2249 1638 2316 1693 et
2351 1629 2509 1694 ferri

552 1715 729 1800 ignis
776 1716 1051 1781 elicitur.
1143 1714 1291 1797 Quo
1346 1717 1540 1782 etiam
1606 1716 1929 1782 refellitur
1989 1715 2298 1801 frigidum
2344 1712 2509 1780 illud

560 1812 1036 1879 commentum,
1086 1822 1218 1867 non
1266 1803 1456 1867 aliter
1502 1802 1881 1868 induratum
1929 1803 2131 1868 fuisse
2175 1823 2286 1869 cor
2330 1801 2506 1866 Pha-

559 1888 800 1968 raonis,
840 1889 963 1953 nisi
1003 1888 1170 1970 quod
1210 1890 1538 1972 proposita
1569 1898 1724 1954 sunt
1760 1888 2079 1954 miracula
2113 1909 2331 1955 coram
2370 1889 2507 1952 eius

474 2004 488 2019 ·
559 1975 784 2040 oculis.
872 1973 1018 2038 Non
1082 1975 1259 2038 enim
1320 1976 1505 2041 docet
1547 1975 1767 2041 Moses
1827 1996 1940 2041 cor
1996 1976 2134 2039 eius
2189 1974 2507 2040 divinitus

556 2059 762 2125 fuisse
827 2071 1256 2144 aggravatum
1325 2060 1663 2144 signorum
1731 2071 2115 2145 conspectu,
2180 2060 2295 2125 sed
2360 2057 2506 2123 Deo

556 2146 883 2230 placuisse
928 2146 1049 2212 hoc
1084 2146 1274 2211 modo
1320 2146 1655 2211 illustrare
1700 2169 1885 2212 suam
1924 2148 2258 2212 virtutem.
2325 2145 2506 2210 Hinc

563 2233 763 2297 etiam
807 2231 1194 2314 colligimus,
1241 2240 1418 2297 certo
1463 2232 1589 2297 Dei
1632 2232 1902 2297 consilio
1946 2230 2503 2316 praedestinatum

561 2318 761 2384 fuisse
806 2317 1119 2400 quidquid
1167 2316 1420 2384 accidit.
1489 2317 1723 2383 Voluit
1758 2319 1936 2383 enim
1959 2316 2145 2383 Deus
2183 2316 2506 2401 singulari

558 2415 628 2470 et
671 2405 936 2469 insolito
980 2404 1171 2468 modo
1217 2403 1527 2487 populum
1575 2426 1766 2469 suum
1815 2403 2151 2470 redimere.
2218 2404 2313 2470 Ut
2348 2403 2507 2469 haec

560 2488 923 2573 redemptio
968 2490 1178 2574 magis
1238 2490 1589 2572 conspicua
1633 2501 1701 2555 et
1744 2489 2022 2555 nobilior
2066 2492 2283 2568 fieret,
2330 2488 2505 2553 Pha-

560 2597 830 2641 raonem
897 2577 1200 2658 opposuit
1266 2577 1476 2640 instar
1525 2596 1761 2641 saxeae
1824 2576 2043 2659 rupis,
2101 2577 2209 2659 qui
2270 2576 2507 2640 duritie

561 2682 682 2728 sua
747 2681 1011 2726 causam
1079 2661 1264 2725 novis
1331 2672 1397 2725 et
1459 2661 1670 2745 magis
1736 2661 2105 2745 insignibus
2179 2660 2509 2727 miraculis

562 2745 841 2814 subinde
900 2745 1105 2811 daret.
1200 2745 1593 2812 Admirabili
1653 2747 1856 2831 igitur
1911 2749 2037 2813 Dei
2097 2746 2510 2831 providentia

560 2834 630 2898 in
678 2833 859 2898 hunc
917 2834 1114 2897 finem
1172 2832 1516 2898 induratus
1574 2833 1701 2897 suit
1744 2833 2036 2913 Pharao,
2096 2856 2176 2898 ne
2233 2833 2511 2899 obscura

562 2927 685 2986 aut
740 2918 890 2983 vilis
946 2928 1116 2983 esset
1173 2919 1579 2986 liberationis
1637 2920 1868 3003 gratia.
1958 2918 2277 3002 Respexit
2332 2920 2508 2984 enim

564 3005 877 3092 populum
947 3024 1138 3069 suum
1195 3005 1376 3071 Deus
1447 3005 1655 3090 magis
1719 3027 1912 3090 quam
1969 3007 2367 3092 Aegyptios,
2434 3012 2508 3068 ut

564 3114 719 3157 mox
780 3093 1106 3174 sequitur:
1180 3091 1497 3158 Narrabis
1552 3091 1689 3157 filio
1750 3101 1894 3172 tuo,
1949 3103 2016 3157 et
2071 3093 2326 3176 nepoti,
2386 3103 2508 3158 etc.

565 3179 798 3262 Longe
843 3179 1017 3243 enim
1064 3178 1328 3243 uberior
1386 3180 1749 3262 gratiarum
1795 3178 2099 3257 actionis,
2168 3191 2233 3243 ct
2276 3178 2508 3243 libera·

564 3265 762 3329 tionis
805 3263 1232 3329 celebrandae
1276 3263 1492 3330 oblata
1536 3264 1660 3329 fuit
1705 3265 1996 3344 materia,
2044 3285 2249 3346 quum
2294 3265 2510 3348 palam

567 3349 890 3417 vidissent
944 3349 1287 3414 Israelitae
1348 3351 1536 3414 toties
1593 3372 1668 3415 ac
1724 3360 1855 3415 tam
1929 3351 2130 3415 variis
2193 3351 2514 3435 prodigiis

567 3452 905 3500 exsertum
966 3456 1002 3499 e
1046 3435 1224 3500 coelo
1267 3433 1395 3499 Dei
1463 3435 1824 3501 brachium.
1914 3436 2088 3500 Nam
2150 3440 2204 3503 si
2273 3438 2515 3502 usitato

566 3521 761 3586 modo
805 3521 1080 3585 fuissent
1123 3521 1481 3605 redempti,
1538 3521 1683 3586 laus
1725 3519 1859 3587 Dei
1903 3521 2097 3605 paulo
2141 3532 2287 3605 post
2328 3523 2515 3587 obso-

564 3607 856 3673 levisset.
946 3607 1254 3672 Posteros
1299 3629 1453 3690 ergo
1498 3606 1591 3671 sic
1635 3628 1671 3670 a
1718 3608 2011 3690 patribus
2068 3609 2285 3674 doceri
2328 3630 2516 3691 opor-

569 3695 718 3772 tuit,
765 3714 846 3757 ne
891 3692 1299 3776 ambigerent
1346 3691 1425 3757 de
1471 3702 1604 3758 tam
1652 3694 1967 3775 praeclari
2013 3697 2228 3777 operis
2271 3707 2516 3759 autore.

571 3780 924 3846 Caeterum
970 3779 1077 3843 hic
1121 3780 1412 3862 exigitur
1455 3798 1495 3842 a
1537 3781 1832 3862 patribus
1876 3782 1985 3864 qui
2030 3781 2269 3846 oculati
2327 3787 2520 3845 erant

570 3866 911 3951 signorum
960 3872 1160 3928 testes
1220 3863 1564 3948 diligentia
1608 3872 1676 3929 et
1732 3865 2049 3931 sedulitas
2093 3868 2161 3931 in
2208 3866 2361 3933 filiis
2406 3867 2517 3931 do-

570 3951 825 4019 cendis:
894 3958 963 4014 et
1026 3950 1109 4014 iis
1174 3950 1371 4014 etiam
1434 3950 1803 4036 iniungitur
1871 3952 2163 4018 discendi
2227 3973 2389 4018 cura
2454 3961 2523 4019 et

570 4037 866 4116 attentio,
895 4045 967 4101 ut
990 4035 1451 4101 beneficiorum
1478 4036 1602 4100 Dei
1642 4038 1955 4102 memoria
1988 4059 2107 4121 per
2140 4042 2521 4105 continuam

574 4134 863 4190 aetatum
899 4122 1135 4187 seriem
1175 4123 1423 4188 floreat.
1493 4122 1732 4187 Praxis
1768 4121 1964 4188 huius
2002 4124 2334 4191 doctrinae
2370 4147 2523 4192 con-

575 4210 851 4293 spicitur
895 4208 1069 4274 Psal.
1115 4208 1221 4273 44.
1269 4216 1336 4274 et
1373 4206 1517 4274 105.

747 4294 806 4359 3.
882 4294 1057 4361 Tunc
1119 4295 1287 4360 venit
1346 4293 1563 4359 Moses
1623 4299 1681 4359 et
1737 4293 2021 4361 Aharon.
2111 4296 2252 4361 Iam
2322 4295 2526 4362 refert

573 4380 800 4446 Moses
843 4400 914 4443 se
950 4380 1078 4445 Dei
1123 4379 1434 4445 mandato
1479 4388 1768 4445 tentasse
1799 4380 2166 4447 Pharaonis
2210 4383 2526 4463 animum,

580 4487 670 4531 an
730 4464 992 4530 tandem
1052 4475 1200 4549 post
1264 4466 1475 4531 multa
1541 4466 2023 4548 experimenta,
2080 4475 2260 4533 metu
2319 4490 2526 4535 novae

576 4571 828 4636 poenae
872 4571 1036 4633 quae
1079 4552 1398 4633 instabat,
1452 4551 1759 4617 flexibilis
1804 4567 1977 4618 esset
2018 4554 2098 4618 ad
2146 4556 2528 4637 parendum.

576 4638 726 4703 Hoc
751 4645 973 4702 autem
997 4639 1301 4701 examine
1325 4638 1558 4704 melius
1578 4639 1842 4723 cognita
1871 4640 1992 4704 fuit
2028 4642 2166 4705 eius
2201 4640 2527 4723 impietae,

579 4723 750 4808 quod
790 4722 1100 4788 ditionem
1138 4743 1324 4789 suam
1361 4734 1545 4806 parte
1580 4745 1881 4790 annonae
1917 4726 2239 4809 privatam
2279 4725 2528 4807 videns,

582 4808 752 4893 quod
835 4808 914 4873 de
994 4809 1203 4874 altera
1278 4818 1465 4891 parte
1546 4810 1979 4877 denunciatur
2043 4832 2082 4875 a
2140 4812 2328 4877 Mose
2394 4835 2529 4878 non

580 4896 834 4962 metuit.
894 4893 1054 4959 Ideo
1091 4896 1387 4978 asperius
1423 4916 1570 4960 eum
1606 4896 1924 4981 obiurgat,
1958 4917 2227 4983 rogans:
2265 4897 2529 4980 Quous-

583 5004 712 5066 que
782 4979 1047 5046 tandem
1121 4980 1399 5065 superbe
1468 4981 1731 5046 resistes
1788 4984 1913 5049 Dei
1967 4983 2289 5067 imperio?
2358 4985 2529 5051 Nam

582 5088 784 5153 quum
864 5068 1149 5150 pessima
1213 5087 1471 5151 quoque
1546 5068 1814 5152 ingenia
1888 5071 2198 5154 frangant
2273 5070 2529 5156 plagae,

584 5154 880 5237 portenti
925 5152 1134 5218 instar
1187 5154 1339 5230 fuit,
1394 5174 1617 5238 regem
1671 5154 1873 5220 octies
1927 5165 1993 5221 et
2049 5154 2311 5239 quidem
2369 5158 2533 5224 diris

582 5237 796 5305 modis
841 5260 1218 5322 percussum
1264 5237 1437 5304 nolle
1481 5237 1697 5305 adhuc
1740 5240 1987 5320 cedere,
2038 5242 2312 5325 perinde
2354 5264 2430 5310 ac
2474 5245 2532 5311 si

580 5325 934 5392 incolumis
976 5337 1041 5391 et
1086 5325 1168 5390 ab
1213 5326 1392 5391 omni
1438 5324 1677 5391 damno
1719 5326 2008 5392 intactus
2051 5338 2272 5394 staret.
2361 5330 2529 5396 Cae-

1744 411 2488 483 COMMENTARIUS
2533 409 2635 478 IN
2679 411 2980 479 EXODI
3024 410 3226 478 OAP.
3272 410 3360 477 X.

4421 408 4541 474 120

2608 608 2823 664 terum
2878 621 2960 664 ex
3019 598 3143 664 hoc
3195 599 3335 666 loco
3391 597 3774 665 discendum
3829 604 3931 663 est
3987 596 4052 662 in
4117 598 4294 662 huno
4348 597 4540 664 finem

2607 686 2915 768 castigari
2948 707 3069 751 nos
3096 686 3221 751 Dei
3243 685 3489 762 ferulis,
3533 695 3611 749 ut
3646 706 3685 750 a
3720 683 4151 767 cupiditatum
4178 693 4543 750 nostrarum

2607 769 2881 836 lascivia
2922 771 3269 837 redeamus
3315 771 3396 836 ad
3444 770 3620 836 illius
3678 770 4079 853 obsequium.
4167 769 4311 835 Hoc
4364 779 4545 836 vocat

2608 856 2826 921 Moses
2891 866 2958 922 et
2987 867 3134 941 post
3168 879 3318 923 eum
3355 857 3594 922 Petrus
3632 854 3722 943 [1.
3761 857 3941 921 Petr.
3978 855 4039 935 5,
4076 856 4118 921 6
4150 853 4177 941 )
4216 855 4545 922 humiliari

2606 963 2825 1008 coram
2924 964 3018 1021 ee,
3057 944 3160 1009 vel
3197 944 3319 1010 sub
3356 945 3603 1026 potenti
3648 945 3787 1007 eius
3822 964 4045 1017 manu,
4139 963 4249 1007 um
4293 943 4546 1025 experti

2607 1028 3086 1094 formidabilem
3130 1031 3270 1095 eius
3314 1030 3677 1113 potentiam
3716 1049 3833 1094 nos
3867 1039 4247 1094 reverenter
4288 1029 4545 1097 subiici·

2607 1134 2755 1179 mus
2819 1115 2963 1181 eius
3030 1114 3322 1199 imperio.
3432 1114 3630 1181 Unde
3694 1116 4023 1197 sequitur,
4085 1114 4271 1198 quasi
4336 1113 4547 1183 ferrea

2607 1198 2825 1266 fronte
2882 1201 3116 1267 luctari
3182 1222 3334 1268 cum
3395 1202 3537 1266 Deo
3592 1201 3702 1283 qui
3768 1220 4124 1283 poenarum
4182 1208 4363 1265 metu
4421 1225 4548 1268 non

2609 1285 2962 1352 domantur
3000 1308 3120 1355 nec
3155 1289 3528 1353 flectuntur.
3598 1284 3820 1367 Quare
3863 1306 3986 1351 nos
4029 1285 4112 1351 ad
4162 1286 4547 1371 resipiscen-

2609 1374 2767 1437 tiam
2813 1372 3071 1438 erudiat
3114 1374 3346 1439 timor:
3394 1395 3487 1453 ac,
3533 1394 3613 1438 ne
3658 1371 3940 1455 superbo
3986 1380 4368 1458 contemptu
4406 1396 4547 1458 pro-

2609 1478 2919 1524 vocemus
2964 1460 3104 1525 eius
3149 1457 3524 1532 vindictam,
3571 1457 3899 1524 discamus
3944 1456 4110 1522 nihil
4154 1480 4296 1524 esse
4341 1463 4548 1545 magis

2611 1543 2922 1609 horribile
2958 1566 3154 1628 quam
3190 1545 3477 1612 incidere
3514 1544 3584 1609 in
3608 1546 3751 1610 eius
3775 1564 4010 1608 manus
4032 1542 4264 1630 (Hebr.
4295 1546 4396 1625 10,
4421 1546 4547 1635 31).

2611 1627 3005 1696 Subindicat
3047 1632 3246 1696 etiam
3290 1631 3510 1696 Moses
3553 1652 3688 1695 non
3743 1652 3885 1695 esse
3929 1626 4175 1695 bellum
4223 1631 4549 1700 Pharaoni

2610 1736 2755 1780 cum
2811 1716 3131 1782 Israelitis
3190 1725 3477 1794 tantum,
3538 1715 3652 1782 sed
3706 1736 3852 1782 cum
3916 1717 4092 1793 Deo,
4154 1719 4265 1799 qui
4327 1740 4546 1786 corum

2609 1823 2875 1867 causam
2921 1802 3226 1885 suscepit.
3317 1801 3541 1882 Quare
3598 1824 3729 1867 non
3787 1800 4159 1867 dubitemus
4215 1814 4549 1888 tyrannm,

2608 1888 2977 1971 quicunque
3021 1889 3261 1954 iniuste
3298 1888 3637 1953 ecclesiam
3672 1888 3996 1971 affligunt,
4043 1910 4189 1955 cum
4228 1891 4373 1957 Deo
4418 1894 4551 1976 ipso

2608 1976 2991 2058 confligere:
3037 1976 3225 2040 cuius
3270 1974 3520 2039 viribus
3564 1995 3636 2039 se
3681 1974 3876 2057 longe
3920 1974 4202 2056 impares
4246 1979 4550 2045 sentient.

2777 2060 2839 2125 4.
2884 2060 3060 2143 Quod
3096 2062 3158 2126 si
3191 2066 3260 2124 tu
3292 2061 3529 2124 renui&
3597 2059 3972 2124 Denunciat
3997 2060 4214 2126 Moses
4251 2063 4548 2131 ultimam

2608 2147 2949 2230 penuriam
3008 2159 3073 2211 et
3129 2146 3368 2211 famem
3429 2153 3644 2210 terrae
3693 2147 4015 2229 Aegypti,
4075 2149 4227 2230 quia
4283 2162 4550 2233 repente

2607 2245 2881 2316 surgent
2917 2232 3222 2310 locustae,
3268 2253 3434 2315 quae
3479 2234 3741 2315 penitus
3785 2242 4177 2298 consumant
4221 2236 4549 2303 residuum

2609 2319 2768 2384 anni
2804 2328 3214 2401 proventum.
3304 2318 3448 2383 Iam
3494 2317 3669 2381 enim
3716 2316 3990 2382 dimidia
4033 2340 4185 2401 pars
4229 2324 4550 2405 grandine

2608 2406 2911 2489 perierat.
2980 2404 3130 2469 Etsi
3174 2413 3395 2468 autem
3441 2412 3769 2469 testantur
3811 2401 4126 2469 historiae
4171 2418 4451 2490 veteres,
4491 2418 4552 2475 et

2611 2499 2836 2555 nostro
2894 2489 3153 2556 saeculo
3210 2489 3518 2573 contigit,
3584 2511 3714 2554 non
3774 2501 4030 2573 segetes
4088 2503 4381 2571 tantum,
4443 2494 4553 2561 sed

2613 2589 2947 2659 pratorum
2994 2597 3246 2659 quoque
3291 2576 3529 2640 herbas
3573 2596 3610 2638 a
3655 2575 3924 2640 locustis
3970 2580 4219 2642 vorari:
4287 2604 4370 2645 ex
4430 2583 4550 2648 cir-

2613 2662 3025 2727 cumstantiis
3072 2673 3290 2726 tamen
3337 2661 3668 2744 colligitur
3723 2661 3848 2728 hoc
3905 2662 4104 2729 fuisse
4163 2666 4551 2732 inusitatum

2614 2748 2914 2814 coelestis
2938 2747 3268 2813 vindictae
3291 2748 3698 2829 exemplum:
3736 2749 3887 2830 quia
3911 2757 3977 2812 et
3998 2748 4171 2814 diem
4195 2756 4551 2818 crastiuum

2613 2834 2917 2919 praefigit
2963 2835 3200 2911 Moses,
3252 2846 3317 2898 et
3359 2832 3803 2899 incredibilem
3852 2835 4100 2917 copiam
4149 2838 4366 2904 subito
4410 2864 4554 2905 eru·-

2615 2921 2790 3005 pisse
2836 2929 3092 3001 narrat,
3147 2929 3212 2984 et
3271 2919 3453 2984 addit
3507 2940 3842 3002 nunquam
3899 2920 4062 2986 tales
4109 2924 4281 2990 visas
4326 2927 4554 2995 fuisse:

2616 3017 2940 3091 postremo
2966 3005 3216 3071 nullam
3242 3004 3505 3070 domum
3531 3004 3612 3070 ab
3649 3026 3871 3070 earum
3909 3007 4163 3074 insultu
4198 3009 4556 3080 immunem

2616 3099 2753 3158 fore
2812 3094 3117 3158 minatur.
3207 3093 3414 3158 Porro
3475 3113 3682 3176 genus
3738 3093 3981 3177 flagelli
4035 3097 4275 3162 iterum
4334 3111 4557 3166 notare

2618 3200 2852 3263 operae
2896 3181 3181 3263 pretium
3225 3187 3357 3257 est,
3414 3177 3587 3261 quod
3632 3176 3816 3244 Deus
3867 3202 3951 3245 ex
3996 3181 4238 3248 vilibus
4283 3186 4556 3252 animal·

2617 3266 2783 3332 culis
2828 3266 3189 3332 exercitum
3233 3264 3486 3349 colligit
3528 3273 3594 3328 et
3637 3273 3879 3345 armat,
3924 3288 4050 3349 quo
4093 3272 4557 3340 contumeliose

2616 3351 3080 3417 indomabilem
3148 3360 3507 3437 tyrannum
3573 3371 3722 3416 cum
3786 3352 4094 3418 omnihus
4159 3357 4297 3422 suis
4358 3359 4559 3442 copiis

2617 3439 2939 3522 profliget.
3031 3438 3255 3521 Digna
3312 3438 3511 3502 etiam
3569 3437 3692 3501 hac
3748 3437 4044 3504 mercede
4100 3437 4229 3505 fuit
4271 3444 4559 3529 Aegypti

2617 3523 3055 3607 ingratitudo,
3132 3523 3286 3606 quia
3363 3523 3558 3588 nimis
3621 3522 3970 3607 indignum
4036 3525 4159 3590 fuit
4223 3533 4560 3614 tyrannice

2618 3610 2898 3692 opprimi
2962 3610 3030 3673 in
3092 3629 3171 3672 ea
3228 3609 3490 3692 regione
3555 3619 3847 3690 posteros
3900 3609 4174 3694 Ioseph,
4240 3618 4354 3696 qui
4421 3637 4558 3683 eam

2620 3717 2741 3761 sua
2798 3696 3064 3759 solertia
3120 3695 3315 3777 paulo
3374 3705 3525 3759 ante
3586 3694 3899 3762 ducentos
3964 3704 4030 3761 et
4087 3698 4561 3787 quinquaginta

2621 3802 2827 3846 annos
2872 3802 2912 3845 a
2956 3779 3132 3846 fame
3185 3791 3572 3846 asseruerat.
3652 3778 3843 3861 Quod
3903 3784 4199 3867 sequitur
4257 3809 4455 3854 versu
4502 3788 4559 3868 6,

2620 3867 2843 3932 Vertit
2885 3887 2990 3947 se,
3046 3879 3115 3932 et
3168 3888 3472 3950 egressus
3516 3874 3649 3944 est,
3693 3887 3813 3949 pro
3858 3868 4329 3952 indignationis
4376 3875 4560 3959 signo

2624 3953 2913 4036 ponitur:
2961 3974 3036 4017 ac
3071 3953 3125 4018 si
3154 3952 3361 4017 Moses
3404 3953 3854 4019 contumaciae
3902 3955 4166 4039 tyranni
4208 3971 4560 4041 pertaesus,

2624 4049 2895 4122 repente
2950 4060 3022 4105 se
3078 4038 3203 4102 alio
3263 4037 3657 4121 proriperet,
3718 4061 3802 4103 ne
3860 4040 4005 4106 vale
4053 4042 4317 4124 quidem
4377 4046 4562 4113 dicto.

2629 4123 2950 4206 Quamvis
3028 4145 3186 4209 ergo
3267 4134 3603 4190 mansueto
3683 4124 3925 4208 alioqui
4014 4129 4278 4212 ingenio
4358 4132 4568 4212 fuerit,

2628 4212 2921 4295 praecisa
2974 4218 3197 4275 tamen
3257 4211 3419 4277 haec
3473 4210 3824 4276 austeritas
3878 4212 4252 4281 adhibenda
4310 4218 4435 4283 fuit
4489 4218 4568 4284 ad

2628 4295 3051 4362 refutandum
3096 4298 3367 4376 fastum,
3414 4317 3537 4379 quo
3581 4304 3908 4381 tyrannus
3951 4299 4019 4363 in
4064 4300 4316 4367 coelum
4359 4305 4570 4388 ipsum

2629 4377 3051 4466 conspuebat.
3142 4383 3418 4448 Discant
3476 4392 3694 4448 autem
3740 4392 3807 4447 et
3849 4387 4062 4451 nostri
4107 4389 4352 4454 saeculi
4396 4390 4566 4456 Pha·

2631 4489 2894 4547 raones,
2949 4468 3206 4551 quando
3250 4489 3491 4553 purum
3536 4469 3664 4533 Dei
3708 4470 3957 4535 cultum
4003 4474 4334 4541 atrocibus
4379 4475 4569 4542 minis

2631 4554 3031 4637 impediunt,
3088 4557 3260 4621 iusto
3326 4554 3467 4620 eius
3522 4554 3759 4620 iudicio
3818 4558 3960 4622 fieri
4019 4568 4089 4622 ut
4145 4558 4214 4623 in
4282 4562 4567 4645 ipsorum

2632 4640 2991 4707 ditionibus
3036 4648 3434 4725 grassentur,
3480 4649 3555 4705 ut
3596 4639 3917 4722 locustae,
3963 4641 4262 4711 homines
4308 4647 4567 4713 fanatici

2631 4749 2780 4793 cum
2825 4727 3044 4812 impiis
3087 4727 3437 4807 erroribus,
3484 4747 3558 4794 ac
3605 4726 3754 4793 tabe
3796 4728 4069 4811 populos
4113 4730 4431 4799 inficiant.

2805 4900 2863 4964 7.
2931 4898 3255 4964 Dioeerunt
3316 4903 3523 4964 autem
3585 4900 3753 4965 servi
3820 4897 4184 4978 Pharaonis
4259 4903 4348 4970 ad
4408 4926 4571 4971 eum.-

2638 4987 2972 5068 Quousque
3034 4985 3154 5050 erit
3215 4984 3317 5049 hic
3380 4984 3550 5050 vobis
3611 4984 3681 5048 in
3740 4985 4180 5066 offendiculum
4196 4988 4235 5053 ἓ
4314 4989 4571 5056 Dimitte

2631 5071 2925 5149 homines,
2969 5075 3039 5135 ut
3078 5073 3360 5137 serviant
3404 5069 3667 5135 Iehovae
3702 5069 3838 5136 Deo
3879 5091 4013 5138 suo.
4081 5073 4195 5139 An
4237 5081 4378 5141 ante
4416 5077 4570 5143 scies

2632 5158 2793 5239 quod
2823 5156 3087 5239 perierit
3131 5160 3451 5241 Aeyyptus
3466 5155 3503 5219 ἓ
3539 5153 3586 5241 ¹)
3672 5155 3732 5220 8.
3776 5152 3868 5221 Et
3905 5158 4196 5225 reductus
4236 5167 4325 5227 est
4369 5161 4569 5228 Moses

2774 5346 2831 5415 1)
2865 5346 2940 5400 In
2974 5346 3246 5414 marqine:
3295 5343 3426 5398 Vel:
3464 5344 3780 5414 Antequam
3813 5346 3952 5399 scies
3988 5347 4217 5415 periisse
4252 5349 4566 5419 Aegyptum.
