4867 6150
326 428 456 495 685

329 616 595 684 elicitur
616 615 885 682 nonnisi
922 614 1002 681 de
1025 615 1223 681 rebus
1262 615 1493 680 furtim
1531 612 1766 681 ablatis
1804 613 1911 678 vel
1950 611 2031 677 de
2065 610 2298 677 fraude

330 701 623 768 admissa
686 702 1003 785 praecipi:
1071 710 1147 766 nt
1211 702 1322 784 qui
1385 699 1509 766 sibi
1578 700 1749 766 male
1811 698 2115 765 conscius
2178 706 2298 773 est,

331 789 654 855 iacturam
723 788 982 854 sarciat.
1082 786 1468 853 Notandum
1527 806 1684 851 vero
1743 792 1870 863 est,
1937 784 2151 869 legem
2214 783 2296 848 ad

333 874 686 941 occultiora
719 874 896 939 furta
925 882 1241 956 spectare,
1287 893 1455 957 quae
1489 872 1560 937 in
1596 870 1913 938 iudicium
1948 869 2128 936 trahi
2165 889 2299 934 non

333 960 580 1027 solent:
640 960 765 1025 hac
810 956 891 1023 de
955 979 1152 1025 causa
1209 958 1477 1024 dicitur:
1538 955 2074 1041 &peccaverint
2115 974 2299 1020 more

331 1046 707 1125 hominum,
781 1065 866 1109 ne
933 1045 1416 1129 subterfugium
1482 1054 1751 1128 captent
1817 1064 1899 1109 ex
1966 1042 2298 1108 communi
2343 1064 2344 1099 1

333 1153 518 1198 more
569 1141 632 1196 et
691 1150 835 1196 usu.
927 1129 1254 1212 Quamvis
1298 1150 1456 1214 ergo
1501 1130 1820 1214 plurimos
1864 1126 2152 1193 habeant
2195 1149 2298 1192 so-

333 1220 486 1297 cios,
523 1228 726 1301 negat
765 1226 988 1283 tamen
1034 1217 1218 1283 Deus
1259 1216 1326 1281 id
1375 1215 1457 1281 ad
1503 1216 1996 1282 excusationem
2040 1214 2299 1279 valere:

334 1303 607 1388 ideoque
665 1314 897 1386 sponte
943 1301 1216 1368 reddere
1259 1302 1438 1367 iubet
1483 1301 1654 1385 quod
1701 1299 2150 1366 fraudulenter
2195 1298 2299 1363 vel

331 1391 556 1474 inique
633 1388 715 1454 ad
811 1408 881 1454 εε
957 1397 1329 1454 traxerunt.
1443 1389 1537 1453 At
1615 1388 1694 1452 de
1761 1406 1972 1469 poena
2036 1383 2298 1467 quidem

331 1476 496 1542 furti
532 1495 684 1541 mox
730 1474 1039 1541 disseret:
1087 1496 1263 1541 nunc
1308 1481 1569 1539 tantum
1615 1473 1952 1555 praecipit,
1995 1470 2303 1554 quamvis

334 1583 528 1628 nemo
570 1560 831 1645 legibus
874 1561 1221 1643 compellet
1263 1580 1372 1626 eos
1409 1560 1521 1643 qui
1565 1557 1975 1639 fraudarunt,
2019 1578 2141 1622 nec
2188 1555 2299 1620 de-

331 1646 656 1732 prehendi
706 1648 913 1731 possit
968 1667 1193 1711 eorum
1241 1647 1509 1726 crimen,
1571 1655 1642 1709 ut
1688 1643 2036 1728 diligenter
2075 1650 2299 1707 tamen

335 1756 490 1801 suas
547 1733 979 1800 conscientias
1037 1732 1455 1812 examinent,
1516 1739 1582 1796 ει
1628 1731 1937 1796 delictum
1987 1729 2158 1812 quod
2204 1728 2301 1791 la-

337 1821 517 1887 tebat
561 1821 846 1903 ingenue
913 1818 1038 1902 ipsi
1100 1819 1468 1903 proferant:
1532 1817 1848 1883 damnum
1909 1818 2108 1881 etiam
2152 1813 2298 1878 illa·

335 1916 480 1971 tum
522 1916 979 1989 compensent,
1046 1905 1201 1987 quia
1242 1904 1387 1969 sine
1430 1904 1845 1969 restitutione
1910 1900 2157 1967 lusoria
2201 1922 2301 1965 es—

335 2000 437 2058 set
479 1991 817 2057 confessio.
908 1989 1103 2072 Quod
1169 2000 1400 2072 postea
1460 1989 1731 2055 additur
1793 1986 1967 2071 apud
2027 1987 2297 2052 Mosen:

335 2077 416 2144 Si
460 2098 652 2143 nemo
695 2085 913 2142 exstet
957 2075 1191 2142 haeres
1235 2077 1340 2141 cui
1384 2075 1703 2141 reddatur
1746 2075 2034 2151 furtum,
2081 2081 2159 2138 ut
2194 2093 2299 2138 sa-

332 2163 584 2231 cerdoti
628 2163 929 2243 offerant,
973 2163 1123 2245 quia
1169 2162 1325 2227 alibi
1369 2162 1659 2245 exposui,
1704 2181 1881 2227 nunc
1924 2166 2297 2243 praetereo:

333 2252 463 2316 nisi
522 2249 692 2333 quod
738 2249 893 2314 inde
937 2248 1335 2332 colligimus,
1397 2270 1481 2312 cx
1536 2245 1879 2313 fraudibus
1937 2254 2004 2310 ct
2047 2246 2300 2328 rapinis

331 2336 546 2402 labem
613 2334 917 2401 contrahi
976 2355 1143 2418 quae
1200 2354 1537 2418 nunquam
1598 2334 1872 2408 eluitur,
1917 2332 2048 2396 nisi
2106 2331 2299 2394 domo

333 2421 536 2487 rebus
596 2420 766 2485 male
820 2419 1033 2503 partis
1089 2419 1256 2485 bene
1312 2428 1610 2504 purgata.
1704 2416 1837 2485 Sed
1895 2417 2140 2482 oblatio
2185 2415 2299 2481 illa

331 2509 510 2574 inter
565 2508 714 2573 iura
765 2505 1176 2573 sacerdotum
1237 2516 1516 2572 tractata
1565 2506 1721 2570 fuit:
1768 2526 1943 2570 nunc
1987 2502 2069 2568 de
2112 2503 2302 2568 resti-

331 2596 589 2660 tutione
624 2594 718 2659 sic
747 2592 1123 2657 habendum
1161 2602 1277 2672 est,
1310 2592 1605 2675 quintam
1633 2600 1886 2674 partem
1925 2586 2295 2673 superaddi,

331 2694 469 2746 non
515 2690 651 2746 tam
698 2688 772 2743 ut
816 2679 1091 2745 ditescat
1130 2679 1243 2761 qui
1284 2681 1601 2745 iacturam
1648 2698 1884 2760 passus
1928 2686 2050 2753 est,
2098 2695 2296 2758 quam

329 2777 407 2832 ut
451 2765 578 2831 sibi
620 2785 850 2829 omnes
895 2785 973 2830 eo
1012 2764 1394 2848 diligentius
1428 2772 1707 2830 caveant
1749 2763 1830 2828 ab
1875 2765 2055 2827 omni
2103 2781 2296 2840 noxa,

377 2873 534 2918 uam
599 2851 880 2916 audiunt
945 2851 1081 2917 fore
1146 2872 1277 2916 non
1345 2849 1536 2915 modo
1594 2849 1719 2916 sibi
1776 2848 2082 2913 inutilem
2101 2895 2116 2925 ,
2181 2844 2298 2912 sed

378 2957 714 3004 amnosam
767 2958 1039 3020 quoque.
1128 2936 1320 3001 Adde
1377 2936 1550 3020 quod
1608 2935 1721 3001 ubi
1770 2934 2094 3019 quispiam
2149 2954 2297 3017 spo-

329 3024 531 3092 liatus
588 3032 688 3090 εει
707 3075 722 3104 ,
781 3022 991 3108 pluris
1047 3041 1245 3107 quam
1290 3042 1410 3106 pro
1454 3021 1683 3107 quinta
1726 3034 1915 3106 parte
1959 3040 2153 3104 saepe
2192 3020 2298 3086 in-

328 3119 539 3178 terest
579 3114 676 3177 rei
718 3131 876 3176 suae
920 3130 1044 3176 usu
1087 3109 1394 3176 caruisse.

910 3450 1043 3519 EX
1086 3449 1391 3519 EXODI
1433 3449 1706 3517 xxm

508 3625 567 3692 8.
620 3624 719 3691 Ne
760 3626 1041 3710 accipias
1083 3643 1350 3690 munus:
1403 3624 1559 3707 quia
1600 3584 1835 3688 mma-3
1875 3625 2158 3689 excaecat
2198 3621 2295 3686 vi-

333 3711 564 3791 dentes,
610 3718 666 3778 et
697 3712 999 3796 pervertit
1041 3711 1226 3777 verba
1268 3711 1599 3776 iustorum.

957 4052 1092 4119 EX
1128 4052 1433 4120 LEVI'P.
1471 4050 1672 4118 XIX.

513 4225 616 4293 15.
670 4225 817 4292 Non
868 4225 1069 4307 facies
1110 4225 1512 4307 iniquitatem
1552 4226 1624 4290 in
1665 4224 1933 4305 iudicio,
1988 4243 2112 4289 non
2153 4242 2297 4289 sus-

335 4313 536 4396 cipies
552 4312 784 4394 faciem
797 4313 1126 4394 pauperi-3,
1163 4331 1357 4394 neque
1390 4310 1725 4377 honorabis
1757 4327 2016 4377 causam
2043 4309 2263 4394 moyni
2276 4333 2297 4374 .·

336 4400 412 4465 in
457 4400 708 4465 iustitia
749 4397 1066 4464 iudicabis
1097 4398 1466 4480 proximum
1508 4402 1704 4463 tuum.

977 4739 1110 4806 Ex
1156 4739 1426 4808 DEUT.
1473 4738 1665 4806 ΧΠ.

517 4913 618 4980 19.
668 4915 821 4979 Non
876 4913 1141 4994 inflectas
1181 4912 1524 4985 iudicium,
1582 4932 1706 4977 non
1750 4931 2045 4997 aquo-aces
2075 4932 2293 4994 perso-

333 5020 493 5067 nam
510 5051 526 5079 ,
568 5020 764 5083 neque
796 5000 1009 5082 capies
1051 5017 1319 5063 munus:
1361 4999 1518 5081 quia
1560 5017 1793 5063 munus
1833 5003 2114 5064 excaecat
2157 5018 2290 5063 ocu-

334 5087 438 5154 zos
478 5088 853 5169 sapientum,
897 5090 953 5149 et
983 5083 1285 5165 pervertit
1324 5084 1512 5149 verba
1553 5086 1883 5151 iustorum.
1948 5083 2051 5150 20.
2100 5084 2297 5150 Iusti-

332 5173 522 5252 tiam,
567 5174 880 5238 iustitiam
914 5170 1209 5253 sequeris,
1253 5174 1323 5234 ut
1362 5171 1560 5251 vivas,
1602 5175 1658 5236 et
1688 5171 2020 5253 possideas
2059 5175 2297 5236 terram

329 5279 534 5343 quam
580 5257 811 5324 Iehova
853 5257 1036 5323 Deus
1077 5261 1227 5321 tuus
1267 5255 1380 5320 dat
1420 5255 1551 5322 tibi.

1783 422 2238 490 OCTAVUM
2283 420 2934 488 PRAECEPTUM.

4236 428 4371 495 686

2564 610 2787 710 Εκοᾶὶ
2832 611 2948 690 23,
3010 613 3069 680 8.
3121 614 3220 680 Ne
3261 617 3556 700 accipias.
3647 616 3794 684 Hoc
3838 636 4049 703 genus
4095 614 4367 682 furandi

2400 716 2697 762 omnium
2762 710 2863 763 est
2923 698 3381 781 deterrimum,
3441 704 3552 768 ubi
3612 702 3861 769 iudices
3907 703 4011 770 vel
4061 701 4360 769 mercede

2402 782 2507 847 vel
2545 785 2760 866 gratia
2802 787 3110 869 corrupti,
3157 787 3441 853 fortunis
3486 797 3793 854 evertunt
3835 809 4000 873 quos
4039 787 4210 853 tueri
4256 788 4365 854 de-

2400 867 2661 968 bebant.
2751 870 2922 935 Nam
2984 892 3184 955 quum
3242 894 3467 939 eorum
3527 873 3823 941 tribunal
3867 874 4055 959 quasi
4099 895 4360 941 sacrum

2401 960 2491 1018 sit
2549 956 2807 1040 asylum
2868 977 2994 1039 quo
3046 959 3432 1043 confugiant
3490 959 3865 1045 quicunque
3923 958 4147 1044 inique
4203 967 4364 1027 sunt

2400 1042 2717 1140 oppressi,
2761 1041 2929 1106 nihil
2974 1043 3315 1128 indignius
3361 1067 3555 1129 quam
3600 1046 3657 1112 si
3701 1046 3838 1112 illic
3881 1046 3953 1111 in
3997 1046 4368 1130 praedones

2400 1126 2715 1192 incidant.
2806 1127 3136 1195 Creantur
3189 1129 3440 1198 iudices
3497 1133 3610 1216 qui
3665 1132 3985 1198 maleficia
4043 1141 4111 1198 et
4150 1152 4363 1197 noxas

2401 1232 2630 1278 omnes
2672 1226 3121 1298 compescant:
3177 1237 3334 1299 ergo
3379 1217 3435 1283 si
3479 1219 3709 1284 favent
3753 1216 4085 1301 improbis,
4133 1217 4357 1283 furum

2403 1305 2565 1362 sunt
2621 1310 3091 1383 receptatores:
3163 1323 3291 1386 qua
3348 1314 3535 1388 peste
3592 1305 3760 1369 nihil
3820 1304 4034 1388 magis
4090 1303 4365 1369 exitiale

2405 1393 2523 1448 est.
2614 1383 2873 1451 Deinde
2946 1389 3100 1471 quia
3151 1408 3347 1455 omne
3405 1389 3583 1455 aliud
3645 1389 4009 1456 remedium
4071 1389 4365 1455 excludit

2405 1489 2630 1534 eorum
2704 1472 3057 1551 autoritas,
3116 1474 3395 1541 violenti
3453 1496 3710 1560 quoque
3768 1487 3927 1542 sunt
3977 1474 4361 1559 praedones.

2406 1554 2557 1636 Quo
2600 1556 2824 1640 itaque
2868 1558 3079 1625 maior
3122 1559 3252 1625 illis
3296 1572 3397 1626 εει
3443 1561 3722 1628 nocendi
3765 1562 4056 1641 licentia,
4102 1572 4167 1626 ct
4210 1560 4361 1645 plus

2405 1641 2630 1742 damni
2666 1644 2951 1709 afferunt
2986 1647 3250 1729 iniquae
3286 1669 3512 1713 eorum
3550 1649 3937 1727 sententiae,
3975 1668 4051 1713 eo
4082 1647 4358 1732 diligen·

2403 1736 2537 1793 tius
2601 1730 2911 1795 monendi
2975 1744 3131 1798 sunt
3192 1743 3267 1798 ut
3332 1732 3457 1800 sibi
3523 1734 3604 1800 ab
3659 1734 4007 1818 iniquitate
4062 1742 4359 1800 caveant.

2404 1812 2630 1895 Quare
2686 1817 3000 1899 peculiari
3063 1818 3364 1885 doctrina
3412 1822 3479 1885 in
3527 1821 3739 1886 officio
3783 1818 4052 1886 retineri
4095 1841 4362 1886 neccsse

2401 1899 2565 1980 fuit,
2632 1922 2717 1965 ne
2774 1922 2891 1968 suo
2951 1906 3314 1989 patrocinio
3372 1908 3550 1973 furta
3608 1914 3909 1991 tegerent
3963 1915 4032 1971 et
4086 1906 4358 1972 alerent.

2402 1985 2546 2086 Iam
2587 1996 2659 2051 ut
2694 1990 2972 2054 avaritia
3014 1989 3203 2056 radix
3250 2000 3349 2057 est
3382 1991 3674 2057 omnium
3722 1993 4064 2069 malorum,
4110 1992 4205 2056 ita
4246 1992 4361 2057 ubi

2401 2072 2688 2137 iudicum
2750 2075 3004 2142 animos
3061 2089 3365 2160 occupat,
3427 2077 3612 2144 nulla
3670 2079 3893 2162 vigere
3934 2087 4149 2161 potest
4191 2078 4361 2144 inte-

2402 2158 2629 2241 gritas.
2720 2158 2856 2226 Sed
2918 2162 3073 2245 quia
3129 2163 3355 2246 procul
3410 2184 3641 2229 omnes
3684 2184 3725 2228 a
3768 2186 3837 2230 se
3882 2164 4191 2230 reiiciunt
4236 2161 4361 2228 hoc

2401 2255 2673 2326 vitium,
2733 2248 3032 2329 quamvis
3091 2269 3168 2314 eo
3227 2251 3514 2315 maxime
3569 2249 3898 2329 laborent,
3958 2249 4247 2316 crassius
4276 2256 4359 2326 ,et

2401 2330 2613 2430 magis
2649 2333 3055 2415 populariter
3099 2336 3235 2420 agit
3260 2335 3465 2415 Deus,
3510 2345 3583 2400 ut
3626 2335 3876 2402 iudices
3921 2356 4160 2401 manus
4203 2355 4358 2401 con-

2401 2422 2658 2516 tineant
2717 2418 2796 2483 ab
2843 2422 3021 2484 omni
3069 2442 3376 2487 munere:
3439 2420 3695 2487 nullum
3742 2422 3916 2487 euim
3964 2422 4178 2505 magis
4217 2420 4356 2486 exi-

2402 2501 2558 2567 tiale
2606 2524 2940 2570 venenum
2983 2516 3085 2572 est
3128 2507 3210 2571 ad
3257 2506 3807 2592 exstinguendam
3853 2528 4115 2573 omnem
4162 2507 4358 2572 recti-

2403 2588 2698 2654 tudinem
2774 2610 2968 2673 quam
3045 2592 3155 2658 ubi
3216 2594 3413 2659 iudex
3489 2592 3877 2659 muneribus
3947 2614 4018 2658 εε
4092 2590 4359 2659 deliniri

2402 2676 2673 2757 patitur.
2762 2676 3107 2743 Excusent
3150 2688 3469 2762 quantum
3516 2679 3784 2745 libuerit
3827 2681 3936 2762 qui
3982 2678 4155 2743 dona
4195 2679 4359 2745 acci-

2402 2761 2626 2843 piunt,
2694 2782 2764 2827 se
2831 2763 3255 2830 nihilominus
3320 2786 3587 2831 manere
3651 2767 3982 2849 integros:
4044 2785 4152 2829 res
4214 2766 4358 2848 ipsa

2401 2847 2581 2913 clare
2615 2846 3040 2928 demonstrat,
3086 2851 3352 2917 venales
3387 2872 3549 2932 esse,
3587 2869 3662 2916 ac
3696 2849 4106 2916 meritorium
4132 2869 4360 2933 quaes-

2406 2939 2548 2997 tum
2599 2933 2812 2999 facere
2870 2935 3243 3019 quicunque
3302 2938 3480 3004 lucro
3524 2937 3879 3004 ducuntur.
3971 2937 4190 3020 Atque
4235 2935 4358 3002 hoc

2402 3019 2568 3086 satis
2600 3019 2756 3086 olim
2801 3019 2884 3087 ad
2926 3021 3177 3090 iudices
3218 3023 3636 3091 infamandos
3677 3021 3905 3103 valuit,
3948 3020 4360 3089 nummarios

2404 3106 2645 3173 vocari.
2736 3104 2870 3174 Sed
2926 3107 3224 3193 pluribus
3268 3108 3349 3175 de
3394 3110 3518 3176 hac
3561 3132 3631 3175 re
3676 3108 3997 3176 disserere
4040 3129 4356 3192 superva—

2403 3213 2604 3258 cuum
2665 3205 2797 3272 est,
2854 3193 3115 3279 quando
3176 3217 3406 3262 omnes
3460 3194 3943 3281 tergiversandi
3984 3215 4178 3261 ansas
4223 3214 4357 3260 uno

2405 3278 2606 3344 verbo
2661 3277 2848 3345 Deus
2901 3281 3251 3363 praecidit:
3319 3283 3635 3362 Munera,
3694 3283 3939 3365 inquit,
3998 3287 4362 3347 excaecant

2402 3364 2624 3430 oculos
2681 3362 2997 3447 videntis,
3059 3375 3126 3432 et
3183 3376 3575 3451 pervertunt
3632 3366 3944 3434 iudicium
4004 3381 4352 3434 rectorum.

2401 3450 2584 3533 Ergo
2642 3452 2699 3516 si
2745 3451 2871 3518 Dei
2913 3451 3154 3518 iudicio
3199 3454 3701 3537 acquiescimus,
3756 3454 4016 3519 nullum
4062 3462 4160 3519 est
4208 3461 4353 3517 tan-

2401 3545 2544 3601 tum
2605 3537 3045 3620 perspicaciae
3104 3538 3331 3604 lumen
3391 3540 3565 3623 quod
3622 3561 3756 3605 non
3812 3539 4137 3605 suffocent
4206 3559 4353 3603 mu-

2397 3643 2593 3704 nera,
2652 3644 2865 3706 neque
2907 3623 3046 3689 ulla
3091 3632 3275 3690 tanta
3318 3625 3610 3709 probitas
3654 3647 3848 3709 quam
3895 3646 4026 3690 non
4071 3623 4354 3689 labefac-

2397 3717 2566 3772 tent:
2615 3708 2894 3792 denique
2929 3729 3153 3775 sanam
3192 3718 3476 3777 mentem
3527 3720 3680 3777 ante
3722 3711 4032 3777 inficiunt
4073 3731 4354 3776 munera

2398 3815 2596 3877 quam
2660 3815 2897 3861 manus
2955 3797 3423 3862 contaminent.
3528 3797 3631 3862 Ea
3687 3797 3986 3881 intelligo
4043 3817 4211 3880 quae
4271 3794 4354 3861 ob

2397 3900 2539 3945 rem
2584 3880 3001 3947 iudicandam
3046 3882 3190 3965 quis
3236 3883 3497 3967 accipit:
3558 3905 3768 3967 neque
3812 3884 3990 3948 enim
4034 3883 4114 3947 de
4156 3883 4352 3948 bene-

2397 3967 2566 4032 ficiis
2602 3988 2778 4032 nunc
2823 3967 3102 4033 habetur
3144 3991 3379 4048 sermo,
3426 3969 3664 4052 quibus
3706 3970 3882 4035 ultro
3924 3970 4215 4051 citroque
4256 3968 4357 4032 in-

2398 4062 2502 4118 ter
2561 4073 2632 4118 se
2688 4054 3180 4120 communicant
3233 4055 3551 4122 homines.
3639 4055 3874 4138 Itaque
3917 4054 3986 4120 in
4033 4052 4353 4119 Deutero-

2396 4138 2620 4205 nomio
2664 4149 3015 4223 antequam
3064 4140 3144 4205 de
3192 4141 3571 4207 muneribus
3620 4141 3892 4207 verbum
3924 4140 4125 4206 faciat
4145 4137 4354 4224 Deus,

2397 4233 2584 4294 vetat
2638 4225 2976 4292 inflectere
3018 4225 3368 4306 iudicium,
3424 4229 3530 4295 vel
3576 4248 3929 4312 agnoscere
3973 4245 4351 4310 personam:

2398 4311 2574 4390 unde
2618 4311 2978 4395 colligitur,
3025 4321 3285 4378 tantum
3334 4313 3637 4379 damnari
3679 4315 3957 4397 aucupia
3997 4333 4164 4396 quae
4206 4321 4353 4377 ten-

2399 4398 2652 4464 duntur
2708 4397 2791 4462 ad
2847 4397 3244 4480 captandum
3300 4399 3613 4467 favorem.
3703 4398 4083 4465 Notandum
4126 4408 4352 4465 autem

2397 4483 2573 4569 quod
2633 4485 2704 4548 in
2749 4484 3048 4550 Levitico
3094 4482 3395 4551 Iudicare
3442 4489 3509 4551 in
3556 4486 3808 4552 iustitia
3850 4487 4199 4568 opponitur
4244 4506 4350 4551 ac·

2396 4569 2685 4653 ceptioni
2728 4590 3186 4654 persona-rum:
3248 4572 3422 4637 unde
3464 4574 3793 4656 sequitur,
3850 4572 4047 4638 simul
4090 4593 4166 4638 ac
4212 4580 4354 4635 tan-

2398 4656 2609 4722 tillum
2676 4656 2881 4722 iudex
2931 4655 3154 4723 oculos
3203 4678 3242 4722 a
3296 4679 3498 4725 causa
3554 4657 3869 4735 deflectit,
3935 4655 4351 4723 rectitudinis

2393 4742 2717 4809 oblivisci.
2802 4742 2908 4809 Ad
2964 4741 3125 4809 haec
3181 4742 3503 4810 Iudicium
3568 4744 3904 4809 inflectere
3962 4742 4350 4808 tantundem

2396 4829 2577 4894 valet
2611 4849 2686 4895 ac
2720 4828 2936 4896 facere
2970 4827 3385 4913 iniquitatem
3430 4831 3497 4895 in
3542 4829 3818 4894 iudicio:
3863 4827 3974 4896 sed
4021 4828 4175 4912 quia
4220 4848 4349 4893 non

2395 4936 2658 5000 semper
2716 4915 3028 4997 iniquitas
3080 4916 3295 4997 palam
3339 4914 3691 4982 manifesta
3733 4927 3867 4994 est,
3927 4913 4084 4998 quin
4130 4912 4350 4997 potius

2395 5001 2623 5067 multis
2668 5002 2961 5067 artificiis
3003 5002 3294 5066 fucatur:
3340 5009 3682 5085 postquam
3709 5001 3892 5068 Deus
3936 5001 4005 5065 in
4050 4998 4350 5065 Levitico

2396 5086 2739 5154 damnavit
2772 5087 2997 5170 iniqua
3032 5098 3098 5151 et
3133 5108 3445 5171 perversa
3479 5087 3735 5166 iudicia,
3766 5096 3841 5152 ut
3876 5104 4080 5152 vanos
4123 5105 4350 5150 omnes

2393 5173 2644 5239 colores
2722 5172 3058 5249 discutiat,
3137 5177 3416 5240 verbum
3494 5171 3854 5238 inclinandi
3932 5180 4207 5255 usurpat
4274 5171 4348 5236 in

2395 5259 2928 5325 Deuteronomio.

2571 5346 2842 5410 Deuter.
2904 5345 3019 5426 16,
3075 5344 3182 5411 20.
3228 5345 3586 5424 Iustitiam,
3630 5343 3961 5409 iustitiam.
4052 5343 4347 5426 Empha-
