<?xml version="1.0" encoding="UTF-8"?>
<!DOCTYPE html PUBLIC "-//W3C//DTD XHTML 1.0 Transitional//EN"
    "http://www.w3.org/TR/xhtml1/DTD/xhtml1-transitional.dtd">
<html xmlns="http://www.w3.org/1999/xhtml" xml:lang="en" lang="en">
 <head>
  <title>
</title>
<meta http-equiv="Content-Type" content="text/html;charset=utf-8" />
  <meta name='ocr-system' content='tesseract 3.04.00' />
  <meta name='ocr-capabilities' content='ocr_page ocr_carea ocr_par ocr_line ocrx_word'/>
</head>
<body>
  <div class='ocr_page' id='page_1' title='image "./ioanniscalvinio04unkngoog_0060.png"; bbox 0 0 4867 6150; ppageno 0'>
   <div class='ocr_carea' id='block_1_1' title="bbox 551 417 4536 488">
    <p class='ocr_par' dir='ltr' id='par_1_1' title="bbox 551 417 4536 488">
     <span class='ocr_line' id='line_1_1' title="bbox 551 417 4536 488; baseline -0.001 -1"><span class='ocrx_word' id='word_1_1' title='bbox 551 423 634 488; x_wconf 87' lang='grc'>91</span> <span class='ocrx_word' id='word_1_2' title='bbox 1718 417 2462 487; x_wconf 78' lang='lat' dir='ltr'>COMMENTARIUS</span> <span class='ocrx_word' id='word_1_3' title='bbox 2508 419 2609 485; x_wconf 91' lang='lat' dir='ltr'>IN</span> <span class='ocrx_word' id='word_1_4' title='bbox 2655 418 2957 485; x_wconf 84' lang='lat' dir='ltr'>EXODI</span> <span class='ocrx_word' id='word_1_5' title='bbox 2998 419 3197 487; x_wconf 85' lang='lat' dir='ltr'>CAP.</span> <span class='ocrx_word' id='word_1_6' title='bbox 3243 421 3401 487; x_wconf 88' lang='lat' dir='ltr'>VH.</span> <span class='ocrx_word' id='word_1_7' title='bbox 4459 418 4536 485; x_wconf 79' lang='lat'>92</span> 
     </span>
    </p>
   </div>
   <div class='ocr_carea' id='block_1_2' title="bbox 496 608 2502 3792">
    <p class='ocr_par' dir='ltr' id='par_1_2' title="bbox 540 608 2502 3274">
     <span class='ocr_line' id='line_1_2' title="bbox 552 608 2502 692; baseline -0.002 -17"><span class='ocrx_word' id='word_1_8' title='bbox 552 611 793 676; x_wconf 91' lang='lat' dir='ltr'>artium</span> <span class='ocrx_word' id='word_1_9' title='bbox 838 609 1085 674; x_wconf 89' lang='lat' dir='ltr'>studia:</span> <span class='ocrx_word' id='word_1_10' title='bbox 1154 629 1233 673; x_wconf 80' lang='lat' dir='ltr'>ex</span> <span class='ocrx_word' id='word_1_11' title='bbox 1302 608 1600 691; x_wconf 84' lang='lat' dir='ltr'>proximo</span> <span class='ocrx_word' id='word_1_12' title='bbox 1660 616 1881 674; x_wconf 89' lang='lat' dir='ltr'>tamen</span> <span class='ocrx_word' id='word_1_13' title='bbox 1939 617 2254 674; x_wconf 88' lang='lat' dir='ltr'>contextu</span> <span class='ocrx_word' id='word_1_14' title='bbox 2318 615 2502 692; x_wconf 82' lang='lat' dir='ltr'>patet</span> 
     </span>
     <span class='ocr_line' id='line_1_3' title="bbox 550 693 2500 778; baseline -0.003 -16"><span class='ocrx_word' id='word_1_15' title='bbox 550 695 783 762; x_wconf 88' lang='lat' dir='ltr'>multis</span> <span class='ocrx_word' id='word_1_16' title='bbox 826 694 1134 760; x_wconf 88' lang='lat' dir='ltr'>inanibus</span> <span class='ocrx_word' id='word_1_17' title='bbox 1182 695 1513 778; x_wconf 83' lang='lat' dir='ltr'>figmentis</span> <span class='ocrx_word' id='word_1_18' title='bbox 1554 693 1754 760; x_wconf 89' lang='lat' dir='ltr'>fuisse</span> <span class='ocrx_word' id='word_1_19' title='bbox 1799 693 2073 772; x_wconf 89' lang='lat' dir='ltr'>deditos,</span> <span class='ocrx_word' id='word_1_20' title='bbox 2121 695 2251 759; x_wconf 92' lang='lat' dir='ltr'>imo</span> <span class='ocrx_word' id='word_1_21' title='bbox 2295 703 2500 758; x_wconf 89' lang='lat' dir='ltr'>totam</span> 
     </span>
     <span class='ocr_line' id='line_1_4' title="bbox 552 780 2499 866; baseline -0.001 -19"><span class='ocrx_word' id='word_1_22' title='bbox 552 781 942 866; x_wconf 78' lang='lat' dir='ltr'>degenerem</span> <span class='ocrx_word' id='word_1_23' title='bbox 969 801 1195 845; x_wconf 90' lang='lat' dir='ltr'>eorum</span> <span class='ocrx_word' id='word_1_24' title='bbox 1221 781 1557 845; x_wconf 89' lang='lat' dir='ltr'>scientiam</span> <span class='ocrx_word' id='word_1_25' title='bbox 1599 781 1801 846; x_wconf 89' lang='lat' dir='ltr'>fuisse</span> <span class='ocrx_word' id='word_1_26' title='bbox 1828 801 2078 845; x_wconf 91' lang='lat' dir='ltr'>meram</span> <span class='ocrx_word' id='word_1_27' title='bbox 2113 780 2499 845; x_wconf 86' lang='lat' dir='ltr'>vanitatem.</span> 
     </span>
     <span class='ocr_line' id='line_1_5' title="bbox 550 867 2499 948; baseline -0.004 -13"><span class='ocrx_word' id='word_1_28' title='bbox 550 868 723 935; x_wconf 90' lang='lat' dir='ltr'>Nam</span> <span class='ocrx_word' id='word_1_29' title='bbox 747 880 1014 937; x_wconf 57' lang='lat' dir='ltr'>mmmm</span> <span class='ocrx_word' id='word_1_30' title='bbox 1054 875 1120 931; x_wconf 91' lang='lat' dir='ltr'>et</span> <span class='ocrx_word' id='word_1_31' title='bbox 1154 879 1416 935; x_wconf 68' lang='grc' dir='ltr'>ΕἱὍτΩἾΠ</span> <span class='ocrx_word' id='word_1_32' title='bbox 1452 867 2056 948; x_wconf 86' lang='lat' dir='ltr'>superstitiosarum</span> <span class='ocrx_word' id='word_1_33' title='bbox 2080 874 2232 931; x_wconf 80' lang='lat' dir='ltr'>sunt</span> <span class='ocrx_word' id='word_1_34' title='bbox 2258 867 2499 930; x_wconf 89' lang='lat' dir='ltr'>artium</span> 
     </span>
     <span class='ocr_line' id='line_1_6' title="bbox 550 951 2498 1102; baseline -0.002 -84"><span class='ocrx_word' id='word_1_35' title='bbox 550 955 821 1019; x_wconf 86' lang='lat' dir='ltr'>nomina</span> <span class='ocrx_word' id='word_1_36' title='bbox 866 973 1140 1036; x_wconf 90' lang='lat' dir='ltr'>quorum</span> <span class='ocrx_word' id='word_1_37' title='bbox 1166 954 1370 1102; x_wconf 86' lang='lat' dir='ltr'>¹prius</span> <span class='ocrx_word' id='word_1_38' title='bbox 1414 952 1743 1037; x_wconf 86' lang='lat' dir='ltr'>significat</span> <span class='ocrx_word' id='word_1_39' title='bbox 1790 953 2341 1035; x_wconf 88' lang='lat' dir='ltr'>praestigiatores,</span> <span class='ocrx_word' id='word_1_40' title='bbox 2391 951 2498 1016; x_wconf 90' lang='lat' dir='ltr'>vel</span> 
     </span>
     <span class='ocr_line' id='line_1_7' title="bbox 548 1037 2498 1125; baseline -0.002 -20"><span class='ocrx_word' id='word_1_41' title='bbox 548 1042 660 1125; x_wconf 90' lang='lat' dir='ltr'>qui</span> <span class='ocrx_word' id='word_1_42' title='bbox 719 1040 987 1107; x_wconf 85' lang='lat' dir='ltr'>fascinis</span> <span class='ocrx_word' id='word_1_43' title='bbox 1046 1060 1163 1106; x_wconf 91' lang='lat' dir='ltr'>ocu</span> <span class='ocrx_word' id='word_1_44' title='bbox 1191 1059 1263 1104; x_wconf 90' lang='lat' dir='ltr'>os</span> <span class='ocrx_word' id='word_1_45' title='bbox 1321 1057 1682 1121; x_wconf 79' lang='lat' dir='ltr'>sensusque</span> <span class='ocrx_word' id='word_1_46' title='bbox 1741 1039 2068 1103; x_wconf 88' lang='lat' dir='ltr'>inficiunt:</span> <span class='ocrx_word' id='word_1_47' title='bbox 2136 1037 2498 1105; x_wconf 89' lang='lat' dir='ltr'>secundum</span> 
     </span>
     <span class='ocr_line' id='line_1_8' title="bbox 551 1123 2497 1210; baseline -0.003 -17"><span class='ocrx_word' id='word_1_48' title='bbox 551 1148 706 1193; x_wconf 91' lang='lat' dir='ltr'>vero</span> <span class='ocrx_word' id='word_1_49' title='bbox 773 1147 890 1210; x_wconf 92' lang='lat' dir='ltr'>pro</span> <span class='ocrx_word' id='word_1_50' title='bbox 955 1123 1383 1210; x_wconf 89' lang='lat' dir='ltr'>genethliacis</span> <span class='ocrx_word' id='word_1_51' title='bbox 1451 1125 1739 1207; x_wconf 89' lang='lat' dir='ltr'>capitur,</span> <span class='ocrx_word' id='word_1_52' title='bbox 1809 1125 1919 1206; x_wconf 91' lang='lat' dir='ltr'>qui</span> <span class='ocrx_word' id='word_1_53' title='bbox 1987 1145 2069 1187; x_wconf 87' lang='lat' dir='ltr'>ex</span> <span class='ocrx_word' id='word_1_54' title='bbox 2140 1124 2497 1206; x_wconf 91' lang='lat' dir='ltr'>horoscopo</span> 
     </span>
     <span class='ocr_line' id='line_1_9' title="bbox 546 1209 2498 1294; baseline -0.002 -17"><span class='ocrx_word' id='word_1_55' title='bbox 546 1212 843 1278; x_wconf 87' lang='lat' dir='ltr'>iudicant</span> <span class='ocrx_word' id='word_1_56' title='bbox 883 1209 963 1276; x_wconf 90' lang='lat' dir='ltr'>de</span> <span class='ocrx_word' id='word_1_57' title='bbox 1007 1212 1322 1294; x_wconf 85' lang='lat' dir='ltr'>cuiusque</span> <span class='ocrx_word' id='word_1_58' title='bbox 1366 1210 1637 1276; x_wconf 87' lang='lat' dir='ltr'>fortuna</span> <span class='ocrx_word' id='word_1_59' title='bbox 1673 1221 1738 1275; x_wconf 91' lang='lat' dir='ltr'>et</span> <span class='ocrx_word' id='word_1_60' title='bbox 1781 1232 1862 1273; x_wconf 87' lang='lat' dir='ltr'>ex</span> <span class='ocrx_word' id='word_1_61' title='bbox 1908 1213 2122 1292; x_wconf 86' lang='lat' dir='ltr'>positu</span> <span class='ocrx_word' id='word_1_62' title='bbox 2169 1220 2498 1275; x_wconf 82' lang='lat' dir='ltr'>astrorum</span> 
     </span>
     <span class='ocr_line' id='line_1_10' title="bbox 548 1295 2499 1382; baseline -0.002 -19"><span class='ocrx_word' id='word_1_63' title='bbox 548 1298 973 1364; x_wconf 87' lang='lat' dir='ltr'>hariolantur.</span> <span class='ocrx_word' id='word_1_64' title='bbox 1075 1295 1302 1378; x_wconf 81' lang='lat' dir='ltr'>Quum</span> <span class='ocrx_word' id='word_1_65' title='bbox 1358 1317 1515 1382; x_wconf 87' lang='lat' dir='ltr'>ergo</span> <span class='ocrx_word' id='word_1_66' title='bbox 1583 1318 1666 1360; x_wconf 86' lang='lat' dir='ltr'>ex</span> <span class='ocrx_word' id='word_1_67' title='bbox 1724 1297 2017 1379; x_wconf 88' lang='lat' dir='ltr'>genuina</span> <span class='ocrx_word' id='word_1_68' title='bbox 2080 1295 2499 1380; x_wconf 79' lang='lat' dir='ltr'>philosophia</span> 
     </span>
     <span class='ocr_line' id='line_1_11' title="bbox 546 1382 2495 1470; baseline -0.003 -21"><span class='ocrx_word' id='word_1_69' title='bbox 546 1384 831 1470; x_wconf 82' lang='lat' dir='ltr'>prolapsi</span> <span class='ocrx_word' id='word_1_70' title='bbox 855 1390 1074 1450; x_wconf 89' lang='lat' dir='ltr'>essent</span> <span class='ocrx_word' id='word_1_71' title='bbox 1097 1383 1271 1467; x_wconf 89' lang='lat' dir='ltr'>magi</span> <span class='ocrx_word' id='word_1_72' title='bbox 1298 1384 1399 1448; x_wconf 87' lang='lat' dir='ltr'>Ae</span> <span class='ocrx_word' id='word_1_73' title='bbox 1496 1382 1631 1466; x_wconf 89' lang='lat' dir='ltr'>ptii,</span> <span class='ocrx_word' id='word_1_74' title='bbox 1669 1382 2088 1446; x_wconf 89' lang='lat' dir='ltr'>retinuerunt</span> <span class='ocrx_word' id='word_1_75' title='bbox 2123 1384 2495 1464; x_wconf 89' lang='lat' dir='ltr'>sapientum</span> 
     </span>
     <span class='ocr_line' id='line_1_12' title="bbox 546 1466 2497 1551; baseline -0.003 -15"><span class='ocrx_word' id='word_1_76' title='bbox 546 1492 807 1550; x_wconf 87' lang='lat' dir='ltr'>nomen,</span> <span class='ocrx_word' id='word_1_77' title='bbox 837 1480 915 1535; x_wconf 91' lang='lat' dir='ltr'>ut</span> <span class='ocrx_word' id='word_1_78' title='bbox 938 1469 1135 1535; x_wconf 85' lang='lat' dir='ltr'>fldem</span> <span class='ocrx_word' id='word_1_79' title='bbox 1158 1468 1444 1534; x_wconf 88' lang='lat' dir='ltr'>illusioni</span> <span class='ocrx_word' id='word_1_80' title='bbox 1494 1490 1572 1533; x_wconf 92' lang='lat' dir='ltr'>us</span> <span class='ocrx_word' id='word_1_81' title='bbox 1609 1470 1742 1532; x_wconf 87' lang='lat' dir='ltr'>suis</span> <span class='ocrx_word' id='word_1_82' title='bbox 1779 1468 2211 1551; x_wconf 89' lang='lat' dir='ltr'>acquirerent.</span> <span class='ocrx_word' id='word_1_83' title='bbox 2283 1466 2497 1534; x_wconf 86' lang='lat' dir='ltr'>Sicuti</span> 
     </span>
     <span class='ocr_line' id='line_1_13' title="bbox 546 1552 2495 1637; baseline -0.003 -17"><span class='ocrx_word' id='word_1_84' title='bbox 546 1556 862 1636; x_wconf 89' lang='lat' dir='ltr'>diabolus,</span> <span class='ocrx_word' id='word_1_85' title='bbox 909 1564 980 1622; x_wconf 91' lang='lat' dir='ltr'>ut</span> <span class='ocrx_word' id='word_1_86' title='bbox 1026 1553 1111 1621; x_wconf 89' lang='lat' dir='ltr'>ad</span> <span class='ocrx_word' id='word_1_87' title='bbox 1154 1576 1222 1621; x_wconf 91' lang='lat' dir='ltr'>se</span> <span class='ocrx_word' id='word_1_88' title='bbox 1261 1554 1476 1637; x_wconf 89' lang='lat' dir='ltr'>rapiat</span> <span class='ocrx_word' id='word_1_89' title='bbox 1499 1552 1626 1618; x_wconf 93' lang='lat' dir='ltr'>Dei</span> <span class='ocrx_word' id='word_1_90' title='bbox 1672 1554 1966 1637; x_wconf 84' lang='lat' dir='ltr'>gloriam,</span> <span class='ocrx_word' id='word_1_91' title='bbox 2016 1554 2117 1618; x_wconf 90' lang='lat' dir='ltr'>vel</span> <span class='ocrx_word' id='word_1_92' title='bbox 2165 1574 2236 1619; x_wconf 89' lang='lat' dir='ltr'>se</span> <span class='ocrx_word' id='word_1_93' title='bbox 2281 1565 2495 1618; x_wconf 88' lang='lat' dir='ltr'>trans-</span> 
     </span>
     <span class='ocr_line' id='line_1_14' title="bbox 544 1639 2495 1728; baseline -0.003 -20"><span class='ocrx_word' id='word_1_94' title='bbox 544 1644 786 1728; x_wconf 89' lang='lat' dir='ltr'>figuret</span> <span class='ocrx_word' id='word_1_95' title='bbox 826 1645 895 1707; x_wconf 91' lang='lat' dir='ltr'>in</span> <span class='ocrx_word' id='word_1_96' title='bbox 943 1641 1251 1725; x_wconf 85' lang='lat' dir='ltr'>angelum</span> <span class='ocrx_word' id='word_1_97' title='bbox 1306 1640 1504 1717; x_wconf 91' lang='lat' dir='ltr'>lucis,</span> <span class='ocrx_word' id='word_1_98' title='bbox 1565 1639 1729 1705; x_wconf 92' lang='lat' dir='ltr'>solet</span> <span class='ocrx_word' id='word_1_99' title='bbox 1772 1640 2128 1705; x_wconf 77' lang='lat' dir='ltr'>mendaciis</span> <span class='ocrx_word' id='word_1_100' title='bbox 2172 1640 2495 1722; x_wconf 90' lang='lat' dir='ltr'>speciosos</span> 
     </span>
     <span class='ocr_line' id='line_1_15' title="bbox 542 1722 2495 1811; baseline -0.003 -18"><span class='ocrx_word' id='word_1_101' title='bbox 542 1729 770 1795; x_wconf 89' lang='lat' dir='ltr'>titulos</span> <span class='ocrx_word' id='word_1_102' title='bbox 830 1728 1190 1811; x_wconf 85' lang='lat' dir='ltr'>imponere.</span> <span class='ocrx_word' id='word_1_103' title='bbox 1279 1727 1419 1791; x_wconf 89' lang='lat' dir='ltr'>Nec</span> <span class='ocrx_word' id='word_1_104' title='bbox 1476 1725 1745 1791; x_wconf 87' lang='lat' dir='ltr'>dubium</span> <span class='ocrx_word' id='word_1_105' title='bbox 1802 1734 1903 1791; x_wconf 90' lang='lat' dir='ltr'>est</span> <span class='ocrx_word' id='word_1_106' title='bbox 1959 1727 2117 1808; x_wconf 90' lang='lat' dir='ltr'>quin</span> <span class='ocrx_word' id='word_1_107' title='bbox 2160 1722 2263 1811; x_wconf 89' lang='lat' dir='ltr'>(ut</span> <span class='ocrx_word' id='word_1_108' title='bbox 2305 1727 2374 1789; x_wconf 91' lang='lat' dir='ltr'>in</span> <span class='ocrx_word' id='word_1_109' title='bbox 2423 1745 2495 1788; x_wconf 90' lang='lat' dir='ltr'>re</span> 
     </span>
     <span class='ocr_line' id='line_1_16' title="bbox 541 1811 2492 1901; baseline -0.003 -21"><span class='ocrx_word' id='word_1_110' title='bbox 541 1813 885 1901; x_wconf 87' lang='lat' dir='ltr'>perplexa)</span> <span class='ocrx_word' id='word_1_111' title='bbox 910 1814 1151 1891; x_wconf 79' lang='lat' dir='ltr'>certius</span> <span class='ocrx_word' id='word_1_112' title='bbox 1175 1836 1258 1878; x_wconf 83' lang='lat' dir='ltr'>ex</span> <span class='ocrx_word' id='word_1_113' title='bbox 1282 1813 1772 1895; x_wconf 90' lang='lat' dir='ltr'>comparatione</span> <span class='ocrx_word' id='word_1_114' title='bbox 1793 1832 2073 1878; x_wconf 83' lang='lat' dir='ltr'>examen</span> <span class='ocrx_word' id='word_1_115' title='bbox 2110 1811 2492 1896; x_wconf 80' lang='lat' dir='ltr'>quaesierit:</span> 
     </span>
     <span class='ocr_line' id='line_1_17' title="bbox 541 1898 2494 1981; baseline -0.003 -14"><span class='ocrx_word' id='word_1_116' title='bbox 541 1924 674 1967; x_wconf 90' lang='lat' dir='ltr'>non</span> <span class='ocrx_word' id='word_1_117' title='bbox 721 1909 944 1966; x_wconf 90' lang='lat' dir='ltr'>tamen</span> <span class='ocrx_word' id='word_1_118' title='bbox 990 1899 1120 1964; x_wconf 90' lang='lat' dir='ltr'>alia</span> <span class='ocrx_word' id='word_1_119' title='bbox 1164 1899 1242 1964; x_wconf 88' lang='lat' dir='ltr'>de</span> <span class='ocrx_word' id='word_1_120' title='bbox 1289 1918 1487 1965; x_wconf 89' lang='lat' dir='ltr'>causa</span> <span class='ocrx_word' id='word_1_121' title='bbox 1530 1898 1660 1963; x_wconf 90' lang='lat' dir='ltr'>nisi</span> <span class='ocrx_word' id='word_1_122' title='bbox 1706 1905 1783 1962; x_wconf 92' lang='lat' dir='ltr'>ut</span> <span class='ocrx_word' id='word_1_123' title='bbox 1841 1899 2244 1981; x_wconf 82' lang='lat' dir='ltr'>impietatem</span> <span class='ocrx_word' id='word_1_124' title='bbox 2305 1917 2494 1962; x_wconf 87' lang='lat' dir='ltr'>suam</span> 
     </span>
     <span class='ocr_line' id='line_1_18' title="bbox 545 1968 2495 2069; baseline -0.004 -16"><span class='ocrx_word' id='word_1_125' title='bbox 545 2009 712 2053; x_wconf 91' lang='lat' dir='ltr'>novo</span> <span class='ocrx_word' id='word_1_126' title='bbox 747 1986 1094 2052; x_wconf 89' lang='lat' dir='ltr'>involucro</span> <span class='ocrx_word' id='word_1_127' title='bbox 1130 1993 1399 2069; x_wconf 90' lang='lat' dir='ltr'>tegeret.</span> <span class='ocrx_word' id='word_1_128' title='bbox 1470 1984 1724 2050; x_wconf 87' lang='lat' dir='ltr'>Nomen</span> <span class='ocrx_word' id='word_1_129' title='bbox 1762 1968 1898 2052; x_wconf 65' lang='lat' dir='ltr'>tot-1⁸&gt;</span> <span class='ocrx_word' id='word_1_130' title='bbox 1937 1984 2196 2059; x_wconf 83' lang='lat' dir='ltr'>tametsi</span> <span class='ocrx_word' id='word_1_131' title='bbox 2233 1982 2495 2066; x_wconf 79' lang='lat' dir='ltr'>proprie</span> 
     </span>
     <span class='ocr_line' id='line_1_19' title="bbox 542 2071 2495 2156; baseline -0.003 -19"><span class='ocrx_word' id='word_1_132' title='bbox 542 2074 854 2139; x_wconf 89' lang='lat' dir='ltr'>laminam</span> <span class='ocrx_word' id='word_1_133' title='bbox 914 2072 1112 2156; x_wconf 85' lang='lat' dir='ltr'>gladii</span> <span class='ocrx_word' id='word_1_134' title='bbox 1173 2072 1533 2155; x_wconf 88' lang='lat' dir='ltr'>significat,</span> <span class='ocrx_word' id='word_1_135' title='bbox 1593 2090 1710 2154; x_wconf 90' lang='lat' dir='ltr'>pro</span> <span class='ocrx_word' id='word_1_136' title='bbox 1769 2071 2214 2136; x_wconf 82' lang='lat' dir='ltr'>incantatione</span> <span class='ocrx_word' id='word_1_137' title='bbox 2271 2079 2495 2133; x_wconf 90' lang='lat' dir='ltr'>tamen</span> 
     </span>
     <span class='ocr_line' id='line_1_20' title="bbox 540 2155 2494 2240; baseline -0.003 -15"><span class='ocrx_word' id='word_1_138' title='bbox 540 2159 651 2226; x_wconf 89' lang='lat' dir='ltr'>hic</span> <span class='ocrx_word' id='word_1_139' title='bbox 696 2159 1000 2224; x_wconf 79' lang='lat' dir='ltr'>sumitur.</span> <span class='ocrx_word' id='word_1_140' title='bbox 1092 2157 1485 2240; x_wconf 78' lang='lat' dir='ltr'>Quanquam</span> <span class='ocrx_word' id='word_1_141' title='bbox 1541 2155 1825 2221; x_wconf 89' lang='lat' dir='ltr'>arbitror</span> <span class='ocrx_word' id='word_1_142' title='bbox 1884 2176 1994 2223; x_wconf 87' lang='lat' dir='ltr'>eos</span> <span class='ocrx_word' id='word_1_143' title='bbox 2049 2155 2189 2221; x_wconf 86' lang='lat' dir='ltr'>falli</span> <span class='ocrx_word' id='word_1_144' title='bbox 2232 2155 2344 2238; x_wconf 88' lang='lat' dir='ltr'>qui</span> <span class='ocrx_word' id='word_1_145' title='bbox 2389 2176 2494 2219; x_wconf 91' lang='lat' dir='ltr'>ra-</span> 
     </span>
     <span class='ocr_line' id='line_1_21' title="bbox 544 2241 2495 2328; baseline -0.003 -17"><span class='ocrx_word' id='word_1_146' title='bbox 544 2246 791 2311; x_wconf 89' lang='lat' dir='ltr'>tionem</span> <span class='ocrx_word' id='word_1_147' title='bbox 817 2247 1178 2328; x_wconf 85' lang='lat' dir='ltr'>assignant,</span> <span class='ocrx_word' id='word_1_148' title='bbox 1212 2244 1365 2326; x_wconf 91' lang='lat' dir='ltr'>quia</span> <span class='ocrx_word' id='word_1_149' title='bbox 1400 2241 1639 2326; x_wconf 89' lang='lat' dir='ltr'>gladi0,</span> <span class='ocrx_word' id='word_1_150' title='bbox 1679 2242 1784 2306; x_wconf 89' lang='lat' dir='ltr'>vel</span> <span class='ocrx_word' id='word_1_151' title='bbox 1821 2242 2020 2308; x_wconf 90' lang='lat' dir='ltr'>simili</span> <span class='ocrx_word' id='word_1_152' title='bbox 2057 2243 2495 2308; x_wconf 89' lang='lat' dir='ltr'>instrumento</span> 
     </span>
     <span class='ocr_line' id='line_1_22' title="bbox 542 2325 2495 2412; baseline -0.004 -15"><span class='ocrx_word' id='word_1_153' title='bbox 542 2339 927 2397; x_wconf 79' lang='lat' dir='ltr'>exercerent</span> <span class='ocrx_word' id='word_1_154' title='bbox 970 2350 1126 2395; x_wconf 88' lang='lat' dir='ltr'>suas</span> <span class='ocrx_word' id='word_1_155' title='bbox 1172 2329 1579 2412; x_wconf 86' lang='lat' dir='ltr'>praestigias.</span> <span class='ocrx_word' id='word_1_156' title='bbox 1669 2327 1898 2393; x_wconf 90' lang='lat' dir='ltr'>Potius</span> <span class='ocrx_word' id='word_1_157' title='bbox 1939 2330 2113 2393; x_wconf 92' lang='lat' dir='ltr'>enim</span> <span class='ocrx_word' id='word_1_158' title='bbox 2160 2325 2495 2410; x_wconf 90' lang='lat' dir='ltr'>metapho-</span> 
     </span>
     <span class='ocr_line' id='line_1_23' title="bbox 542 2412 2494 2501; baseline -0.005 -17"><span class='ocrx_word' id='word_1_159' title='bbox 542 2419 674 2484; x_wconf 91' lang='lat' dir='ltr'>rice</span> <span class='ocrx_word' id='word_1_160' title='bbox 712 2412 1085 2483; x_wconf 88' lang='lat' dir='ltr'>versatilem</span> <span class='ocrx_word' id='word_1_161' title='bbox 1123 2417 1543 2501; x_wconf 85' lang='lat' dir='ltr'>agitationem</span> <span class='ocrx_word' id='word_1_162' title='bbox 1583 2412 1903 2498; x_wconf 88' lang='lat' dir='ltr'>designat,</span> <span class='ocrx_word' id='word_1_163' title='bbox 1940 2437 2064 2498; x_wconf 88' lang='lat' dir='ltr'>qua</span> <span class='ocrx_word' id='word_1_164' title='bbox 2103 2413 2281 2497; x_wconf 89' lang='lat' dir='ltr'>magi</span> <span class='ocrx_word' id='word_1_165' title='bbox 2315 2412 2494 2477; x_wconf 88' lang='lat' dir='ltr'>aliud</span> 
     </span>
     <span class='ocr_line' id='line_1_24' title="bbox 542 2499 2492 2587; baseline -0.003 -17"><span class='ocrx_word' id='word_1_166' title='bbox 542 2525 661 2587; x_wconf 92' lang='lat' dir='ltr'>pro</span> <span class='ocrx_word' id='word_1_167' title='bbox 697 2503 825 2569; x_wconf 81' lang='lat' dir='ltr'>alio</span> <span class='ocrx_word' id='word_1_168' title='bbox 861 2512 1225 2568; x_wconf 87' lang='lat' dir='ltr'>ostentant:</span> <span class='ocrx_word' id='word_1_169' title='bbox 1261 2502 1523 2585; x_wconf 89' lang='lat' dir='ltr'>proprie</span> <span class='ocrx_word' id='word_1_170' title='bbox 1559 2499 1737 2565; x_wconf 91' lang='lat' dir='ltr'>enim</span> <span class='ocrx_word' id='word_1_171' title='bbox 1770 2500 2107 2567; x_wconf 89' lang='lat' dir='ltr'>flammam</span> <span class='ocrx_word' id='word_1_172' title='bbox 2142 2499 2492 2584; x_wconf 87' lang='lat' dir='ltr'>significat.</span> 
     </span>
     <span class='ocr_line' id='line_1_25' title="bbox 545 2585 2492 2670; baseline -0.003 -15"><span class='ocrx_word' id='word_1_173' title='bbox 545 2591 752 2655; x_wconf 89' lang='lat' dir='ltr'>Porro</span> <span class='ocrx_word' id='word_1_174' title='bbox 820 2589 981 2653; x_wconf 87' lang='lat' dir='ltr'>haec</span> <span class='ocrx_word' id='word_1_175' title='bbox 1046 2597 1179 2653; x_wconf 88' lang='lat' dir='ltr'>tam</span> <span class='ocrx_word' id='word_1_176' title='bbox 1248 2606 1475 2653; x_wconf 86' lang='lat' dir='ltr'>severa</span> <span class='ocrx_word' id='word_1_177' title='bbox 1540 2585 1890 2670; x_wconf 89' lang='lat' dir='ltr'>gravisque</span> <span class='ocrx_word' id='word_1_178' title='bbox 1954 2587 2115 2652; x_wconf 91' lang='lat' dir='ltr'>ultio</span> <span class='ocrx_word' id='word_1_179' title='bbox 2174 2603 2492 2650; x_wconf 87' lang='lat' dir='ltr'>terrorem</span> 
     </span>
     <span class='ocr_line' id='line_1_26' title="bbox 545 2670 2494 2753; baseline -0.002 -12"><span class='ocrx_word' id='word_1_180' title='bbox 545 2677 844 2742; x_wconf 87' lang='lat' dir='ltr'>incutere</span> <span class='ocrx_word' id='word_1_181' title='bbox 922 2674 1108 2740; x_wconf 91' lang='lat' dir='ltr'>nobis</span> <span class='ocrx_word' id='word_1_182' title='bbox 1175 2672 1398 2753; x_wconf 89' lang='lat' dir='ltr'>debet,</span> <span class='ocrx_word' id='word_1_183' title='bbox 1478 2693 1562 2737; x_wconf 91' lang='lat' dir='ltr'>ne</span> <span class='ocrx_word' id='word_1_184' title='bbox 1629 2670 1776 2736; x_wconf 90' lang='lat' dir='ltr'>odio</span> <span class='ocrx_word' id='word_1_185' title='bbox 1843 2674 2141 2738; x_wconf 87' lang='lat' dir='ltr'>veritatis</span> <span class='ocrx_word' id='word_1_186' title='bbox 2204 2670 2494 2737; x_wconf 80' lang='lat' dir='ltr'>fallacias</span> 
     </span>
     <span class='ocr_line' id='line_1_27' title="bbox 543 2757 2491 2846; baseline -0.004 -18"><span class='ocrx_word' id='word_1_187' title='bbox 543 2769 951 2846; x_wconf 87' lang='lat' dir='ltr'>appetamus.</span> <span class='ocrx_word' id='word_1_188' title='bbox 1043 2761 1164 2825; x_wconf 82' lang='lat' dir='ltr'>Est</span> <span class='ocrx_word' id='word_1_189' title='bbox 1208 2760 1386 2826; x_wconf 89' lang='lat' dir='ltr'>enim</span> <span class='ocrx_word' id='word_1_190' title='bbox 1431 2757 1553 2824; x_wconf 91' lang='lat' dir='ltr'>hoc</span> <span class='ocrx_word' id='word_1_191' title='bbox 1598 2759 2012 2843; x_wconf 88' lang='lat' dir='ltr'>sacrilegium</span> <span class='ocrx_word' id='word_1_192' title='bbox 2057 2757 2491 2836; x_wconf 79' lang='lat' dir='ltr'>intolerabile,</span> 
     </span>
     <span class='ocr_line' id='line_1_28' title="bbox 544 2843 2490 2931; baseline -0.002 -17"><span class='ocrx_word' id='word_1_193' title='bbox 544 2849 716 2914; x_wconf 90' lang='lat' dir='ltr'>velle</span> <span class='ocrx_word' id='word_1_194' title='bbox 759 2846 913 2912; x_wconf 88' lang='lat' dir='ltr'>data</span> <span class='ocrx_word' id='word_1_195' title='bbox 955 2868 1152 2931; x_wconf 90' lang='lat' dir='ltr'>opera</span> <span class='ocrx_word' id='word_1_196' title='bbox 1195 2853 1571 2929; x_wconf 85' lang='lat' dir='ltr'>pervertere</span> <span class='ocrx_word' id='word_1_197' title='bbox 1627 2843 1980 2911; x_wconf 86' lang='lat' dir='ltr'>discrimen</span> <span class='ocrx_word' id='word_1_198' title='bbox 2027 2845 2167 2910; x_wconf 90' lang='lat' dir='ltr'>veri</span> <span class='ocrx_word' id='word_1_199' title='bbox 2213 2855 2279 2909; x_wconf 88' lang='lat' dir='ltr'>et</span> <span class='ocrx_word' id='word_1_200' title='bbox 2323 2843 2490 2910; x_wconf 86' lang='lat' dir='ltr'>falsi.</span> 
     </span>
     <span class='ocr_line' id='line_1_29' title="bbox 542 2930 2493 3018; baseline -0.003 -18"><span class='ocrx_word' id='word_1_201' title='bbox 542 2934 777 3018; x_wconf 79' lang='lat' dir='ltr'>Itaque</span> <span class='ocrx_word' id='word_1_202' title='bbox 822 2933 989 2998; x_wconf 89' lang='lat' dir='ltr'>nihil</span> <span class='ocrx_word' id='word_1_203' title='bbox 1036 2932 1277 2998; x_wconf 90' lang='lat' dir='ltr'>mirum</span> <span class='ocrx_word' id='word_1_204' title='bbox 1312 2933 1370 2997; x_wconf 92' lang='lat' dir='ltr'>si</span> <span class='ocrx_word' id='word_1_205' title='bbox 1392 2931 1577 2997; x_wconf 90' lang='lat' dir='ltr'>Deus</span> <span class='ocrx_word' id='word_1_206' title='bbox 1621 2930 1692 2995; x_wconf 90' lang='lat' dir='ltr'>in</span> <span class='ocrx_word' id='word_1_207' title='bbox 1734 2931 2276 3015; x_wconf 90' lang='lat' dir='ltr'>profundissimas</span> <span class='ocrx_word' id='word_1_208' title='bbox 2320 2950 2493 2995; x_wconf 84' lang='lat' dir='ltr'>erro-</span> 
     </span>
     <span class='ocr_line' id='line_1_30' title="bbox 543 3015 2491 3102; baseline -0.003 -15"><span class='ocrx_word' id='word_1_209' title='bbox 543 3042 693 3087; x_wconf 90' lang='lat' dir='ltr'>rum</span> <span class='ocrx_word' id='word_1_210' title='bbox 738 3018 1044 3087; x_wconf 90' lang='lat' dir='ltr'>tenebras</span> <span class='ocrx_word' id='word_1_211' title='bbox 1087 3016 1426 3102; x_wconf 86' lang='lat' dir='ltr'>demergat</span> <span class='ocrx_word' id='word_1_212' title='bbox 1459 3016 1572 3101; x_wconf 89' lang='lat' dir='ltr'>qui</span> <span class='ocrx_word' id='word_1_213' title='bbox 1602 3016 1682 3082; x_wconf 90' lang='lat' dir='ltr'>ad</span> <span class='ocrx_word' id='word_1_214' title='bbox 1728 3015 2015 3084; x_wconf 90' lang='lat' dir='ltr'>oblatam</span> <span class='ocrx_word' id='word_1_215' title='bbox 2053 3017 2267 3083; x_wconf 91' lang='lat' dir='ltr'>lucem</span> <span class='ocrx_word' id='word_1_216' title='bbox 2311 3016 2491 3083; x_wconf 90' lang='lat' dir='ltr'>clau-</span> 
     </span>
     <span class='ocr_line' id='line_1_31' title="bbox 544 3102 2489 3190; baseline -0.002 -17"><span class='ocrx_word' id='word_1_217' title='bbox 544 3108 713 3174; x_wconf 88' lang='lat' dir='ltr'>dunt</span> <span class='ocrx_word' id='word_1_218' title='bbox 753 3107 1010 3184; x_wconf 90' lang='lat' dir='ltr'>oculos,</span> <span class='ocrx_word' id='word_1_219' title='bbox 1066 3112 1132 3171; x_wconf 90' lang='lat' dir='ltr'>et</span> <span class='ocrx_word' id='word_1_220' title='bbox 1176 3104 1290 3190; x_wconf 88' lang='lat' dir='ltr'>qui</span> <span class='ocrx_word' id='word_1_221' title='bbox 1332 3124 1483 3169; x_wconf 93' lang='lat' dir='ltr'>eum</span> <span class='ocrx_word' id='word_1_222' title='bbox 1528 3104 1920 3187; x_wconf 89' lang='lat' dir='ltr'>magistrum</span> <span class='ocrx_word' id='word_1_223' title='bbox 1966 3102 2192 3170; x_wconf 88' lang='lat' dir='ltr'>audire</span> <span class='ocrx_word' id='word_1_224' title='bbox 2238 3102 2489 3169; x_wconf 90' lang='lat' dir='ltr'>detrec·</span> 
     </span>
     <span class='ocr_line' id='line_1_32' title="bbox 542 3188 1872 3274; baseline -0.002 -14"><span class='ocrx_word' id='word_1_225' title='bbox 542 3202 710 3274; x_wconf 89' lang='lat' dir='ltr'>tant,</span> <span class='ocrx_word' id='word_1_226' title='bbox 755 3214 866 3259; x_wconf 93' lang='lat' dir='ltr'>eos</span> <span class='ocrx_word' id='word_1_227' title='bbox 910 3191 1197 3258; x_wconf 78' lang='lat' dir='ltr'>Satanae</span> <span class='ocrx_word' id='word_1_228' title='bbox 1243 3188 1458 3255; x_wconf 89' lang='lat' dir='ltr'>tradat</span> <span class='ocrx_word' id='word_1_229' title='bbox 1501 3189 1872 3273; x_wconf 88' lang='lat' dir='ltr'>discipulos.</span> 
     </span>
    </p>

    <p class='ocr_par' dir='ltr' id='par_1_3' title="bbox 496 3276 2489 3792">
     <span class='ocr_line' id='line_1_33' title="bbox 719 3276 2489 3360; baseline -0.003 -16"><span class='ocrx_word' id='word_1_230' title='bbox 719 3280 819 3344; x_wconf 85' lang='lat'>12.</span> <span class='ocrx_word' id='word_1_231' title='bbox 873 3279 1272 3344; x_wconf 78' lang='lat' dir='ltr'>Proiecerunt</span> <span class='ocrx_word' id='word_1_232' title='bbox 1326 3277 1494 3342; x_wconf 82' lang='lat' dir='ltr'>enim</span> <span class='ocrx_word' id='word_1_233' title='bbox 1549 3276 1803 3360; x_wconf 67' lang='lat' dir='ltr'>sinyuli.</span> <span class='ocrx_word' id='word_1_234' title='bbox 1891 3277 2039 3343; x_wconf 92' lang='lat' dir='ltr'>Non</span> <span class='ocrx_word' id='word_1_235' title='bbox 2095 3276 2489 3359; x_wconf 82' lang='lat' dir='ltr'>exprimitur</span> 
     </span>
     <span class='ocr_line' id='line_1_34' title="bbox 545 3359 2488 3449; baseline -0.002 -18"><span class='ocrx_word' id='word_1_236' title='bbox 545 3387 863 3431; x_wconf 90' lang='lat' dir='ltr'>numerus</span> <span class='ocrx_word' id='word_1_237' title='bbox 907 3384 1270 3447; x_wconf 85' lang='lat' dir='ltr'>magorum,</span> <span class='ocrx_word' id='word_1_238' title='bbox 1316 3370 1380 3427; x_wconf 91' lang='lat' dir='ltr'>et</span> <span class='ocrx_word' id='word_1_239' title='bbox 1424 3383 1625 3445; x_wconf 90' lang='lat' dir='ltr'>quum</span> <span class='ocrx_word' id='word_1_240' title='bbox 1671 3362 1921 3429; x_wconf 90' lang='lat' dir='ltr'>Paulus</span> <span class='ocrx_word' id='word_1_241' title='bbox 1964 3360 2051 3449; x_wconf 81' lang='lat'>(2.</span> <span class='ocrx_word' id='word_1_242' title='bbox 2098 3362 2266 3428; x_wconf 81' lang='lat' dir='ltr'>Tim.</span> <span class='ocrx_word' id='word_1_243' title='bbox 2314 3362 2375 3442; x_wconf 87' lang='lat'>3,</span> <span class='ocrx_word' id='word_1_244' title='bbox 2420 3359 2488 3448; x_wconf 91' lang='lat'>8)</span> 
     </span>
     <span class='ocr_line' id='line_1_35' title="bbox 543 3448 2489 3526; baseline -0.002 -10"><span class='ocrx_word' id='word_1_245' title='bbox 543 3454 707 3518; x_wconf 88' lang='lat' dir='ltr'>duos</span> <span class='ocrx_word' id='word_1_246' title='bbox 751 3452 1045 3517; x_wconf 91' lang='lat' dir='ltr'>nominat</span> <span class='ocrx_word' id='word_1_247' title='bbox 1089 3450 1363 3514; x_wconf 91' lang='lat' dir='ltr'>Iannem</span> <span class='ocrx_word' id='word_1_248' title='bbox 1422 3461 1489 3513; x_wconf 87' lang='lat' dir='ltr'>et</span> <span class='ocrx_word' id='word_1_249' title='bbox 1534 3448 1932 3526; x_wconf 85' lang='lat' dir='ltr'>Mambrem,</span> <span class='ocrx_word' id='word_1_250' title='bbox 1983 3448 2333 3513; x_wconf 88' lang='lat' dir='ltr'>verisimile</span> <span class='ocrx_word' id='word_1_251' title='bbox 2388 3456 2489 3513; x_wconf 89' lang='lat' dir='ltr'>est</span> 
     </span>
     <span class='ocr_line' id='line_1_36' title="bbox 496 3533 2487 3618; baseline -0.003 -13"><span class='ocrx_word' id='word_1_252' title='bbox 496 3559 679 3605; x_wconf 86' lang='lat' dir='ltr'>.non</span> <span class='ocrx_word' id='word_1_253' title='bbox 737 3538 908 3603; x_wconf 87' lang='lat' dir='ltr'>solos</span> <span class='ocrx_word' id='word_1_254' title='bbox 964 3535 1192 3615; x_wconf 84' lang='lat' dir='ltr'>fuisse,</span> <span class='ocrx_word' id='word_1_255' title='bbox 1253 3533 1367 3599; x_wconf 89' lang='lat' dir='ltr'>sed</span> <span class='ocrx_word' id='word_1_256' title='bbox 1427 3534 1807 3618; x_wconf 87' lang='lat' dir='ltr'>praecipuos</span> <span class='ocrx_word' id='word_1_257' title='bbox 1864 3542 1928 3599; x_wconf 93' lang='lat' dir='ltr'>et</span> <span class='ocrx_word' id='word_1_258' title='bbox 1986 3534 2170 3617; x_wconf 90' lang='lat' dir='ltr'>quasi</span> <span class='ocrx_word' id='word_1_259' title='bbox 2229 3545 2487 3599; x_wconf 88' lang='lat' dir='ltr'>turmae</span> 
     </span>
     <span class='ocr_line' id='line_1_37' title="bbox 545 3619 2485 3706; baseline -0.001 -18"><span class='ocrx_word' id='word_1_260' title='bbox 545 3624 758 3690; x_wconf 91' lang='lat' dir='ltr'>duces.</span> <span class='ocrx_word' id='word_1_261' title='bbox 849 3624 951 3689; x_wconf 91' lang='lat' dir='ltr'>De</span> <span class='ocrx_word' id='word_1_262' title='bbox 997 3644 1067 3687; x_wconf 92' lang='lat' dir='ltr'>re</span> <span class='ocrx_word' id='word_1_263' title='bbox 1114 3631 1333 3687; x_wconf 90' lang='lat' dir='ltr'>tamen</span> <span class='ocrx_word' id='word_1_264' title='bbox 1394 3619 1592 3686; x_wconf 91' lang='lat' dir='ltr'>dubia</span> <span class='ocrx_word' id='word_1_265' title='bbox 1648 3640 1783 3687; x_wconf 92' lang='lat' dir='ltr'>non</span> <span class='ocrx_word' id='word_1_266' title='bbox 1838 3619 2178 3689; x_wconf 79' lang='lat' dir='ltr'>contendo,</span> <span class='ocrx_word' id='word_1_267' title='bbox 2266 3620 2485 3706; x_wconf 84' lang='lat' dir='ltr'>Magis</span> 
     </span>
     <span class='ocr_line' id='line_1_38' title="bbox 544 3705 2489 3792; baseline -0.001 -18"><span class='ocrx_word' id='word_1_268' title='bbox 544 3710 627 3775; x_wconf 90' lang='lat' dir='ltr'>ad</span> <span class='ocrx_word' id='word_1_269' title='bbox 684 3731 823 3774; x_wconf 91' lang='lat' dir='ltr'>rem</span> <span class='ocrx_word' id='word_1_270' title='bbox 879 3708 1166 3792; x_wconf 90' lang='lat' dir='ltr'>pertinet</span> <span class='ocrx_word' id='word_1_271' title='bbox 1209 3706 1403 3773; x_wconf 89' lang='lat' dir='ltr'>Pauli</span> <span class='ocrx_word' id='word_1_272' title='bbox 1460 3706 1851 3788; x_wconf 89' lang='lat' dir='ltr'>admonitio,</span> <span class='ocrx_word' id='word_1_273' title='bbox 1908 3707 2077 3773; x_wconf 88' lang='lat' dir='ltr'>sicut</span> <span class='ocrx_word' id='word_1_274' title='bbox 2117 3705 2363 3772; x_wconf 91' lang='lat' dir='ltr'>Iannes</span> <span class='ocrx_word' id='word_1_275' title='bbox 2420 3715 2489 3772; x_wconf 91' lang='lat' dir='ltr'>et</span> 
     </span>
    </p>
   </div>
   <div class='ocr_carea' id='block_1_3' title="bbox 544 3791 2497 3877">
    <p class='ocr_par' dir='ltr' id='par_1_4' title="bbox 544 3791 2497 3877">
     <span class='ocr_line' id='line_1_39' title="bbox 544 3791 2497 3877; baseline -0.002 -15"><span class='ocrx_word' id='word_1_276' title='bbox 544 3796 880 3862; x_wconf 86' lang='lat' dir='ltr'>Mambres</span> <span class='ocrx_word' id='word_1_277' title='bbox 938 3796 1322 3859; x_wconf 87' lang='lat' dir='ltr'>restiterunt</span> <span class='ocrx_word' id='word_1_278' title='bbox 1368 3793 1572 3873; x_wconf 85' lang='lat' dir='ltr'>Mosi,</span> <span class='ocrx_word' id='word_1_279' title='bbox 1629 3795 1722 3857; x_wconf 86' lang='lat' dir='ltr'>ita</span> <span class='ocrx_word' id='word_1_280' title='bbox 1778 3814 2038 3877; x_wconf 86' lang='lat' dir='ltr'>semper</span> <span class='ocrx_word' id='word_1_281' title='bbox 2092 3791 2233 3858; x_wconf 88' lang='lat' dir='ltr'>fore</span> <span class='ocrx_word' id='word_1_282' title='bbox 2288 3793 2497 3859; x_wconf 87' lang='lat' dir='ltr'>falsos-</span> 
     </span>
    </p>
   </div>
   <div class='ocr_carea' id='block_1_4' title="bbox 540 3879 2492 5425">
    <p class='ocr_par' dir='ltr' id='par_1_5' title="bbox 540 3879 2492 5425">
     <span class='ocr_line' id='line_1_40' title="bbox 544 3879 2489 3964; baseline -0.002 -18"><span class='ocrx_word' id='word_1_283' title='bbox 544 3881 842 3948; x_wconf 88' lang='lat' dir='ltr'>doctores</span> <span class='ocrx_word' id='word_1_284' title='bbox 886 3882 1000 3963; x_wconf 90' lang='lat' dir='ltr'>qui</span> <span class='ocrx_word' id='word_1_285' title='bbox 1043 3888 1424 3964; x_wconf 89' lang='lat' dir='ltr'>oppugnent</span> <span class='ocrx_word' id='word_1_286' title='bbox 1469 3899 1659 3944; x_wconf 90' lang='lat' dir='ltr'>veros</span> <span class='ocrx_word' id='word_1_287' title='bbox 1704 3879 1958 3945; x_wconf 86' lang='lat' dir='ltr'>Christi</span> <span class='ocrx_word' id='word_1_288' title='bbox 2001 3879 2371 3956; x_wconf 90' lang='lat' dir='ltr'>ministros,</span> <span class='ocrx_word' id='word_1_289' title='bbox 2420 3888 2489 3943; x_wconf 91' lang='lat' dir='ltr'>et</span> 
     </span>
     <span class='ocr_line' id='line_1_41' title="bbox 543 3964 2488 4053; baseline -0.002 -20"><span class='ocrx_word' id='word_1_290' title='bbox 543 3967 804 4053; x_wconf 85' lang='lat' dir='ltr'>quidem</span> <span class='ocrx_word' id='word_1_291' title='bbox 871 3966 1215 4049; x_wconf 88' lang='lat' dir='ltr'>proficiant</span> <span class='ocrx_word' id='word_1_292' title='bbox 1279 3966 1348 4029; x_wconf 93' lang='lat' dir='ltr'>in</span> <span class='ocrx_word' id='word_1_293' title='bbox 1415 3966 1618 4046; x_wconf 91' lang='lat' dir='ltr'>peius.</span> <span class='ocrx_word' id='word_1_294' title='bbox 1728 3965 1857 4030; x_wconf 88' lang='lat' dir='ltr'>Est</span> <span class='ocrx_word' id='word_1_295' title='bbox 1919 3965 2099 4030; x_wconf 91' lang='lat' dir='ltr'>enim</span> <span class='ocrx_word' id='word_1_296' title='bbox 2176 3964 2488 4031; x_wconf 89' lang='lat' dir='ltr'>horribile</span> 
     </span>
     <span class='ocr_line' id='line_1_42' title="bbox 542 4050 2490 4136; baseline -0.002 -17"><span class='ocrx_word' id='word_1_297' title='bbox 542 4053 951 4136; x_wconf 88' lang='lat' dir='ltr'>exemplum,</span> <span class='ocrx_word' id='word_1_298' title='bbox 1018 4052 1274 4117; x_wconf 87' lang='lat' dir='ltr'>laxatas</span> <span class='ocrx_word' id='word_1_299' title='bbox 1331 4053 1542 4132; x_wconf 82' lang='lat' dir='ltr'>magis</span> <span class='ocrx_word' id='word_1_300' title='bbox 1597 4050 1886 4116; x_wconf 90' lang='lat' dir='ltr'>habenas</span> <span class='ocrx_word' id='word_1_301' title='bbox 1943 4071 2227 4134; x_wconf 89' lang='lat' dir='ltr'>eousque</span> <span class='ocrx_word' id='word_1_302' title='bbox 2285 4050 2490 4118; x_wconf 84' lang='lat' dir='ltr'>fuisse</span> 
     </span>
     <span class='ocr_line' id='line_1_43' title="bbox 544 4135 2488 4223; baseline 0 -19"><span class='ocrx_word' id='word_1_303' title='bbox 544 4149 621 4204; x_wconf 92' lang='grc' dir='ltr'>ιιι</span> <span class='ocrx_word' id='word_1_304' title='bbox 664 4160 865 4223; x_wconf 91' lang='lat' dir='ltr'>prope</span> <span class='ocrx_word' id='word_1_305' title='bbox 909 4138 1162 4221; x_wconf 87' lang='lat' dir='ltr'>aequali</span> <span class='ocrx_word' id='word_1_306' title='bbox 1221 4135 1659 4203; x_wconf 88' lang='lat' dir='ltr'>aemulatione</span> <span class='ocrx_word' id='word_1_307' title='bbox 1704 4159 1852 4203; x_wconf 91' lang='lat' dir='ltr'>cum</span> <span class='ocrx_word' id='word_1_308' title='bbox 1896 4137 2086 4202; x_wconf 81' lang='lat' dir='ltr'>Mose</span> <span class='ocrx_word' id='word_1_309' title='bbox 2135 4138 2488 4204; x_wconf 88' lang='lat' dir='ltr'>contende-</span> 
     </span>
     <span class='ocr_line' id='line_1_44' title="bbox 545 4223 2491 4308; baseline -0.001 -17"><span class='ocrx_word' id='word_1_310' title='bbox 545 4236 716 4291; x_wconf 86' lang='lat' dir='ltr'>rent.</span> <span class='ocrx_word' id='word_1_311' title='bbox 816 4224 1068 4290; x_wconf 87' lang='lat' dir='ltr'>Verum</span> <span class='ocrx_word' id='word_1_312' title='bbox 1138 4223 1337 4308; x_wconf 88' lang='lat' dir='ltr'>digna</span> <span class='ocrx_word' id='word_1_313' title='bbox 1395 4232 1497 4288; x_wconf 90' lang='lat' dir='ltr'>est</span> <span class='ocrx_word' id='word_1_314' title='bbox 1561 4223 1790 4288; x_wconf 91' lang='lat' dir='ltr'>mundi</span> <span class='ocrx_word' id='word_1_315' title='bbox 1850 4223 2257 4308; x_wconf 87' lang='lat' dir='ltr'>ingratitudo</span> <span class='ocrx_word' id='word_1_316' title='bbox 2322 4244 2491 4306; x_wconf 86' lang='lat' dir='ltr'>quae</span> 
     </span>
     <span class='ocr_line' id='line_1_45' title="bbox 542 4309 2490 4394; baseline -0.001 -17"><span class='ocrx_word' id='word_1_317' title='bbox 542 4331 721 4377; x_wconf 89' lang='lat' dir='ltr'>nunc</span> <span class='ocrx_word' id='word_1_318' title='bbox 764 4309 1037 4376; x_wconf 91' lang='lat' dir='ltr'>eandem</span> <span class='ocrx_word' id='word_1_319' title='bbox 1085 4309 1559 4375; x_wconf 81' lang='lat' dir='ltr'>excaecationis</span> <span class='ocrx_word' id='word_1_320' title='bbox 1605 4329 1882 4394; x_wconf 89' lang='lat' dir='ltr'>poenam</span> <span class='ocrx_word' id='word_1_321' title='bbox 1920 4309 2259 4374; x_wconf 88' lang='lat' dir='ltr'>sustineat.</span> <span class='ocrx_word' id='word_1_322' title='bbox 2329 4310 2490 4375; x_wconf 77' lang='lat' dir='ltr'>&#39;I&#39;es-</span> 
     </span>
     <span class='ocr_line' id='line_1_46' title="bbox 544 4394 2492 4479; baseline -0.003 -16"><span class='ocrx_word' id='word_1_323' title='bbox 544 4408 728 4463; x_wconf 88' lang='lat' dir='ltr'>tatur</span> <span class='ocrx_word' id='word_1_324' title='bbox 784 4397 937 4462; x_wconf 89' lang='lat' dir='ltr'>alibi</span> <span class='ocrx_word' id='word_1_325' title='bbox 984 4397 1199 4473; x_wconf 88' lang='lat' dir='ltr'>Deus,</span> <span class='ocrx_word' id='word_1_326' title='bbox 1263 4416 1466 4478; x_wconf 90' lang='lat' dir='ltr'>quum</span> <span class='ocrx_word' id='word_1_327' title='bbox 1525 4394 2109 4479; x_wconf 90' lang='lat' dir='ltr'>pseudoprophetis</span> <span class='ocrx_word' id='word_1_328' title='bbox 2169 4395 2492 4478; x_wconf 89' lang='lat' dir='ltr'>permittit</span> 
     </span>
     <span class='ocr_line' id='line_1_47' title="bbox 545 4479 2489 4563; baseline -0.002 -13"><span class='ocrx_word' id='word_1_329' title='bbox 545 4483 736 4550; x_wconf 88' lang='lat' dir='ltr'>edere</span> <span class='ocrx_word' id='word_1_330' title='bbox 782 4482 1096 4547; x_wconf 87' lang='lat' dir='ltr'>miracula</span> <span class='ocrx_word' id='word_1_331' title='bbox 1139 4481 1221 4545; x_wconf 92' lang='lat' dir='ltr'>ad</span> <span class='ocrx_word' id='word_1_332' title='bbox 1268 4479 1662 4560; x_wconf 82' lang='lat' dir='ltr'>fallendum,</span> <span class='ocrx_word' id='word_1_333' title='bbox 1715 4502 1784 4547; x_wconf 90' lang='lat' dir='ltr'>se</span> <span class='ocrx_word' id='word_1_334' title='bbox 1830 4481 2102 4563; x_wconf 90' lang='lat' dir='ltr'>probare</span> <span class='ocrx_word' id='word_1_335' title='bbox 2147 4481 2489 4546; x_wconf 90' lang='lat' dir='ltr'>hominum</span> 
     </span>
     <span class='ocr_line' id='line_1_48' title="bbox 540 4566 2489 4655; baseline -0.003 -20"><span class='ocrx_word' id='word_1_336' title='bbox 540 4569 740 4635; x_wconf 90' lang='lat' dir='ltr'>corda</span> <span class='ocrx_word' id='word_1_337' title='bbox 782 4566 1009 4654; x_wconf 84' lang='lat' dir='ltr'>(Dent.</span> <span class='ocrx_word' id='word_1_338' title='bbox 1074 4567 1175 4645; x_wconf 87' lang='lat'>13,</span> <span class='ocrx_word' id='word_1_339' title='bbox 1237 4566 1319 4655; x_wconf 90' lang='lat'>1).</span> <span class='ocrx_word' id='word_1_340' title='bbox 1409 4568 1499 4631; x_wconf 85' lang='lat' dir='ltr'>Et</span> <span class='ocrx_word' id='word_1_341' title='bbox 1554 4588 1712 4632; x_wconf 87' lang='lat' dir='ltr'>sane</span> <span class='ocrx_word' id='word_1_342' title='bbox 1767 4568 1897 4632; x_wconf 89' lang='lat' dir='ltr'>nisi</span> <span class='ocrx_word' id='word_1_343' title='bbox 1956 4569 2219 4652; x_wconf 89' lang='lat' dir='ltr'>propria</span> <span class='ocrx_word' id='word_1_344' title='bbox 2278 4567 2489 4651; x_wconf 82' lang='lat' dir='ltr'>hypo-</span> 
     </span>
     <span class='ocr_line' id='line_1_49' title="bbox 544 4652 2492 4736; baseline -0.001 -16"><span class='ocrx_word' id='word_1_345' title='bbox 544 4656 733 4721; x_wconf 89' lang='lat' dir='ltr'>crisis</span> <span class='ocrx_word' id='word_1_346' title='bbox 777 4654 907 4720; x_wconf 88' lang='lat' dir='ltr'>veli</span> <span class='ocrx_word' id='word_1_347' title='bbox 955 4655 1163 4718; x_wconf 90' lang='lat' dir='ltr'>instar</span> <span class='ocrx_word' id='word_1_348' title='bbox 1209 4653 1395 4718; x_wconf 91' lang='lat' dir='ltr'>nobis</span> <span class='ocrx_word' id='word_1_349' title='bbox 1452 4662 1624 4718; x_wconf 89' lang='lat' dir='ltr'>esset</span> <span class='ocrx_word' id='word_1_350' title='bbox 1668 4653 1749 4718; x_wconf 88' lang='lat' dir='ltr'>ad</span> <span class='ocrx_word' id='word_1_351' title='bbox 1795 4652 2159 4718; x_wconf 91' lang='lat' dir='ltr'>tollendum</span> <span class='ocrx_word' id='word_1_352' title='bbox 2205 4652 2376 4736; x_wconf 88' lang='lat' dir='ltr'>nigri</span> <span class='ocrx_word' id='word_1_353' title='bbox 2424 4665 2492 4719; x_wconf 91' lang='lat' dir='ltr'>et</span> 
     </span>
     <span class='ocr_line' id='line_1_50' title="bbox 542 4737 2487 4815; baseline -0.002 -9"><span class='ocrx_word' id='word_1_354' title='bbox 542 4741 675 4807; x_wconf 82' lang='lat' dir='ltr'>albi</span> <span class='ocrx_word' id='word_1_355' title='bbox 720 4740 1086 4815; x_wconf 86' lang='lat' dir='ltr'>discrimen,</span> <span class='ocrx_word' id='word_1_356' title='bbox 1126 4738 1294 4803; x_wconf 89' lang='lat' dir='ltr'>nihil</span> <span class='ocrx_word' id='word_1_357' title='bbox 1317 4737 1526 4804; x_wconf 87' lang='lat' dir='ltr'>Satan</span> <span class='ocrx_word' id='word_1_358' title='bbox 1563 4739 1880 4805; x_wconf 90' lang='lat' dir='ltr'>eiusmodi</span> <span class='ocrx_word' id='word_1_359' title='bbox 1919 4740 2170 4804; x_wconf 91' lang='lat' dir='ltr'>artibus</span> <span class='ocrx_word' id='word_1_360' title='bbox 2205 4760 2281 4804; x_wconf 91' lang='lat' dir='ltr'>ac</span> <span class='ocrx_word' id='word_1_361' title='bbox 2318 4738 2487 4804; x_wconf 92' lang='lat' dir='ltr'>deci-</span> 
     </span>
     <span class='ocr_line' id='line_1_51' title="bbox 543 4819 2491 4912; baseline -0.001 -21"><span class='ocrx_word' id='word_1_362' title='bbox 543 4827 717 4912; x_wconf 90' lang='lat' dir='ltr'>pulis</span> <span class='ocrx_word' id='word_1_363' title='bbox 784 4827 1143 4909; x_wconf 88' lang='lat' dir='ltr'>proficeret.</span> <span class='ocrx_word' id='word_1_364' title='bbox 1234 4819 1371 4890; x_wconf 76' lang='lat' dir='ltr'>Sed</span> <span class='ocrx_word' id='word_1_365' title='bbox 1415 4846 1535 4889; x_wconf 91' lang='lat' dir='ltr'>nos</span> <span class='ocrx_word' id='word_1_366' title='bbox 1590 4826 1712 4908; x_wconf 91' lang='lat' dir='ltr'>ipsi</span> <span class='ocrx_word' id='word_1_367' title='bbox 1767 4825 1956 4909; x_wconf 88' lang='lat' dir='ltr'>quasi</span> <span class='ocrx_word' id='word_1_368' title='bbox 2011 4826 2209 4890; x_wconf 84' lang='lat' dir='ltr'>exitio</span> <span class='ocrx_word' id='word_1_369' title='bbox 2269 4823 2491 4890; x_wconf 86' lang='lat' dir='ltr'>devoti</span> 
     </span>
     <span class='ocr_line' id='line_1_52' title="bbox 543 4911 2491 4997; baseline -0.001 -19"><span class='ocrx_word' id='word_1_370' title='bbox 543 4915 613 4978; x_wconf 88' lang='lat' dir='ltr'>in</span> <span class='ocrx_word' id='word_1_371' title='bbox 660 4913 887 4997; x_wconf 89' lang='lat' dir='ltr'>plagas</span> <span class='ocrx_word' id='word_1_372' title='bbox 931 4911 1212 4976; x_wconf 88' lang='lat' dir='ltr'>libenter</span> <span class='ocrx_word' id='word_1_373' title='bbox 1258 4931 1373 4975; x_wconf 91' lang='lat' dir='ltr'>nos</span> <span class='ocrx_word' id='word_1_374' title='bbox 1422 4911 1831 4977; x_wconf 83' lang='lat' dir='ltr'>coniicimus:</span> <span class='ocrx_word' id='word_1_375' title='bbox 1887 4912 2273 4993; x_wconf 88' lang='lat' dir='ltr'>praesertim</span> <span class='ocrx_word' id='word_1_376' title='bbox 2337 4933 2491 4977; x_wconf 92' lang='lat' dir='ltr'>vero</span> 
     </span>
     <span class='ocr_line' id='line_1_53' title="bbox 544 4995 2490 5080; baseline -0.002 -14"><span class='ocrx_word' id='word_1_377' title='bbox 544 5000 728 5066; x_wconf 88' lang='lat' dir='ltr'>Deus</span> <span class='ocrx_word' id='word_1_378' title='bbox 773 4998 846 5062; x_wconf 90' lang='lat' dir='ltr'>in</span> <span class='ocrx_word' id='word_1_379' title='bbox 892 4995 1229 5080; x_wconf 84' lang='lat' dir='ltr'>reprobos,</span> <span class='ocrx_word' id='word_1_380' title='bbox 1277 4998 1386 5078; x_wconf 92' lang='lat' dir='ltr'>qui</span> <span class='ocrx_word' id='word_1_381' title='bbox 1432 4997 1859 5079; x_wconf 87' lang='lat' dir='ltr'>pervicaciter</span> <span class='ocrx_word' id='word_1_382' title='bbox 1902 4996 2164 5062; x_wconf 90' lang='lat' dir='ltr'>errandi</span> <span class='ocrx_word' id='word_1_383' title='bbox 2208 4999 2490 5063; x_wconf 88' lang='lat' dir='ltr'>occasio-</span> 
     </span>
     <span class='ocr_line' id='line_1_54' title="bbox 542 5082 2490 5167; baseline -0.001 -18"><span class='ocrx_word' id='word_1_384' title='bbox 542 5106 698 5151; x_wconf 87' lang='lat' dir='ltr'>nem</span> <span class='ocrx_word' id='word_1_385' title='bbox 743 5091 1094 5167; x_wconf 87' lang='lat' dir='ltr'>appetunt,</span> <span class='ocrx_word' id='word_1_386' title='bbox 1142 5083 1447 5146; x_wconf 88' lang='lat' dir='ltr'>ultimum</span> <span class='ocrx_word' id='word_1_387' title='bbox 1490 5083 1616 5148; x_wconf 91' lang='lat' dir='ltr'>hoc</span> <span class='ocrx_word' id='word_1_388' title='bbox 1661 5082 1911 5147; x_wconf 88' lang='lat' dir='ltr'>fulmen</span> <span class='ocrx_word' id='word_1_389' title='bbox 1960 5083 2204 5158; x_wconf 83' lang='lat' dir='ltr'>vibrat,</span> <span class='ocrx_word' id='word_1_390' title='bbox 2257 5105 2490 5166; x_wconf 90' lang='lat' dir='ltr'>nempe</span> 
     </span>
     <span class='ocr_line' id='line_1_55' title="bbox 544 5168 2491 5248; baseline -0.001 -12"><span class='ocrx_word' id='word_1_391' title='bbox 544 5171 901 5238; x_wconf 84' lang='lat' dir='ltr'>efficaciam</span> <span class='ocrx_word' id='word_1_392' title='bbox 946 5168 1301 5246; x_wconf 90' lang='lat' dir='ltr'>illusionis,</span> <span class='ocrx_word' id='word_1_393' title='bbox 1348 5187 1413 5232; x_wconf 81' lang='lat' dir='ltr'>et</span> <span class='ocrx_word' id='word_1_394' title='bbox 1457 5168 1653 5235; x_wconf 88' lang='lat' dir='ltr'>simul</span> <span class='ocrx_word' id='word_1_395' title='bbox 1698 5190 1809 5234; x_wconf 88' lang='lat' dir='ltr'>eos</span> <span class='ocrx_word' id='word_1_396' title='bbox 1855 5170 2203 5248; x_wconf 89' lang='lat' dir='ltr'>dementat,</span> <span class='ocrx_word' id='word_1_397' title='bbox 2252 5179 2322 5233; x_wconf 92' lang='lat' dir='ltr'>ut</span> <span class='ocrx_word' id='word_1_398' title='bbox 2364 5170 2491 5235; x_wconf 90' lang='lat' dir='ltr'>sibi</span> 
     </span>
     <span class='ocr_line' id='line_1_56' title="bbox 544 5255 2490 5338; baseline -0.001 -16"><span class='ocrx_word' id='word_1_399' title='bbox 544 5279 586 5321; x_wconf 90' lang='lat' dir='ltr'>a</span> <span class='ocrx_word' id='word_1_400' title='bbox 630 5257 977 5322; x_wconf 83' lang='lat' dir='ltr'>manifesta</span> <span class='ocrx_word' id='word_1_401' title='bbox 1018 5255 1306 5338; x_wconf 91' lang='lat' dir='ltr'>pernicie</span> <span class='ocrx_word' id='word_1_402' title='bbox 1351 5276 1482 5320; x_wconf 92' lang='lat' dir='ltr'>non</span> <span class='ocrx_word' id='word_1_403' title='bbox 1526 5264 1826 5321; x_wconf 90' lang='lat' dir='ltr'>caveant.</span> <span class='ocrx_word' id='word_1_404' title='bbox 1921 5256 2170 5320; x_wconf 88' lang='lat' dir='ltr'>Darent</span> <span class='ocrx_word' id='word_1_405' title='bbox 2228 5255 2490 5338; x_wconf 89' lang='lat' dir='ltr'>quidem</span> 
     </span>
     <span class='ocr_line' id='line_1_57' title="bbox 545 5340 2489 5425; baseline 0.001 -18"><span class='ocrx_word' id='word_1_406' title='bbox 545 5343 737 5407; x_wconf 90' lang='lat' dir='ltr'>multi</span> <span class='ocrx_word' id='word_1_407' title='bbox 780 5341 1114 5408; x_wconf 86' lang='lat' dir='ltr'>Pharaoni</span> <span class='ocrx_word' id='word_1_408' title='bbox 1169 5340 1426 5407; x_wconf 87' lang='lat' dir='ltr'>veniam</span> <span class='ocrx_word' id='word_1_409' title='bbox 1472 5341 1639 5425; x_wconf 89' lang='lat' dir='ltr'>quod</span> <span class='ocrx_word' id='word_1_410' title='bbox 1680 5363 1716 5406; x_wconf 88' lang='lat' dir='ltr'>a</span> <span class='ocrx_word' id='word_1_411' title='bbox 1762 5340 1976 5425; x_wconf 88' lang='lat' dir='ltr'>magis</span> <span class='ocrx_word' id='word_1_412' title='bbox 2018 5343 2155 5407; x_wconf 89' lang='lat' dir='ltr'>suis</span> <span class='ocrx_word' id='word_1_413' title='bbox 2199 5340 2489 5423; x_wconf 87' lang='lat' dir='ltr'>delusus,</span> 
     </span>
    </p>
   </div>
   <div class='ocr_carea' id='block_1_5' title="bbox 2538 609 2557 5391">
    <p class='ocr_par' dir='ltr' id='par_1_6' title="bbox 2538 609 2557 5391">
     <span class='ocr_line' id='line_1_58' title="bbox 2538 609 2557 5391; baseline 0 0"><span class='ocrx_word' id='word_1_414' title='bbox 2538 609 2557 5391; x_wconf 95' lang='lat' dir='ltr'> </span> 
     </span>
    </p>
   </div>
   <div class='ocr_carea' id='block_1_6' title="bbox 2591 609 4542 3431">
    <p class='ocr_par' dir='ltr' id='par_1_7' title="bbox 2591 609 4542 3431">
     <span class='ocr_line' id='line_1_59' title="bbox 2606 609 4537 697; baseline -0.001 -21"><span class='ocrx_word' id='word_1_415' title='bbox 2606 609 2688 676; x_wconf 89' lang='lat' dir='ltr'>ab</span> <span class='ocrx_word' id='word_1_416' title='bbox 2733 632 2954 676; x_wconf 87' lang='lat' dir='ltr'>errore</span> <span class='ocrx_word' id='word_1_417' title='bbox 2998 632 3193 695; x_wconf 93' lang='lat' dir='ltr'>quem</span> <span class='ocrx_word' id='word_1_418' title='bbox 3239 613 3527 697; x_wconf 85' lang='lat' dir='ltr'>effugere</span> <span class='ocrx_word' id='word_1_419' title='bbox 3562 634 3694 677; x_wconf 89' lang='lat' dir='ltr'>non</span> <span class='ocrx_word' id='word_1_420' title='bbox 3730 617 4008 695; x_wconf 90' lang='lat' dir='ltr'>poterat,</span> <span class='ocrx_word' id='word_1_421' title='bbox 4054 629 4123 676; x_wconf 92' lang='lat' dir='ltr'>se</span> <span class='ocrx_word' id='word_1_422' title='bbox 4170 631 4294 675; x_wconf 92' lang='lat' dir='ltr'>non</span> <span class='ocrx_word' id='word_1_423' title='bbox 4334 609 4537 695; x_wconf 86' lang='lat' dir='ltr'>expli-</span> 
     </span>
     <span class='ocr_line' id='line_1_60' title="bbox 2604 695 4535 780; baseline 0.001 -20"><span class='ocrx_word' id='word_1_424' title='bbox 2604 696 2831 761; x_wconf 88' lang='lat' dir='ltr'>cuerit.</span> <span class='ocrx_word' id='word_1_425' title='bbox 2935 695 3113 778; x_wconf 81' lang='lat' dir='ltr'>Quid</span> <span class='ocrx_word' id='word_1_426' title='bbox 3172 699 3347 762; x_wconf 91' lang='lat' dir='ltr'>enim</span> <span class='ocrx_word' id='word_1_427' title='bbox 3410 698 3670 763; x_wconf 75' lang='lat' dir='ltr'>fecisset</span> <span class='ocrx_word' id='word_1_428' title='bbox 3735 697 3843 762; x_wconf 89' lang='lat' dir='ltr'>ubi</span> <span class='ocrx_word' id='word_1_429' title='bbox 3911 696 4178 761; x_wconf 88' lang='lat' dir='ltr'>videbat</span> <span class='ocrx_word' id='word_1_430' title='bbox 4240 697 4535 780; x_wconf 87' lang='lat' dir='ltr'>utrinque</span> 
     </span>
     <span class='ocr_line' id='line_1_61' title="bbox 2605 781 4533 865; baseline -0.001 -18"><span class='ocrx_word' id='word_1_431' title='bbox 2605 783 2938 865; x_wconf 85' lang='lat' dir='ltr'>aequalem</span> <span class='ocrx_word' id='word_1_432' title='bbox 2999 783 3424 849; x_wconf 79' lang='lat' dir='ltr'>conflictum?</span> <span class='ocrx_word' id='word_1_433' title='bbox 3494 781 3628 849; x_wconf 80' lang='lat' dir='ltr'>Sed</span> <span class='ocrx_word' id='word_1_434' title='bbox 3686 783 3950 848; x_wconf 90' lang='lat' dir='ltr'>omnino</span> <span class='ocrx_word' id='word_1_435' title='bbox 4009 782 4365 847; x_wconf 89' lang='lat' dir='ltr'>tenendum</span> <span class='ocrx_word' id='word_1_436' title='bbox 4422 792 4533 863; x_wconf 88' lang='lat' dir='ltr'>est,</span> 
     </span>
     <span class='ocr_line' id='line_1_62' title="bbox 2591 868 4535 955; baseline 0.001 -23"><span class='ocrx_word' id='word_1_437' title='bbox 2591 868 2931 955; x_wconf 67' lang='lat' dir='ltr'>peminem</span> <span class='ocrx_word' id='word_1_438' title='bbox 3001 870 3093 933; x_wconf 90' lang='lat' dir='ltr'>ita</span> <span class='ocrx_word' id='word_1_439' title='bbox 3174 869 3586 953; x_wconf 87' lang='lat' dir='ltr'>praecipitari</span> <span class='ocrx_word' id='word_1_440' title='bbox 3651 871 3775 934; x_wconf 88' lang='lat' dir='ltr'>nisi</span> <span class='ocrx_word' id='word_1_441' title='bbox 3846 869 3954 951; x_wconf 91' lang='lat' dir='ltr'>qui</span> <span class='ocrx_word' id='word_1_442' title='bbox 4023 870 4166 933; x_wconf 93' lang='lat' dir='ltr'>Deo</span> <span class='ocrx_word' id='word_1_443' title='bbox 4245 869 4535 934; x_wconf 88' lang='lat' dir='ltr'>resistere</span> 
     </span>
     <span class='ocr_line' id='line_1_63' title="bbox 2608 952 4536 1039; baseline 0.002 -22"><span class='ocrx_word' id='word_1_444' title='bbox 2608 953 2838 1018; x_wconf 89' lang='lat' dir='ltr'>voluit:</span> <span class='ocrx_word' id='word_1_445' title='bbox 2893 957 3280 1037; x_wconf 91' lang='lat' dir='ltr'>praesertim</span> <span class='ocrx_word' id='word_1_446' title='bbox 3326 955 3597 1039; x_wconf 88' lang='lat' dir='ltr'>spiritus</span> <span class='ocrx_word' id='word_1_447' title='bbox 3657 955 4005 1039; x_wconf 88' lang='lat' dir='ltr'>vertiginis</span> <span class='ocrx_word' id='word_1_448' title='bbox 4064 967 4127 1018; x_wconf 90' lang='lat' dir='ltr'>et</span> <span class='ocrx_word' id='word_1_449' title='bbox 4185 952 4536 1020; x_wconf 86' lang='lat' dir='ltr'>dementiae</span> 
     </span>
     <span class='ocr_line' id='line_1_64' title="bbox 2603 1039 4534 1125; baseline 0.001 -21"><span class='ocrx_word' id='word_1_450' title='bbox 2603 1059 2713 1105; x_wconf 89' lang='lat' dir='ltr'>cos</span> <span class='ocrx_word' id='word_1_451' title='bbox 2771 1057 3038 1123; x_wconf 86' lang='lat' dir='ltr'>occupat</span> <span class='ocrx_word' id='word_1_452' title='bbox 3100 1043 3209 1125; x_wconf 93' lang='lat' dir='ltr'>qui</span> <span class='ocrx_word' id='word_1_453' title='bbox 3276 1043 3346 1106; x_wconf 87' lang='lat' dir='ltr'>in</span> <span class='ocrx_word' id='word_1_454' title='bbox 3403 1063 3524 1107; x_wconf 90' lang='lat' dir='ltr'>sua</span> <span class='ocrx_word' id='word_1_455' title='bbox 3582 1041 3832 1106; x_wconf 87' lang='lat' dir='ltr'>malitia</span> <span class='ocrx_word' id='word_1_456' title='bbox 3892 1041 4159 1106; x_wconf 88' lang='lat' dir='ltr'>fuerunt</span> <span class='ocrx_word' id='word_1_457' title='bbox 4212 1039 4534 1106; x_wconf 87' lang='lat' dir='ltr'>obstinati.</span> 
     </span>
     <span class='ocr_line' id='line_1_65' title="bbox 2600 1123 4538 1210; baseline 0.001 -20"><span class='ocrx_word' id='word_1_458' title='bbox 2600 1124 2740 1190; x_wconf 92' lang='lat' dir='ltr'>Nec</span> <span class='ocrx_word' id='word_1_459' title='bbox 2789 1147 2941 1191; x_wconf 90' lang='lat' dir='ltr'>vero</span> <span class='ocrx_word' id='word_1_460' title='bbox 2983 1126 3459 1210; x_wconf 89' lang='lat' dir='ltr'>praetereunda</span> <span class='ocrx_word' id='word_1_461' title='bbox 3515 1138 3616 1191; x_wconf 89' lang='lat' dir='ltr'>est</span> <span class='ocrx_word' id='word_1_462' title='bbox 3672 1126 4066 1192; x_wconf 88' lang='lat' dir='ltr'>discriminis</span> <span class='ocrx_word' id='word_1_463' title='bbox 4122 1135 4312 1202; x_wconf 86' lang='lat' dir='ltr'>nota,</span> <span class='ocrx_word' id='word_1_464' title='bbox 4376 1123 4538 1208; x_wconf 88' lang='lat' dir='ltr'>quod</span> 
     </span>
     <span class='ocr_line' id='line_1_66' title="bbox 2602 1211 4534 1297; baseline -0.001 -19"><span class='ocrx_word' id='word_1_465' title='bbox 2602 1212 2791 1297; x_wconf 86' lang='lat' dir='ltr'>virga</span> <span class='ocrx_word' id='word_1_466' title='bbox 2816 1212 3034 1277; x_wconf 83' lang='lat' dir='ltr'>Mosis·</span> <span class='ocrx_word' id='word_1_467' title='bbox 3063 1212 3406 1279; x_wconf 86' lang='lat' dir='ltr'>devoravit</span> <span class='ocrx_word' id='word_1_468' title='bbox 3444 1214 3664 1297; x_wconf 87' lang='lat' dir='ltr'>virgas</span> <span class='ocrx_word' id='word_1_469' title='bbox 3701 1233 4061 1296; x_wconf 87' lang='lat' dir='ltr'>magorum.</span> <span class='ocrx_word' id='word_1_470' title='bbox 4132 1211 4263 1293; x_wconf 78' lang='lat' dir='ltr'>Qui</span> <span class='ocrx_word' id='word_1_471' title='bbox 4300 1212 4534 1277; x_wconf 88' lang='lat' dir='ltr'>factum</span> 
     </span>
     <span class='ocr_line' id='line_1_67' title="bbox 2601 1298 4535 1365; baseline -0.001 -3"><span class='ocrx_word' id='word_1_472' title='bbox 2601 1308 2700 1362; x_wconf 92' lang='lat' dir='ltr'>est</span> <span class='ocrx_word' id='word_1_473' title='bbox 2744 1308 2818 1362; x_wconf 91' lang='lat' dir='ltr'>ut</span> <span class='ocrx_word' id='word_1_474' title='bbox 2861 1319 2995 1362; x_wconf 92' lang='lat' dir='ltr'>non</span> <span class='ocrx_word' id='word_1_475' title='bbox 3040 1298 3593 1365; x_wconf 88' lang='lat' dir='ltr'>animadverteret</span> <span class='ocrx_word' id='word_1_476' title='bbox 3637 1298 3899 1364; x_wconf 87' lang='lat' dir='ltr'>Pharao</span> <span class='ocrx_word' id='word_1_477' title='bbox 3945 1299 4180 1364; x_wconf 86' lang='lat' dir='ltr'>Mosen</span> <span class='ocrx_word' id='word_1_478' title='bbox 4224 1318 4365 1362; x_wconf 89' lang='lat' dir='ltr'>esse</span> <span class='ocrx_word' id='word_1_479' title='bbox 4409 1298 4535 1363; x_wconf 90' lang='lat' dir='ltr'>vic-</span> 
     </span>
     <span class='ocr_line' id='line_1_68' title="bbox 2600 1383 4537 1468; baseline 0.002 -22"><span class='ocrx_word' id='word_1_480' title='bbox 2600 1383 2858 1448; x_wconf 81' lang='lat' dir='ltr'>torem?</span> <span class='ocrx_word' id='word_1_481' title='bbox 2898 1385 3009 1467; x_wconf 91' lang='lat' dir='ltr'>qui</span> <span class='ocrx_word' id='word_1_482' title='bbox 3046 1385 3288 1451; x_wconf 84' lang='lat' dir='ltr'>factum</span> <span class='ocrx_word' id='word_1_483' title='bbox 3324 1396 3425 1451; x_wconf 90' lang='lat' dir='ltr'>est</span> <span class='ocrx_word' id='word_1_484' title='bbox 3461 1396 3531 1450; x_wconf 88' lang='lat' dir='ltr'>ut</span> <span class='ocrx_word' id='word_1_485' title='bbox 3575 1386 3795 1468; x_wconf 90' lang='lat' dir='ltr'>potius</span> <span class='ocrx_word' id='word_1_486' title='bbox 3839 1384 3920 1449; x_wconf 90' lang='lat' dir='ltr'>ad</span> <span class='ocrx_word' id='word_1_487' title='bbox 3963 1405 4117 1449; x_wconf 90' lang='lat' dir='ltr'>suos</span> <span class='ocrx_word' id='word_1_488' title='bbox 4161 1385 4537 1466; x_wconf 89' lang='lat' dir='ltr'>impostores</span> 
     </span>
     <span class='ocr_line' id='line_1_69' title="bbox 2601 1467 4538 1553; baseline 0.001 -20"><span class='ocrx_word' id='word_1_489' title='bbox 2601 1469 2983 1535; x_wconf 81' lang='lat' dir='ltr'>deflexerit?</span> <span class='ocrx_word' id='word_1_490' title='bbox 3044 1473 3154 1553; x_wconf 92' lang='lat' dir='ltr'>qui</span> <span class='ocrx_word' id='word_1_491' title='bbox 3209 1470 3454 1537; x_wconf 86' lang='lat' dir='ltr'>factum</span> <span class='ocrx_word' id='word_1_492' title='bbox 3513 1481 3611 1535; x_wconf 87' lang='lat' dir='ltr'>est</span> <span class='ocrx_word' id='word_1_493' title='bbox 3664 1470 3944 1553; x_wconf 88' lang='lat' dir='ltr'>denique</span> <span class='ocrx_word' id='word_1_494' title='bbox 3987 1481 4064 1535; x_wconf 91' lang='lat' dir='ltr'>ut</span> <span class='ocrx_word' id='word_1_495' title='bbox 4103 1489 4371 1548; x_wconf 74' lang='lat' dir='ltr'>¹servum</span> <span class='ocrx_word' id='word_1_496' title='bbox 4419 1467 4538 1534; x_wconf 90' lang='lat' dir='ltr'>Dei</span> 
     </span>
     <span class='ocr_line' id='line_1_70' title="bbox 2601 1555 4536 1640; baseline 0.001 -22"><span class='ocrx_word' id='word_1_497' title='bbox 2601 1576 2731 1619; x_wconf 92' lang='lat' dir='ltr'>non</span> <span class='ocrx_word' id='word_1_498' title='bbox 2789 1568 3169 1640; x_wconf 89' lang='lat' dir='ltr'>agnosceret</span> <span class='ocrx_word' id='word_1_499' title='bbox 3222 1557 3333 1640; x_wconf 90' lang='lat' dir='ltr'>qui</span> <span class='ocrx_word' id='word_1_500' title='bbox 3393 1558 3606 1622; x_wconf 86' lang='lat' dir='ltr'>fuerat</span> <span class='ocrx_word' id='word_1_501' title='bbox 3668 1558 3736 1620; x_wconf 90' lang='lat' dir='ltr'>in</span> <span class='ocrx_word' id='word_1_502' title='bbox 3804 1558 4161 1622; x_wconf 89' lang='lat' dir='ltr'>certamine</span> <span class='ocrx_word' id='word_1_503' title='bbox 4227 1555 4536 1638; x_wconf 88' lang='lat' dir='ltr'>superior,</span> 
     </span>
     <span class='ocr_line' id='line_1_71' title="bbox 2599 1641 4542 1726; baseline -0.001 -21"><span class='ocrx_word' id='word_1_504' title='bbox 2599 1641 2726 1706; x_wconf 89' lang='lat' dir='ltr'>nisi</span> <span class='ocrx_word' id='word_1_505' title='bbox 2770 1641 2937 1724; x_wconf 88' lang='lat' dir='ltr'>quod</span> <span class='ocrx_word' id='word_1_506' title='bbox 2983 1643 3187 1726; x_wconf 91' lang='lat' dir='ltr'>impii,</span> <span class='ocrx_word' id='word_1_507' title='bbox 3231 1643 3388 1707; x_wconf 90' lang='lat' dir='ltr'>dum</span> <span class='ocrx_word' id='word_1_508' title='bbox 3434 1653 3790 1708; x_wconf 90' lang='lat' dir='ltr'>occurrunt</span> <span class='ocrx_word' id='word_1_509' title='bbox 3834 1642 4218 1707; x_wconf 88' lang='lat' dir='ltr'>manifestae</span> <span class='ocrx_word' id='word_1_510' title='bbox 4251 1642 4373 1704; x_wconf 88' lang='lat' dir='ltr'>Dei</span> <span class='ocrx_word' id='word_1_511' title='bbox 4419 1641 4542 1704; x_wconf 91' lang='lat' dir='ltr'>vir-</span> 
     </span>
     <span class='ocr_line' id='line_1_72' title="bbox 2600 1727 4536 1811; baseline 0 -21"><span class='ocrx_word' id='word_1_512' title='bbox 2600 1737 2790 1805; x_wconf 82' lang='lat' dir='ltr'>tut-es,</span> <span class='ocrx_word' id='word_1_513' title='bbox 2836 1727 3123 1810; x_wconf 86' lang='lat' dir='ltr'>maligne</span> <span class='ocrx_word' id='word_1_514' title='bbox 3169 1728 3568 1795; x_wconf 78' lang='lat' dir='ltr'>connivent?</span> <span class='ocrx_word' id='word_1_515' title='bbox 3617 1728 3815 1794; x_wconf 87' lang='lat' dir='ltr'>Certe</span> <span class='ocrx_word' id='word_1_516' title='bbox 3850 1729 4141 1811; x_wconf 89' lang='lat' dir='ltr'>quisquis</span> <span class='ocrx_word' id='word_1_517' title='bbox 4177 1727 4258 1791; x_wconf 92' lang='lat' dir='ltr'>ad</span> <span class='ocrx_word' id='word_1_518' title='bbox 4299 1739 4536 1791; x_wconf 87' lang='lat' dir='ltr'>rectum</span> 
     </span>
     <span class='ocr_line' id='line_1_73' title="bbox 2598 1811 4536 1898; baseline 0 -20"><span class='ocrx_word' id='word_1_519' title='bbox 2598 1833 2863 1896; x_wconf 88' lang='lat' dir='ltr'>scopum</span> <span class='ocrx_word' id='word_1_520' title='bbox 2925 1814 3179 1893; x_wconf 88' lang='lat' dir='ltr'>tendet,</span> <span class='ocrx_word' id='word_1_521' title='bbox 3238 1835 3573 1898; x_wconf 88' lang='lat' dir='ltr'>nunquam</span> <span class='ocrx_word' id='word_1_522' title='bbox 3631 1813 4020 1879; x_wconf 88' lang='lat' dir='ltr'>destituetur</span> <span class='ocrx_word' id='word_1_523' title='bbox 4080 1821 4331 1879; x_wconf 86' lang='lat' dir='ltr'>rectore</span> <span class='ocrx_word' id='word_1_524' title='bbox 4382 1811 4536 1878; x_wconf 88' lang='lat' dir='ltr'>Dec.</span> 
     </span>
     <span class='ocr_line' id='line_1_74' title="bbox 2597 1897 4538 1984; baseline 0.001 -22"><span class='ocrx_word' id='word_1_525' title='bbox 2597 1897 2828 1981; x_wconf 88' lang='lat' dir='ltr'>Itaque</span> <span class='ocrx_word' id='word_1_526' title='bbox 2886 1901 3057 1965; x_wconf 90' lang='lat' dir='ltr'>iuste</span> <span class='ocrx_word' id='word_1_527' title='bbox 3116 1900 3309 1984; x_wconf 88' lang='lat' dir='ltr'>culpa</span> <span class='ocrx_word' id='word_1_528' title='bbox 3368 1901 3435 1965; x_wconf 90' lang='lat' dir='ltr'>in</span> <span class='ocrx_word' id='word_1_529' title='bbox 3481 1900 3894 1965; x_wconf 88' lang='lat' dir='ltr'>Pharaonem</span> <span class='ocrx_word' id='word_1_530' title='bbox 3945 1901 4315 1977; x_wconf 84' lang='lat' dir='ltr'>confertur,</span> <span class='ocrx_word' id='word_1_531' title='bbox 4375 1897 4538 1981; x_wconf 90' lang='lat' dir='ltr'>quod</span> 
     </span>
     <span class='ocr_line' id='line_1_75' title="bbox 2597 1983 4539 2067; baseline 0.002 -20"><span class='ocrx_word' id='word_1_532' title='bbox 2597 1984 2678 2048; x_wconf 91' lang='lat' dir='ltr'>ob</span> <span class='ocrx_word' id='word_1_533' title='bbox 2702 1983 2915 2050; x_wconf 88' lang='lat' dir='ltr'>cordis</span> <span class='ocrx_word' id='word_1_534' title='bbox 2941 1984 3246 2050; x_wconf 89' lang='lat' dir='ltr'>duritiem</span> <span class='ocrx_word' id='word_1_535' title='bbox 3286 1986 3621 2051; x_wconf 87' lang='lat' dir='ltr'>attendere</span> <span class='ocrx_word' id='word_1_536' title='bbox 3656 1987 3963 2051; x_wconf 88' lang='lat' dir='ltr'>noluerit.</span> <span class='ocrx_word' id='word_1_537' title='bbox 4031 1985 4225 2066; x_wconf 81' lang='lat' dir='ltr'>Quod</span> <span class='ocrx_word' id='word_1_538' title='bbox 4253 1986 4539 2067; x_wconf 89' lang='lat' dir='ltr'>papistae</span> 
     </span>
     <span class='ocr_line' id='line_1_76' title="bbox 2598 2071 4538 2155; baseline 0 -20"><span class='ocrx_word' id='word_1_539' title='bbox 2598 2078 2968 2153; x_wconf 83' lang='lat' dir='ltr'>serpentem</span> <span class='ocrx_word' id='word_1_540' title='bbox 3012 2072 3260 2137; x_wconf 89' lang='lat' dir='ltr'>iactant</span> <span class='ocrx_word' id='word_1_541' title='bbox 3296 2074 3514 2137; x_wconf 90' lang='lat' dir='ltr'>vocari</span> <span class='ocrx_word' id='word_1_542' title='bbox 3542 2073 3746 2138; x_wconf 84' lang='lat' dir='ltr'>Mosis</span> <span class='ocrx_word' id='word_1_543' title='bbox 3794 2074 4068 2155; x_wconf 86' lang='lat' dir='ltr'>virgam,</span> <span class='ocrx_word' id='word_1_544' title='bbox 4115 2073 4313 2137; x_wconf 89' lang='lat' dir='ltr'>sicuti</span> <span class='ocrx_word' id='word_1_545' title='bbox 4359 2071 4538 2153; x_wconf 89' lang='lat' dir='ltr'>panis</span> 
     </span>
     <span class='ocr_line' id='line_1_77' title="bbox 2598 2156 4540 2239; baseline 0.001 -19"><span class='ocrx_word' id='word_1_546' title='bbox 2598 2156 2668 2220; x_wconf 90' lang='lat' dir='ltr'>in</span> <span class='ocrx_word' id='word_1_547' title='bbox 2715 2157 2966 2222; x_wconf 85' lang='lat' dir='ltr'>Christi</span> <span class='ocrx_word' id='word_1_548' title='bbox 3024 2178 3290 2222; x_wconf 89' lang='lat' dir='ltr'>carnem</span> <span class='ocrx_word' id='word_1_549' title='bbox 3346 2160 4008 2223; x_wconf 84' lang='lat' dir='ltr'>transsubstantiatus</span> <span class='ocrx_word' id='word_1_550' title='bbox 4068 2178 4302 2222; x_wconf 90' lang='lat' dir='ltr'>nomen</span> <span class='ocrx_word' id='word_1_551' title='bbox 4361 2156 4540 2239; x_wconf 83' lang='lat' dir='ltr'>panis</span> 
     </span>
     <span class='ocr_line' id='line_1_78' title="bbox 2600 2243 4538 2321; baseline 0 -15"><span class='ocrx_word' id='word_1_552' title='bbox 2600 2243 2863 2321; x_wconf 86' lang='lat' dir='ltr'>retinet,</span> <span class='ocrx_word' id='word_1_553' title='bbox 2912 2244 3108 2308; x_wconf 88' lang='lat' dir='ltr'>nimis</span> <span class='ocrx_word' id='word_1_554' title='bbox 3151 2243 3459 2309; x_wconf 89' lang='lat' dir='ltr'>frivolum</span> <span class='ocrx_word' id='word_1_555' title='bbox 3508 2254 3605 2309; x_wconf 89' lang='lat' dir='ltr'>est</span> <span class='ocrx_word' id='word_1_556' title='bbox 3648 2243 3974 2309; x_wconf 90' lang='lat' dir='ltr'>cavillum.</span> <span class='ocrx_word' id='word_1_557' title='bbox 4065 2243 4309 2309; x_wconf 86' lang='lat' dir='ltr'>Inscite</span> <span class='ocrx_word' id='word_1_558' title='bbox 4370 2243 4538 2307; x_wconf 90' lang='lat' dir='ltr'>enim</span> 
     </span>
     <span class='ocr_line' id='line_1_79' title="bbox 2597 2328 4540 2412; baseline -0.001 -20"><span class='ocrx_word' id='word_1_559' title='bbox 2597 2349 2703 2395; x_wconf 90' lang='lat' dir='ltr'>res</span> <span class='ocrx_word' id='word_1_560' title='bbox 2748 2340 3090 2412; x_wconf 87' lang='lat' dir='ltr'>tantopere</span> <span class='ocrx_word' id='word_1_561' title='bbox 3135 2329 3485 2395; x_wconf 89' lang='lat' dir='ltr'>dissimiles</span> <span class='ocrx_word' id='word_1_562' title='bbox 3531 2329 3726 2396; x_wconf 91' lang='lat' dir='ltr'>simul</span> <span class='ocrx_word' id='word_1_563' title='bbox 3772 2328 4212 2395; x_wconf 87' lang='lat' dir='ltr'>confundunt:</span> <span class='ocrx_word' id='word_1_564' title='bbox 4281 2330 4436 2412; x_wconf 88' lang='lat' dir='ltr'>quia</span> <span class='ocrx_word' id='word_1_565' title='bbox 4475 2331 4540 2392; x_wconf 91' lang='lat' dir='ltr'>in</span> 
     </span>
     <span class='ocr_line' id='line_1_80' title="bbox 2597 2414 4541 2501; baseline -0.001 -23"><span class='ocrx_word' id='word_1_566' title='bbox 2597 2434 2837 2480; x_wconf 88' lang='lat' dir='ltr'>coenae</span> <span class='ocrx_word' id='word_1_567' title='bbox 2875 2416 3188 2501; x_wconf 82' lang='lat' dir='ltr'>mysterio</span> <span class='ocrx_word' id='word_1_568' title='bbox 3226 2414 3422 2481; x_wconf 90' lang='lat' dir='ltr'>durat</span> <span class='ocrx_word' id='word_1_569' title='bbox 3455 2415 3754 2499; x_wconf 87' lang='lat' dir='ltr'>analogia</span> <span class='ocrx_word' id='word_1_570' title='bbox 3795 2416 3971 2499; x_wconf 88' lang='lat' dir='ltr'>signi</span> <span class='ocrx_word' id='word_1_571' title='bbox 4006 2427 4072 2480; x_wconf 92' lang='lat' dir='ltr'>et</span> <span class='ocrx_word' id='word_1_572' title='bbox 4103 2416 4196 2480; x_wconf 91' lang='lat' dir='ltr'>rei</span> <span class='ocrx_word' id='word_1_573' title='bbox 4231 2416 4541 2498; x_wconf 87' lang='lat' dir='ltr'>signatae,</span> 
     </span>
     <span class='ocr_line' id='line_1_81' title="bbox 2596 2499 4542 2585; baseline 0.001 -22"><span class='ocrx_word' id='word_1_574' title='bbox 2596 2499 2665 2564; x_wconf 92' lang='lat' dir='ltr'>in</span> <span class='ocrx_word' id='word_1_575' title='bbox 2726 2501 2847 2566; x_wconf 87' lang='lat' dir='ltr'>hoc</span> <span class='ocrx_word' id='word_1_576' title='bbox 2914 2503 3225 2567; x_wconf 88' lang='lat' dir='ltr'>miraculo</span> <span class='ocrx_word' id='word_1_577' title='bbox 3292 2502 3458 2568; x_wconf 86' lang='lat' dir='ltr'>ratio</span> <span class='ocrx_word' id='word_1_578' title='bbox 3516 2523 3782 2585; x_wconf 90' lang='lat' dir='ltr'>prorsus</span> <span class='ocrx_word' id='word_1_579' title='bbox 3836 2500 4183 2566; x_wconf 89' lang='lat' dir='ltr'>contraria.</span> <span class='ocrx_word' id='word_1_580' title='bbox 4292 2500 4542 2567; x_wconf 91' lang='lat' dir='ltr'>Deinde</span> 
     </span>
     <span class='ocr_line' id='line_1_82' title="bbox 2598 2586 4541 2670; baseline 0 -20"><span class='ocrx_word' id='word_1_581' title='bbox 2598 2587 2749 2669; x_wconf 89' lang='lat' dir='ltr'>quia</span> <span class='ocrx_word' id='word_1_582' title='bbox 2793 2588 3066 2652; x_wconf 88' lang='lat' dir='ltr'>mutatio</span> <span class='ocrx_word' id='word_1_583' title='bbox 3123 2587 3443 2653; x_wconf 86' lang='lat' dir='ltr'>duntaxat</span> <span class='ocrx_word' id='word_1_584' title='bbox 3501 2598 3642 2653; x_wconf 89' lang='lat' dir='ltr'>erat</span> <span class='ocrx_word' id='word_1_585' title='bbox 3696 2586 4101 2670; x_wconf 86' lang='lat' dir='ltr'>temporalis,</span> <span class='ocrx_word' id='word_1_586' title='bbox 4149 2587 4388 2652; x_wconf 89' lang='lat' dir='ltr'>merito</span> <span class='ocrx_word' id='word_1_587' title='bbox 4435 2606 4541 2650; x_wconf 93' lang='lat' dir='ltr'>vo-</span> 
     </span>
     <span class='ocr_line' id='line_1_83' title="bbox 2598 2672 4541 2756; baseline 0 -19"><span class='ocrx_word' id='word_1_588' title='bbox 2598 2673 2769 2737; x_wconf 86' lang='lat' dir='ltr'>cavit</span> <span class='ocrx_word' id='word_1_589' title='bbox 2807 2674 3029 2739; x_wconf 82' lang='lat' dir='ltr'>Moses</span> <span class='ocrx_word' id='word_1_590' title='bbox 3075 2673 3410 2753; x_wconf 90' lang='lat' dir='ltr'>baculum,</span> <span class='ocrx_word' id='word_1_591' title='bbox 3462 2675 3569 2740; x_wconf 90' lang='lat' dir='ltr'>cui</span> <span class='ocrx_word' id='word_1_592' title='bbox 3612 2694 3763 2738; x_wconf 88' lang='lat' dir='ltr'>mox</span> <span class='ocrx_word' id='word_1_593' title='bbox 3810 2672 4140 2738; x_wconf 81' lang='lat' dir='ltr'>reddenda</span> <span class='ocrx_word' id='word_1_594' title='bbox 4183 2684 4329 2738; x_wconf 91' lang='lat' dir='ltr'>erat</span> <span class='ocrx_word' id='word_1_595' title='bbox 4374 2673 4541 2756; x_wconf 90' lang='lat' dir='ltr'>prior</span> 
     </span>
     <span class='ocr_line' id='line_1_84' title="bbox 2595 2756 4540 2843; baseline 0.001 -23"><span class='ocrx_word' id='word_1_596' title='bbox 2595 2756 2821 2824; x_wconf 83' lang='lat' dir='ltr'>forma.</span> <span class='ocrx_word' id='word_1_597' title='bbox 2914 2758 3102 2823; x_wconf 87' lang='lat' dir='ltr'>Adde</span> <span class='ocrx_word' id='word_1_598' title='bbox 3159 2760 3327 2843; x_wconf 91' lang='lat' dir='ltr'>quod</span> <span class='ocrx_word' id='word_1_599' title='bbox 3386 2780 3619 2826; x_wconf 89' lang='lat' dir='ltr'>verum</span> <span class='ocrx_word' id='word_1_600' title='bbox 3677 2768 4050 2843; x_wconf 86' lang='lat' dir='ltr'>serpentem</span> <span class='ocrx_word' id='word_1_601' title='bbox 4107 2780 4257 2824; x_wconf 91' lang='lat' dir='ltr'>cum</span> <span class='ocrx_word' id='word_1_602' title='bbox 4300 2758 4540 2825; x_wconf 88' lang='lat' dir='ltr'>fictitiis</span> 
     </span>
     <span class='ocr_line' id='line_1_85' title="bbox 2596 2844 4541 2920; baseline -0.002 -10"><span class='ocrx_word' id='word_1_603' title='bbox 2596 2844 2971 2920; x_wconf 85' lang='lat' dir='ltr'>conferens,</span> <span class='ocrx_word' id='word_1_604' title='bbox 3020 2845 3235 2910; x_wconf 91' lang='lat' dir='ltr'>noluit</span> <span class='ocrx_word' id='word_1_605' title='bbox 3279 2848 3531 2911; x_wconf 89' lang='lat' dir='ltr'>variare</span> <span class='ocrx_word' id='word_1_606' title='bbox 3574 2847 3646 2910; x_wconf 92' lang='lat' dir='ltr'>in</span> <span class='ocrx_word' id='word_1_607' title='bbox 3693 2844 4082 2910; x_wconf 90' lang='lat' dir='ltr'>nominibus.</span> <span class='ocrx_word' id='word_1_608' title='bbox 4170 2845 4426 2910; x_wconf 89' lang='lat' dir='ltr'>Verum</span> <span class='ocrx_word' id='word_1_609' title='bbox 4472 2850 4541 2908; x_wconf 91' lang='grc' dir='ltr'>ιιι</span> 
     </span>
     <span class='ocr_line' id='line_1_86' title="bbox 2597 2930 4540 3015; baseline -0.001 -20"><span class='ocrx_word' id='word_1_610' title='bbox 2597 2930 2761 2995; x_wconf 90' lang='lat' dir='ltr'>haec</span> <span class='ocrx_word' id='word_1_611' title='bbox 2804 2932 3023 2996; x_wconf 89' lang='lat' dir='ltr'>omnia</span> <span class='ocrx_word' id='word_1_612' title='bbox 3068 2942 3501 3015; x_wconf 88' lang='lat' dir='ltr'>praeteream,</span> <span class='ocrx_word' id='word_1_613' title='bbox 3550 2930 3755 2996; x_wconf 89' lang='lat' dir='ltr'>donec</span> <span class='ocrx_word' id='word_1_614' title='bbox 3805 2930 4211 2996; x_wconf 87' lang='lat' dir='ltr'>ostenderint</span> <span class='ocrx_word' id='word_1_615' title='bbox 4253 2932 4540 3015; x_wconf 88' lang='lat' dir='ltr'>papistae</span> 
     </span>
     <span class='ocr_line' id='line_1_87' title="bbox 2597 3016 4537 3102; baseline 0 -21"><span class='ocrx_word' id='word_1_616' title='bbox 2597 3019 3214 3084; x_wconf 90' lang='lat' dir='ltr'>transsubstantiari</span> <span class='ocrx_word' id='word_1_617' title='bbox 3273 3039 3505 3102; x_wconf 88' lang='lat' dir='ltr'>panem</span> <span class='ocrx_word' id='word_1_618' title='bbox 3552 3019 3619 3084; x_wconf 92' lang='lat' dir='ltr'>in</span> <span class='ocrx_word' id='word_1_619' title='bbox 3676 3038 3943 3102; x_wconf 90' lang='lat' dir='ltr'>corpus,</span> <span class='ocrx_word' id='word_1_620' title='bbox 4009 3016 4178 3082; x_wconf 89' lang='lat' dir='ltr'>nihil</span> <span class='ocrx_word' id='word_1_621' title='bbox 4238 3017 4537 3084; x_wconf 86' lang='lat' dir='ltr'>efficient.</span> 
     </span>
     <span class='ocr_line' id='line_1_88' title="bbox 2596 3102 4540 3187; baseline 0.001 -21"><span class='ocrx_word' id='word_1_622' title='bbox 2596 3102 2744 3168; x_wconf 93' lang='lat' dir='ltr'>Imo</span> <span class='ocrx_word' id='word_1_623' title='bbox 2787 3104 2958 3187; x_wconf 90' lang='lat' dir='ltr'>quod</span> <span class='ocrx_word' id='word_1_624' title='bbox 3002 3106 3204 3171; x_wconf 90' lang='lat' dir='ltr'>stulte</span> <span class='ocrx_word' id='word_1_625' title='bbox 3261 3106 3329 3168; x_wconf 90' lang='lat' dir='ltr'>in</span> <span class='ocrx_word' id='word_1_626' title='bbox 3388 3126 3506 3169; x_wconf 91' lang='lat' dir='ltr'>nos</span> <span class='ocrx_word' id='word_1_627' title='bbox 3566 3114 3905 3187; x_wconf 89' lang='lat' dir='ltr'>torquent,</span> <span class='ocrx_word' id='word_1_628' title='bbox 3965 3103 4188 3170; x_wconf 90' lang='lat' dir='ltr'>licebit</span> <span class='ocrx_word' id='word_1_629' title='bbox 4245 3104 4315 3168; x_wconf 91' lang='lat' dir='ltr'>in</span> <span class='ocrx_word' id='word_1_630' title='bbox 4371 3104 4540 3187; x_wconf 89' lang='lat' dir='ltr'>ipsos</span> 
     </span>
     <span class='ocr_line' id='line_1_89' title="bbox 2596 3190 4541 3273; baseline -0.001 -19"><span class='ocrx_word' id='word_1_631' title='bbox 2596 3199 3013 3270; x_wconf 88' lang='lat' dir='ltr'>convertere,</span> <span class='ocrx_word' id='word_1_632' title='bbox 3070 3211 3307 3273; x_wconf 90' lang='lat' dir='ltr'>panem</span> <span class='ocrx_word' id='word_1_633' title='bbox 3366 3193 3585 3257; x_wconf 87' lang='lat' dir='ltr'>vocari</span> <span class='ocrx_word' id='word_1_634' title='bbox 3645 3211 3882 3273; x_wconf 90' lang='lat' dir='ltr'>corpus</span> <span class='ocrx_word' id='word_1_635' title='bbox 3936 3190 4234 3273; x_wconf 87' lang='lat' dir='ltr'>quamvis</span> <span class='ocrx_word' id='word_1_636' title='bbox 4279 3196 4541 3255; x_wconf 88' lang='lat' dir='ltr'>maneat</span> 
     </span>
     <span class='ocr_line' id='line_1_90' title="bbox 2597 3275 4541 3361; baseline -0.001 -21"><span class='ocrx_word' id='word_1_637' title='bbox 2597 3276 2814 3358; x_wconf 88' lang='lat' dir='ltr'>panis,</span> <span class='ocrx_word' id='word_1_638' title='bbox 2877 3299 3004 3343; x_wconf 91' lang='lat' dir='ltr'>non</span> <span class='ocrx_word' id='word_1_639' title='bbox 3052 3275 3244 3342; x_wconf 90' lang='lat' dir='ltr'>aliter</span> <span class='ocrx_word' id='word_1_640' title='bbox 3287 3297 3362 3344; x_wconf 90' lang='lat' dir='ltr'>ac</span> <span class='ocrx_word' id='word_1_641' title='bbox 3406 3297 3676 3361; x_wconf 89' lang='lat' dir='ltr'>serpens</span> <span class='ocrx_word' id='word_1_642' title='bbox 3719 3277 3830 3361; x_wconf 88' lang='lat' dir='ltr'>qui</span> <span class='ocrx_word' id='word_1_643' title='bbox 3878 3286 4037 3343; x_wconf 89' lang='lat' dir='ltr'>tunc</span> <span class='ocrx_word' id='word_1_644' title='bbox 4080 3277 4392 3359; x_wconf 89' lang='lat' dir='ltr'>apparuit</span> <span class='ocrx_word' id='word_1_645' title='bbox 4435 3295 4541 3342; x_wconf 91' lang='lat' dir='ltr'>vo-</span> 
     </span>
     <span class='ocr_line' id='line_1_91' title="bbox 2595 3361 3255 3431; baseline 0.003 -3"><span class='ocrx_word' id='word_1_646' title='bbox 2595 3372 2779 3429; x_wconf 90' lang='lat' dir='ltr'>catus</span> <span class='ocrx_word' id='word_1_647' title='bbox 2823 3370 2925 3431; x_wconf 87' lang='lat' dir='ltr'>est</span> <span class='ocrx_word' id='word_1_648' title='bbox 2969 3361 3255 3430; x_wconf 86' lang='lat' dir='ltr'>baculus.</span> 
     </span>
    </p>
   </div>
   <div class='ocr_carea' id='block_1_7' title="bbox 2580 3532 4540 5424">
    <p class='ocr_par' dir='ltr' id='par_1_8' title="bbox 2580 3532 4540 5424">
     <span class='ocr_line' id='line_1_92' title="bbox 2769 3532 4540 3619; baseline -0.001 -20"><span class='ocrx_word' id='word_1_649' title='bbox 2769 3534 2870 3599; x_wconf 90' lang='lat'>14.</span> <span class='ocrx_word' id='word_1_650' title='bbox 2934 3535 3110 3600; x_wconf 81' lang='lat' dir='ltr'>Tunc</span> <span class='ocrx_word' id='word_1_651' title='bbox 3165 3536 3332 3601; x_wconf 73' lang='lat' dir='ltr'>dixit</span> <span class='ocrx_word' id='word_1_652' title='bbox 3378 3534 3605 3601; x_wconf 75' lang='lat' dir='ltr'>Iehova</span> <span class='ocrx_word' id='word_1_653' title='bbox 3664 3535 3749 3601; x_wconf 79' lang='lat' dir='ltr'>ad</span> <span class='ocrx_word' id='word_1_654' title='bbox 3794 3532 4044 3599; x_wconf 79' lang='lat' dir='ltr'>Mosen.-</span> <span class='ocrx_word' id='word_1_655' title='bbox 4109 3535 4540 3619; x_wconf 73' lang='lat' dir='ltr'>Ayyravatum</span> 
     </span>
     <span class='ocr_line' id='line_1_93' title="bbox 2592 3618 4539 3703; baseline 0.001 -17"><span class='ocrx_word' id='word_1_656' title='bbox 2592 3624 2684 3686; x_wconf 84' lang='lat' dir='ltr'>est</span> <span class='ocrx_word' id='word_1_657' title='bbox 2735 3642 2839 3687; x_wconf 85' lang='lat' dir='ltr'>cor</span> <span class='ocrx_word' id='word_1_658' title='bbox 2901 3618 3260 3686; x_wconf 75' lang='lat' dir='ltr'>Pharaonis</span> <span class='ocrx_word' id='word_1_659' title='bbox 3313 3643 3387 3687; x_wconf 77' lang='lat' dir='ltr'>ne</span> <span class='ocrx_word' id='word_1_660' title='bbox 3436 3622 3715 3688; x_wconf 71' lang='lat' dir='ltr'>dimittat</span> <span class='ocrx_word' id='word_1_661' title='bbox 3753 3621 4083 3703; x_wconf 79' lang='lat' dir='ltr'>populum.</span> <span class='ocrx_word' id='word_1_662' title='bbox 4189 3621 4292 3687; x_wconf 86' lang='lat'>15.</span> <span class='ocrx_word' id='word_1_663' title='bbox 4374 3620 4539 3687; x_wconf 79' lang='lat' dir='ltr'>Vade</span> 
     </span>
     <span class='ocr_line' id='line_1_94' title="bbox 2591 3705 4540 3792; baseline 0.001 -20"><span class='ocrx_word' id='word_1_664' title='bbox 2591 3707 2679 3772; x_wconf 79' lang='lat' dir='ltr'>ad</span> <span class='ocrx_word' id='word_1_665' title='bbox 2737 3705 3141 3773; x_wconf 75' lang='lat' dir='ltr'>Pharaonem</span> <span class='ocrx_word' id='word_1_666' title='bbox 3193 3727 3411 3773; x_wconf 78' lang='lat' dir='ltr'>mane.-</span> <span class='ocrx_word' id='word_1_667' title='bbox 3469 3727 3627 3782; x_wconf 81' lang='lat' dir='ltr'>ecce,</span> <span class='ocrx_word' id='word_1_668' title='bbox 3681 3707 3999 3792; x_wconf 70' lang='lat' dir='ltr'>eqo-editur</span> <span class='ocrx_word' id='word_1_669' title='bbox 4051 3708 4137 3773; x_wconf 80' lang='lat' dir='ltr'>ad</span> <span class='ocrx_word' id='word_1_670' title='bbox 4192 3728 4427 3790; x_wconf 76' lang='lat' dir='ltr'>aquas,</span> <span class='ocrx_word' id='word_1_671' title='bbox 4487 3710 4540 3772; x_wconf 78' lang='lat' dir='ltr'>et</span> 
     </span>
     <span class='ocr_line' id='line_1_95' title="bbox 2589 3793 4540 3876; baseline -0.001 -18"><span class='ocrx_word' id='word_1_672' title='bbox 2589 3797 2712 3858; x_wconf 81' lang='lat' dir='ltr'>stes</span> <span class='ocrx_word' id='word_1_673' title='bbox 2747 3794 2818 3859; x_wconf 77' lang='lat' dir='ltr'>in</span> <span class='ocrx_word' id='word_1_674' title='bbox 2853 3814 3179 3859; x_wconf 78' lang='lat' dir='ltr'>occursum</span> <span class='ocrx_word' id='word_1_675' title='bbox 3212 3796 3350 3860; x_wconf 82' lang='lat' dir='ltr'>eius</span> <span class='ocrx_word' id='word_1_676' title='bbox 3382 3814 3576 3875; x_wconf 79' lang='lat' dir='ltr'>super</span> <span class='ocrx_word' id='word_1_677' title='bbox 3607 3794 3821 3874; x_wconf 72' lang='lat' dir='ltr'>ripam</span> <span class='ocrx_word' id='word_1_678' title='bbox 3847 3793 4165 3872; x_wconf 78' lang='lat' dir='ltr'>fluminis:</span> <span class='ocrx_word' id='word_1_679' title='bbox 4204 3798 4264 3859; x_wconf 83' lang='lat' dir='ltr'>et</span> <span class='ocrx_word' id='word_1_680' title='bbox 4297 3795 4540 3876; x_wconf 66' lang='lat' dir='ltr'>vir-qam</span> 
     </span>
     <span class='ocr_line' id='line_1_96' title="bbox 2590 3879 4532 3962; baseline 0 -19"><span class='ocrx_word' id='word_1_681' title='bbox 2590 3899 2751 3960; x_wconf 79' lang='lat' dir='ltr'>quae</span> <span class='ocrx_word' id='word_1_682' title='bbox 2793 3901 2978 3945; x_wconf 85' lang='lat' dir='ltr'>versa</span> <span class='ocrx_word' id='word_1_683' title='bbox 3016 3879 3146 3960; x_wconf 81' lang='lat' dir='ltr'>fuit</span> <span class='ocrx_word' id='word_1_684' title='bbox 3196 3879 3267 3944; x_wconf 80' lang='lat' dir='ltr'>in</span> <span class='ocrx_word' id='word_1_685' title='bbox 3318 3884 3656 3962; x_wconf 75' lang='lat' dir='ltr'>serpentem</span> <span class='ocrx_word' id='word_1_686' title='bbox 3713 3879 3886 3945; x_wconf 80' lang='lat' dir='ltr'>tolles</span> <span class='ocrx_word' id='word_1_687' title='bbox 3925 3882 3998 3945; x_wconf 77' lang='lat' dir='ltr'>in</span> <span class='ocrx_word' id='word_1_688' title='bbox 4039 3899 4303 3944; x_wconf 80' lang='lat' dir='ltr'>manum</span> <span class='ocrx_word' id='word_1_689' title='bbox 4347 3885 4532 3944; x_wconf 79' lang='lat' dir='ltr'>tuam.</span> 
     </span>
     <span class='ocr_line' id='line_1_97' title="bbox 2595 3964 4538 4032; baseline 0.001 -3"><span class='ocrx_word' id='word_1_690' title='bbox 2595 3965 2693 4030; x_wconf 84' lang='lat'>16.</span> <span class='ocrx_word' id='word_1_691' title='bbox 2740 3965 2827 4029; x_wconf 79' lang='lat' dir='ltr'>Et</span> <span class='ocrx_word' id='word_1_692' title='bbox 2869 3966 3034 4030; x_wconf 81' lang='lat' dir='ltr'>dices</span> <span class='ocrx_word' id='word_1_693' title='bbox 3077 3966 3162 4030; x_wconf 81' lang='lat' dir='ltr'>ad</span> <span class='ocrx_word' id='word_1_694' title='bbox 3205 3986 3375 4032; x_wconf 81' lang='lat' dir='ltr'>eum.-</span> <span class='ocrx_word' id='word_1_695' title='bbox 3412 3965 3645 4031; x_wconf 80' lang='lat' dir='ltr'>Iehova</span> <span class='ocrx_word' id='word_1_696' title='bbox 3679 3965 3860 4030; x_wconf 79' lang='lat' dir='ltr'>Deus</span> <span class='ocrx_word' id='word_1_697' title='bbox 3896 3964 4325 4030; x_wconf 76' lang='lat' dir='ltr'>Hebraeorum</span> <span class='ocrx_word' id='word_1_698' title='bbox 4368 3965 4538 4030; x_wconf 78' lang='lat' dir='ltr'>misit</span> 
     </span>
     <span class='ocr_line' id='line_1_98' title="bbox 2588 4050 4534 4132; baseline 0 -17"><span class='ocrx_word' id='word_1_699' title='bbox 2588 4071 2686 4115; x_wconf 87' lang='lat' dir='ltr'>me</span> <span class='ocrx_word' id='word_1_700' title='bbox 2726 4052 2812 4117; x_wconf 78' lang='lat' dir='ltr'>ad</span> <span class='ocrx_word' id='word_1_701' title='bbox 2853 4057 2940 4128; x_wconf 80' lang='lat' dir='ltr'>te,</span> <span class='ocrx_word' id='word_1_702' title='bbox 2984 4052 3221 4117; x_wconf 78' lang='lat' dir='ltr'>dicens:</span> <span class='ocrx_word' id='word_1_703' title='bbox 3276 4051 3541 4117; x_wconf 79' lang='lat' dir='ltr'>Dimitte</span> <span class='ocrx_word' id='word_1_704' title='bbox 3587 4051 3895 4132; x_wconf 79' lang='lat' dir='ltr'>populum</span> <span class='ocrx_word' id='word_1_705' title='bbox 3945 4071 4151 4115; x_wconf 82' lang='lat' dir='ltr'>meum</span> <span class='ocrx_word' id='word_1_706' title='bbox 4193 4056 4263 4116; x_wconf 72' lang='lat' dir='ltr'>ut</span> <span class='ocrx_word' id='word_1_707' title='bbox 4306 4050 4534 4116; x_wconf 69' lang='lat' dir='ltr'>serviat</span> 
     </span>
     <span class='ocr_line' id='line_1_99' title="bbox 2590 4133 4534 4219; baseline 0.001 -20"><span class='ocrx_word' id='word_1_708' title='bbox 2590 4137 2749 4202; x_wconf 77' lang='lat' dir='ltr'>mihi</span> <span class='ocrx_word' id='word_1_709' title='bbox 2769 4139 2840 4202; x_wconf 73' lang='lat' dir='ltr'>in</span> <span class='ocrx_word' id='word_1_710' title='bbox 2873 4139 3138 4203; x_wconf 81' lang='lat' dir='ltr'>deserto:</span> <span class='ocrx_word' id='word_1_711' title='bbox 3167 4143 3221 4203; x_wconf 69' lang='grc' dir='ltr'>εἰ</span> <span class='ocrx_word' id='word_1_712' title='bbox 3254 4158 3399 4214; x_wconf 82' lang='lat' dir='ltr'>ecoe,</span> <span class='ocrx_word' id='word_1_713' title='bbox 3437 4158 3559 4203; x_wconf 82' lang='lat' dir='ltr'>non</span> <span class='ocrx_word' id='word_1_714' title='bbox 3594 4137 3839 4202; x_wconf 78' lang='lat' dir='ltr'>audisti</span> <span class='ocrx_word' id='word_1_715' title='bbox 3872 4136 3990 4203; x_wconf 80' lang='lat' dir='ltr'>huc</span> <span class='ocrx_word' id='word_1_716' title='bbox 4023 4157 4231 4219; x_wconf 77' lang='lat' dir='ltr'>usqae.</span> <span class='ocrx_word' id='word_1_717' title='bbox 4305 4137 4405 4202; x_wconf 84' lang='lat'>17.</span> <span class='ocrx_word' id='word_1_718' title='bbox 4432 4133 4534 4201; x_wconf 72' lang='lat' dir='ltr'>Sic</span> 
     </span>
     <span class='ocr_line' id='line_1_100' title="bbox 2591 4222 4529 4306; baseline -0.001 -18"><span class='ocrx_word' id='word_1_719' title='bbox 2591 4223 2755 4288; x_wconf 72' lang='lat' dir='ltr'>dixit</span> <span class='ocrx_word' id='word_1_720' title='bbox 2791 4224 3059 4289; x_wconf 78' lang='lat' dir='ltr'>Iehova:</span> <span class='ocrx_word' id='word_1_721' title='bbox 3098 4225 3182 4289; x_wconf 82' lang='lat' dir='ltr'>In</span> <span class='ocrx_word' id='word_1_722' title='bbox 3223 4223 3333 4288; x_wconf 77' lang='lat' dir='ltr'>hoc</span> <span class='ocrx_word' id='word_1_723' title='bbox 3365 4225 3522 4290; x_wconf 80' lang='lat' dir='ltr'>scies</span> <span class='ocrx_word' id='word_1_724' title='bbox 3562 4224 3730 4306; x_wconf 79' lang='lat' dir='ltr'>quod</span> <span class='ocrx_word' id='word_1_725' title='bbox 3771 4244 3876 4306; x_wconf 76' lang='lat' dir='ltr'>eyo</span> <span class='ocrx_word' id='word_1_726' title='bbox 3908 4243 4054 4288; x_wconf 77' lang='lat' dir='ltr'>sum</span> <span class='ocrx_word' id='word_1_727' title='bbox 4090 4222 4358 4288; x_wconf 77' lang='lat' dir='ltr'>Iehova:</span> <span class='ocrx_word' id='word_1_728' title='bbox 4391 4242 4529 4298; x_wconf 77' lang='lat' dir='ltr'>ecoe,</span> 
     </span>
     <span class='ocr_line' id='line_1_101' title="bbox 2591 4310 4531 4394; baseline 0 -23"><span class='ocrx_word' id='word_1_729' title='bbox 2591 4330 2696 4392; x_wconf 58' lang='lat' dir='ltr'>eqo</span> <span class='ocrx_word' id='word_1_730' title='bbox 2726 4311 3084 4390; x_wconf 72' lang='lat' dir='ltr'>percutiam</span> <span class='ocrx_word' id='word_1_731' title='bbox 3133 4311 3314 4394; x_wconf 75' lang='lat' dir='ltr'>virqa</span> <span class='ocrx_word' id='word_1_732' title='bbox 3372 4330 3534 4392; x_wconf 77' lang='lat' dir='ltr'>quae</span> <span class='ocrx_word' id='word_1_733' title='bbox 3586 4310 3657 4374; x_wconf 78' lang='lat' dir='ltr'>in</span> <span class='ocrx_word' id='word_1_734' title='bbox 3711 4329 3910 4374; x_wconf 79' lang='lat' dir='ltr'>manu</span> <span class='ocrx_word' id='word_1_735' title='bbox 3963 4330 4099 4374; x_wconf 88' lang='lat' dir='ltr'>mea</span> <span class='ocrx_word' id='word_1_736' title='bbox 4156 4315 4243 4374; x_wconf 77' lang='lat' dir='ltr'>est</span> <span class='ocrx_word' id='word_1_737' title='bbox 4302 4326 4531 4392; x_wconf 77' lang='lat' dir='ltr'>aquam</span> 
     </span>
     <span class='ocr_line' id='line_1_102' title="bbox 2590 4396 4525 4478; baseline -0.002 -18"><span class='ocrx_word' id='word_1_738' title='bbox 2590 4416 2751 4476; x_wconf 77' lang='lat' dir='ltr'>quae</span> <span class='ocrx_word' id='word_1_739' title='bbox 2828 4400 2918 4460; x_wconf 80' lang='lat' dir='ltr'>est</span> <span class='ocrx_word' id='word_1_740' title='bbox 2994 4397 3065 4460; x_wconf 78' lang='lat' dir='ltr'>in</span> <span class='ocrx_word' id='word_1_741' title='bbox 3133 4396 3426 4476; x_wconf 79' lang='lat' dir='ltr'>flumine,</span> <span class='ocrx_word' id='word_1_742' title='bbox 3502 4401 3558 4460; x_wconf 76' lang='lat' dir='ltr'>et</span> <span class='ocrx_word' id='word_1_743' title='bbox 3641 4400 3908 4461; x_wconf 79' lang='lat' dir='ltr'>vertetur</span> <span class='ocrx_word' id='word_1_744' title='bbox 3990 4396 4061 4459; x_wconf 81' lang='lat' dir='ltr'>in</span> <span class='ocrx_word' id='word_1_745' title='bbox 4145 4398 4525 4478; x_wconf 72' lang='lat' dir='ltr'>sanquinem.</span> 
     </span>
     <span class='ocr_line' id='line_1_103' title="bbox 2595 4479 4529 4563; baseline -0.001 -19"><span class='ocrx_word' id='word_1_746' title='bbox 2595 4481 2696 4548; x_wconf 89' lang='lat'>18.</span> <span class='ocrx_word' id='word_1_747' title='bbox 2761 4479 2977 4547; x_wconf 83' lang='lat' dir='ltr'>Pisces</span> <span class='ocrx_word' id='word_1_748' title='bbox 3031 4502 3174 4546; x_wconf 85' lang='lat' dir='ltr'>vero</span> <span class='ocrx_word' id='word_1_749' title='bbox 3227 4483 3340 4563; x_wconf 81' lang='lat' dir='ltr'>qui</span> <span class='ocrx_word' id='word_1_750' title='bbox 3403 4488 3552 4548; x_wconf 77' lang='lat' dir='ltr'>sunt</span> <span class='ocrx_word' id='word_1_751' title='bbox 3613 4483 3683 4545; x_wconf 79' lang='lat' dir='ltr'>in</span> <span class='ocrx_word' id='word_1_752' title='bbox 3726 4482 3989 4560; x_wconf 79' lang='lat' dir='ltr'>flumine</span> <span class='ocrx_word' id='word_1_753' title='bbox 4041 4482 4418 4547; x_wconf 62' lang='lat' dir='ltr'>mmfentur:</span> <span class='ocrx_word' id='word_1_754' title='bbox 4478 4485 4529 4543; x_wconf 78' lang='lat' dir='ltr'>et</span> 
     </span>
     <span class='ocr_line' id='line_1_104' title="bbox 2587 4565 4533 4650; baseline -0.002 -17"><span class='ocrx_word' id='word_1_755' title='bbox 2587 4566 2833 4650; x_wconf 78' lang='lat' dir='ltr'>foetebit</span> <span class='ocrx_word' id='word_1_756' title='bbox 2858 4569 3109 4647; x_wconf 75' lang='lat' dir='ltr'>flumen,</span> <span class='ocrx_word' id='word_1_757' title='bbox 3147 4572 3202 4631; x_wconf 83' lang='lat' dir='ltr'>et</span> <span class='ocrx_word' id='word_1_758' title='bbox 3233 4568 3516 4633; x_wconf 79' lang='lat' dir='ltr'>molestia</span> <span class='ocrx_word' id='word_1_759' title='bbox 3550 4566 3911 4650; x_wconf 73' lang='lat' dir='ltr'>afficientur</span> <span class='ocrx_word' id='word_1_760' title='bbox 3933 4567 4251 4650; x_wconf 74' lang='lat' dir='ltr'>Aeyyptii,</span> <span class='ocrx_word' id='word_1_761' title='bbox 4286 4565 4533 4631; x_wconf 81' lang='lat' dir='ltr'>bibendo</span> 
     </span>
     <span class='ocr_line' id='line_1_105' title="bbox 2592 4652 4532 4735; baseline -0.002 -17"><span class='ocrx_word' id='word_1_762' title='bbox 2592 4674 2797 4735; x_wconf 76' lang='lat' dir='ltr'>aquas</span> <span class='ocrx_word' id='word_1_763' title='bbox 2857 4674 2933 4719; x_wconf 79' lang='lat' dir='ltr'>ex</span> <span class='ocrx_word' id='word_1_764' title='bbox 2982 4654 3260 4733; x_wconf 76' lang='lat' dir='ltr'>fiamine.</span> <span class='ocrx_word' id='word_1_765' title='bbox 3352 4653 3453 4720; x_wconf 87' lang='lat'>19.</span> <span class='ocrx_word' id='word_1_766' title='bbox 3500 4653 3590 4719; x_wconf 78' lang='lat' dir='ltr'>Et</span> <span class='ocrx_word' id='word_1_767' title='bbox 3639 4654 3807 4719; x_wconf 76' lang='lat' dir='ltr'>dixit</span> <span class='ocrx_word' id='word_1_768' title='bbox 3853 4652 4084 4718; x_wconf 74' lang='lat' dir='ltr'>lehova</span> <span class='ocrx_word' id='word_1_769' title='bbox 4140 4654 4226 4719; x_wconf 78' lang='lat' dir='ltr'>ad</span> <span class='ocrx_word' id='word_1_770' title='bbox 4287 4652 4532 4718; x_wconf 78' lang='lat' dir='ltr'>Mosen:</span> 
     </span>
     <span class='ocr_line' id='line_1_106' title="bbox 2591 4739 4530 4822; baseline -0.003 -16"><span class='ocrx_word' id='word_1_771' title='bbox 2591 4739 2721 4806; x_wconf 79' lang='lat' dir='ltr'>Dio</span> <span class='ocrx_word' id='word_1_772' title='bbox 2750 4740 2836 4805; x_wconf 77' lang='lat' dir='ltr'>ad</span> <span class='ocrx_word' id='word_1_773' title='bbox 2864 4739 3164 4805; x_wconf 77' lang='lat' dir='ltr'>Aharon:</span> <span class='ocrx_word' id='word_1_774' title='bbox 3202 4739 3371 4805; x_wconf 79' lang='lat' dir='ltr'>Tolle</span> <span class='ocrx_word' id='word_1_775' title='bbox 3403 4740 3650 4822; x_wconf 73' lang='lat' dir='ltr'>viryam</span> <span class='ocrx_word' id='word_1_776' title='bbox 3683 4744 3875 4819; x_wconf 80' lang='lat' dir='ltr'>tuam,</span> <span class='ocrx_word' id='word_1_777' title='bbox 3912 4744 3966 4803; x_wconf 74' lang='lat' dir='ltr'>et</span> <span class='ocrx_word' id='word_1_778' title='bbox 3998 4739 4249 4804; x_wconf 73' lang='lat' dir='ltr'>extende</span> <span class='ocrx_word' id='word_1_779' title='bbox 4280 4754 4530 4803; x_wconf 78' lang='lat' dir='ltr'>manum</span> 
     </span>
     <span class='ocr_line' id='line_1_107' title="bbox 2589 4825 4527 4910; baseline -0.002 -20"><span class='ocrx_word' id='word_1_780' title='bbox 2589 4831 2766 4890; x_wconf 79' lang='lat' dir='ltr'>tuam</span> <span class='ocrx_word' id='word_1_781' title='bbox 2828 4845 3020 4906; x_wconf 81' lang='lat' dir='ltr'>super</span> <span class='ocrx_word' id='word_1_782' title='bbox 3085 4846 3288 4907; x_wconf 78' lang='lat' dir='ltr'>aquas</span> <span class='ocrx_word' id='word_1_783' title='bbox 3353 4827 3649 4910; x_wconf 73' lang='lat' dir='ltr'>Aeyypti,</span> <span class='ocrx_word' id='word_1_784' title='bbox 3728 4835 3919 4905; x_wconf 74' lang='lat' dir='ltr'>saper</span> <span class='ocrx_word' id='word_1_785' title='bbox 3974 4825 4245 4905; x_wconf 73' lang='lat' dir='ltr'>flumina</span> <span class='ocrx_word' id='word_1_786' title='bbox 4308 4842 4527 4898; x_wconf 79' lang='lat' dir='ltr'>eorum,</span> 
     </span>
     <span class='ocr_line' id='line_1_108' title="bbox 2590 4908 4528 4994; baseline -0.003 -17"><span class='ocrx_word' id='word_1_787' title='bbox 2590 4932 2781 4994; x_wconf 79' lang='lat' dir='ltr'>saper</span> <span class='ocrx_word' id='word_1_788' title='bbox 2819 4913 2992 4976; x_wconf 84' lang='lat' dir='ltr'>rivos</span> <span class='ocrx_word' id='word_1_789' title='bbox 3035 4916 3092 4976; x_wconf 75' lang='lat' dir='ltr'>et</span> <span class='ocrx_word' id='word_1_790' title='bbox 3132 4917 3357 4994; x_wconf 74' lang='lat' dir='ltr'>stayna</span> <span class='ocrx_word' id='word_1_791' title='bbox 3400 4932 3643 4991; x_wconf 78' lang='lat' dir='ltr'>eorum,</span> <span class='ocrx_word' id='word_1_792' title='bbox 3700 4917 3755 4975; x_wconf 77' lang='lat' dir='ltr'>et</span> <span class='ocrx_word' id='word_1_793' title='bbox 3809 4931 4000 4993; x_wconf 81' lang='lat' dir='ltr'>super</span> <span class='ocrx_word' id='word_1_794' title='bbox 4051 4930 4288 4975; x_wconf 84' lang='lat' dir='ltr'>omnem</span> <span class='ocrx_word' id='word_1_795' title='bbox 4311 4908 4528 4988; x_wconf 71' lang='lat' dir='ltr'>‚colleo-</span> 
     </span>
     <span class='ocr_line' id='line_1_109' title="bbox 2591 4996 4529 5079; baseline -0.001 -19"><span class='ocrx_word' id='word_1_796' title='bbox 2591 4998 2812 5062; x_wconf 81' lang='lat' dir='ltr'>tionem</span> <span class='ocrx_word' id='word_1_797' title='bbox 2875 5017 3189 5079; x_wconf 77' lang='lat' dir='ltr'>aquarum</span> <span class='ocrx_word' id='word_1_798' title='bbox 3252 4999 3568 5078; x_wconf 81' lang='lat' dir='ltr'>ipsorum:</span> <span class='ocrx_word' id='word_1_799' title='bbox 3631 5002 3688 5062; x_wconf 75' lang='lat' dir='ltr'>et</span> <span class='ocrx_word' id='word_1_800' title='bbox 3738 4996 3888 5077; x_wconf 76' lang='lat' dir='ltr'>fient</span> <span class='ocrx_word' id='word_1_801' title='bbox 3941 4997 4238 5079; x_wconf 67' lang='lat' dir='ltr'>sanquis,</span> <span class='ocrx_word' id='word_1_802' title='bbox 4305 4996 4529 5077; x_wconf 70' lang='lat' dir='ltr'>eritque</span> 
     </span>
     <span class='ocr_line' id='line_1_110' title="bbox 2591 5080 4528 5232; baseline -0.001 -85"><span class='ocrx_word' id='word_1_803' title='bbox 2591 5084 2855 5166; x_wconf 68' lang='lat' dir='ltr'>sanquis</span> <span class='ocrx_word' id='word_1_804' title='bbox 2886 5102 3009 5163; x_wconf 85' lang='lat' dir='ltr'>per</span> <span class='ocrx_word' id='word_1_805' title='bbox 3053 5087 3242 5147; x_wconf 79' lang='lat' dir='ltr'>totam</span> <span class='ocrx_word' id='word_1_806' title='bbox 3281 5088 3513 5148; x_wconf 79' lang='lat' dir='ltr'>terram</span> <span class='ocrx_word' id='word_1_807' title='bbox 3557 5083 3826 5232; x_wconf 51' lang='lat' dir='ltr'>Aeyffii</span> <span class='ocrx_word' id='word_1_808' title='bbox 3874 5083 3948 5170; x_wconf 63' lang='lat' dir='ltr'>ia</span> <span class='ocrx_word' id='word_1_809' title='bbox 3987 5083 4163 5148; x_wconf 84' lang='lat' dir='ltr'>vasis</span> <span class='ocrx_word' id='word_1_810' title='bbox 4215 5080 4436 5164; x_wconf 76' lang='lat' dir='ltr'>liyneis</span> <span class='ocrx_word' id='word_1_811' title='bbox 4476 5082 4528 5142; x_wconf 66' lang='lat' dir='ltr'>et</span> 
     </span>
     <span class='ocr_line' id='line_1_111' title="bbox 2590 5167 4528 5251; baseline -0.004 -16"><span class='ocrx_word' id='word_1_812' title='bbox 2590 5169 2878 5249; x_wconf 75' lang='lat' dir='ltr'>lapideis,</span> <span class='ocrx_word' id='word_1_813' title='bbox 2968 5168 3071 5233; x_wconf 81' lang='lat'>20.</span> <span class='ocrx_word' id='word_1_814' title='bbox 3118 5168 3207 5233; x_wconf 81' lang='lat' dir='ltr'>Et</span> <span class='ocrx_word' id='word_1_815' title='bbox 3247 5170 3341 5233; x_wconf 78' lang='lat' dir='ltr'>ita</span> <span class='ocrx_word' id='word_1_816' title='bbox 3378 5169 3657 5251; x_wconf 75' lang='lat' dir='ltr'>fecerunt</span> <span class='ocrx_word' id='word_1_817' title='bbox 3813 5189 3913 5234; x_wconf 88' lang='lat' dir='ltr'>ses</span> <span class='ocrx_word' id='word_1_818' title='bbox 3956 5173 4010 5233; x_wconf 73' lang='lat' dir='ltr'>et</span> <span class='ocrx_word' id='word_1_819' title='bbox 4050 5167 4318 5234; x_wconf 73' lang='lat' dir='ltr'>Aharon</span> <span class='ocrx_word' id='word_1_820' title='bbox 4349 5168 4528 5231; x_wconf 68' lang='lat' dir='ltr'>sicuti</span> 
     </span>
     <span class='ocr_line' id='line_1_112' title="bbox 2580 5251 4527 5338; baseline -0.002 -18"><span class='ocrx_word' id='word_1_821' title='bbox 2580 5260 2994 5338; x_wconf 75' lang='lat' dir='ltr'>praeceperat</span> <span class='ocrx_word' id='word_1_822' title='bbox 3046 5253 3296 5320; x_wconf 77' lang='lat' dir='ltr'>Iehova.</span> <span class='ocrx_word' id='word_1_823' title='bbox 3405 5254 3491 5319; x_wconf 80' lang='lat' dir='ltr'>Et</span> <span class='ocrx_word' id='word_1_824' title='bbox 3545 5254 3792 5320; x_wconf 81' lang='lat' dir='ltr'>elevans</span> <span class='ocrx_word' id='word_1_825' title='bbox 3856 5253 4171 5334; x_wconf 80' lang='lat' dir='ltr'>baculum,</span> <span class='ocrx_word' id='word_1_826' title='bbox 4225 5251 4527 5336; x_wconf 75' lang='lat' dir='ltr'>percussit</span> 
     </span>
     <span class='ocr_line' id='line_1_113' title="bbox 2590 5336 4526 5424; baseline -0.004 -14"><span class='ocrx_word' id='word_1_827' title='bbox 2590 5362 2793 5424; x_wconf 77' lang='lat' dir='ltr'>aquas</span> <span class='ocrx_word' id='word_1_828' title='bbox 2825 5361 2987 5422; x_wconf 77' lang='lat' dir='ltr'>quae</span> <span class='ocrx_word' id='word_1_829' title='bbox 3030 5346 3207 5406; x_wconf 77' lang='lat' dir='ltr'>erant</span> <span class='ocrx_word' id='word_1_830' title='bbox 3250 5342 3321 5405; x_wconf 82' lang='lat' dir='ltr'>in</span> <span class='ocrx_word' id='word_1_831' title='bbox 3356 5341 3635 5421; x_wconf 80' lang='lat' dir='ltr'>flumine,</span> <span class='ocrx_word' id='word_1_832' title='bbox 3677 5360 3893 5406; x_wconf 82' lang='lat' dir='ltr'>coram</span> <span class='ocrx_word' id='word_1_833' title='bbox 3934 5341 4128 5407; x_wconf 79' lang='lat' dir='ltr'>oculis</span> <span class='ocrx_word' id='word_1_834' title='bbox 4156 5336 4526 5413; x_wconf 76' lang='lat' dir='ltr'>Pharaonis,</span> 
     </span>
    </p>
   </div>
   <div class='ocr_carea' id='block_1_8' title="bbox 4794 5 4824 4644">
    <p class='ocr_par' dir='ltr' id='par_1_9' title="bbox 4794 5 4824 4644">
     <span class='ocr_line' id='line_1_114' title="bbox 4794 5 4824 4644; baseline 0 0"><span class='ocrx_word' id='word_1_835' title='bbox 4794 5 4824 4644; x_wconf 95' lang='lat' dir='ltr'> </span> 
     </span>
    </p>
   </div>
  </div>
 </body>
</html>
