4867 6150
412 459 504 523 43

414 648 784 718 accessione
851 647 1020 731 signi
1087 665 1398 711 crescere.
1504 646 1806 729 Denique
1871 666 2063 712 suum
2127 645 2366 711 benefi-

414 739 593 804 cium
659 735 842 799 Deus
929 731 1283 816 amplificat
1369 752 1542 797 novo
1628 732 1757 797 alio
1844 734 2367 814 superveniente,

418 846 495 890 ac
560 821 617 887 si
678 818 1011 887 cumulum
1068 839 1414 882 mensurae
1480 817 1966 900 superadderet.
2055 819 2145 882 Et
2210 838 2370 883 sane

417 906 664 993 insigni
755 904 1140 970 documento
1227 904 1479 969 sancita
1577 903 1706 968 fuit
1792 904 2050 971 vocatio
2142 903 2368 984 Mosis,

420 1016 619 1080 quum
687 991 912 1057 eodem
979 992 1045 1054 in
1117 990 1254 1054 loco
1333 988 1442 1054 ubi
1532 998 1692 1056 tunc
1770 990 2025 1069 stabat,
2090 989 2372 1073 populus

419 1083 560 1148 eius
624 1098 823 1162 opera
877 1096 1207 1159 manuque
1279 1074 1551 1142 eductus
1630 1075 1900 1141 solenne
1977 1076 2370 1142 sacrificium

418 1165 677 1234 obtulit.
790 1162 1139 1228 Caeterum
1208 1161 1390 1225 Deus
1456 1161 1672 1226 medio
1737 1172 2028 1245 tempore
2103 1178 2369 1227 servum

421 1273 615 1320 suum
651 1247 1014 1334 suspendit,
1059 1270 1135 1312 ac
1179 1248 1233 1312 si
1281 1247 1542 1324 diceret,
1588 1248 1732 1312 sine
1766 1270 1871 1313 me
1907 1249 2077 1330 quod
2116 1247 2374 1313 decrevi

420 1340 764 1424 perficere:
809 1335 970 1400 satis
1015 1333 1407 1416 tempestive
1450 1354 1801 1417 cognosces
1845 1356 1977 1398 non
2023 1332 2270 1398 frustra
2309 1344 2373 1397 te

422 1426 624 1491 fuisse
645 1423 939 1499 missum,
965 1421 1073 1485 ubi
1097 1420 1408 1503 populum
1429 1418 1822 1485 incolumem
1847 1420 1977 1484 huc
2001 1417 2373 1484 adduxeris.

595 1509 697 1574 13.
743 1506 919 1585 Ecce,
982 1505 1090 1571 ubi
1147 1501 1252 1588 eye
1301 1525 1519 1570 venero
1576 1506 1664 1570 ad
1722 1506 1894 1588 filios
1958 1505 2187 1570 Israel.
2297 1503 2374 1570 Si

421 1590 748 1664 credimus
791 1593 1024 1658 Mosen
1081 1592 1421 1675 loquutum
1490 1612 1630 1656 6666
1695 1614 1777 1655 ex
1842 1592 2101 1674 proprio
2157 1612 2375 1668 sensu,

424 1692 619 1766 negat
663 1702 732 1746 se
778 1699 964 1762 posse
1011 1676 1211 1742 verba
1252 1678 1380 1741 rite
1425 1675 1640 1742 facere
1687 1677 1765 1742 de
1819 1679 1966 1744 inco
2017 1678 2152 1742 nito
2199 1676 2372 1741 Deo:

422 1767 597 1854 quod
654 1766 926 1832 minime
980 1771 1494 1829 consentaneum
1566 1763 1844 1829 videtur.
1970 1700 2137 1844 {uis
2203 1765 2379 1828 enim

423 1853 758 1920 existimet
824 1852 891 1916 in
937 1859 1159 1915 sancto
1214 1849 1550 1932 Propheta
1594 1850 1687 1915 sic
1733 1850 2134 1915 exinanitam
2181 1850 2381 1913 fuisse

426 1940 620 2008 fidem
669 1947 744 2003 ut
787 1936 924 2002 veri
972 1935 1115 2014 Dei,
1160 1955 1357 2018 quem
1402 1957 1485 1999 ex
1529 1935 1747 2000 animo
1778 1936 2089 2012 coluerat,
2135 1935 2378 2000 oblitus

425 2024 641 2093 foret?
689 2023 869 2105 Quin
912 2021 1134 2104 potius
1177 2023 1247 2084 in
1296 2021 1561 2085 nomine
1586 2021 2004 2107 primogeniti
2042 2021 2155 2085 filii
2196 2022 2379 2085 testi-

425 2114 721 2179 monium
764 2106 1139 2174 reddiderat
1182 2107 1392 2172 seriae
1437 2109 1822 2187 memoriae,
1880 2129 2087 2192 quum
2146 2118 2382 2189 sponte

426 2197 825 2283 inquilinum
870 2215 942 2259 se
986 2194 1406 2277 profiteretur
1449 2193 1519 2257 in
1556 2203 1736 2259 terra
1779 2192 2067 2259 Madian.
2157 2191 2384 2256 Nihilo

426 2286 551 2351 hoc
595 2282 809 2366 magis
853 2292 1224 2363 competere
1258 2277 1523 2344 videtur
1566 2279 1635 2343 in
1679 2278 1848 2346 filios
1872 2279 2100 2357 Israel,
2147 2278 2384 2361 quibus

426 2391 686 2454 semper
727 2370 799 2433 in
844 2387 957 2430 ore
1001 2374 1144 2430 erat
1187 2364 1411 2430 foedus
1455 2386 1601 2430 cum
1648 2366 1943 2449 patribus
1980 2386 2380 2448 percussum.

427 2457 500 2524 Si
559 2456 955 2531 dixerimus,
1021 2450 1216 2516 fidem
1264 2458 1399 2515 tam
1446 2450 1652 2517 Mosis
1690 2473 1882 2534 quam
1930 2450 2377 2515 Israelitarum

427 2544 611 2610 velut
653 2547 987 2608 contracta
1029 2536 1330 2621 rubigine
1376 2536 1718 2601 obscuram
1780 2538 2009 2615 fuisse,
2079 2558 2206 2601 non
2254 2536 2380 2599 erit

428 2651 467 2695 a
511 2626 830 2712 probabili
877 2625 1129 2690 ratione
1174 2622 1478 2688 alienum.
1568 2624 1735 2689 Erat
1793 2626 1929 2706 ipse
1985 2622 2155 2705 apud
2202 2643 2379 2686 soce-

428 2736 577 2781 rum
620 2732 859 2796 expers
902 2711 1115 2775 omuis
1161 2709 1512 2785 doctrinae,
1559 2731 1727 2793 quae
1768 2710 1838 2773 in
1863 2709 2175 2792 peculiari
2198 2708 2380 2773 cultu

430 2821 583 2866 eum
626 2800 974 2874 retineret,
1040 2817 1115 2862 ac
1182 2796 1413 2859 notitia
1475 2795 1590 2861 illa
1656 2817 1870 2879 quam·
1909 2794 2255 2861 imbiberat
2311 2794 2376 2858 in

431 2887 752 2970 Aegypto,
854 2884 1063 2947 Totus
1118 2901 1276 2945 vero
1334 2881 1613 2965 populus
1678 2882 1873 2964 longe
1933 2882 2286 2946 deflexerat
2343 2900 2382 2943 a

429 2988 695 3058 patrum
743 2970 1124 3034 imitatione.
1217 2967 1387 3031 Nam
1433 2969 1554 3033 etsi
1603 2988 1733 3031 non
1779 2971 1844 3031 iu
1896 2974 2100 3032 totum
2149 2967 2381 3031 obruta

431 3066 575 3125 erat
611 3078 805 3123 verae
848 3066 914 3120 et
958 3054 1265 3137 antiquae
1313 3053 1646 3139 religionis
1667 3053 1947 3130 claritas,
1999 3052 2112 3117 vix
2159 3065 2375 3116 tamen

431 3146 758 3212 micabant
815 3153 1048 3206 tenues
1107 3141 1453 3206 scintillae.
1541 3139 1864 3221 Quamvis
1925 3152 2144 3205 autem
2188 3159 2378 3205 suam

430 3229 867 3316 ignorantiam
923 3227 1121 3293 tacite
1167 3228 1449 3292 fateatur
1494 3228 1740 3303 Moses,
1810 3226 1980 3309 quod
2029 3248 2157 3290 non
2219 3226 2380 3289 satis

429 3318 842 3382 familiariter
887 3313 1285 3378 exercitatus
1333 3313 1533 3377 fucrit
1581 3314 1650 3377 in
1711 3311 2006 3377 doctrina
2051 3332 2092 3375 a
2136 3310 2381 3376 sanctis

430 3400 820 3487 patriarchis
866 3399 1138 3464 tradita:
1199 3401 1351 3482 quia
1408 3409 1625 3462 tamen
1680 3407 2006 3463 venturus
2051 3396 2131 3460 ad
2178 3418 2381 3480 popu-

428 3489 570 3554 lum
619 3498 759 3552 erat
804 3496 1111 3568 tanquam
1159 3495 1513 3550 extraneus
1557 3485 1896 3568 quispiam,
1954 3504 2023 3548 se
2079 3483 2381 3564 repudia·

428 3583 574 3640 tum
604 3574 686 3638 iri
731 3571 1000 3656 colligit,
1038 3571 1165 3638 nisi
1210 3581 1431 3635 notam
1478 3581 1794 3636 tesseram
1839 3569 2090 3634 afferat.
2137 3569 2380 3633 Narra-

431 3660 533 3737 bo,
579 3659 813 3743 inquit,
870 3656 1039 3740 quod
1084 3657 1270 3722 iubes
1315 3679 1420 3722 me
1464 3678 1503 3722 a
1549 3656 1693 3722 Deo
1739 3663 2000 3739 patrum
2047 3676 2186 3720 esse
2224 3655 2379 3719 mis-

433 3765 620 3812 sum:
667 3744 979 3810 ridebunt
1015 3763 1090 3807 ac
1133 3757 1444 3827 spernent
1487 3742 1903 3827 legationem,
1972 3741 2094 3807 nisi
2141 3741 2384 3806 certius

433 3832 693 3916 aliquod
732 3830 1103 3916 symbolum
1136 3830 1490 3913 protulero,
1556 3851 1639 3894 ex
1675 3848 1803 3913 quo
1849 3828 2102 3893 discant
2148 3849 2383 3891 nomen

433 3932 625 3984 tuum
691 3938 730 3981 a
793 3937 899 3981 me
968 3935 1105 3980 non
1172 3925 1416 3980 temere
1481 3915 1795 3998 praetexi.
1905 3914 2161 3978 Nomen
2226 3934 2384 3997 ergo

433 4003 691 4088 quaerit
735 4002 906 4086 quod
955 4001 1035 4066 ad
1082 4012 1308 4066 notam
1344 4000 1741 4066 discriminis
1776 3999 2017 4066 valeat:
2065 4000 2216 4083 quia
2251 4020 2386 4063 non

435 4090 515 4157 de
556 4088 825 4174 syllabis
872 4099 987 4154 aut
1029 4107 1189 4153 voce
1231 4087 1467 4171 agitur,
1515 4085 1629 4151 sed
1675 4085 1758 4151 de
1800 4085 2192 4163 testimoni0,
2258 4105 2385 4168 quo

435 4174 824 4261 persuadeat
867 4173 1219 4251 Israelitis,
1280 4182 1545 4256 propter
1600 4172 1830 4237 foedus
1874 4181 2133 4257 patrum
2188 4172 2387 4237 fuisse

436 4261 796 4329 exaudime.

611 4347 712 4411 14.
764 4345 920 4411 Sum
960 4346 1070 4427 qui
1111 4365 1269 4410 sum.
1323 4344 1654 4408 Futurum
1704 4344 1884 4409 verbi
1930 4354 2187 4427 tempus
2232 4343 2386 4428 legi·

439 4447 550 4500 tur
613 4432 981 4498 Hebraico:
1043 4432 1175 4495 Ero
1260 4431 1372 4515 qui
1439 4449 1589 4495 ero:
1654 4428 1765 4494 sed
1827 4429 1997 4512 quod
2059 4430 2388 4511 praesenti

440 4519 847 4603 aequipollet,
884 4518 1012 4582 nisi
1056 4517 1224 4600 quod
1272 4517 1573 4599 designat
1609 4529 1997 4598 perpetuum
2029 4514 2388 4580 durationis

440 4619 755 4671 tenorem.
844 4603 990 4669 Hoc
1024 4602 1286 4685 quidem
1333 4602 1495 4668 satis
1538 4601 1773 4684 liquet,
1833 4602 2054 4666 Deum
2098 4601 2232 4666 sibi
2271 4602 2386 4666 uni

440 4712 730 4759 asserere
776 4689 1140 4754 divinitatis
1183 4689 1481 4772 gloriam,
1527 4690 1679 4770 quia
1723 4689 1807 4751 sit
1854 4709 1893 4752 a
1927 4708 1998 4752 se
2033 4687 2174 4769 ipso
2211 4686 2387 4751 ideo-

440 4798 565 4863 que
603 4786 937 4842 aeternus:
985 4785 1053 4840 et
1094 4776 1188 4839 ita
1232 4775 1535 4839 omnibus
1579 4774 1897 4840 creaturis
1941 4773 2052 4837 det
2085 4794 2243 4851 esse,
2284 4772 2386 4837 vel

440 4865 811 4930 subsistere.
869 4861 1095 4945 Neque
1139 4861 1318 4925 enim
1356 4860 1625 4943 vulgare
1670 4858 2022 4942 quidquam
2063 4858 2167 4924 vel
2213 4879 2385 4924 com-

441 4972 640 5015 mune
698 4948 841 5013 aliis
887 4947 967 5012 de
1009 4969 1080 5012 se
1123 4946 1485 5030 praedicat,
1546 4944 1662 5012 sed
1716 4946 2171 5011 aeternitatem
2226 4966 2386 5011 ven-

443 5035 617 5101 dicat
658 5034 987 5117 propriam
1033 5034 1236 5098 solius
1283 5033 1426 5108 Dei,
1494 5032 1689 5116 idque
1732 5043 1807 5096 ut
1850 5053 1968 5115 pro
2011 5052 2131 5096 sua
2176 5031 2387 5116 digni-

442 5129 577 5187 tate
619 5120 1004 5187 celebretur.
1066 5117 1353 5185 Proinde
1399 5118 1704 5184 continuo
1748 5127 1900 5200 post
1942 5117 2240 5201 neglecta
2284 5139 2386 5182 ra-

441 5209 621 5273 tione
672 5206 1172 5292 grammaticae,
1239 5203 1413 5269 idem
1461 5205 1733 5270 verbum
1779 5205 2030 5286 primae
2075 5224 2389 5286 personae

439 5294 582 5359 loco
626 5291 1021 5359 substantivi
1067 5308 1371 5374 usurpat,
1434 5299 1499 5354 et
1559 5290 1755 5355 verbo
1800 5290 2030 5355 tertiae
2075 5311 2390 5372 personae

444 5380 770 5446 annectit:
826 5391 902 5443 ut
956 5377 1299 5443 admiratio
1357 5377 1590 5442 subeat
1636 5377 1918 5454 animos,
1975 5376 2230 5458 quoties
2287 5378 2390 5442 in·

1598 456 2342 523 COMMENTARIUS
2387 457 2488 523 IN
2537 457 2837 523 EXODI
2880 457 3081 524 OAP.
3129 457 3252 522 111.
3899 472 3905 479 ’
4337 458 4426 523 44

2470 647 3074 730 comprehensibilis
3099 647 3420 712 essentiae
3463 648 3538 711 fit
3583 648 3845 713 mentia.
3894 647 4039 713 Etsi
4083 655 4307 713 autem
4342 644 4424 711 de

2474 732 2597 798 hac
2641 734 3032 798 aeternitate
3096 733 3440 816 magnifice
3498 732 3830 799 disserunt
3890 731 4289 817 philosophi,
4358 744 4426 796 et

2474 818 2664 884 Plato
2710 825 3086 885 constanter
3130 821 3429 893 affirmet,
3478 820 3692 884 Deum
3737 821 3997 903 proprie
4041 841 4184 884 esse
4225 816 4291 881 τὸ
4338 815 4424 896 ὄν,

2474 906 2598 970 1166
2656 915 2875 970 tamen
2934 906 3216 988 elogium
3281 926 3411 969 non
3469 905 3663 982 scite,
3709 927 3916 988 neque
3965 913 4039 969 ut
4076 904 4293 981 decet,
4350 904 4422 969 in

2476 1012 2667 1056 suum
2716 1013 2907 1056 usum
2969 992 3495 1071 accommodant,
3562 1012 3794 1073 nempe
3854 1003 3927 1056 ut
3971 992 4236 1055 unicum
4283 1010 4426 1055 esse

2476 1077 2600 1142 Dei
2681 1077 3026 1143 absorbeat
3090 1098 3510 1160 quascunque
3572 1078 4014 1161 imaginamur
4075 1076 4423 1142 essentias:

2476 1161 2711 1228 deinde
2770 1175 2843 1228 ut
2885 1161 3150 1230 accedat
3196 1163 3391 1228 simul
3430 1185 3762 1228 summum
3806 1163 4155 1247 imperium
4201 1174 4268 1227 et
4312 1182 4427 1245 po·

2477 1258 2696 1314 testas
2723 1250 3132 1332 gubernandi
3172 1249 3408 1314 omnia.
3475 1247 3668 1315 Unde
3713 1249 3888 1314 enim
3919 1247 4232 1313 falsorum
4260 1247 4429 1313 Deo-

2476 1356 2622 1400 rum
2666 1335 2878 1419 turba,
2924 1335 3051 1400 nisi
3111 1334 3277 1418 quod
3327 1335 3545 1417 pravis
3599 1335 3932 1413 figmentis
3978 1333 4261 1399 divisum
4306 1355 4434 1399 nu-

2476 1442 2628 1485 men
2673 1421 2745 1485 in
2789 1430 3006 1505 partes
3048 1422 3249 1503 impie
3295 1419 3664 1485 laceratur?
3714 1421 3893 1504 Ergo
3939 1432 4014 1484 ut
4056 1419 4259 1486 solide
4318 1442 4434 1503 ap·

2479 1504 2960 1589 prehendamus
3016 1528 3222 1571 unum
3290 1507 3535 1584 Deum,
3601 1507 3769 1572 scire
3822 1507 4112 1591 primum
4170 1525 4434 1571 necesse

2479 1601 2600 1676 est,
2664 1592 2976 1677 quidquid
3042 1595 3109 1657 in
3177 1592 3375 1658 coelis
3440 1601 3540 1657 est
3582 1591 3691 1658 vel
3743 1593 3813 1656 in
3864 1599 4076 1672 terra,
4143 1591 4434 1674 precario

2481 1699 2666 1746 suam
2715 1680 3064 1744 essentiam
3108 1679 3216 1744 vel
3262 1678 3749 1749 subsistentiam
3797 1679 3878 1744 ab
3923 1698 4053 1742 uno
4097 1677 4210 1761 qui
4253 1678 4435 1743 solus

2482 1786 2640 1830 vere
2684 1775 2802 1843 est,
2860 1763 3164 1829 mutuari.
3255 1764 3363 1827 Ex
3407 1763 3520 1828 illo
3564 1774 3785 1828 autem
3830 1784 3972 1830 6666
4015 1764 4310 1831 nascitur
4367 1774 4436 1827 et

2484 1872 2706 1935 posse:
2753 1851 2906 1934 quia
2947 1850 3006 1914 si
3050 1849 3232 1914 Deus
3276 1850 3498 1914 omnia
3535 1850 3778 1915 virtute
3823 1849 4118 1928 sustinet,
4165 1849 4435 1914 arbitrio

2483 1958 2736 2020 quoque
2782 1958 2900 2002 suo
2946 1937 3130 2019 regit.
3189 1935 3279 1998 Et
3322 1935 3479 2019 quid
3527 1936 3877 2019 profuisset
3909 1936 4081 2002 Mosi
4125 1956 4434 2002 arcanam

2485 2023 2612 2088 Dei
2666 2021 3020 2088 essentiam
3073 2020 3258 2103 quasi
3316 2022 3498 2087 coelo
3557 2022 3882 2087 inclusam
3938 2023 4261 2105 speculari
4306 2020 4435 2085 nisi

2485 2108 2566 2173 de
2621 2108 2761 2173 eius
2825 2107 3296 2190 omnipotentia
3340 2108 3552 2173 factus
3615 2108 3856 2174 certior
3898 2107 4196 2192 clypeum
4266 2106 4435 2172 fidu-

2483 2196 2623 2260 ciae
2666 2194 2793 2259 sibi
2836 2193 2989 2258 inde
3034 2191 3329 2258 fecisset?
3423 2195 3635 2259 Docet
3677 2215 3834 2277 ergo
3882 2196 4062 2259 Deus
4110 2216 4181 2260 se
4226 2215 4436 2259 unum

2483 2302 2656 2367 esse·
2693 2287 3104 2347 sacrosancto
3169 2281 3437 2344 nomine
3496 2280 3798 2364 dignum,
3859 2279 4030 2364 quod
4088 2300 4432 2365 perperam

2483 2366 2565 2431 ad
2623 2367 2784 2432 alios
2845 2366 3237 2431 translatum
3285 2366 3708 2448 profanatur:
3767 2365 4000 2431 deinde
4044 2367 4436 2432 immensam

2483 2474 2670 2518 suam
2729 2453 3042 2517 virtutem
3100 2453 3540 2530 commendat,
3613 2473 3692 2517 116
3749 2452 4003 2518 dubitet
4050 2453 4267 2517 Moses
4312 2451 4436 2517 sub

2483 2539 2621 2604 eius
2665 2539 2974 2621 auspiciis
3018 2559 3088 2603 se
3131 2537 3269 2602 fore
3312 2537 3605 2603 omnium
3654 2538 3985 2603 victorem.
4044 2538 4148 2603 De
4169 2538 4437 2603 nomine

2484 2625 2747 2703 Iehova,
2790 2623 2958 2706 quod
3004 2646 3086 2689 ex
3130 2622 3254 2690 hac
3278 2624 3497 2689 radice
3534 2622 3882 2689 deductum
3907 2634 4024 2701 est,
4073 2623 4437 2689 videbimus

2483 2726 2670 2776 sexto
2714 2712 2947 2793 capite.

2662 2882 2757 2949 15.
2804 2879 2891 2946 Et
2932 2882 3098 2947 dixit
3140 2900 3401 2946 rursum
3442 2879 3622 2947 Deus
3664 2881 3747 2945 ad
3791 2880 4043 2946 Mosen.-
4106 2879 4212 2946 Sic
4268 2880 4436 2947 dices

2481 2969 2640 3052 filiis
2692 2968 2930 3047 Israel,
2999 2967 3228 3033 Iehova
3286 2965 3468 3031 Deus
3498 2972 3762 3050 patrum
3815 2972 4158 3033 vestrorum
4177 3017 4192 3045 ,
4255 2964 4438 3033 Deus

2485 3054 2813 3128 Abrahae,
2879 3055 3054 3120 Deus
3109 3054 3334 3131 Isaac,
3389 3056 3444 3119 et
3484 3052 3667 3120 Deus
3709 3052 3926 3130 Iacob,
3995 3054 4168 3119 maisit
4211 3074 4306 3119 me
4349 3054 4436 3120 ad

2483 3162 2623 3208 vos.-
2665 3141 2802 3207 Hoc
2842 3146 2929 3205 est
2970 3160 3190 3205 nomen
3224 3160 3426 3205 meum
3470 3140 3540 3203 in
3565 3146 3950 3223 perpetuum,
3995 3146 4048 3206 et
4081 3140 4435 3205 memoriale

2483 3249 2688 3292 meum
2722 3228 2791 3292 in
2825 3227 3141 3292 saeculum
3184 3231 3239 3291 et
3271 3227 3604 3291 saeculum.
3682 3226 3780 3291 16.
3847 3226 4016 3291 Vade
4050 3231 4104 3290 et
4136 3246 4435 3310 conyreqa

2483 3315 2757 3380 seniores
2781 3312 3005 3391 Israel,
3050 3318 3106 3378 et
3148 3313 3316 3377 dices
3359 3312 3523 3377 illis.-
3547 3310 3772 3377 Iehova
3796 3311 3976 3378 Deus
4005 3317 4269 3394 patrum
4301 3332 4435 3377 ves-

2483 3405 2718 3465 trorum
2762 3402 3061 3480 apparuit
3094 3398 3270 3476 mihi,
3328 3398 3507 3464 Deus
3539 3397 3851 3475 Abrahae,
3901 3399 4092 3463 Isaac
4126 3404 4184 3464 et
4227 3396 4431 3475 Iacob,

2483 3486 2771 3552 dicendo.-
2830 3484 3233 3551 Recordando
3288 3485 3644 3549 recordatus
3698 3504 3841 3548 sum
3897 3485 4115 3559 vestri,
4172 3489 4228 3548 et
4281 3484 4436 3567 quid

2483 3572 2652 3636 vobis
2707 3571 2945 3652 factum
2996 3571 3190 3652 fuerit
3231 3571 3296 3634 in
3344 3569 3640 3654 Aeyypta
3751 3571 3847 3635 17.
3899 3567 4238 3651 Propterea
4270 3569 4435 3635 discit

2486 3647 2774 3723 Educam
2814 3676 2922 3721 vos
2978 3676 3056 3720 ex
3096 3656 3433 3738 afflictione
3476 3657 3745 3739 Aeyypti
3787 3656 3872 3721 ad
3908 3660 4141 3721 terram
4191 3656 4437 3721 Chana-

2482 3744 2647 3827 naei,
2692 3747 2749 3807 et
2791 3740 3093 3825 Hitthaei,
3138 3747 3192 3806 et
3235 3741 3632 3821 Amorrkaei,
3692 3747 3749 3806 et
3797 3740 4148 3825 Pheresaei,
4200 3746 4257 3806 et
4308 3740 4433 3807 Hi-

2483 3830 2644 3906 vaei,
2690 3835 2745 3893 et
2781 3828 3089 3908 lebusaei,
3133 3828 3218 3893 ad
3260 3833 3490 3894 terram
3527 3829 3819 3908 fluentem
3861 3828 4013 3893 laete
4054 3834 4111 3892 et
4153 3813 4343 3894 melle.

2661 3999 2761 4066 15.
2809 3999 2899 4064 Et
2940 3999 3104 4064 dixit
3144 4020 3422 4065 rursum,
3512 4000 3761 4065 Iterum
3818 4022 3900 4064 ex
3958 4000 4214 4067 foedere
4259 4000 4433 4085 quod

2487 4087 2829 4171 pepigerat
2873 4105 3025 4150 cum
3076 4085 3407 4151 Abraham
3453 4098 3519 4152 et
3562 4086 3702 4150 eius
3746 4087 4023 4168 posteris
4068 4107 4433 4171 cognomen

2488 4174 2613 4239 sibi
2658 4171 2844 4238 Deus
2891 4172 3200 4236 assumit:
3251 4182 3322 4237 ut
3366 4174 3576 4238 sciant
3614 4170 3954 4239 Israelitae
3997 4194 4067 4238 66
4112 4193 4240 4238 11611
4291 4173 4431 4239 hal-

2490 4260 2771 4325 lucinari
2806 4259 2877 4323 in
2903 4257 3047 4322 Deo
3091 4259 3358 4334 incerto,
3409 4258 3597 4323 modo
3633 4280 3672 4323 a
3715 4269 3975 4340 patrum
4020 4260 4263 4342 pietate
4301 4280 4431 4324 non

2491 4345 2919 4430 degenerent:
2981 4354 3048 4408 et
3103 4343 3649 4427 quemadmodum
3705 4343 3785 4409 ad
3834 4344 4152 4410 vexillum
4199 4367 4435 4411 conve-

2491 4433 2684 4496 niunt
2743 4431 3014 4510 milites,
3080 4439 3157 4495 ut
3221 4429 3517 4495 ordinem
3584 4440 3883 4508 servent,
3938 4431 4034 4496 ita
4083 4431 4266 4496 iubet
4323 4453 4435 4498 666

2490 4520 2815 4600 respicere
2843 4517 2915 4580 in
2952 4515 3346 4599 peculiarem
3383 4516 3746 4599 adoptionis
3782 4517 4080 4600 gratiam,
4119 4528 4193 4582 ut
4223 4520 4435 4584 sciant

2491 4604 2765 4669 electum
2812 4624 2883 4668 se
2927 4623 3069 4668 esse
3114 4602 3432 4667 divinitus
3475 4601 3809 4686 populum,
3845 4603 3999 4685 quia
4041 4614 4197 4667 sunt
4221 4603 4432 4671 Abra-

2490 4690 2616 4754 hae
2675 4688 2827 4753 filii:
2883 4710 2991 4766 ac,
3051 4710 3133 4753 ne
3188 4688 3259 4752 in
3305 4688 3450 4754 Deo
3493 4688 3867 4771 quaerendo
3914 4707 4272 4772 vagentur,
4329 4689 4433 4757 his

2488 4776 2633 4841 illos
2676 4774 2980 4840 cancellis
3020 4773 3400 4840 circumdat.
3476 4773 3736 4842 Scimus
3777 4774 3972 4853 enim,
4017 4775 4331 4859 quidquid
4354 4775 4435 4841 de

2491 4862 2835 4927 divinitate
2878 4881 3260 4943 persuasum
3306 4860 3434 4925 fuit
3476 4862 3648 4926 inter
3704 4867 3963 4943 gentes,
4029 4883 4160 4926 non
4220 4863 4432 4927 solum

2488 4948 2714 5013 multis
2759 4946 3085 5014 erroribus
3143 4946 3345 5013 fuisse
3402 4946 3824 5030 implicitum,
3880 4946 3994 5012 sed
4051 4947 4432 5031 ambiguum

2490 5054 2772 5118 quoque:
2841 5041 2917 5097 ut
2958 5054 3216 5117 semper
3273 5034 3672 5098 fluctuarent
3727 5032 3903 5098 inter
3957 5046 4250 5117 receptas
4295 5035 4433 5119 opi-

2491 5121 2736 5185 niones,
2838 5118 3058 5184 Aliam
3122 5119 3506 5204 religionem
3575 5120 3780 5204 exigit
3838 5120 4024 5185 Deus
4088 5141 4129 5185 a
4193 5121 4434 5203 populo

2489 5228 2624 5284 suo,
2671 5226 2907 5288 nempe
2948 5206 3016 5269 in
3061 5204 3251 5271 cuius
3293 5205 3683 5270 certitudine
3718 5204 3990 5289 gradum
4031 5207 4258 5289 figant.
4330 5207 4435 5272 Ad

2492 5293 2654 5358 haec
2720 5293 2917 5377 longa
2979 5292 3048 5356 in
3096 5295 3401 5375 Aegypto
3466 5291 3801 5369 habitatin,
3867 5313 4236 5376 quanquam
4302 5315 4435 5359 non

2492 5377 2826 5460 deleverat
2867 5379 3166 5443 notitiam
3211 5377 3356 5443 veri
3378 5378 3523 5459 Dei,
3566 5379 3745 5443 illam
3793 5392 4009 5443 tamen
4059 5377 4435 5445 manifesta-
