4867 6150
573 455 706 521 431

581 644 747 723 cula,
789 643 858 709 id
902 644 1148 710 veteris
1184 645 1406 728 populi
1447 642 1715 711 ruditati
1742 644 1923 710 Deus
1959 645 2293 710 concessit.
2347 646 2532 711 Non-

581 731 738 796 dum
806 739 1198 814 apparuerat
1287 752 1480 796 verus
1545 730 1878 811 sacerdos,
1969 731 2240 814 angelus
2310 753 2413 796 ma
2466 733 2532 796 ni

581 815 857 895 consilii,
916 818 1099 882 cuius
1158 817 1393 901 spiritu
1451 816 1705 900 loquuti
1764 822 1921 883 sunt
1965 839 2188 882 omnes
2254 837 2417 900 prop
2470 838 2536 883 e-

581 912 705 983 tas,
751 903 896 967 fons
920 902 1197 986 denique
1240 904 1532 967 omnium
1582 902 2078 980 revelationum,
2116 911 2186 968 et
2221 924 2535 987 expressa

581 991 798 1072 imago
857 989 1079 1070 patris.
1181 989 1361 1071 Ergo
1420 998 1495 1053 ut
1550 987 1679 1054 Dei
1736 986 1910 1072 apud
1968 987 2267 1055 homines
2324 990 2530 1055 inter-

583 1075 863 1140 nuncius
927 1085 1098 1139 esset
1152 1074 1522 1140 umbratilis
1581 1074 1902 1153 sacerdos,
1965 1073 2216 1141 Christi
2259 1076 2533 1159 insigni·

585 1160 704 1226 bus
750 1160 974 1225 vestiri
1020 1160 1327 1242 oportuit.
1396 1160 1502 1224 Ita
1543 1162 1674 1224 iam
1721 1169 1876 1225 tunc
1911 1161 2031 1225 sub
2077 1162 2288 1244 figura
2325 1160 2537 1228 edocti

585 1247 851 1312 fuerunt
915 1244 1157 1326 fideles,
1226 1244 1567 1312 Christum
1633 1268 1774 1312 esse
1840 1246 2016 1310 viam
2080 1268 2210 1330 qua
2275 1247 2356 1312 ad
2422 1268 2536 1332 pa-

584 1342 753 1397 trem
796 1333 1105 1412 venitur,
1173 1346 1241 1397 et
1306 1331 1589 1396 eundem
1659 1353 1741 1397 ex
1810 1351 2047 1398 arcano
2114 1335 2319 1415 patris
2383 1335 2535 1399 sinu

582 1419 872 1568 ffoferre
943 1416 1260 1501 quidquid
1332 1425 1434 1482 est
1501 1418 1658 1483 utile
1739 1420 2007 1502 cognitu
2087 1419 2156 1482 in
2237 1419 2533 1484 salutem.

654 1505 763 1567 inc
844 1503 1165 1568 refellitur
1223 1502 1567 1570 Iudaicum
1642 1503 1806 1568 illud
1873 1505 2259 1588 figmentum
2288 1557 2302 1583 ,
2386 1503 2537 1569 data

583 1589 785 1655 fuisse
831 1610 1147 1673 responsa
1190 1589 1315 1655 hoc
1361 1589 1585 1654 modo:
1633 1589 1689 1656 si
1734 1589 1814 1654 de
1857 1611 1990 1655 una
2034 1590 2208 1655 tribu
2245 1591 2536 1657 sciscita-

582 1674 859 1755 bantur,
921 1675 1222 1741 rutilasse
1281 1674 1563 1758 lapidem
1627 1677 1737 1759 qui
1782 1696 1925 1741 eam
1975 1678 2535 1759 repraesentabat:

586 1759 820 1826 deindo
864 1771 1060 1843 prout
1108 1760 1384 1843 negabat
1431 1762 1628 1840 Deae,
1677 1763 1780 1826 vel
1830 1764 2192 1843 annuebat,
2251 1771 2538 1828 mutatos

583 1847 784 1912 fuisso
849 1846 1141 1929 lapidum
1210 1846 1472 1914 colores.
1561 1848 1730 1913 Nam
1790 1859 1862 1912 ut
1920 1848 2151 1913 demus
2211 1848 2405 1915 Urim
2472 1856 2538 1913 et

585 1933 965 1997 Thummim
1011 1933 1213 1998 fuisse
1256 1933 1473 2015 ipsum
1521 1932 1817 1998 ordinem
1878 1933 2201 2016 lapidum,
2268 1956 2539 2017 prorsus

582 2018 867 2101 insipida
903 2028 1001 2083 est
1022 2017 1135 2082 illa
1158 2017 1492 2084 divinatio.
1542 2018 1678 2085 Sed
1716 2017 1816 2106 (ut
1848 2019 2010 2104 dixi)
2046 2021 2111 2085 in
2152 2021 2293 2104 ipsa
2327 2021 2536 2085 forma

586 2104 936 2188 pectoralis
983 2106 1209 2169 testari
1269 2104 1480 2169 voluit
1526 2106 1708 2171 Deus
1752 2106 2111 2188 sapientiae
2156 2116 2224 2170 et
2265 2106 2538 2190 integri-

583 2191 740 2255 tatis
803 2211 1127 2255 summam
1196 2190 1533 2255 contineri.
1643 2190 1793 2272 Qua
1880 2192 2132 2256 ratione
2212 2192 2536 2274 pectorale

585 2286 854 2342 vocatur
890 2276 1140 2351 iudicii,
1191 2276 1313 2341 boc
1359 2290 1490 2356 est,
1532 2279 1983 2343 exactissimae
2027 2278 2308 2361 regulae,
2356 2286 2422 2342 et
2466 2277 2536 2342 in

585 2382 717 2445 qua
776 2362 940 2426 nihil
990 2359 1343 2428 desiderari
1389 2373 1623 2446 potest.
1685 2362 1855 2428 Nam
1902 2384 2097 2446 saepe
2142 2385 2260 2446 per
2297 2384 2534 2429 nomen

585 2461 791 2517 DDWD
866 2450 1191 2531 scriptura
1267 2449 1592 2532 significat
1659 2448 1971 2533 quidquid
2051 2449 2211 2514 bene
2280 2462 2346 2514 et
2409 2450 2535 2514 rite

587 2533 957 2598 ordinatum
1004 2545 1120 2598 est.
1213 2532 1404 2612 Quod
1451 2546 1670 2599 autem
1713 2535 1824 2599 alii
1859 2534 2168 2599 iudicium
2209 2535 2539 2618 accipiunt

587 2640 709 2702 pro
757 2617 1225 2702 disquisitione,
1271 2620 1420 2703 quia
1464 2620 1761 2685 sacerdos
1807 2642 2119 2704 responsa
2162 2642 2295 2685 non
2340 2642 2535 2704 quae-

588 2704 774 2771 rebat
808 2706 932 2769 nisi
956 2705 1281 2789 pectorali,
1330 2706 1527 2771 nimis
1556 2707 1933 2772 restrictum
1957 2718 2075 2787 est,
2121 2714 2316 2791 atque
2339 2708 2537 2771 etiam

586 2791 914 2856 refutatur
970 2810 1053 2855 ex
1111 2790 1497 2874 quibusdam
1541 2792 1719 2858 locis.
1810 2793 2080 2858 Maneat
2122 2793 2326 2877 igitur
2371 2791 2537 2858 illud

585 2877 829 2953 fixum,
895 2875 1020 2942 hoc
1080 2876 1366 2960 epitheto
1425 2878 1867 2942 commendari
1933 2887 2181 2943 rectum
2238 2887 2304 2943 et
2357 2879 2538 2944 omni

589 2963 751 3027 vitio
805 2983 1048 3044 purum
1105 2963 1420 3028 ordinem.
1477 3036 1486 3045 ,
1534 2963 1742 3028 Porro
1801 2964 1951 3047 quia
2007 2966 2336 3047 pectorale
2393 2973 2538 3030 erat

587 3048 774 3131 quasi
819 3069 971 3131 pars
1015 3049 1243 3133 ephod,
1287 3048 1432 3114 ideo
1469 3049 1592 3115 sub
1639 3050 1761 3116 hac
1799 3071 1956 3117 voce
1987 3050 2322 3116 interdum
2358 3073 2534 3118 com·

586 3134 1031 3218 prehenditur.
1121 3136 1254 3202 Ubi
1299 3135 1496 3200 etiam
1542 3137 1893 3202 observare
1952 3139 2296 3221 convenit,
2356 3137 2536 3202 aliud

585 3221 785 3286 fuisse
852 3221 1063 3303 ephod
1139 3220 1311 3285 istud
1379 3223 1647 3288 unicum
1728 3224 1970 3288 summi
2035 3222 2386 3289 sacerdotis
2455 3224 2535 3289 ab

583 3306 733 3372 aliis
777 3327 1048 3388 quorum
1094 3306 1248 3372 alibi
1293 3308 1368 3372 fit
1413 3310 1679 3373 mentio.
1769 3307 2021 3374 Omnes
2065 3311 2241 3374 enim
2285 3332 2366 3375 ex
2421 3329 2533 3393 ge·

587 3412 745 3457 nere
790 3391 1173 3458 sacerdotali
1230 3393 1676 3460 induebantur
1734 3416 1769 3460 e
1818 3394 1946 3459 hod
2003 3397 2071 3459 in
2140 3397 2341 3461 sacris
2386 3416 2534 3478 per-

584 3476 860 3564 agendis
903 3476 990 3563 (1.
1030 3476 1208 3544 Sam.
1259 3479 1359 3555 14,
1397 3480 1439 3543 3
1484 3489 1548 3545 et
1592 3479 1695 3560 23,
1732 3482 1774 3546 6
1806 3531 1820 3546 .
1889 3481 2032 3545 Imo
2084 3482 2297 3547 David
2333 3502 2533 3565 quum

587 3564 859 3629 saltaret
902 3585 1121 3629 coram
1168 3585 1335 3643 arca,
1383 3588 1501 3631 suo
1546 3567 1759 3649 ephod
1805 3566 2076 3632 indutus
2121 3567 2276 3633 fuit:
2339 3588 2537 3651 quem

586 3651 790 3714 ritum
853 3647 1047 3716 hodie
1091 3671 1346 3734 quoque
1389 3652 1638 3727 Iudaei,
1697 3652 1983 3718 celebres
2041 3674 2193 3720 suos
2249 3675 2535 3720 conven-

586 3745 693 3800 tus
773 3735 1054 3818 agendo,
1135 3737 1444 3803 retinent.
1567 3738 1853 3822 Reliqua
1929 3760 2083 3804 mox
2163 3740 2300 3805 suis
2378 3739 2537 3805 locis

587 3828 897 3886 attexam.

758 3905 819 3971 9.
865 3908 1158 3989 Accipies
1213 3929 1451 3990 quoque
1503 3909 1659 3974 duos
1713 3910 1978 3992 lapides.
2084 3909 2233 3991 Quo
2299 3911 2539 3977 certior

583 4002 759 4058 esset
803 3993 1171 4059 coniunctio
1216 3994 1568 4060 sacerdotis
1611 4017 1758 4060 cum
1804 3996 2059 4079 popu10,
2104 4018 2233 4061 non
2281 4004 2538 4061 tantum

588 4081 661 4144 in
715 4080 924 4163 ipsius
984 4088 1241 4162 pectore
1301 4080 1546 4146 locavit
1602 4082 1784 4147 Deus
1846 4080 2184 4148 duodecim
2247 4082 2539 4148 tribuum

589 4172 1054 4244 monumenta,
1112 4165 1225 4231 sed
1284 4168 1479 4231 etiam
1538 4168 1805 4231 nomina
1863 4167 2158 4233 humeris
2200 4170 2536 4251 imposuit.

591 4251 770 4316 Hinc
828 4250 1084 4317 sublata
1142 4252 1264 4316 fuit
1321 4254 1570 4318 occasio
1629 4252 1947 4331 invidiae,
2011 4275 2210 4336 quum
2257 4255 2539 4338 populus

591 4337 1020 4420 intelligeret,
1081 4359 1287 4402 unum
1350 4339 1681 4404 hominem
1740 4360 1875 4403 non
1943 4339 2224 4405 discerni
2268 4341 2349 4405 ab
2394 4341 2541 4405 aliis

592 4422 838 4506 privati
880 4424 1201 4489 commodi
1247 4424 1478 4508 gratia,
1522 4424 1637 4490 sed
1675 4425 1744 4489 in
1783 4429 1975 4490 unius
1999 4447 2278 4508 persona
2313 4447 2540 4491 omnes

595 4527 738 4573 esse
782 4530 1060 4592 regnum
1105 4510 1534 4591 sacerdotale,
1590 4510 1759 4594 quod
1796 4511 1868 4575 in
1915 4509 2182 4578 Christo
2227 4534 2382 4577 vere
2428 4513 2539 4577 de-

594 4614 777 4658 mum
834 4594 1036 4660 fuisse
1093 4596 1438 4679 impletum
1497 4595 1681 4664 docet
1739 4597 1977 4663 Petrus
2018 4595 2105 4684 (1.
2152 4598 2297 4663 Pet.
2343 4599 2404 4677 2,
2450 4596 2536 4685 5).

596 4678 1168 4761 Quemadmodum
1227 4684 1644 4767 praedixerat
1711 4683 1917 4750 Isaias
1983 4681 2112 4770 (66,
2178 4682 2323 4771 20),
2403 4686 2540 4751 fore

597 4765 727 4831 Dei
788 4764 1156 4833 sacerdotes
1220 4777 1286 4834 et
1340 4769 1617 4836 Levitae
1682 4770 1793 4853 qui
1861 4769 2126 4837 adducti
2182 4778 2399 4836 essent
2458 4793 2541 4836 ex

642 4851 923 4917 entibus.
1048 4851 1194 4933 Quo
1272 4854 1505 4920 alludit
1581 4855 1913 4921 Iohannes
1989 4856 2061 4920 in
2140 4857 2542 4941 Apocalypsi

631 4940 827 5023 Apoc.
877 4938 934 5018 l,
981 4936 1069 5025 6),
1115 4940 1225 5004 ubi
1263 4940 1439 5020 dicit,
1486 4961 1619 5005 non
1645 4940 1692 5028 ¹)
1738 4962 1965 5009 omnes
2002 4943 2070 5007 in
2094 4941 2361 5009 Christo
2399 4962 2543 5009 esse

597 5022 985 5091 sacerdotes.
1058 5026 1368 5091 Tenenda
1413 5036 1633 5091 autem
1679 5029 1849 5093 ratio
1894 5039 2010 5109 est,
2055 5049 2175 5096 cur
2211 5049 2332 5094 nos
2367 5028 2541 5095 dica-

599 5119 710 5175 tur
755 5110 1049 5194 pontifex
1098 5125 1315 5178 noster
1359 5114 1426 5177 in
1472 5112 1762 5182 humeris
1804 5125 2087 5198 portare.
2168 5115 2321 5181 Non
2365 5115 2541 5181 enim

598 5196 793 5262 modo
861 5210 1195 5281 reptamus
1260 5199 1329 5262 in
1393 5207 1600 5280 terra,
1665 5199 1778 5265 sed
1847 5201 2127 5267 demersi
2186 5223 2415 5268 sumus
2472 5202 2544 5267 in

775 5384 833 5455 1)
869 5384 964 5443 Sic
997 5386 1257 5442 editiones
1290 5387 1511 5444 latinae.
1589 5389 1786 5446 Gallus
1820 5387 2097 5444 emendat.-
2134 5406 2289 5444 nous.

1978 453 2492 523 SECUNDUM
2535 456 3182 523 PRAECEP'PUM.

4442 454 4548 521 432

2636 645 2960 730 profundo
3001 646 3230 710 mortis
3274 645 3567 730 gurgite:
3616 644 3934 728 quomodo
3992 644 4195 728 igitur
4238 645 4554 713 ascendere

2636 733 2707 797 in
2767 732 3018 798 coelum
3076 731 3332 812 liceret,
3399 732 3527 796 nisi
3594 752 3714 795 nos
3781 749 3999 796 secum
4060 729 4363 796 eveheret
4401 732 4555 797 filius

2638 817 2812 885 Dei?
2902 818 3047 882 Iam
3090 839 3288 901 quum
3337 817 3418 882 ad
3463 817 3808 883 coelestem
3857 818 4060 881 vitam
4107 815 4326 881 nullus
4368 816 4447 880 sit
4493 819 4557 883 in

2638 903 2823 969 nobis
2872 903 3085 987 vigor:
3143 903 3257 968 sed
3321 923 3547 968 omnes
3604 904 3860 967 animae
3928 910 3992 966 et
4035 904 4323 985 corporis
4363 914 4558 984 partes

2637 998 3006 1075 prostratae
3065 991 3346 1066 iaceant,
3405 989 3543 1054 sola
3603 990 3741 1052 eius
3801 989 4048 1052 virtute
4099 989 4405 1053 sustineri
4460 1010 4561 1054 ne·

2638 1097 2819 1142 cesse
2869 1085 2985 1140 est.
3074 1075 3253 1140 Hinc
3310 1076 3509 1158 igitur
3567 1073 3778 1140 nostri
3837 1074 3908 1138 in
3969 1075 4221 1139 coelum
4280 1095 4563 1141 ascensus

2641 1161 2909 1241 fiducia,
2968 1160 3140 1244 quod
3190 1181 3307 1225 nos
3350 1160 3660 1226 Christus
3707 1181 3929 1225 secum
3973 1160 4232 1238 attollit,
4278 1160 4583 1243 quemadr

2640 1248 2904 1313 modum
2963 1246 3118 1311 dicit
3175 1246 3424 1311 Paulus
3489 1244 3759 1332 (Ephes.
3821 1246 3880 1323 2,
3928 1243 4029 1332 6),
4089 1247 4156 1309 in
4203 1245 4562 1310 coelestibus

2640 1355 2760 1399 nos
2801 1333 3139 1399 considere
3185 1333 3251 1396 in
3298 1332 3581 1398 Christo.
3671 1332 3814 1396 Iam
3883 1331 4242 1415 quamlibet
4285 1332 4353 1394 in
4396 1331 4563 1396 nobis

2639 1420 2843 1485 simus
2880 1418 3140 1498 debiles,
3176 1418 3332 1482 hinc
3371 1426 3507 1484 tota
3542 1427 3769 1483 nostra
3802 1417 4132 1495 fortitudo,
4175 1416 4345 1500 quod
4382 1418 4564 1483 simus

2637 1506 2819 1571 illius
2862 1525 3044 1569 onus.
3117 1505 3296 1588 Ergo
3341 1505 3411 1567 in
3460 1503 3665 1569 veteri
3710 1503 3824 1568 illa
3868 1504 4079 1587 figura
4126 1500 4565 1567 adumbratum

2643 1591 2764 1655 fuit
2818 1590 2986 1674 quod
3044 1589 3231 1655 docet
3295 1590 3546 1655 Paulus
3613 1588 3887 1675 (Ephes.
3938 1591 3992 1665 l,
4052 1586 4183 1675 23),
4247 1588 4564 1654 ecclesiam

2641 1697 2783 1743 esse
2826 1697 3060 1759 corpus
3105 1675 3354 1740 Christi
3400 1686 3465 1740 et
3507 1677 3650 1741 eius
3697 1673 4193 1757 plenitudinem.
4271 1673 4568 1757 Superest

2642 1773 2717 1828 ut
2772 1763 3044 1845 quisque
3104 1769 3402 1827 nostrum
3456 1761 3759 1845 propriae
3814 1761 4220 1826 infirmitatis
4289 1761 4569 1826 conscius

2638 1850 2711 1913 in
2766 1848 3110 1914 Christum
3171 1848 3533 1913 recumbat:
3601 1848 3756 1930 quia
3800 1846 4002 1912 stulta
4045 1847 4419 1930 arrogantia
4466 1867 4570 1911 nos

2642 1934 2992 2010 efferendo,
3031 1954 3162 1998 non
3199 1934 3486 2017 patimur
3523 1934 3603 1999 ab
3635 1935 3775 2016 ipso
3800 1933 4030 2008 attolli,
4071 1934 4338 2015 portari,
4376 1944 4440 1997 et
4459 1930 4571 1996 ful-

2640 2021 2761 2086 ciri
2796 2020 2936 2085 eius
2974 2020 3233 2084 virtute.
3283 2017 3597 2085 Sinamus
3641 2039 3799 2104 ergo
3845 2016 4193 2103 superbos,
4259 2040 4329 2083 se
4372 2019 4438 2083 in
4479 2039 4571 2083 su·

2641 2105 2837 2171 blimo
2882 2104 3187 2181 tollendo,
3232 2128 3422 2171 ruere
3467 2106 3873 2189 praecipites,
3919 2113 3994 2168 ut
4028 2124 4149 2169 nos
4176 2102 4482 2169 Christus
4512 2103 4573 2167 in

2639 2192 2950 2257 humeros
3003 2212 3156 2256 suos
3210 2192 3541 2275 suscipiat.
3650 2191 3997 2256 Vocantur
4061 2200 4285 2255 autem
4347 2188 4574 2273 lapides

2641 2277 3027 2356 memoriae,
3093 2274 3327 2342 deinde
3375 2275 3456 2342 ad
3502 2277 3883 2342 memoriam
3929 2275 4083 2340 filiis
4128 2275 4369 2341 Israel:
4428 2276 4576 2341 sicut

2640 2371 2867 2446 postea
2908 2363 3083 2429 idem
3130 2363 3209 2427 de
3254 2363 3588 2446 lapidibus
3628 2362 3974 2428 duodecim
4011 2362 4362 2444 repetitur,
4422 2358 4576 2444 quod

2639 2449 2901 2532 quidem
2947 2457 3290 2532 exponunt
3332 2449 3549 2533 aliqui,
3598 2458 3673 2513 ut
3699 2450 3878 2513 Deus
3924 2448 4011 2512 sit
4032 2469 4287 2512 memor
4312 2447 4574 2513 filiorum

2639 2534 2880 2601 Israel:
2927 2535 3058 2614 alii,
3103 2546 3180 2601 ut
3205 2534 3507 2601 sacerdos
3551 2535 3689 2617 ipse
3734 2554 3985 2600 memor
4021 2535 4134 2597 sit:
4181 2534 4316 2613 alii,
4355 2544 4429 2598 ut
4474 2532 4577 2597 filii

2640 2621 2847 2685 Israel
2892 2622 3012 2686 sibi
3062 2621 3276 2686 Deum
3323 2620 3661 2704 propitiari
3706 2620 4153 2700 recordentur,
4215 2621 4421 2685 unius
4462 2640 4577 2683 me-

2642 2706 2910 2772 diatoris
2954 2708 3184 2790 gratia.
3268 2707 3519 2772 Verum
3566 2728 3688 2790 ego
3734 2706 4115 2789 sim‘pliciter
4160 2706 4574 2788 interpretor:

2641 2802 3144 2858 monumentum
3212 2793 3662 2859 conventionis
3707 2802 3975 2858 mutuae
4019 2793 4192 2856 inter
4254 2791 4467 2856 Deum
4521 2802 4579 2853 et

2640 2880 2848 2961 ipsos:
2916 2900 2992 2944 ac
3037 2879 3093 2944 si
3138 2878 3379 2945 visibili
3420 2879 3612 2962 signo
3659 2877 4032 2945 ostenderet
4084 2877 4305 2953 Deus,
4362 2899 4431 2944 se
4484 2896 4578 2941 eos

2641 2964 3018 3047 complecti,
3073 2972 3141 3029 et
3197 2965 3644 3029 sanctuarium
3707 2985 3901 3028 suum
3958 2964 4284 3046 recipere,
4344 2962 4575 3046 quoties

2641 3051 2756 3117 illo
2801 3050 2992 3117 modo
3035 3050 3239 3117 oblati
3283 3058 3519 3118 essent.

2813 3137 2917 3203 30.
2969 3135 3173 3203 Pones
3230 3143 3439 3203 autem
3493 3138 3559 3202 in
3616 3136 3940 3219 pectorali.
4042 3136 4149 3201 Ex
4209 3136 4323 3202 his
4380 3134 4578 3200 verbis

2644 3223 2911 3307 quidam
2955 3223 3273 3307 colligunt
3319 3224 3503 3290 Urim
3552 3233 3620 3290 et
3653 3222 4038 3287 Thummim
4083 3223 4291 3288 fuisse
4338 3222 4580 3288 diversa

2643 3331 2683 3375 a
2719 3318 2850 3375 toto
2895 3310 3171 3375 artificio
3207 3308 3381 3393 quod
3417 3319 3568 3376 ante
3604 3308 4008 3392 descriptum
4043 3317 4162 3373 est.
4237 3309 4395 3387 Alii,
4440 3326 4580 3390 quo-

2644 3395 2823 3460 niam
2879 3395 3061 3460 nulla
3118 3395 3354 3461 deinde
3398 3397 3512 3462 fiet
3554 3395 3798 3462 mentio
3843 3394 4037 3462 Urim
4078 3401 4147 3458 et
4191 3392 4581 3470 Thummim,

2640 3481 2754 3547 ubi
2808 3481 3103 3547 narrabit
3162 3482 3383 3547 Moses
3440 3503 3603 3566 opus
3659 3482 3862 3547 fuisse
3907 3479 4333 3563 completum,
4377 3479 4579 3545 existi·

2641 3577 2825 3632 mant
2879 3568 3079 3633 fuisse
3138 3565 3480 3634 duodecim
3535 3567 3801 3651 lapides.
3905 3566 4113 3651 Atqui
4158 3566 4333 3632 nihil
4389 3563 4580 3648 magis

2640 3661 3152 3719 consentaneum
3196 3652 3299 3739 (ut
3341 3661 3495 3717 ante
3540 3652 3677 3718 dixi
3750 3674 3948 3736 quam
3994 3655 4062 3719 in
4098 3652 4248 3735 ipso
4290 3649 4581 3736 pectorali

2641 3760 3020 3822 expressam
3062 3740 3264 3805 fuisse
3322 3738 3609 3823 effigiem
3694 3740 3831 3804 ucis
3888 3739 3959 3804 in
4005 3738 4341 3817 doctrina,
4410 3746 4475 3803 et
4522 3736 4581 3799 in

2642 3826 2780 3891 vita
2837 3846 3132 3890 summae
3193 3824 3627 3890 rectitudinis.
3717 3822 3874 3889 Ideo
3934 3825 4185 3902 Moses,
4250 3834 4582 3908 postquam

2643 3912 2902 3978 vocavit
2944 3911 3268 3994 pectorale
3311 3910 3550 3991 iudicii,
3607 3910 3906 3976 nominat
3947 3910 4267 3977 iudicium
4315 3909 4581 3975 filiorum

2642 3997 2871 4062 Israel.
2962 3996 3114 4078 Qua
3162 4018 3313 4062 voce
3357 3997 3669 4083 intelligit
3712 4007 3962 4064 certam
4008 4008 4073 4061 et
4108 3996 4456 4062 definitam
4492 4014 4583 4058 ra-

2642 4084 2910 4163 tionem,
2960 4083 3061 4148 vel
3107 4083 3469 4149 absolutam
3515 4083 3694 4148 omni
3738 4102 3824 4147 ex
3878 4091 4062 4165 parte
4120 4083 4454 4167 regulam,
4510 4075 4583 4144 ad

2645 4191 2839 4252 quam
2886 4169 3005 4234 filii
3049 4190 3118 4233 se
3164 4167 3445 4253 dirigere
3491 4179 3559 4234 et
3602 4169 3881 4233 formare
3928 4168 4266 4234 deberent.

2814 4254 2918 4320 31.
2983 4253 3208 4321 Facies
3264 4260 3321 4320 et
3360 4255 3658 4336 pallium.
3760 4254 4047 4319 Pallium
4108 4255 4235 4321 hoc
4294 4253 4581 4337 superius

2644 4351 2787 4406 erat
2831 4340 3108 4423 oblonga
3154 4340 3375 4406 tunica
3421 4341 3708 4405 medium
3751 4341 3929 4405 inter
3971 4341 4180 4423 ipsam
4240 4350 4311 4406 et
4365 4335 4579 4424 ephod,

2644 4447 2682 4490 a
2740 4427 2925 4493 cuius
2980 4433 3278 4492 extrema
3336 4447 3450 4491 ora
3510 4425 3883 4510 pendebant
3937 4426 4396 4492 tintinnabula
4446 4443 4581 4489 cum

2642 4512 3124 4594 malogranatis,
3170 4533 3338 4595 quae
3373 4513 3641 4578 alternis
3678 4511 3927 4578 vicibus
3979 4513 4345 4578 commixta
4388 4519 4581 4578 erant.

2644 4598 2790 4663 Etsi
2814 4607 3035 4663 autem
3056 4598 3122 4663 in
3162 4600 3648 4684 malogranatis,
3686 4598 3790 4663 vel
3832 4598 4023 4664 malis
4055 4599 4338 4681 punicis,
4377 4598 4583 4664 nullus

2643 4691 2788 4749 erat
2809 4684 2984 4762 odor,
3030 4706 3171 4749 rem
3208 4694 3429 4750 tamen
3466 4686 3673 4767 ipsam

2644 4790 2718 4837 ac
2763 4771 2818 4836 si
2864 4772 2934 4835 in
2979 4779 3159 4836 veste
3202 4770 3316 4836 illa
3362 4771 3729 4853 requireret

3793 4705 3914 4749 ura
3936 4684 4142 4750 oculis
4178 4684 4580 4752 subiiciebat:

3832 4790 3950 4835 cus
3985 4792 4259 4836 suavem
4299 4772 4579 4855 fragran-

2645 4858 2806 4921 tiam
2852 4879 2997 4922 cum
3042 4855 3281 4922 sonitu.
3371 4858 3464 4921 Et
3509 4865 3681 4921 certe
3728 4876 3878 4936 nos,
3936 4857 4045 4940 qui
4095 4856 4414 4922 vitiorum
4456 4876 4581 4921 sor·

2644 4942 2833 5009 dibus
2878 4946 3227 5023 foetemus,
3283 4963 3411 5007 non
3467 4943 3657 5008 aliter
3701 4943 3922 5008 suavis
3966 4943 4125 5008 odor
4169 4964 4405 5007 sumus
4449 4941 4580 5005 Deo

2644 5049 2840 5112 quam
2887 5028 3143 5095 Christi
3184 5035 3368 5095 veste
3413 5028 3666 5095 obtecti.
3750 5027 3884 5096 Sed
3929 5028 4383 5093 tintinnabula
4424 5046 4573 5094 reso-

2646 5136 2804 5180 nare
2872 5114 3075 5179 voluit
3139 5115 3349 5181 Deus:
3410 5114 3565 5198 quia
3615 5135 3749 5179 non
3815 5114 4008 5180 aliter
4073 5113 4333 5180 Christi
4392 5113 4579 5180 vestis

2647 5202 2922 5286 gratiam
2974 5201 3156 5266 nobis
3203 5200 3504 5268 conciliat
3560 5222 3753 5285 quam
3800 5222 3916 5285 per
3961 5220 4185 5268 vocem
4238 5197 4576 5284 evangelii,

2689 5308 2810 5352 uae
2867 5286 3100 5370 capitis
3159 5287 3422 5353 odorem
3480 5287 3550 5351 in
3617 5286 3912 5352 membra
3974 5287 4193 5352 omnia
4265 5284 4577 5352 diffundit.

2646 5307 2734 5438 {n
2776 5373 2902 5439 hac
2945 5372 3259 5459 allegoria
3299 5373 3466 5439 nibil
3510 5381 3610 5441 est
3651 5374 3849 5439 nimis
3890 5385 4220 5458 argutum,
4291 5371 4398 5439 vel
4435 5389 4581 5456 pro·
