4867 6150
320 456 450 525 629

950 640 1083 708 EX
1126 640 1398 708 DEU'I‘.
1443 637 1641 706 XXI.

492 813 598 882 22.
650 815 858 898 Quum
895 812 1091 895 faerit
1130 813 1201 878 in
1243 811 1457 894 aliquo
1852 812 1938 877 ad
1969 812 2278 878 iudicium

319 900 557 980 mortis,
601 905 658 967 et
699 899 1170 982 interficiendas
1201 897 1416 980 fuerit,
1460 903 1518 964 et
1550 899 1955 980 suspenderis
1989 897 2175 964 alum
2206 898 2280 964 in

316 987 519 1072 liquo.-
591 987 694 1053 23.
746 985 897 1052 Non
926 985 1317 1066 pernoctabit
1354 985 1623 1050 cadaver
1654 986 1795 1050 eius
1827 985 1900 1050 in
1940 984 2127 1069 liyno,
2167 983 2279 1049 sed

315 1072 664 1156 sepeliendo
706 1071 967 1155 sepelies
1006 1070 1212 1137 eodem
1253 1070 1383 1135 die.-
1423 1071 1579 1151 quia
1617 1070 1972 1137 maledictio
2014 1074 2108 1135 est
2147 1068 2278 1136 Dei

316 1159 432 1243 qm·
493 1159 935 1243 suspenditur,
999 1164 1058 1223 et
1117 1176 1241 1222 non
1302 1156 1755 1222 contaminabis
1808 1161 2045 1222 terram
2099 1160 2277 1222 taam

316 1265 512 1329 quam
554 1245 789 1313 Iehova
831 1243 1012 1310 Deus
1053 1248 1206 1309 taus
1245 1242 1361 1309 dat
1400 1241 1516 1308 tibi
1549 1243 1623 1309 in
1663 1241 2120 1309 haereditatem.

489 1418 683 1484 Finis
728 1416 928 1482 huius
972 1414 1302 1499 praecepti
1345 1423 1446 1479 est
1487 1413 1955 1480 truculentiam
2001 1419 2068 1480 et
2124 1414 2274 1481 bar-

315 1504 565 1572 bariem
613 1522 836 1570 arcere
882 1500 963 1567 ab
1009 1501 1215 1566 electo
1260 1498 1531 1584 populo,
1591 1498 1750 1564 dum
1796 1500 2030 1565 horror
2072 1502 2271 1566 etiam

315 1591 533 1658 iustae
574 1587 793 1657 caedis
833 1587 1174 1653 incutitur.
1252 1587 1343 1651 Et
1375 1597 1555 1652 certe
1589 1586 1778 1651 triste
1823 1586 2269 1670 spectaculum

316 1685 421 1744 est
440 1696 515 1743 ac
539 1675 847 1752 deforme,
871 1672 1153 1740 cadaver
1186 1672 1474 1737 hominis
1509 1672 1577 1736 in
1613 1691 1809 1739 cruce
1845 1691 2270 1756 suspensum:

318 1763 660 1848 sepultura
702 1760 874 1827 enim
914 1759 1205 1824 humano
1241 1757 1469 1842 generi
1500 1756 1825 1824 destinata
1861 1768 1980 1837 est,
2026 1767 2164 1824 tam
2201 1760 2271 1824 in

317 1847 815 1916 resurrectionis
856 1846 1099 1930 pignus
1142 1863 1221 1910 ac
1262 1843 1662 1926 symbolum,
1705 1864 1900 1927 quam
1946 1857 2021 1910 ut
2064 1843 2271 1911 oculis

316 1935 627 2005 vivorum
680 1942 1017 2018 parcatur,
1072 1952 1158 1997 ne
1220 1952 1293 1996 se
1349 1931 1445 1996 rei
1507 1940 1642 1994 tam
1709 1929 1937 1996 foedae
2000 1950 2074 1996 as
2121 1940 2272 1996 ectu

316 2021 792 2091 contaminent.
878 2016 1033 2084 Non
1090 2017 1232 2102 agit
1286 2015 1393 2081 hic
1439 2016 1658 2082 Moses
1711 2015 1799 2081 de
1854 2017 2089 2100 quibus
2117 2015 2269 2097 ibet,

318 2107 436 2176 sed
480 2106 561 2172 de
603 2104 936 2172 sceleratis
983 2104 1097 2187 qui
1153 2101 1409 2187 indigni
1453 2112 1610 2169 sunt
1654 2103 1935 2186 sepulcri
1990 2102 2269 2200 hopore:

317 2194 437 2261 sed
496 2192 759 2278 publica
812 2190 1065 2256 utilitas
1118 2197 1455 2272 spectatur
1511 2188 1582 2252 in
1640 2188 1801 2271 ipsis
1855 2187 2268 2272 sepeliendis,

315 2302 405 2347 ne
447 2280 748 2346 homines
794 2274 878 2341 ad
921 2276 1250 2342 feritatem
1296 2276 1686 2353 assuefiant,
1746 2284 1943 2358 atque
1986 2275 2078 2339 ita
2121 2272 2276 2338 red«

318 2366 563 2433 dantur
605 2363 1034 2448 promptiores
1091 2361 1175 2427 ad
1233 2360 1605 2426 homicidia.
1695 2360 1903 2426 Porro
1946 2381 2079 2443 quo
2124 2359 2271 2425 dili·

401 2452 581 2518 ntius
645 2451 715 2515 in
769 2448 894 2514 hac
950 2457 1136 2531 parte
1178 2447 1306 2513 sibi
1372 2454 1684 2525 caveant,
1750 2457 1996 2512 terram
2064 2445 2271 2530 pollui

313 2474 672 2605 ggnunciat
713 2534 774 2602 si
814 2533 1098 2602 cadaver
1140 2534 1212 2598 in
1263 2554 1456 2599 cruce
1512 2553 1901 2616 suspensum
1963 2531 2270 2615 relinqui-

312 2632 458 2692 tur:
517 2643 755 2706 nempe
810 2621 966 2705 quia
1018 2619 1171 2685 talis
1227 2619 1607 2685 immanitas
1662 2634 1908 2683 terram
1956 2617 2270 2684 dedecore

310 2710 552 2778 foedat.
641 2708 722 2773 Id
781 2717 1001 2773 autem
1060 2707 1281 2772 minus
1337 2705 1461 2771 fuit
1503 2703 1843 2770 tolerabile
1886 2705 1956 2769 in
1999 2702 2266 2783 Iudaea,

311 2818 516 2881 quam
564 2796 749 2861 Deus
795 2790 1269 2859 haereditatem
1315 2790 1587 2856 dederat
1630 2790 1836 2857 electo
1879 2790 2151 2874 populo,
2195 2798 2270 2856 ut

311 2893 543 2950 sancte
586 2890 655 2947 et
696 2888 875 2946 caste
918 2878 1069 2958 illic,
1114 2878 1363 2944 reiecta
1404 2877 1582 2942 omni
1627 2877 2118 2961 profanatione,
2163 2896 2267 2942 co·

311 2969 581 3036 leretur.
672 2963 1050 3032 Maledictio
1106 2974 1328 3029 autem
1370 2964 1499 3028 Dei
1558 2974 1829 3030 vocatur
1885 2983 2266 3045 suspensus,

361 3055 469 3121 uia
527 3075 738 3140 genus
791 3052 1012 3136 ipsum
1067 3049 1373 3135 supplicii
1429 3070 1545 3133 per
1603 3071 1673 3116 se
1718 3046 2103 3116 detestabile
2146 3060 2265 3117 est.

310 3076 472 3208 {Ion
541 3147 729 3206 vetat
793 3137 1056 3224 quidem
1120 3139 1305 3202 Deus
1368 3136 1661 3220 crucifigi
1729 3136 1838 3201 vel
1903 3134 1988 3201 ad
2050 3137 2268 3202 furcas

310 3226 631 3311 suspendi
673 3225 1050 3303 sceleratos,
1108 3223 1270 3307 quin
1314 3223 1534 3306 potius
1575 3220 1746 3287 hanc
1790 3242 2067 3304 poenam
2112 3223 2269 3288 sub-

311 3314 669 3397 scriptione
711 3332 832 3378 sua
888 3309 1151 3394 probat,
1208 3318 1469 3374 tantum
1527 3328 1648 3373 suo
1704 3308 2006 3391 exemplo
2049 3307 2269 3374 Israe-

309 3399 470 3465 litas
535 3398 843 3463 hortatur
859 3447 875 3476 ,
942 3405 1019 3463 ut
1072 3396 1153 3461 ab
1211 3395 1390 3460 omni
1447 3394 1791 3460 atrocitate
1850 3394 2268 3460 abhorreant.

312 3484 646 3568 Quamvis
690 3503 849 3567 ergo
871 3502 1148 3566 poenam
1192 3501 1324 3545 non
1367 3479 1713 3562 improbet,
1757 3500 1830 3544 se
1866 3489 2086 3545 tamen
2124 3480 2274 3545 abo·

310 3570 560 3638 minari
603 3568 765 3636 dicit
806 3569 878 3633 in
922 3568 1103 3651 ligno
1146 3586 1534 3650 suspensos,
1591 3575 1670 3631 ut
1722 3566 1944 3630 statim
2005 3565 2272 3631 tollatur

310 3656 629 3725 offensio:
674 3674 886 3738 neque
929 3654 1107 3719 enim
1153 3649 1531 3718 maledictos
1574 3659 1785 3728 vocat,
1830 3671 1907 3716 ac
1940 3651 1999 3717 si
2043 3651 2271 3734 despe-

311 3750 461 3810 rata
504 3749 677 3808 esset
719 3760 948 3806 eorum
990 3739 1197 3818 salus,
1241 3738 1357 3804 sed
1399 3738 1556 3821 quia
1597 3736 2073 3803 maledictionis
2116 3746 2273 3802 nota

309 3837 420 3897 est
452 3826 815 3914 suspensio.
883 3824 1083 3890 Hunc
1120 3845 1274 3890 vero
1308 3824 1527 3891 locum
1551 3823 1804 3889 Paulus
1841 3821 2020 3910 (Gal.
2058 3822 2121 3901 3,
2162 3821 2273 3910 13)

310 3915 401 3981 ad
445 3914 787 3982 Ohristum
829 3910 1308 3989 accommodat,
1351 3920 1431 3976 ut
1473 3909 1702 3975 doceat
1744 3929 1862 3992 pro
1906 3908 2093 3976 nobis
2137 3909 2270 3974 fac-

310 4009 464 4068 tum
496 4022 638 4067 esse
680 4000 1000 4082 κάθαρμα,
1043 4016 1173 4080 quo
1218 4016 1340 4062 nos
1372 4014 1413 4061 a
1446 3995 1614 4081 legis
1649 3994 2104 4062 maledictione
2146 3996 2273 4061 sol-

312 4094 524 4153 veret.
611 4085 783 4152 Nam
845 4104 1046 4168 quum
1095 4101 1326 4147 omnes
1382 4082 1482 4147 rei
1524 4082 1664 4147 sint
1708 4082 2270 4166 transgressionis,

311 4180 515 4257 atque
566 4172 660 4238 ita
711 4169 1171 4237 maledictione
1212 4167 1606 4252 implicitum
1651 4167 1743 4233 sit
1784 4176 1993 4235 totum
2038 4168 2271 4233 huma-

310 4280 480 4326 num
522 4275 762 4343 genus:
806 4277 938 4322 non
984 4256 1116 4322 alia
1153 4253 1285 4319 fuit
1325 4253 1733 4320 liberationis
1775 4255 1947 4319 ratio
1980 4274 2174 4338 quam
2212 4253 2271 4319 si

312 4365 389 4411 se
446 4343 756 4411 Christus
813 4343 886 4408 in
950 4341 1165 4408 locum
1229 4351 1528 4406 nostrum
1596 4340 2040 4406 substitueret.
2130 4339 2270 4405 Nec

313 4451 476 4498 vero
519 4450 679 4497 suae
733 4429 1100 4496 sententiae
1153 4426 1393 4492 oblitus
1437 4434 1580 4491 erat
1624 4424 1810 4492 Deus
1856 4424 2011 4491 dum
2057 4425 2267 4492 filium

311 4537 512 4584 suum
557 4515 976 4600 unigenitum
1019 4533 1249 4599 passus
1292 4521 1394 4577 est
1434 4512 1749 4596 crucifigi.
1818 4510 2013 4578 Unde
2057 4512 2271 4595 sequi-

313 4611 448 4681 tur,
494 4602 672 4670 vices
717 4610 975 4668 nostras
1017 4600 1207 4665 illum
1248 4598 1507 4678 obiisse,
1549 4606 1627 4663 ut
1659 4618 1701 4663 a
1736 4598 1880 4663 Deo
1926 4597 2269 4665 benedica-

309 4706 501 4755 mur:
580 4689 771 4755 sicuti
827 4707 944 4770 pro
995 4683 1187 4752 nobis
1243 4683 1457 4751 factus
1514 4693 1614 4749 est
1668 4693 2010 4767 peccatum
2066 4692 2140 4749 ut
2195 4683 2267 4749 in

311 4795 393 4842 eo
437 4775 643 4843 simus
682 4773 814 4839 Dei
853 4773 1104 4840 iustitia
1143 4769 1233 4858 (2.
1279 4770 1430 4838 Oor.
1475 4768 1537 4851 5,
1583 4768 1712 4857 19).

935 5112 1067 5180 EX
1100 5112 1370 5179 DEU'I'.
1415 5111 1646 5180 XXV.

495 5289 552 5354 1.
603 5285 679 5353 Si
718 5285 916 5369 fuerit
953 5284 1040 5351 tis
1079 5286 1240 5351 inter
1295 5284 1572 5366 aliquos.
1632 5289 1689 5352 et
1751 5284 2119 5353 accesserint
2173 5283 2263 5352 ad

316 5376 643 5456 iudicium,
675 5379 731 5440 et
765 5371 1184 5441 iudicaverint
1209 5390 1347 5495 eos.-
1379 5370 1972 5455 iustificaverintque
2002 5372 2259 5453 iustum,

1789 450 2174 520 SEXTUM
2215 450 2868 520 PRAEOEPTUM.

4212 452 4344 520 630

2383 645 2441 706 et
2482 641 2754 722 mptum
2794 641 3359 707 condemnavem'nt:
3445 640 3505 707 2.
3568 639 3646 706 Si
3700 640 3950 723 quidem
3991 641 4341 708 caedendus

2376 727 2581 811 fuerit
2619 727 2889 809 impias,
2950 732 3097 793 tunc
3148 732 3503 810 prosternet
3542 747 3685 792 eum
3726 726 3939 803 iudex,
3986 732 4042 793 et
4084 728 4342 795 caedere

2378 812 2612 879 iubebit
2651 812 2834 877 illam
2874 833 3087 880 coram
3142 833 3210 878 se
3249 814 3589 879 secundum
3631 813 4030 894 iniquitatem
4071 814 4208 880 eius·
4251 815 4343 881 ad

2377 918 2727 965 numerum.
2794 899 2856 964 3.
2907 898 3344 983 Quadrayinta
3371 898 3586 984 plaqis
3617 900 3868 964 caedere
3888 898 4117 966 iubebit
4136 899 4338 980 illum,

2377 1005 2506 1050 non
2548 985 2766 1051 addet:
2806 1005 2886 1051 ne
2921 983 3083 1067 forte
3123 986 3186 1050 si
3220 985 3705 1053 addatcaedere
3737 1004 3880 1049 eam
3913 985 4336 1069 ultraplaqie

2376 1071 2614 1149 mauis,
2657 1070 2913 1139 vilescat
2949 1071 3154 1154 frater
3196 1076 3343 1138 tuus
3383 1073 3457 1137 in
3499 1072 3698 1137 oculis
3737 1072 3885 1136 tuis.

2553 1242 2732 1325 Quia
2784 1244 2892 1311 hic
2944 1243 3348 1328 praecipitur
3401 1243 3764 1309 moderatio
3824 1250 3891 1309 et
3932 1240 4336 1322 humanitas,

2378 1329 2713 1411 appendix
2753 1337 2853 1396 est
2910 1330 3082 1396 sexti
3139 1329 3455 1395 mandati.
3545 1330 3826 1394 Summa
3880 1336 4012 1406 est,
4071 1328 4130 1394 si
4187 1328 4337 1410 quis

2378 1416 2762 1483 verberibus
2815 1414 3186 1482 caedendus
3243 1417 3331 1481 sit
3387 1414 3458 1480 in
3514 1414 3788 1494 iudicio,
3841 1436 3929 1479 ne
3985 1413 4336 1497 castigatio

2377 1501 2644 1566 modum
2687 1501 2976 1568 excedat.
3047 1502 3293 1587 Agitur
3328 1510 3547 1567 autem
3583 1501 3664 1567 de
3699 1521 3911 1585 poena
3952 1520 4123 1583 quae
4158 1497 4334 1583 apud

2375 1587 2853 1655 iureconsultos
2893 1597 3161 1654 vocatur
3196 1587 3455 1654 modica
3488 1588 3838 1652 correctio:
3876 1606 4071 1670 quam
4108 1585 4329 1651 mode-

2375 1681 2591 1738 ratam
2637 1695 2778 1741 esse
2822 1674 3136 1740 convenit
3154 1724 3169 1753 ,
3233 1695 3319 1739 ne
3362 1673 3641 1759 flagellis
3685 1673 4043 1740 laceratum
4086 1692 4330 1754 corpus

2373 1758 2693 1825 reddatur
2733 1760 3040 1826 mutilum
3094 1759 3204 1826 vel
3247 1758 3558 1826 deforme.
3649 1758 3878 1842 Quum
3922 1779 4078 1844 ergo
4114 1757 4324 1824 sonti-

2375 1844 2498 1910 bus
2541 1866 2826 1928 eousque
2869 1848 3261 1930 pepercerit,
3309 1852 3384 1911 ut
3424 1847 3754 1912 fraenaret
3794 1846 4037 1911 iustam
4082 1844 4329 1911 severi·

2373 1939 2597 2010 tatem,
2649 1932 2860 1999 multo
2904 1931 3117 2017 magis
3159 1932 3486 1997 rationem
3532 1932 3760 1998 haberi
3805 1931 4012 1997 voluit
4057 1931 4328 2015 sangui-

2376 2017 2480 2082 nis
2541 2018 2832 2083 innoxii:
2893 2032 2960 2083 et
3015 2039 3221 2102 quum
3278 2017 3529 2084 iudices
3582 2017 3994 2103 prohibuerit
4036 2038 4077 2083 a
4120 2017 4327 2083 nimio

2372 2103 2612 2187 rigore,
2658 2103 2871 2170 multo
2913 2104 3137 2169 minus
3179 2102 3519 2170 toleranda
3562 2105 3689 2170 erit
3731 2104 3938 2169 intem
3989 2104 4156 2168 eries
4201 2103 4332 2187 pri-

2372 2190 2511 2255 vati
2555 2189 2842 2256 hominis
2884 2191 2941 2257 si
2987 2191 3127 2256 vim
3170 2190 3362 2256 fratri
3404 2211 3525 2256 suo
3582 2190 3841 2255 inferat.
3986 2191 4046 2255 ic
4105 2199 4327 2255 autem

2372 2274 2776 2342 cohibendus
2828 2276 2953 2342 fuit
3011 2277 3231 2342 fervor
3249 2327 3265 2357 ,
3321 2276 3476 2359 quia
3531 2296 3727 2359 saepe
3784 2274 4036 2341 iudices
4080 2276 4325 2358 alioqui

2373 2382 2505 2427 non
2548 2363 2727 2440 mali,
2773 2363 2844 2427 in
2890 2361 3127 2429 delicta
3170 2383 3303 2427 non
3349 2382 3537 2429 secus
3579 2372 3776 2445 atque
3818 2363 3887 2425 in
3926 2361 4173 2427 scelera
4208 2384 4326 2427 ex-

2371 2447 2791 2515 candescunt.
2818 2449 3132 2532 Aequalis
3157 2445 3445 2532 [quidem
3470 2453 3630 2527 non]
3663 2449 4049 2532 praefigitur
4071 2446 4326 2524 modus,

2374 2539 2477 2614 [ut
2510 2535 2759 2618 pariter
2791 2555 3023 2601 omnes
3057 2535 3521 2601 verberentur:
3566 2542 3828 2600 tantum
3863 2532 4328 2612 interdiciturJ,

2372 2641 2459 2685 ne
2485 2618 2593 2700 [ad
2616 2625 2974 2699 summum]
2999 2639 3120 2705 pro
3143 2618 3380 2686 delicto
3416 2618 3595 2686 ultra
3630 2621 3860 2704 plagas
3895 2619 4329 2703 quadraginta

2371 2705 2622 2773 iudices
2666 2707 2967 2790 infligere
3009 2707 3299 2772 iubeant.
3378 2705 3485 2771 Ita
3528 2706 3776 2772 sensim
3820 2704 4151 2773 verberati
4195 2707 4331 2771 fue-

2374 2801 2532 2858 runt
2584 2801 2841 2870 sontes,
2902 2812 3036 2858 non
3097 2800 3320 2858 autem
3385 2791 3825 2871 tumultuose,
3894 2812 4095 2875 quum
4155 2791 4327 2858 ictus

2373 2898 2725 2943 numerare
2770 2899 3038 2945 necesse
3083 2887 3275 2957 esset,
3322 2877 3559 2943 deinde
3598 2878 3675 2942 in
3718 2878 4012 2943 futurum
4058 2884 4326 2961 tempus

2373 2985 2507 3030 non
2550 2965 2648 3031 ita
2691 2964 2870 3045 laesi,
2914 2965 3075 3048 quin
3120 2962 3426 3030 omnibus
3467 2964 3782 3030 membris
3823 2964 4103 3046 integris
4146 2964 4329 3047 vige-

2373 3065 2539 3118 rent.
2630 3051 2783 3119 Huc
2828 3050 3118 3135 pertinet
3161 3050 3332 3135 quod
3390 3049 3640 3116 iudices
3684 3051 3870 3117 Deus
3927 3056 4327 3134 spectatores

2373 3139 2731 3217 constituit,
2777 3138 2891 3221 qui
2935 3158 3057 3204 sua
3097 3138 3427 3223 gravitate
3461 3157 3723 3202 omnem
3770 3158 4114 3203 excessum
4159 3144 4328 3202 tem·

2375 3232 2632 3308 petent.
2715 3222 2918 3289 Ratio
2976 3223 3353 3304 adducitur,
3416 3244 3502 3287 ne
3559 3224 3830 3289 vilescat
3884 3223 4117 3303 frater,
4174 3222 4327 3307 quia

2374 3310 2550 3375 ultra
2589 3308 2863 3375 modum
2906 3329 3256 3393 percussus
3291 3309 3508 3375 fuerit.
3579 3308 3773 3391 Quod
3817 3307 4068 3375 duobus
4113 3308 4325 3374 modis

2374 3397 2618 3480 exponi
2662 3405 2911 3478 potest:
2958 3396 3060 3461 Ne
3103 3395 3572 3461 dehonestetur
3607 3416 3844 3479 corpus
3881 3395 4322 3479 stigmatibus,

2374 3492 2443 3548 et
2485 3482 2579 3547 ita
2624 3481 2940 3548 reddatur
2983 3481 3309 3548 deforme:
3357 3481 3500 3560 vel,
3544 3481 3647 3547 Ne
3689 3482 4056 3566 ignominia
4099 3490 4165 3546 et
4209 3481 4323 3547 de·

2374 3567 2609 3634 decore
2642 3568 2710 3632 in
2758 3578 3148 3652 perpetuum
3193 3576 3461 3634 notatus
3495 3569 3789 3633 animum
3825 3565 4100 3634 deiiciat.
4182 3564 4329 3633 Sci·

2375 3674 2523 3719 mus
2589 3655 2765 3719 enim
2833 3675 3033 3738 quam
3099 3654 3324 3738 gravis
3388 3654 3476 3720 sit
3539 3663 3606 3718 et
3671 3651 3907 3721 acerba
3962 3652 4324 3718 insultandi

2373 3739 2757 3821 petulantia.
2847 3740 3113 3806 Tertius
3155 3760 3390 3806 sensus
3446 3760 3641 3823 quem
3697 3740 3982 3805 afferunt
4039 3739 4325 3823 quidam,

2376 3825 2576 3891 nimis
2631 3833 2922 3891 remotus
2979 3835 3112 3892 est:
3170 3825 3274 3890 Ne
3338 3827 3659 3891 moriatur
3717 3836 4031 3908 tanquam
4093 3824 4220 3891 vile
4259 3833 4326 3890 et

2374 3912 2699 3978 abiectum
2738 3910 3014 3977 animal:
3052 3919 3313 3977 tantum
3351 3913 3526 3977 enim
3562 3911 3842 3979 consulit
3867 3913 4048 3978 Deus
4083 3911 4324 3976 misero

2374 3997 2632 4063 homini
2676 4007 2752 4063 ut
2791 3999 3152 4083 castigatus
3196 3999 3315 4063 fiat
3359 3998 3606 4076 melior,
3651 4020 3784 4063 non
3822 4008 4044 4064 autem
4081 3996 4322 4064 callum

2373 4104 2458 4149 ex
2500 4083 2778 4149 infamia
2819 4084 3189 4150 contrahat.
3278 4083 3487 4150 Porro
3545 4092 3619 4148 ut
3679 4104 3937 4166 semper
3979 4083 4209 4148 Iudaei
4252 4084 4324 4148 in

2374 4170 2571 4236 rebus
2614 4170 2890 4235 minutis
2933 4170 3200 4255 pietatis
3244 4170 3538 4235 studium
3581 4177 4014 4244 ostentarunt,
4061 4169 4325 4252 excogi-

2373 4265 2514 4321 tata
2548 4256 2629 4321 ab
2666 4256 2828 4339 ipsis
2864 4257 2990 4322 fuit
3022 4255 3295 4340 puerilis
3330 4255 3565 4334 cantic,
3609 4277 3735 4340 quo
3771 4256 4062 4321 sanctius
4109 4254 4323 4339 legem

2374 4341 2547 4408 hanc
2589 4340 3037 4408 observarent.
3127 4341 3387 4426 Religio
3444 4342 3618 4408 enim
3674 4341 3806 4407 illis
3866 4341 3990 4405 fuit
4033 4339 4115 4405 ad
4162 4362 4325 4424 qua·

2374 4428 2816 4511 dragesimum
2864 4448 3072 4512 usque
3115 4429 3321 4494 ictum
3383 4426 3722 4575 progredi,
3787 4426 3901 4493 sed
3956 4447 4165 4491 unum
4213 4426 4326 4493 de·

2372 4513 2700 4579 trahendo
2719 4515 2747 4594 ,'.
2778 4516 3042 4579 inanem
3086 4513 3474 4581 clementiae
3542 4512 3777 4578 audem
3822 4520 4202 4596 captarunt,
4248 4534 4325 4579 ac

2372 4600 2430 4666 si
2473 4599 2624 4682 plus
2667 4589 2976 4683 sabel-ent
3017 4601 3158 4684 ipso
3201 4598 3377 4677 Deo,
3438 4599 3538 4664 vel
3601 4620 3753 4664 eum
3813 4598 4323 4664 mansuetudine

2373 4687 2732 4753 vincerent.
2820 4686 2920 4751 Eo
2962 4707 3224 4770 semper
3265 4686 3591 4751 amentiae
3633 4684 3954 4750 labuntur
4002 4685 4321 4763 homines,

2373 4773 2534 4837 dum
2576 4793 2660 4838 ex
2704 4792 2824 4838 suo
2868 4770 3133 4838 cerebro
3176 4771 3581 4837 comminisci
3626 4772 3874 4837 audent
3909 4770 4081 4854 quod
4118 4769 4321 4836 verbo

2371 4859 2502 4924 Dei
2566 4867 2920 4941 opponant.
3031 4858 3216 4924 Haec
3283 4858 3659 4940 superstitio
3736 4859 3871 4922 iam
3948 4857 4324 4922 invaluerat

2371 4943 2566 5009 Pauli
2607 4953 2917 5028 tempore,
2964 4951 3039 5009 ut
3083 4965 3164 5009 ex
3208 4944 3349 5008 eius
3393 4945 3610 5010 verbis
3654 4943 4004 5027 colligitur,
4057 4942 4170 5007 ubi
4215 4961 4323 5006 re-

2371 5030 2501 5096 fert
2532 5049 2604 5096 se
2639 5031 2990 5113 quinquies
3026 5029 3462 5113 quadraginta
3498 5030 3707 5115 plagis
3742 5030 3943 5096 fuisse
3986 5027 4323 5106 affectum,

2369 5137 2504 5182 una
2550 5116 2771 5182 minus
2814 5115 2901 5202 (2.
2951 5116 3100 5183 Cor.
3149 5116 3252 5196 11,
3297 5114 3429 5201 24).
