4867 6150
585 424 711 495 303

572 616 946 700 parandum
986 635 1052 680 se
1095 614 1391 681 Iebovae:
1468 615 1529 680 3.
1576 616 1638 678 A
1682 616 1827 680 vino
1868 618 1925 679 et
1962 612 2166 677 sicera
2205 610 2525 694 separabit

585 724 668 784 se,
690 708 928 768 acetum
946 701 1099 779 vini,
1133 706 1189 767 et
1223 706 1455 767 acetum
1473 701 1705 767 sicerae
1741 720 1864 765 non
1898 697 2072 774 bibet,
2110 718 2303 779 neque
2323 697 2524 762 ullum

586 790 887 871 liquorem
900 807 1166 852 uvarum
1179 786 1347 864 bibet,
1363 807 1468 852 nec
1479 807 1641 851 uvas
1660 791 1927 851 recentes
1945 791 2005 851 et
2024 785 2227 850 siccas
2245 784 2522 849 comedet.

588 876 649 941 4.
703 873 1002 939 Omnibus
1043 872 1258 938 diebus
1298 872 1715 952 separationis
1755 892 1937 948 suae,
2002 890 2079 936 ex
2137 871 2309 934 omni
2361 872 2524 950 quod

585 961 903 1041 conficitur
953 978 1030 1023 ex
1069 959 1191 1023 vite
1231 958 1533 1041 vinifera,
1589 957 1666 1022 ab
1716 958 1918 1022 acinis
1980 976 2176 1038 usque
2217 955 2302 1020 ad
2342 956 2524 1020 corti-

588 1066 733 1126 cerm
773 1065 896 1109 non
936 1045 1209 1109 comedet.
1297 1042 1358 1109 5.
1412 1042 1713 1109 Omnibus
1754 1043 1972 1109 diebus
2011 1041 2133 1107 voti
2171 1041 2523 1123 separatio-

587 1134 697 1197 nis
757 1151 912 1196 suae
971 1129 1272 1195 novacula
1335 1150 1460 1194 non
1521 1128 1813 1193 transibit
1873 1148 2063 1212 super
2123 1132 2312 1207 caput
2366 1127 2524 1205 eius,

589 1220 774 1284 donec
813 1215 1054 1298 impleti
1086 1214 1325 1296 fuerint
1357 1216 1493 1280 dies
1532 1213 1758 1295 quibus
1796 1214 2115 1295 separabit
2155 1233 2220 1277 se
2241 1212 2523 1287 Iekovaa

589 1308 840 1370 sanctus
901 1301 1018 1367 erit
1034 1352 1050 1377 ,
1137 1320 1401 1366 crescere
1463 1301 1623 1365 sinet
1685 1301 2024 1365 caesariem
2097 1300 2326 1380 capitis
2399 1298 2523 1362 sui.

591 1390 651 1454 6.
705 1386 1003 1454 Omnibus
1056 1386 1274 1452 diebus
1326 1386 1554 1468 quibus
1605 1386 1921 1466 separabit
1974 1405 2040 1451 se
2085 1383 2380 1461 Iehovae‚
2440 1383 2526 1447 ad

592 1475 875 1540 animam
916 1473 1146 1537 mortui
1188 1493 1310 1537 non
1349 1473 1750 1555 ingredietur.
1841 1471 1898 1536 7.
1950 1470 2152 1552 Super
2185 1475 2370 1552 patre
2409 1488 2526 1535 suo

589 1564 704 1625 aut
742 1579 931 1639 super
971 1562 1168 1622 matre
1205 1578 1354 1634 sua,
1411 1578 1602 1639 super
1639 1557 1840 1639 fratre
1891 1577 2006 1622 suo
2049 1560 2161 1619 aut
2199 1576 2391 1637 super
2432 1574 2530 1619 so-

590 1666 730 1712 rore
772 1665 914 1721 sua,
956 1664 1078 1708 non
1109 1643 1346 1725 polluet
1385 1664 1518 1708 sese
1558 1643 1693 1722 illis
1733 1662 1926 1723 quum
1967 1643 2201 1705 mortui
2262 1641 2532 1720 fuerint.-

592 1731 749 1814 quia
790 1730 1157 1796 consecratio
1183 1727 1310 1797 Dei
1342 1730 1448 1793 sui
1480 1733 1570 1793 est
1608 1732 1798 1811 su'per
1835 1733 2021 1808 caput
2063 1728 2217 1792 eius.
2277 1727 2338 1793 8.
2383 1726 2531 1792 Om-

591 1816 778 1881 nibus
819 1815 1035 1880 diebus
1088 1815 1509 1895 separationis
1561 1834 1715 1879 suae
1763 1819 2017 1880 sanctus
2074 1814 2195 1878 erit
2249 1812 2529 1877 Iehovae.

593 1902 654 1968 9.
704 1901 779 1966 Si
810 1905 1015 1966 autem
1055 1906 1339 1964 mortuus
1373 1900 1566 1981 fuerit
1600 1907 1880 1964 mortuus
1921 1900 2105 1963 iuxta
2139 1919 2277 1963 eum
2317 1898 2534 1962 statim

592 2008 755 2064 mox,
801 1993 857 2052 et
889 1985 1187 2069 polluerit
1226 1991 1410 2066 caput
1450 1985 1870 2066 separationis
1910 1986 2078 2049 eius:
2132 1986 2306 2050 radet
2349 1987 2536 2064 caput

592 2093 781 2140 suum
823 2073 926 2138 die
955 2071 1424 2153 purificationis
1464 2092 1635 2150 suae,
1694 2071 1795 2136 die
1835 2071 2094 2152 septimo
2134 2071 2310 2135 radet
2351 2068 2534 2134 illud.

599 2161 696 2227 10.
744 2158 871 2224 Die
913 2163 1117 2223 autem
1159 2163 1366 2222 octavo
1411 2156 1628 2238 afferet
1663 2157 1820 2222 duos
1874 2160 2178 2234 turtures,
2239 2154 2335 2221 vel
2377 2155 2536 2219 duos

581 2245 800 2329 pullos
839 2243 1150 2309 columbae
1191 2244 1277 2308 ad
1318 2244 1707 2318 sacerdotem,
1764 2243 1850 2306 ad
1890 2242 2116 2307 ostium
2155 2239 2538 2306 tabernaculi

592 2331 1025 2398 conventionis.
1131 2331 1229 2394 11.
1291 2327 1378 2393 Et
1431 2328 1622 2410 faciet
1660 2328 1947 2393 sacerdos
1989 2348 2190 2392 unum
2220 2348 2347 2409 pro
2392 2344 2537 2408 pec-

592 2422 740 2492 cat0,
785 2421 844 2481 et
889 2415 1156 2480 alterum
1200 2415 1267 2478 in
1311 2413 1760 2480 holocaustum.-
1808 2413 2198 2495 expiabitque
2239 2411 2422 2476 illum
2464 2411 2540 2474 de

594 2524 660 2568 eo
701 2502 862 2582 quod
894 2500 1175 2583 peccavit
1213 2520 1404 2580 super
1445 2501 1760 2573 cadavere,
1807 2504 1864 2563 et
1905 2498 2313 2580 sanctificabit
2353 2501 2540 2578 caput

593 2590 732 2655 eius
763 2588 866 2653 die
907 2586 1040 2652 illa.
1093 2586 1190 2650 12.
1237 2583 1327 2650 Et
1367 2585 1682 2666 separabit
1718 2584 1979 2649 Iehovae
2021 2585 2157 2649 dies
2197 2582 2542 2663 separatio-

591 2675 697 2740 nis
737 2692 906 2751 suae,
949 2672 1280 2754 afferetque
1319 2690 1548 2752 aqnum
1604 2669 1967 2736 anniculum
2010 2690 2138 2754 pro
2184 2670 2432 2735 delicto.-
2489 2672 2543 2732 et

593 2761 730 2826 dies
759 2759 1016 2840 priores
1058 2763 1241 2822 erunt
1271 2757 1465 2832 irriti,
1510 2757 1803 2839 quoniam
1835 2757 2079 2838 polluta
2117 2755 2245 2838 fuit
2280 2774 2539 2837 separa-

594 2847 680 2910 tio
715 2847 869 2909 eius.
964 2844 1061 2908 13.
1110 2841 1285 2909 Haec
1325 2851 1531 2907 autem
1588 2846 1679 2906 est
1719 2842 1819 2906 lex
1862 2843 2213 2918 Nazaraei,
2269 2841 2372 2906 die
2421 2859 2542 2922 quo

594 2930 873 3011 completi
910 2930 1155 3012 fuerint
1192 2929 1329 2995 dies
1370 2929 1788 3011 separationis
1827 2929 1978 3009 eius,
2041 2927 2303 3009 conferet
2344 2946 2411 2991 se
2454 2925 2540 2989 ad

596 3018 823 3082 ostium
865 3014 1247 3082 tabernaculi
1288 3014 1720 3080 conventionis.
1814 3014 1912 3080 14.
1979 3013 2318 3097 offeretque
2373 3010 2538 3078 obla-

595 3105 821 3168 tionem
876 3122 1061 3166 suam
1119 3101 1384 3167 Iehovae
1399 3152 1414 3178 ,
1481 3121 1715 3183 aynum
1779 3100 2144 3165 anniculum
2195 3100 2540 3182 perfectum

594 3209 791 3253 unum
833 3189 906 3253 in
946 3187 1382 3264 holocaustum,
1425 3192 1483 3250 et
1521 3207 1752 3269 aqnam
1792 3206 1988 3251 unam
2012 3185 2370 3251 anniculam
2397 3204 2541 3265 per-

593 3275 819 3357 fectam
882 3275 953 3339 in
1018 3273 1402 3355 sacrificium
1454 3293 1577 3354 pro
1607 3277 1873 3354 peceato,
1938 3278 1994 3336 et
2042 3272 2298 3336 arietem
2340 3289 2540 3335 unum

586 3360 928 3443 perfectum
979 3359 1052 3423 in
1112 3359 1378 3424 hostiam
1423 3360 1931 3441 prosperitatum.
2034 3357 2131 3423 15.
2179 3355 2541 3423 Oanistrum

584 3451 914 3528 praeterea
958 3466 1197 3525 panum
1243 3446 1836 3526 infermentatorum‚
1901 3444 2183 3509 similam
2214 3442 2540 3523 placenta-

593 3551 738 3596 rum
779 3550 1254 3611 con-§persarum
1293 3530 1438 3608 olea,
1505 3535 1560 3593 et
1602 3529 1833 3604 laeana
1876 3529 2312 3612 infermentata
2353 3532 2541 3592 uncta

596 3618 739 3693 oleo,
786 3621 842 3680 et
879 3615 1160 3681 minham
1201 3636 1442 3693 eorum,
1509 3620 1565 3679 et
1621 3615 1924 3680 libamina
1981 3635 2214 3680 eorum.
2308 3615 2406 3680 16.
2455 3613 2543 3677 Et

597 3704 806 3785 offeret
847 3703 959 3766 illa
993 3702 1278 3767 sacerdos
1309 3722 1521 3766 coram
1547 3701 1796 3776 Iehova,
1830 3703 2133 3784 facietque
2153 3700 2541 3781 sacrificium

587 3808 714 3870 pro
743 3793 995 3871 peccato
1037 3787 1230 3868 illius,
1273 3793 1333 3852 et
1371 3787 1795 3853 holocaustum
1840 3788 2037 3853 illius.
2112 3787 2211 3851 17.
2259 3786 2543 3850 Arietem

597 3894 835 3957 quoque
874 3874 1068 3956 faciet¹
1102 3873 1486 3955 sacrificium
1518 3875 2013 3955 prosperitatum
2057 3872 2341 3946 Iehovae,
2407 3892 2541 3937 una

598 3980 738 4026 cum
802 3961 1073 4026 canistro
1137 3960 1744 4039 infermentatorum:
1796 3960 1986 4042 faciet
2048 3960 2218 4040 item„
2255 3958 2544 4024 sacerdos

599 4045 881 4112 minham
922 4047 1090 4123 eius,
1149 4051 1204 4109 et
1245 4045 1508 4110 libamen
1551 4047 1707 4111 eius.
1798 4046 1899 4112 18.
1952 4046 2114 4109 Tum
2165 4045 2344 4110 radet
2404 4042 2541 4107 Na-

598 4151 871 4198 zaraeus
914 4133 1000 4197 ad
1039 4132 1265 4196 ostium
1322 4130 1704 4196 tabernaculi
1756 4132 2175 4196 conventionis
2229 4134 2415 4211 caput
2453 4148 2544 4194 se-

593 4217 956 4298 parat-ionis
996 4237 1150 4281 suae
1164 4268 1179 4294 ,
1234 4217 1550 4297 capietque
1604 4218 1945 4282 caesariem
2000 4216 2229 4298 capitis
2281 4235 2539 4296 separa·

602 4304 789 4368 tionis
831 4323 1003 4379 suae,
1046 4307 1101 4367 et
1130 4307 1322 4383 ponet
1362 4322 1551 4384 super
1592 4303 1798 4386 iynem
1838 4304 1950 4384 qui
1984 4308 2075 4367 est
2105 4301 2311 4367 subter
2346 4300 2542 4366 sacri-

599 4388 813 4471 ficium
847 4389 1349 4469 prosperitatum.
1455 4387 1557 4452 19.
1620 4386 1840 4469 Capiet
1886 4394 2214 4471 praeterea
2255 4387 2545 4452 sacerdos

605 4494 856 4539 armum
897 4479 1124 4539 coctum
1158 4473 1234 4538 de
1273 4474 1466 4538 ariete
1506 4474 1634 4555 illo,
1677 4480 1732 4539 et
1759 4475 2114 4556 placentam
2148 4473 2539 4554 infermenta-

603 4565 736 4625 tam
795 4579 989 4624 unam
1070 4581 1102 4625 e
1174 4560 1446 4626 canistro
1468 4609 1484 4639 ,
1563 4564 1619 4624 et
1679 4561 1979 4644 laqanum
2041 4559 2545 4641 infermentatum

605 4664 823 4723 unum,
866 4649 922 4708 et
946 4650 1132 4725 ponet
1161 4666 1350 4727 super
1379 4666 1610 4710 manus
1646 4645 1989 4720 Nazaraei,
2021 4651 2348 4727 postquam
2387 4664 2544 4708 rasa

603 4731 800 4814 fuerit
862 4732 1173 4813 separatio
1235 4733 1391 4797 eius.
1502 4733 1604 4798 20.
1665 4732 1753 4796 Et
1806 4731 2059 4796 elevabit
2120 4751 2194 4795 ea
2257 4730 2545 4796 sacerdos

607 4816 938 4883 elevatione
978 4837 1187 4882 coram
1221 4816 1450 4883 Iebova
1465 4841 1485 4882 .·
1542 4820 1846 4884 sanctitas
1886 4823 1977 4883 est
2027 4817 2331 4883 sacerdoti
2371 4817 2547 4882 ultra

595 4901 1026 4987 pectusculum
1066 4903 1423 4969 elevationis
1436 4955 1452 4983 ,
1509 4908 1565 4970 et
1605 4904 1778 4970 ultra
1831 4925 2081 4970 armum
2135 4902 2546 4982 exaltationis,

607 4995 664 5055 et
694 4994 916 5069 postea
956 4988 1122 5054 bibat
1167 4988 1544 5055 Nazaraeus
1585 4994 1819 5056 vinum.
1909 4991 2011 5055 21.
2064 4989 2238 5054 Haec
2300 4994 2388 5054 est
2443 4989 2546 5052 len

612 5075 942 5139 Nazaraei
982 5075 1092 5156 qui
1133 5075 1393 5150 voverit,
1451 5081 1507 5140 et
1569 5076 1896 5143 oblationis
1936 5079 2074 5141 eius
2117 5074 2375 5140 Iehovae
2423 5094 2548 5158 pro

606 5162 998 5243 separatione
1037 5180 1177 5236 sua,
1209 5167 1465 5245 praeter
1505 5162 1576 5227 id
1617 5163 1783 5244 quod
1824 5164 2075 5248 attinyet
2114 5181 2344 5226 manus
2376 5163 2546 5228 eius:

606 5247 945 5313 secundum
985 5252 1189 5312 votum
1230 5268 1416 5313 suum
1457 5249 1622 5330 quod
1662 5250 1923 5329 voverit,
1980 5251 2074 5315 sic
2111 5248 2303 5330 faciet
2341 5268 2551 5315 secun-

609 5332 761 5397 dum
800 5331 991 5417 leqem
1031 5334 1450 5416 separationis
1488 5355 1659 5401 suae.

2046 424 2423 491 PRIMUM
2468 422 3105 493 PRAEOEPTUM.

4419 422 4530 490 304

2797 611 2857 675 2.
2921 609 3038 675 Vir
3079 614 3193 675 aut
3230 610 3458 675 mulier
3498 629 3695 691 quum
3735 611 4137 692 separaverit.
4249 613 4534 680 Proxime

2628 697 2810 761 Deus
2854 716 3123 762 censum
3168 696 3407 760 indixit
3448 696 3520 759 in
3558 696 3820 779 singula
3861 696 4095 778 capita,
4140 719 4266 781 quo
4308 699 4536 765 Israeli-

2625 793 2732 846 tae
2767 791 3195 865 agnoscerent
3222 803 3293 847 se
3336 803 3477 846 esse
3520 782 3659 847 6106
3693 780 3977 847 libertae.
4025 783 4260 867 Itaque
4301 806 4377 850 ea
4406 806 4536 868 pro-

2625 867 2909 933 fessione
2953 888 3181 933 omnes
3225 889 3265 933 a
3307 868 3579 931 minimo
3638 888 3842 951 usque
3904 868 3984 933 ad
4030 870 4389 935 maximum
4428 872 4539 938 sibi

2628 954 3014 1019 obstrinxit:
3083 975 3256 1018 nunc
3323 953 3403 1017 (16
3471 955 3749 1019 arctiore
3815 953 4232 1039 obligationis
4299 958 4538 1022 vinculo

2626 1039 2989 1105 disseritur.
3066 1036 3138 1105 Si
3185 1039 3329 1122 quis
3371 1039 3514 1104 Deo
3549 1039 3629 1103 ad
3676 1049 3934 1124 tempus
3977 1050 4213 1125 sponte
4255 1062 4326 1107 se
4366 1064 4540 1108 vove-

2628 1124 2769 1202 bat,
2815 1146 2926 1190 eos
2972 1133 3294 1190 vocarunt
3335 1124 3729 1190 Nazaraeos:
3799 1126 3971 1209 quod
4017 1126 4401 1193 tantundem
4443 1148 4540 1194 va-

2631 1213 2718 1274 let
2760 1222 2954 1293 atque
2999 1222 3353 1293 separatos,
3404 1211 3501 1275 vel
3540 1212 3833 1291 eximios,
3878 1213 4032 1294 quia
4071 1214 4276 1278 maior
4319 1223 4457 1277 erat
4484 1215 4545 1278 in

2630 1297 2760 1360 illis
2798 1297 3079 1378 dignitas
3116 1306 3180 1362 et
3217 1296 3617 1380 praestantia
3659 1318 3854 1380 quam
3900 1299 3968 1362 in
3991 1300 4321 1363 communi
4356 1299 4543 1381 plebe.

2632 1384 2843 1447 Erant
2886 1383 3061 1447 enim
3109 1393 3419 1464 tanquam
3462 1383 3771 1449 ecclesiae
3814 1396 4226 1461 ornamenta,
4286 1395 4354 1449 et
4391 1386 4549 1451 Deus

2631 1468 2891 1557 volebat
2934 1468 3003 1531 in
3048 1468 3178 1532 illis
3222 1467 3502 1550 speciale
3545 1469 3790 1549 gloriae
3846 1489 4004 1533 suae
4060 1470 4256 1536 decus
4300 1469 4547 1553 fulgere.

2636 1556 2811 1619 Dum
2867 1555 3087 1636 itaque
3144 1575 3290 1619 cum
3338 1554 3652 1621 Israelitis
3708 1555 4081 1636 expostulat
4138 1560 4341 1621 Amos
4397 1553 4552 1637 quod

2635 1639 2982 1722 prophetas
3026 1661 3066 1704 a
3110 1639 3380 1704 docendi
3426 1660 3696 1705 munere
3742 1640 4202 1723 prohibuerint,
4250 1653 4321 1706 et
4358 1641 4552 1706 Naza-

2633 1746 2818 1790 raeos
2883 1726 3293 1808 corruperint
3347 1735 3500 1808 potu
3563 1727 3724 1805 vini,
3781 1725 4221 1809 amplificandi
4281 1727 4554 1794 criminis

2635 1832 2831 1877 causa
2867 1812 3028 1874 dicit
3063 1811 3378 1895 singulari
3404 1809 3553 1876 dote
3578 1813 3778 1876 fuisse
3801 1822 4062 1878 ornatos
4085 1810 4322 1898 (Amos
4343 1810 4554 1899 2,11):

2636 1917 2839 1980 quum
2886 1894 3070 1962 Deus
3112 1919 3197 1960 ex
3243 1917 3467 1963 eorum
3514 1897 3666 1964 filiis
3699 1896 4071 1964 Nazaraeos
4114 1909 4181 1964 et
4224 1899 4559 1983 prophetas

2636 1994 2936 2049 creasset.
3008 1983 3094 2046 Et
3119 1982 3428 2047 Ieremias
3465 1983 3574 2047 ubi
3620 1984 3915 2065 deplorat
3957 1983 4266 2050 ecclesiae
4307 1984 4558 2061 cladem,

2639 2071 2706 2133 in
2779 2069 2898 2132 hac
2964 2068 3379 2133 deformitate
3441 2070 3719 2148 insistit,
3785 2069 3954 2153 quod
4024 2092 4152 2135 non
4221 2078 4564 2153 appareant

2639 2154 2973 2228 Nazaraei,
3000 2165 3073 2217 ut
3108 2154 3283 2229 olim,
3309 2154 3569 2219 candidi
3592 2156 3806 2220 instar
3831 2156 4017 2232 nivis,
4050 2167 4168 2222 etc.
4196 2155 4384 2242 (Thr.
4407 2155 4465 2231 4,
4488 2153 4563 2241 7).

2642 2240 2777 2305 Nec
2843 2238 3111 2304 dubium
3178 2252 3276 2306 est
3339 2240 3497 2322 quin
3565 2239 3760 2307 Iacob
3824 2240 4029 2307 filium
4088 2241 4326 2325 loseph
4393 2240 4566 2305 titulo

2642 2325 2954 2391 Nazaraei
2990 2325 3167 2389 inter
3200 2327 3433 2391 fratres
3469 2347 3624 2392 suos
3661 2329 4023 2410 insigniens
4058 2325 4256 2414 (Gen.
4303 2328 4408 2405 49,
4450 2325 4567 2412 26),

2642 2413 2879 2493 spiritu
2923 2411 3300 2493 prophetico
3345 2413 3425 2476 ad
3472 2412 3749 2495 gradum
3795 2414 4060 2479 honoris
4094 2414 4413 2491 alluserit,
4457 2434 4569 2496 quo

2646 2510 2868 2580 postea
2910 2498 3030 2562 sub
3073 2497 3217 2581 lege
3261 2498 3714 2563 excelluerunt
3765 2502 3876 2582 qui
3921 2521 3991 2564 se
4035 2499 4177 2565 Deo
4234 2519 4567 2583 separave-

2646 2594 2826 2662 rant,
2878 2583 3062 2665 quasi
3106 2582 3411 2648 ecclesiae
3458 2584 3724 2650 lumina.
3812 2586 3960 2650 Etsi
4016 2606 4172 2668 ergo
4229 2585 4314 2649 ad
4373 2594 4570 2648 totum

2644 2669 2956 2753 populum
3005 2690 3134 2732 non
3181 2670 3500 2750 pertinuit
3542 2669 3704 2737 haec
3749 2670 4009 2753 religi0,
4065 2670 4306 2736 merito
4363 2680 4572 2735 tamen

2598 2800 2599 2803 ,
2645 2757 2817 2819 inter
2863 2753 3124 2835 pictatis
3158 2755 3471 2821 exercitia
3505 2756 3761 2832 censeri
3804 2757 4018 2822 debet:
4079 2756 4234 2839 quia
4268 2753 4571 2821 Nazaraei

2645 2854 2954 2922 tanquam
3001 2841 3414 2925 antesignani
3459 2853 3650 2907 erant
3691 2841 3774 2907 ad
3819 2844 3992 2910 viam
4029 2842 4176 2908 aliis
4212 2853 4571 2907 monstran-

2645 2927 2815 2991 dam.
2907 2925 3053 2991 Etsi
3108 2936 3327 2992 autem
3391 2949 3524 2992 non
3577 2949 3803 2993 omnes
3859 2928 4210 2994 trahebant
4264 2926 4350 2993 ad
4393 2945 4573 2992 suum

2645 3012 3050 3095 exemplum,
3119 3013 3242 3078 zeli
3309 3025 3527 3080 tamen
3585 3015 3877 3098 ipsorum
3943 3012 4137 3080 ardor
4190 3014 4463 3080 rudibus
4517 3018 4575 3076 et

2643 3100 2923 3163 infirmis
2980 3119 3106 3163 non
3153 3119 3401 3182 ‚parum
3458 3100 3798 3184 proderat,
3857 3112 3933 3166 ut
3989 3102 4262 3184 quisque
4310 3121 4428 3184 pro
4470 3119 4574 3164 suo

2646 3184 2908 3249 modulo
2988 3186 3390 3251 incitaretur.
3502 3187 3707 3253 Porro
3786 3188 3936 3270 quia
4015 3187 4281 3253 fictitios
4364 3205 4574 3249 omnes

2642 3272 2858 3336 cultus
2902 3270 3312 3337 abominatur
3336 3273 3533 3350 Deus,
3581 3273 3912 3339 licentiam
3958 3272 4130 3338 hanc
4173 3270 4574 3355 compescuit,

2643 3358 2885 3423 claram
2932 3361 3000 3420 et
3043 3370 3283 3421 certam
3329 3357 3541 3441 legem
3584 3359 3872 3424 ferendo.
3953 3359 4047 3423 Et
4087 3380 4172 3422 ex
4217 3356 4576 3423 testimonio

2644 3443 2848 3509 Amos
2894 3441 3064 3524 quod
3100 3464 3315 3525 nuper
3349 3445 3566 3520 citavi,
3613 3445 3944 3528 colligitur
3982 3466 4113 3509 non
4150 3444 4358 3509 alium
4395 3445 4578 3508 fuisse

2644 3542 2932 3594 autorem
2964 3527 3403 3594 Nazaraeatus
3444 3550 3638 3612 quam
3666 3533 3880 3596 Deum
3906 3532 4141 3613 ipsum.
4199 3528 4578 3594 Tenendum

2644 3616 2849 3697 igitur
2906 3627 3006 3678 est
3048 3613 3414 3680 Nazaraeos
3472 3617 3734 3681 fulsisse
3788 3619 3858 3680 in
3915 3617 4157 3699 populo
4218 3616 4348 3680 Dei
4409 3612 4579 3698 quasi

2646 3701 2959 3783 pretiosas
2996 3721 3307 3783 gemmas,
3346 3713 3412 3769 et
3449 3704 3747 3786 quamvis
3783 3703 3971 3787 pauci
4008 3722 4117 3766 606
4152 3702 4578 3776 imitarentur,

2644 3788 2844 3851 fuisse
2891 3796 3111 3850 tamen
3156 3787 3343 3868 quasi
3387 3787 3730 3872 signiferos
3771 3799 3837 3853 et
3881 3787 4096 3867 duces,
4142 3788 4253 3868 qui
4299 3787 4581 3853 studium

2645 3871 2898 3937 colendi
2968 3870 3095 3936 Dei
3157 3872 3227 3936 in
3296 3873 3494 3957 vulgo
3574 3875 4021 3941 accenderent.
4130 3871 4371 3939 Obiter
4438 3890 4578 3939 vero

2647 3956 2999 4022 notandum
3082 3966 3185 4022 est
3262 3957 3693 4042 Sampsonem
3772 3961 4033 4027 diverso
4111 3958 4308 4024 modo
4393 3958 4582 4023 fuisse

2645 4044 3085 4108 Nazaraeum:
3147 4044 3298 4127 quia
3359 4067 3483 4110 non
3544 4043 3626 4110 ad
3683 4057 3940 4129 tempus
3995 4045 4321 4110 duntaxat
4364 4055 4580 4110 votum

2646 4130 2963 4213 suscepit,
3024 4128 3139 4194 sed
3200 4131 3281 4195 ab
3338 4141 3523 4196 utero
3583 4134 4026 4197 sanctificatus
4082 4131 4205 4195 fuit
4256 4132 4328 4196 in
4385 4139 4580 4194 totam

2649 4215 2871 4291 vitam,
2918 4232 2985 4279 et
3026 4228 3407 4298 segregatus
3443 4217 3526 4283 ab
3564 4218 3842 4283 aliorum
3879 4237 4182 4282 numero:
4230 4235 4365 4300 qua
4397 4217 4580 4281 etiam

2647 4303 2713 4366 in
2754 4311 2935 4384 parte
2959 4300 3208 4367 Christi
3247 4304 3373 4367 fuit
3409 4313 3622 4389 typus,
3665 4312 3735 4368 et
3767 4304 3952 4386 quasi
3989 4323 4335 4386 personam
4369 4302 4579 4387 gessit.

2648 4390 2738 4452 Et
2768 4398 2944 4452 certe
2979 4386 3290 4469 quidquid
3329 4389 3435 4455 hic
3471 4390 3759 4467 docetur,
3796 4390 3879 4454 ad
3919 4389 4186 4454 unicum
4221 4385 4580 4454 sanctitatis

2647 4475 2894 4539 fontem
2940 4473 3170 4538 referri
3214 4473 3434 4540 dehet:
3482 4497 3559 4541 ac
3600 4475 3656 4541 si
3682 4475 3945 4540 Iudaeis
3968 4474 4219 4540 Christi
4262 4475 4483 4573 imago
4515 4472 4581 4536 in

2648 4560 2908 4642 speculo
2945 4570 3099 4624 ante
3133 4560 3351 4625 oculos
3387 4564 3596 4645 posita
3632 4562 3878 4626 fuisset.
3947 4559 4117 4624 Nam
4154 4580 4282 4645 quo
4319 4576 4582 4644 qumque

2649 4646 2915 4729 propius
2937 4647 3059 4711 sub
3084 4645 3227 4729 lege
3245 4646 3327 4711 ad
3353 4645 3570 4712 Deum
3594 4647 3887 4726 accessit,
3909 4648 3980 4712 in
4002 4667 4078 4710 eo
4102 4647 4314 4729 magis
4349 4643 4582 4711 enituit

2650 4731 2973 4797 Christus.
3077 4730 3339 4798 Scimus
3396 4745 3604 4798 totum
3663 4731 3873 4817 legale
3930 4730 4368 4797 sacerdotium
4429 4728 4581 4795 nihil

2649 4818 2827 4882 aliud
2866 4818 3062 4882 fuisse
3099 4838 3291 4901 quam
3329 4820 3472 4885 eius
3508 4819 3811 4903 effigiem.
3871 4817 4124 4884 Similis
4144 4818 4212 4882 in
4236 4815 4583 4882 Nazaraeis

2648 4905 2845 4982 rati0,
2907 4923 3069 4986 quos
3112 4904 3365 4988 puritas
3409 4914 3476 4970 et
3519 4903 3919 4972 abstinentia
3960 4904 4208 4988 insigni
4251 4901 4583 4986 privilegio

2648 4989 2932 5055 ornavit.

2822 5076 2882 5141 3.
2945 5076 3011 5140 A
3068 5077 3212 5141 vino
3274 5081 3331 5142 et
3395 5077 3612 5142 sicera.
3703 5076 4003 5141 Primum
4066 5072 4456 5140 mandatum
4516 5079 4582 5136 ut

2654 5184 2783 5227 non
2826 5162 3041 5227 solum
3086 5163 3462 5227 abstineant
3504 5184 3544 5228 a
3587 5162 3770 5239 vino,
3817 5161 3931 5226 sed
3977 5182 4059 5225 ne
4100 5180 4262 5226 uvas
4306 5165 4582 5244 gustent,

2653 5250 2763 5313 vel
2819 5248 3176 5332 quidquam
3229 5250 3592 5314 vinaceum.
3680 5247 3981 5330 Simplex
4024 5246 4392 5312 observatio
4435 5251 4581 5318 erat,

2658 5334 2887 5401 vinum
2930 5344 3045 5399 aut
3085 5335 3356 5400 siceram
3401 5355 3568 5417 quae
3606 5332 3916 5412 inebriat,
3977 5353 4110 5399 non
4169 5330 4422 5398 bibere:
4477 5326 4582 5396 sed
