4867 6150
367 472 489 539 701

356 660 565 728 fuerit
606 660 865 727 servilis
901 658 1206 739 conditio,
1251 680 1418 744 quae
1453 659 1595 725 sine
1630 658 1928 744 prodigio
1963 659 2319 742 temperari

363 768 500 813 non
554 746 789 830 potuit.
889 746 1079 812 Nihil
1143 745 1321 810 enim
1387 746 1599 830 magis
1663 753 1928 829 praeter
1988 758 2315 822 naturam,

365 852 563 917 quam
607 841 683 898 111
723 833 1000 899 1118111110
1023 882 1040 916 ,
1080 831 1310 899 1011018
1352 852 1592 910 uxore,
1650 839 1718 896 et
1759 830 1984 897 liberis
2027 830 2316 909 abiectis,

367 918 495 985 alio
531 918 792 1003 migret.
864 917 1068 1001 Atqui
1104 940 1234 984 non
1271 917 1467 983 aliter
1510 917 1680 984 solvi
1721 917 1937 1001 potuit
1981 916 2316 984 vinculum

363 1006 736 1083 servitutis,
796 1025 993 1087 quam
1055 1003 1369 1082 divortio,
1429 1003 1556 1070 1100
1612 1008 1712 1068 001
1770 1003 1974 1087 impia
2030 1003 2318 1087 coniugii

368 1090 736 1158 violatione.
804 1090 965 1155 Fuit
1002 1110 1157 1174 ergo
1193 1091 1261 1154 in
1300 1090 1425 1156 hac
1471 1088 1837 1155 divulsione
1880 1088 2075 1154 foeda
2118 1110 2317 1173 01180-

364 1176 513 1242 dam
574 1176 939 1256 barbaries,
1006 1197 1208 1260 quum
1264 1178 1370 1241 vir
1424 1196 1463 1239 a
1519 1175 1790 1240 dimidia
1845 1176 1949 1241 sui
2008 1184 2192 1258 parte
2252 1183 2319 1239 01

361 1263 647 1347 1110111110
690 1260 1048 1329 110001111110
1090 1272 1430 1345 00118181υο
1465 1269 1584 1328 001.
1649 1261 1789 1327 Nec
1833 1270 2055 1327 tamen
2103 1261 2319 1345 potuit

363 1348 543 1415 aliud
588 1370 729 1415 esse
771 1346 1161 1414 remedium:
1212 1348 1367 1431 quia
1410 1347 1467 1413 01
1504 1368 1670 1413 uxor
1704 1369 1851 1413 cum
1891 1346 2114 1413 liberis
2152 1346 2316 1412 fuis-

361 1442 463 1501 set
509 1435 944 1511 manumissa,
990 1455 1101 1500 eos
1144 1454 1368 1500 secum
1413 1432 1725 1513 educere,
1768 1434 2000 1499 fuisset
2036 1433 2316 1516 spoliare

358 1521 609 1587 iustum
654 1520 1026 1601 dominum,
1082 1541 1217 1585 non
1275 1518 1467 1585 modo
1526 1519 1767 1585 ancilla
1820 1540 1988 1603 quae
2045 1528 2192 1584 erat
2242 1520 2314 1585 in

357 1609 502 1673 eius
547 1607 906 1690 mancipio,
958 1605 1072 1672 sed
1129 1607 1328 1670 etiam
1389 1606 1634 1671 teneris
1678 1604 1893 1672 adhuc
1938 1605 2200 1688 puellis,
2245 1608 2312 1669 in

356 1713 638 1777 quorum
685 1691 1133 1758 educationem
1179 1699 1483 1774 sumptus
1519 1691 1784 1758 fecerat.
1853 1690 1958 1757 Ita
2000 1691 2133 1756 iuri
2178 1692 2313 1775 pri·

351 1787 516 1845 vato
569 1778 768 1845 cessit
825 1778 1112 1862 coniugii
1164 1779 1480 1843 sanctitas
1541 1779 1667 1844 hac
1709 1780 1781 1842 in
1826 1788 2029 1861 parte.
2118 1778 2314 1844 Unde

351 1863 479 1930 hoc
537 1865 773 1931 vitium
828 1863 1006 1928 inter
1063 1864 1191 1929 alia
1245 1864 1729 1929 numerandum
1786 1873 1885 1929 est
1940 1884 2106 1947 quae
2152 1863 2312 1929 tole-

349 1951 533 2016 ravit
577 1951 761 2015 Deus
821 1949 903 2014 ob
969 1949 1196 2033 populi
1265 1948 1603 2029 duritiem,
1669 1951 1821 2033 quia
1892 1950 2006 2015 vix
2073 1950 2313 2034 corrigi

348 2044 647 2120 poterat:
690 2035 747 2101 si
789 2035 939 2118 quis
983 2046 1205 2101 tamen
1251 2045 1433 2101 casto
1478 2057 1699 2102 amore
1743 2043 2058 2111 retentus,
2103 2035 2315 2100 nollet

351 2142 634 2187 uxorem
694 2122 964 2205 eiusque
1015 2121 1236 2187 foetus
1292 2121 1621 2202 deserere,
1694 2119 2055 2187 remedium
2127 2120 2312 2185 addi-

349 2219 502 2272 tum
561 2216 695 2285 est,
762 2218 835 2273 ut
891 2230 961 2273 se
1020 2229 1278 2292 quoque
1333 2209 1403 2274 in
1462 2208 1852 2274 servitutem
1924 2217 2310 2291 perpetuam

347 2293 707 2359 addiceret.
773 2292 1021 2359 Forma
1054 2294 1124 2358 in
1153 2293 1386 2358 Exodo
1428 2293 1670 2360 clarius
1715 2314 1907 2377 quam
1956 2294 2026 2357 in
2062 2292 2310 2358 Deute-

346 2381 653 2446 ronomio
697 2379 1086 2463 explicatur:
1148 2401 1302 2445 nam
1348 2380 1418 2444 in
1466 2380 1590 2446 hoc
1649 2379 1931 2444 secundo
1976 2379 2118 2457 loco
2165 2390 2308 2444 tan·

347 2473 500 2531 tum
547 2463 818 2544 dicitur,
877 2482 951 2530 ut
1006 2465 1309 2532 dominus
1355 2466 1437 2532 ad
1484 2486 1750 2530 servum
1795 2474 2113 2548 perpetuo
2158 2466 2298 2529 vin-

345 2550 740 2631 dicandum,
807 2572 1032 2617 aurem
1093 2552 1232 2618 eius
1274 2551 1578 2636 perforet.
1664 2551 1750 2616 In
1796 2550 2028 2616 Exodo
2085 2561 2307 2616 autem

345 2636 621 2702 additur
665 2638 1174 2716 circumstantia,
1223 2649 1298 2702 ut
1342 2638 1741 2703 interveniat
1786 2636 2047 2719 publica
2089 2638 2312 2722 cogni-

344 2724 475 2788 tio:
516 2744 670 2789 nam
708 2725 765 2788 01
799 2724 1112 2806 111-11811111
1156 2724 1431 2808 quisque
1469 2725 1608 2789 eius
1644 2725 1740 2789 rei
1774 2724 2005 2789 fuisset
2040 2724 2308 2804 arbiter,

343 2810 637 2877 divitum
673 2809 865 2875 aedes
901 2810 1313 2876 carnificinae
1347 2809 1631 2875 fuissent
1665 2808 1745 2874 ad
1784 2810 2058 2875 miseros
2081 2829 2312 2875 servos

343 2894 774 2980 torquendos.
852 2895 1172 2979 Legimus
1217 2895 1388 2979 apud
1434 2895 1786 2961 Ieremiam
1830 2894 1961 2982 (34,
2011 2893 2138 2982 11),
2184 2895 2310 2960 1180

342 2982 499 3067 lege
563 2989 940 3063 contempta
995 2979 1275 3047 Iudaeos
1343 2990 1608 3066 praeter
1663 2980 1767 3047 ius
1824 2989 1893 3047 et
1946 2982 2043 3047 fas
2099 2981 2308 3046 domi·

340 3080 543 3135 natos
587 3079 901 3153 perpetuo
942 3067 1149 3136 fuisse
1193 3069 1404 3135 servis
1447 3069 1602 3134 suis.
1691 3066 1838 3134 Imo
1896 3089 2101 3153 quum
2153 3090 2306 3153 gra-

344 3157 525 3222 viter
566 3152 689 3218 01111
731 3152 1061 3219 Ζο11001118
1106 3155 1427 3238 increpati
1470 3155 1767 3233 fuissent,
1813 3164 1881 3220 01
1926 3154 2005 3222 de
2049 3154 2308 3239 integro

341 3238 777 3326 promulgata
842 3239 1142 3320 libertas,
1211 3241 1439 3306 statim
1495 3242 1840 3326 tyrannice
1894 3241 2015 3308 sub
2074 3241 2309 3325 iugum

342 3326 622 3394 retracti
665 3333 826 3391 sunt
879 3326 1104 3392 miseri
1160 3327 1491 3407 homines,
1549 3346 1626 3392 80
1669 3328 1727 3392 01
1774 3348 1893 3411 per
1948 3325 2310 3393 ludibrium

339 3413 634 3479 fuissent
675 3412 1083 3478 manumissi.
1174 3411 1559 3480 Cavendum
1600 3434 1757 3498 ergo
1800 3413 1929 3479 fuit
1971 3433 2056 3478 ne
2100 3412 2311 3479 occul-

340 3501 436 3565 tis
486 3498 832 3564 tormentis
875 3498 1122 3564 invitos
1165 3496 1248 3564 ad
1306 3497 1674 3565 obeundam
1733 3500 2124 3566 servitutem
2170 3497 2310 3565 adi·

338 3590 620 3671 gerent:
659 3584 852 3649 cuius
888 3583 1050 3649 mali
1088 3585 1452 3650 remedium
1498 3585 1641 3664 fuit,
1686 3584 1894 3651 libera
1930 3584 2107 3668 apud
2140 3584 2310 3650 iudi-

338 3692 458 3739 ces
504 3669 852 3737 confessio:
899 3670 1080 3735 auris
1125 3679 1347 3736 autem
1379 3670 1699 3754 perfossio
1736 3672 2064 3756 stigmatis
2098 3671 2312 3737 instar

336 3756 495 3823 fuit.
607 3755 780 3820 Nam
855 3753 1230 3823 Orientales
1308 3778 1533 3823 servos
1603 3756 1705 3823 101
1772 3757 2122 3842 fugitivos,
2203 3756 2310 3822 vel

338 3863 657 3927 nequam,
705 3850 773 3906 et
815 3842 1184 3922 sceleratos,
1228 3843 1334 3908 vel
1379 3843 1491 3927 qui
1536 3842 1755 3927 aliquo
1791 3843 1985 3909 modo
2023 3843 2314 3926 suspecti

341 3935 562 4008 erant,
608 3926 906 3993 solebant
940 3927 1361 4011 stigmatibus
1397 3936 1659 3994 notare:
1705 3927 1878 3995 hanc
1911 3929 2314 4015 ignominiae

342 4023 582 4080 notam
627 4013 839 4079 noluit
884 4014 1070 4079 Deus
1114 4035 1381 4080 suorum
1427 4014 1756 4081 frontibus
1800 4015 2013 4081 inuri:
2060 4016 2117 4080 si
2166 4016 2313 4098 quis

342 4109 577 4167 tamen
621 4109 856 4184 sponte
896 4100 970 4164 in
1014 4109 1400 4183 perpetuam
1445 4101 1835 4168 servitutem
1872 4111 2313 4182 consenserat,

345 4206 511 4251 eum
578 4186 792 4251 voluit
857 4186 1275 4271 obligationis
1342 4208 1501 4252 suae
1569 4187 1942 4272 symbolum
2017 4189 2087 4253 in
2155 4208 2314 4253 aure

341 4279 634 4359 gestare.
723 4272 1111 4337 Tenendum
1158 4282 1379 4338 tamen
1424 4283 1545 4352 est,
1588 4272 1762 4338 hanc
1806 4295 2061 4358 quoque
2106 4274 2312 4340 servi-

340 4368 566 4424 tutem
609 4355 937 4444 (quamvis
972 4356 1230 4424 dicatur
1262 4359 1335 4424 in
1378 4358 1710 4425 saeculum
1748 4358 2016 4447 durare)
2053 4360 2312 4425 finitam

341 4445 561 4511 fuisse
605 4446 673 4509 in
718 4443 1047 4510 Iubilaeo:
1110 4446 1263 4528 quia
1319 4455 1480 4512 tunc
1539 4457 1860 4511 renovata
1916 4446 2047 4510 fuit
2099 4454 2314 4511 terrae

341 4539 416 4596 et
465 4529 809 4594 hominum
849 4530 1152 4597 conditio.

528 4614 732 4682 Deut.
797 4615 897 4694 15,
961 4617 1063 4684 13.
1120 4614 1209 4682 Et
1259 4636 1451 4699 quam
1510 4617 1785 4683 dimittes
1833 4638 1974 4682 eum
2028 4616 2311 4684 liberum.

342 4703 489 4770 Hic
537 4723 690 4767 vero
749 4723 883 4767 non
943 4712 1202 4769 tantum
1261 4703 1688 4769 manumissio
1733 4703 2136 4788 iniungitur,
2198 4705 2314 4770 sed

344 4789 732 4856 exhortatio
777 4808 1034 4872 quoque
1078 4789 1326 4856 accedit
1371 4789 1452 4853 ad
1497 4788 1955 4855 liberalitatem
1975 4840 1990 4866 ,
2057 4800 2132 4854 ut
2176 4812 2312 4855 ser-

345 4895 474 4944 vos
521 4896 654 4939 non
690 4876 832 4939 sine
867 4875 1166 4940 mercede
1205 4869 1564 4941 dimittant:
1611 4896 1819 4958 neque
1855 4876 2030 4939 enim
2067 4876 2176 4940 lex
2213 4886 2316 4942 est

343 4962 637 5029 forensis
681 4981 848 5043 01180
903 4972 1287 5044 extorqueat
1331 4963 1412 5027 ab
1459 4963 1677 5028 avaris
1722 4961 1869 5044 plus
1912 4983 2104 5044 quam
2154 4961 2312 5028 dare

346 5048 590 5114 velint.
662 5045 881 5129 Atque
927 5046 1036 5113 hic
1080 5046 1256 5112 valet
1298 5048 1493 5113 Pauli
1538 5047 1798 5132 regula:
1845 5045 2311 5132 Unusquisque

345 5142 558 5218 prout
602 5131 960 5199 destinavit
1003 5133 1071 5197 in
1118 5132 1312 5198 corde
1369 5156 1518 5213 suo,
1581 5155 1699 5199 nec
1759 5155 1844 5199 ex
1892 5133 2161 5198 tristitia
2207 5137 2311 5200 vel

348 5219 783 5286 necessitate:
865 5219 1021 5302 quia
1096 5216 1375 5283 hilarem
1462 5221 1755 5286 datorem
1835 5218 2050 5303 diligit
2128 5220 2310 5286 Deus

379 5306 449 5371 2.
489 5304 643 5373 Oor.
680 5304 741 5383 9,
782 5303 869 5391 7).
938 5302 1069 5371 Sed
1108 5304 1263 5386 quia
1302 5305 1540 5371 fratres
1575 5315 1764 5372 erant
1798 5307 1976 5372 servi
1995 5305 2309 5386 Hebraei,

433 5410 552 5457 eus
596 5411 827 5475 passus
863 5413 992 5457 non
1032 5400 1134 5457 est
1169 5411 1278 5456 eos
1316 5390 1637 5457 deteriore
1675 5391 1813 5458 loco
1848 5391 2077 5457 11811011
2114 5413 2310 5476 0118111

1791 468 2246 537 OCTAVUM
2286 468 2935 536 PRAEGEPTUM.

4247 473 4378 539 702

2429 660 2892 725 mercenarios.
2982 658 3177 742 Quod
3237 670 3460 727 autem
3517 661 3650 728 illis
3701 661 3843 727 dari
3885 660 4068 728 iubet
4110 683 4192 727 ex
4237 670 4375 728 tor-

2423 744 2665 825 culari,
2723 766 2906 824 area,
2953 754 3019 810 et
3060 747 3264 813 caulis
3310 746 3665 830 pecudum,
3719 768 3855 813 non
3900 749 4226 832 significat
4269 749 4376 815 1110

2422 832 2680 911 1011110,
2724 831 3221 916 locupletandos
3264 854 3436 912 0000,
3486 834 3590 899 101
3635 833 4171 919 suppetitandam
4216 834 4236 898 i
4285 835 4377 900 sis

2420 916 2677 1001 largam
2745 938 3111 983 annonam:
3189 917 3306 984 sed
3383 916 3618 985 divites
3678 920 3941 1004 proprie
3964 928 3979 935 ‘
4008 941 4235 1004 compe
4261 920 4376 1000 lat,

2422 1003 2662 1086 quibus
2706 1003 3054 1087 multiplex
3098 1005 3287 1089 copia
3327 1007 3619 1089 suppetit
3659 1026 3743 1071 ex
3785 1026 3917 1089 qua
3958 1006 4090 1072 sint
4137 1006 4374 1072 libera-

2423 1088 2550 1155 les:
2597 1110 2673 1155 80
2718 1090 2774 1156 01
2819 1091 3193 1156 ostenderet
3234 1090 3411 1157 unde
3454 1093 3777 1175 accipiant
3822 1091 4184 1178 gratuitum
4226 1113 4376 1159 mu·-

2423 1196 2569 1253 nus,
2615 1175 2787 1259 quod
2831 1184 3049 1242 tamen
3088 1177 3287 1242 simul
3322 1188 3496 1243 esset
3528 1180 3698 1245 iusta
3731 1177 4031 1244 laborum
4067 1199 4374 1263 compen-

2419 1262 2605 1328 satio.

2597 1347 2698 1413 18.
2765 1347 2913 1414 Non
2966 1349 3053 1414 sit
3110 1349 3225 1415 titi
3277 1350 3528 1416 dmum.
3626 1349 3857 1432 Nuper
3914 1350 4111 1416 retuli
4158 1371 4372 1434 ,quam

2422 1433 2709 1499 difficilis
2751 1434 2956 1499 fuerit
3001 1434 3105 1501 vel
3163 1435 3439 1502 molesta
3482 1435 3748 1502 Iudaeis
3804 1435 4006 1502 huius
4049 1436 4214 1520 legis
4257 1435 4371 1501 ob-

2421 1520 2741 1599 servatio,
2802 1540 3003 1603 quare
3058 1542 3189 1586 non
3249 1522 3367 1587 abs
3412 1544 3483 1588 re
3526 1522 3636 1588 hic
3681 1522 3865 1587 Deus
3922 1542 4249 1587 morosam
4306 1530 4375 1587 01

2417 1605 2777 1690 malignam
2824 1627 3050 1672 eorum
3096 1607 3474 1690 superbiam
3517 1609 3848 1692 obiurgat,
3894 1609 3952 1673 si
3997 1629 4192 1693 aegre
4235 1628 4375 1673 ser-

2418 1712 2541 1758 vos
2585 1692 3073 1758 manumittant.
3138 1694 3231 1759 Et
3264 1694 3478 1778 primo
3524 1693 3807 1777 quidem,
3851 1694 4178 1778 aequitate
4222 1715 4372 1779 pro·

2416 1778 2650 1860 posita,
2695 1798 2805 1843 eos
2847 1777 2928 1843 ad
2976 1779 3342 1862 parendum
3383 1779 3670 1858 inducit,
3715 1779 3950 1846 deinde
3993 1801 4109 1865 spe
4152 1801 4375 1846 remu·

2418 1864 2793 1930 nerationis.
2882 1865 3219 1931 Admonet
3278 1867 3453 1932 enim
3510 1886 3629 1932 sex
3676 1867 3867 1932 annis
3911 1887 4178 1934 servum
4222 1887 4374 1950 pro·

2415 1951 2654 2015 mereri
2698 1950 3025 2035 duplicem
3068 1951 3435 2018 mercedem
3480 1953 3887 2031 mercenarii,
3931 1953 4038 2019 vel
4060 1954 4213 2037 quia
4233 1974 4371 2017 ma-

2416 2037 2522 2121 gis
2577 2035 2902 2103 laboriosa
2957 2036 3159 2103 fuerit
3216 2039 3360 2104 eius
3418 2040 3559 2104 vita
3600 2037 3783 2125 (quia
3828 2059 4104 2122 pensum
4150 2059 4190 2103 a
4231 2059 4370 2103 ser-

2417 2122 2524 2188 vis
2567 2123 2877 2207 exactius*
2920 2125 3278 2207 requiritur
3320 2144 3514 2207 quam
3560 2125 3641 2191 ab
3700 2125 4074 2191 hominibus
4126 2125 4369 2204 liberis,

2416 2209 2531 2291 qui
2573 2229 2805 2291 operas
2848 2230 3001 2275 suas
3045 2207 3321 2296 locant):
3382 2211 3487 2277 vel
3545 2212 3698 2293 quia
3752 2208 3993 2294 duplex
4053 2211 4371 2293 temporis

2417 2295 2702 2377 spatium
2739 2295 3107 2375 confecerit,
3152 2317 3281 2379 quo
3316 2296 3614 2362 solebant
3647 2296 4040 2362 mercenarii
4073 2295 4367 2363 conduci.

2417 2379 2758 2464 colligunt
2814 2382 2988 2446 enim
3033 2381 3329 2448 Hebraei
3386 2405 3472 2447 ex
3528 2382 3653 2449 1100
3709 2381 3882 2462 1000,
3949 2382 4371 2449 mercenariis

2416 2467 2784 2548 praefixum
2835 2465 3043 2533 fuisse
3102 2469 3493 2534 triennium:
3540 2480 3740 2552 atque
3781 2470 3874 2534 ita
3920 2469 4204 2533 conferri
4249 2490 4370 2552 pu-

2417 2560 2567 2617 tant
2609 2574 2725 2617 sex
2772 2574 3035 2619 annoso
3093 2552 3226 2620 Sed
3272 2555 3581 2638 quoniam
3623 2554 3787 2621 haec
3829 2575 4013 2620 mera
4055 2565 4156 2621 est
4199 2554 4371 2620 divi-

2414 2638 2626 2717 natio,
2673 2639 2892 2705 nescio
2937 2661 3022 2705 an
3069 2639 3306 2704 melius
3351 2642 3702 2707 conveniat
3746 2641 3917 2724 quod
3962 2640 4192 2720 attuli,
4251 2662 4372 2725 per

2415 2745 2535 2790 sex
2580 2744 2786 2789 annos
2830 2724 3029 2809 duplo
3073 2726 3368 2791 utiliores
3429 2726 3628 2806 fuisse
3686 2726 3826 2792 eius
3883 2746 4113 2810 operas
4172 2747 4370 2810 quam

2414 2809 2607 2876 liberi
2650 2809 2939 2877 hominis
2982 2811 3097 2895 qui
3139 2811 3469 2879 serviliter
3511 2832 3645 2876 non
3697 2813 3971 2897 cogitur.

3013 3154 3145 3221 EX
3189 3155 3495 3222 LEVI'P.
3541 3154 3768 3222 XXV.

2587 3325 2693 3393 39.
2743 3324 2821 3392 Si
2863 3330 3217 3393 0110000100
3256 3326 3456 3410 faerit
3495 3327 3700 3410 frater
3741 3333 3892 3393 tuas
3923 3326 4101 3410 apud
4140 3331 4228 3407 te,
4273 3326 4370 3393 ita

2415 3418 2487 3479 ut
2526 3414 2755 3479 vendat
2794 3433 2863 3478 00
2902 3412 3038 3489 tibi,
3083 3434 3204 3478 non
3239 3414 3440 3478 01ονἰο
3474 3431 3667 3496 opera
3699 3413 3837 3480 eius
3869 3418 4170 3495 tanquam
4201 3413 4377 3488 servi

2415 3520 2622 3583 opera.
2711 3499 2816 3565 40.
2880 3499 3212 3581 Tanquam
3265 3500 3691 3565 mercenarius
3705 3550 3721 3576 ,
4016 3518 4083 3562 m
4121 3498 4371 3564 00101100

2416 3588 2537 3652 erit
2600 3591 2829 3651 tecum:
2894 3604 3091 3666 00000
3155 3585 3242 3651 ad
3303 3605 3543 3650 annum
3601 3584 3879 3651 Iubilaei
3945 3584 4169 3651 serviet
4230 3584 4365 3650 tibi.

2415 3671 2520 3738 41.
2565 3671 2946 3756 E9redietur
2977 3676 3188 3737 autem
3229 3693 3272 3736 a
3316 3676 3373 3736 te
3413 3672 3566 3752 ipse,
3615 3676 3671 3736 et
3711 3671 3889 3736 liberi
3932 3673 4068 3736 eius
4108 3691 4249 3737 cum
4282 3690 4367 3750 00,

2418 3779 2494 3825 ac
2533 3762 2873 3823 revertetur
2915 3757 3000 3822 ad
3038 3757 3359 3839 familiam
3397 3777 3584 3822 suam
3597 3808 3612 3837 ,
3670 3762 3727 3822 et
3783 3758 3869 3823 ad
3918 3756 4369 3840 possessionem

2403 3849 2672 3926 patrum
2714 3862 2974 3909 suorum
3013 3848 3367 3909 revertetur.
3455 3843 3561 3908 42.
3626 3841 3791 3909 Sunt
3829 3844 3995 3909 enim
4036 3844 4204 3907 servi
4244 3841 4371 3906 mei

2415 3950 2572 4012 0000
2612 3931 2806 3996 eduxi
2846 3949 2879 3994 0
2921 3933 3091 3995 terra
3132 3929 3435 4012 Aeyypti:
3478 3949 3601 3993 non
3642 3930 3979 3995 vendentur
4020 3928 4369 3994 venditione

2415 4015 2651 4081 servili.
2740 4014 2844 4080 43.
2908 4014 3059 4080 Non
3117 4014 3544 4080 dominaberis
3599 4014 3734 4081 illis
3775 4016 3933 4080 dure
3974 4015 4083 4080 sed
4124 4012 4371 4079 timebis

2415 4100 2785 4167 aDeotuo.
2874 4100 2979 4166 44.
3030 4098 3262 4166 Semne
3303 4107 3507 4166 antem
3547 4100 4214 4167 tausetancillatua
4257 4098 4368 4181 qui

2415 4192 2603 4253 erunt
2656 4187 2772 4252 tibi
2785 4239 2800 4267 ,
2857 4188 2935 4254 de
2980 4188 3270 4271 9011ιί000
3321 4191 3506 4252 erant
3557 4208 3719 4269 0000
3774 4191 3924 4253 sunt
3979 4187 4049 4252 in
4100 4186 4368 4252 circuitu

2415 4278 2633 4354 vestro,
2676 4294 2755 4339 ex
2788 4274 2883 4339 eis
2915 4275 3127 4340 emetis
3160 4292 3410 4339 servum
3443 4278 3502 4339 et
3530 4273 3845 4339 ancillam.
3909 4271 4012 4338 45.
4061 4271 4148 4337 Et
4180 4271 4370 4336 etiam

2415 4361 2494 4426 de
2532 4360 2693 4442 filiis
2733 4359 3084 4426 incolarum
3127 4360 3239 4442 qni
3271 4363 3604 4425 versantur
3645 4360 3820 4440 apud
3860 4379 3985 4439 000,
4027 4357 4273 4424 emetis.-
4313 4362 4369 4422 et

2414 4446 2493 4512 de
2531 4445 2791 4528 familia
2834 4466 3044 4512 eorum
3096 4447 3207 4528 qui
3257 4445 3432 4527 apud
3472 4465 3579 4510 000
3612 4450 3771 4525 sunt,
3815 4465 3971 4529 0000
3999 4463 4369 4526 procreave-

2415 4536 2568 4597 runt
2610 4533 2681 4597 in
2722 4537 2891 4597 terra
2932 4536 3169 4597 vestra:
3225 4535 3521 4614 eruntque
3562 4530 3734 4596 vobis
3774 4533 3847 4595 in
3893 4531 4364 4614 possessionem.

2416 4618 2520 4683 46.
2583 4617 2672 4683 Et
2726 4619 2866 4682 iure
2928 4616 3353 4683 haereditario
3404 4615 3810 4697 possidebitis
3875 4637 3981 4681 000
4032 4638 4160 4700 pro
4208 4614 4370 4696 filiis

2415 4705 2642 4770 vestris
2664 4709 2816 4786 post
2846 4724 2974 4783 000,
3009 4703 3097 4769 ad
3117 4703 3569 4786 possidendum
3598 4703 4086 4786 possessionem.-
4126 4702 4197 4766 in
4218 4719 4367 4781 per-

2402 4794 2666 4872 petuam
2707 4790 2972 4855 utemini
3015 4809 3206 4872 opera
3246 4809 3485 4855 eorum:
3542 4789 3855 4873 fratribus
3897 4795 4104 4855 antem
4144 4786 4369 4851 vestris

2411 4875 2575 4957 filiis
2618 4876 2828 4941 Israel
2868 4876 3130 4958 quisque
3165 4875 3365 4959 fratri
3406 4895 3521 4941 000
3562 4895 3685 4941 non
3726 4875 4147 4941 dominabitur
4188 4871 4365 4937 dure.

2415 4961 2521 5027 47.
2572 4961 2648 5027 Si
2690 4968 2901 5028 autem
2956 4961 3477 5044 apprehenderint
3529 4981 3755 5027 manus
3784 4960 4108 5044 pereyo-ini
4151 4961 4208 5023 et
4249 4957 4367 5022 ad·

2415 5068 2606 5113 venae
2640 5049 2752 5130 qui
2795 5052 2884 5114 est
2927 5047 3103 5128 apud
3135 5052 3210 5127 te,
3257 5053 3313 5112 et
3355 5051 3712 5114 attenuatus
3750 5048 3949 5129 fuerit
3986 5044 4189 5126 frater
4221 5047 4369 5107 tuas

2413 5135 2528 5216 001·
2567 5134 2743 5217 apud
2782 5134 2966 5200 illum
2999 5138 3305 5213 versatur,
3348 5153 3535 5216 seque
3567 5133 3917 5198 vendiderit
3949 5129 4279 5212 pereyrino
4313 5132 4371 5226 et

2413 5220 2692 5286 advenae
2725 5221 2836 5302 qui
2880 5225 2970 5285 est
3002 5221 3179 5300 apud
3219 5225 3292 5295 te,
3326 5219 3422 5285 vel
3454 5220 3643 5302 stirpi
3688 5215 3977 5300 familiae
4018 5215 4370 5299 pereyrim:

2413 5307 2519 5373 48.
2569 5306 2910 5387 Postquam
2952 5306 3304 5372 vendiderit
3344 5325 3430 5383 00,
3472 5304 3810 5387 redemptio
3843 5303 3963 5368 erit
3996 5304 4086 5368 ei:
4127 5320 4297 5367 unus
4336 5319 4370 5363 e

2410 5393 2723 5475 fratribus
2777 5392 2914 5458 eius
2966 5392 3224 5459 redimet
3276 5413 3443 5458 eum.-
3529 5389 3633 5457 49.
3701 5389 3838 5454 Aut
3879 5394 4160 5473 patmus
4213 5386 4368 5465 eius,
