4867 6150
306 440 431 507 649
1709 441 2198 508 SEPTIMUM
2248 443 2899 511 PRAEGEP'PUM.
4189 442 4321 509 650

305 612 514 680 Iudae
559 622 625 680 et
648 615 954 682 Thamar.
991 614 1190 702 (Gen.
1230 614 1333 693 38,
1359 612 1485 702 14).
1552 614 1696 679 Imo
1739 615 2073 680 communi
2115 616 2263 680 iure

308 702 607 785 gentium
645 703 875 767 mortis
908 722 1123 786 poena
1150 722 1407 784 semper
1443 698 1779 766 adulteriis
1813 701 2061 765 inflicta
2103 700 2262 765 fuit:

307 808 437 869 quo
511 790 770 871 turpius
832 797 931 853 est
993 790 1331 870 magisque
1388 785 1769 870 pudendum
1841 785 2261 861 Christianis,

310 894 444 938 non
502 874 749 939 imitari
808 873 1041 939 saltem
1099 874 1407 958 profanos
1462 872 1781 937 homines.
1866 872 2049 952 Lege
2092 872 2264 937 Iulia

303 980 439 1024 non
497 960 718 1026 minus
764 962 1052 1045 graviter
1096 979 1292 1041 quam
1338 960 1546 1042 ipsius
1588 956 1716 1022 Dei
1761 960 2034 1041 punitur
2077 957 2262 1023 adul-

304 1047 581 1111 terium:
629 1048 741 1130 qui
786 1069 856 1112 se
899 1045 1247 1112 venditant
1272 1043 1516 1110 Christi
1559 1045 1845 1121 nomine,
1893 1043 2055 1109 adeo
2097 1045 2262 1109 mol-

306 1131 403 1196 les
440 1142 597 1197 sunt
629 1133 1001 1211 acremissi,
1040 1141 1115 1196 ut
1137 1132 1252 1196 vix
1288 1131 1419 1196 levi
1454 1131 1881 1211 castigatione
1919 1140 2048 1194 tam
2076 1151 2259 1194 exse-

303 1217 550 1284 crabile
584 1219 907 1303 flagitium
953 1225 1271 1283 coercent.
1361 1219 1463 1282 Ao
1507 1238 1591 1281 ne
1638 1215 1851 1299 legem
1898 1217 2021 1284 Dei
2071 1216 2261 1280 abro-

307 1311 470 1389 gent
528 1304 772 1390 absque
830 1305 1074 1381 colore,
1134 1302 1498 1368 obtendunt
1555 1301 1806 1367 Christi
1864 1301 2257 1385 exemplum,

305 1391 416 1475 qui
473 1412 745 1456 uxorem
797 1389 1184 1467 adulteram,
1223 1410 1425 1479 quum
1469 1395 1644 1454 esset
1687 1386 2055 1471 lapidanda,
2100 1388 2260 1453 libe-

303 1498 446 1541 ram
490 1476 740 1542 dimisit
773 1475 939 1563 (Ioh.
968 1476 1027 1555 8,
1054 1474 1195 1561 11):
1236 1496 1486 1558 nempe,
1533 1475 1723 1540 sicuti
1758 1496 1829 1539 se
1864 1475 1931 1538 in
1970 1482 2258 1539 montem

306 1563 643 1643 subduxit,
689 1584 775 1627 ne
825 1584 944 1627 rex
979 1570 1314 1628 crearetur
1336 1560 1612 1626 aturba.
1672 1559 1862 1641 Quod
1901 1561 1954 1625 si
1993 1571 2256 1644 reputa·

303 1670 457 1713 mus
480 1671 642 1731 quas
662 1658 887 1732 partes
922 1648 1210 1713 iniunxit
1231 1656 1417 1730 pater
1440 1647 1785 1730 unigenito
1807 1645 1941 1711 filio
1964 1669 2099 1723 suo,
2123 1667 2256 1711 non

302 1735 690 1800 mirabimur
731 1735 1099 1801 vocationis
1141 1754 1297 1798 suae
1336 1731 1581 1797 finibus
1623 1734 1823 1797 fuisse
1858 1741 2258 1813 contentum,

306 1842 392 1885 ne
434 1821 669 1887 iudicis
711 1820 922 1885 officio
970 1822 1370 1903 fungeretur.
1461 1820 1664 1901 Atqui
1717 1819 1837 1884 hoc
1883 1818 2258 1901 exemplum

304 1915 722 1992 praepostere
758 1906 1066 1971 aemulati
1104 1913 1260 1970 sunt
1295 1905 1408 1988 qui
1447 1905 1762 1971 divinitus
1804 1904 2023 1990 gladio
2068 1914 2261 1969 erant

304 1994 540 2060 armati
599 1993 681 2059 ad
740 1991 1071 2076 punienda
1115 1992 1389 2057 scelera:
1450 2012 1607 2075 ergo
1649 2011 1895 2073 poenae
1941 1990 2258 2054 relaxatio

307 2101 392 2145 ex
447 2099 669 2145 crassa
726 2078 988 2144 inscitia
1033 2080 1352 2143 manavit.
1441 2076 1796 2143 Caeterum
1842 2078 2145 2160 quamvis
2188 2077 2257 2140 in

306 2167 446 2232 foro
506 2176 770 2230 terreno
823 2184 957 2229 non
1017 2184 1221 2247 aeque
1279 2164 1600 2247 puniatur
1657 2164 1784 2229 viri
1844 2183 1919 2228 ac
1962 2162 2260 2227 mulieris

303 2252 614 2336 perfidia:
681 2251 834 2335 quia
881 2259 1101 2315 tamen
1146 2260 1376 2315 mutuo
1418 2251 1596 2315 inter
1629 2269 1700 2315 se
1744 2248 2036 2315 obstricti
2083 2256 2257 2325 sunt,

303 2338 647 2420 utriusque
690 2335 940 2404 vindex
985 2337 1110 2401 erit
1153 2336 1354 2401 Deus.
1430 2334 1719 2418 Ideoque
1763 2334 1937 2418 apud
1982 2335 2261 2401 coeleste

302 2423 597 2488 tribunal
637 2423 820 2489 valet
863 2422 1056 2488 Pauli
1101 2422 1443 2502 sententia,
1489 2421 1591 2487 Ne
1636 2441 1707 2486 se
1749 2421 2033 2486 invicem
2079 2421 2258 2486 frau-

304 2507 463 2574 dent
521 2510 864 2593 coniuges:
909 2510 1063 2592 quia
1105 2508 1274 2572 sicut
1318 2528 1485 2573 uxor
1526 2506 1775 2591 proprii
1820 2508 2114 2590 corporis
2157 2508 2259 2572 ius

303 2619 441 2664 non
484 2595 702 2677 habet,
741 2595 837 2660 ita
881 2616 1001 2660 nec
1044 2592 1338 2659 vicissim
1375 2594 1652 2659 maritus
1686 2591 1784 2743 41.
1830 2592 1983 2658 Cor.
2031 2593 2089 2673 7,
2134 2591 2223 2679 4).

480 2681 583 2748 25.
637 2682 841 2764 Quum
892 2680 1091 2763 fuerit
1135 2679 1356 2763 puella
1408 2680 1598 2763 viryo.
1726 2699 1830 2744 am
1886 2679 2086 2744 latius
2143 2700 2258 2743 ex-

302 2767 601 2835 tenditur
632 2786 881 2851 poenae
916 2767 1252 2843 severitas,
1291 2765 1449 2830 dum
1485 2787 1725 2848 sponsa
1767 2773 2073 2832 censetur
2117 2766 2260 2830 loco

302 2856 561 2937 uxoris:
595 2854 792 2936 idque
827 2852 1078 2937 optima
1110 2852 1383 2929 ratione,
1423 2852 1578 2935 quia
1621 2852 1752 2916 iam
1798 2851 1990 2916 fidem
2041 2851 2255 2916 dedit:

303 2950 373 3008 et
414 2939 710 3025 perditae
752 2939 1265 3003 incontinentiae
1309 2939 1575 3020 signum
1620 2948 1751 3015 est,
1811 2937 2070 3021 puellae
2115 2938 2257 3001 ani-

301 3048 488 3094 mum
522 3047 562 3091 a
591 3045 850 3111 sponso,
883 3025 988 3091 cui
1014 3024 1319 3090 devincta
1341 3034 1461 3103 est,
1498 3024 1591 3089 sic
1614 3024 1905 3102 alienari,
1942 3033 2021 3088 ut
2044 3024 2258 3089 alieno

301 3115 756 3198 virginitatem
792 3131 980 3177 suam
1017 3113 1365 3193 prostituat
1409 3110 1759 3176 libandam.
1816 3111 2068 3176 Verum
2108 3110 2260 3192 quia

303 3208 498 3266 extra
540 3219 782 3263 noxam
828 3205 927 3263 est
971 3216 1134 3279 quae
1179 3198 1245 3261 vi
1290 3204 1590 3279 stuprata
1631 3197 1850 3280 fuerit,
1896 3197 2261 3262 absolvitur

303 3306 470 3370 quae
513 3285 584 3349 in
631 3305 791 3369 agro
835 3302 1150 3367 oppressa
1194 3281 1334 3358 fuit,
1382 3283 1532 3366 quia
1574 3281 1908 3366 probabile
1945 3292 2047 3348 est
2087 3282 2259 3347 invi-

303 3382 445 3438 tam
502 3370 950 3442 succubuisse,
1008 3388 1083 3433 eo
1128 3369 1296 3452 quod
1343 3369 1570 3451 procul
1617 3368 1872 3433 abesset
1916 3368 2256 3434 auxilium.

303 3458 457 3524 Etsi
514 3467 730 3522 autem
794 3455 876 3520 ad
928 3465 1189 3539 captum
1240 3454 1419 3519 rudis
1464 3454 1688 3538 populi
1733 3454 2261 3521 accommodatur

305 3565 552 3621 sermo,
610 3542 958 3609 consilium
1016 3550 1234 3605 tamen
1279 3540 1405 3606 Dei
1454 3540 1611 3625 fuit,
1671 3542 1810 3605 vim
1856 3562 1895 3605 a
1939 3561 2259 3606 consensu

306 3628 731 3714 distinguere.
809 3627 1044 3711 Itaque
1089 3627 1142 3691 si
1184 3628 1255 3691 in
1299 3626 1557 3691 aedium
1604 3648 1862 3693 recessu
1910 3626 2083 3693 unde
2126 3625 2258 3691 cla-

303 3737 450 3781 mor
484 3712 783 3781 exaudiri
825 3734 957 3778 non
1003 3721 1242 3795 posset,
1288 3732 1601 3795 oppressa
1644 3715 1859 3778 fuerat
1904 3712 2141 3797 puella,
2181 3713 2262 3776 li·

309 3802 523 3867 berari
571 3799 743 3866 haud
792 3797 986 3864 dubie
1029 3799 1241 3864 voluit
1273 3797 1478 3874 Deus,
1524 3800 1578 3863 si
1624 3799 1816 3864 modo
1859 3799 2113 3864 idoneis
2156 3798 2262 3862 in-

309 3887 496 3954 diciis
540 3906 615 3952 ac
657 3885 1053 3953 coniecturis
1096 3885 1541 3950 innocentiam
1585 3906 1772 3950 suam
1820 3885 2149 3969 probaret.

936 4228 1067 4295 EX
1110 4228 1294 4294 LEV
1306 4228 1400 4293 1⁷1¹
1445 4226 1643 4294 XIX.

482 4404 587 4469 20.
641 4403 762 4468 Vir
793 4404 856 4467 si
888 4401 1104 4467 coierit
1135 4421 1275 4466 cum
1309 4399 1573 4466 muliere
1606 4401 1770 4466 coitu
1802 4402 2063 4466 seminis
2101 4421 2261 4483 quae

303 4489 504 4574 fuerit
538 4489 771 4555 ancilla
806 4490 1176 4570 desponsata
1210 4488 1363 4562 vire,
1409 4507 1517 4551 nec
1548 4487 1908 4552 redimendo
1944 4487 2259 4568 redempta

303 4576 503 4659 fuerit
516 4627 531 4655 ,
599 4595 708 4640 nec
766 4574 963 4657 fuerit
1033 4573 1464 4641 manumissa.-
1530 4572 1853 4654 vapulatio
1924 4573 2060 4652 erit,
2133 4593 2261 4637 non

306 4662 676 4739 morientur,
721 4662 877 4742 quia
913 4680 1033 4726 non
1077 4665 1166 4725 est
1214 4659 1492 4724 libertate
1532 4660 1779 4724 donata.
1850 4659 1952 4723 21.
1980 4659 2266 4725 Adducet

311 4753 519 4814 autem
571 4746 961 4822 oblationem,
1010 4767 1134 4828 pro
1176 4746 1397 4812 delicto
1438 4764 1552 4809 suo
1597 4744 1861 4810 Iehovae
1905 4745 1991 4810 ad
2034 4746 2262 4809 ostium

307 4833 696 4899 tabernaculi
738 4834 1167 4910 conventioni&
1226 4833 1484 4897 arietem
1534 4852 1660 4913 pro
1703 4830 1934 4897 delicto.
2024 4831 2127 4896 22.
2176 4829 2266 4894 Et

309 4919 590 5002 expiabit
640 4938 779 4985 eum
837 4919 1123 4984 sacerdos
1172 4939 1298 5000 per
1340 4918 1597 4984 arietem
1632 4938 1752 4999 pro
1795 4917 2009 4982 delicto
2052 4937 2265 4982 coram

314 5004 571 5105 Iehova,
621 5025 856 5091 proper
901 5008 1220 5086 peccatum
1274 5024 1463 5069 suum
1518 5004 1681 5086 quod
1712 5005 2023 5086 peccavit.-
2064 5008 2119 5068 et
2160 5024 2260 5068 re-

309 5089 1718 5173 mtteteipeccatwnsuumquodpeccavit.

485 5264 633 5328 Etsi
690 5283 906 5329 coram
964 5262 1107 5326 Deo
1153 5259 1409 5325 nullum
1455 5270 1556 5326 est
1598 5262 1776 5327 inter
1817 5282 2042 5328 servos
2085 5274 2152 5327 et
2187 5262 2261 5325 li·

305 5349 503 5415 beros
539 5349 908 5430 discrimen,
953 5349 1019 5412 in
1059 5347 1421 5412 forensibus
1457 5361 1679 5412 tamen
1724 5346 1979 5416 iudiciis
2002 5347 2262 5414 diversa

2367 622 2467 681 est
2524 637 2755 681 eorum
2811 615 3124 681 conditio:
3183 638 3306 683 nec
3349 638 3507 682 vero
3546 620 3634 681 ‘ex
3678 617 3952 682 ancillae
3998 613 4320 681 adulterio

2367 709 2630 766 tantum
2673 702 2997 767 malorum
3044 705 3485 787 consequitur.
3553 704 3734 786 Ergo
3781 703 4082 786 quamvis
4105 713 4319 765 morte

2369 788 2644 872 dignum
2702 789 2789 852 sit
2845 790 3131 867 crimen,
3185 810 3307 875 pro
3365 789 3753 854 infirmitate
3819 800 4038 854 tamen
4087 788 4318 870 populi

2366 874 2715 958 mitigatur
2748 895 2979 958 poena,
3028 883 3101 940 ut
3137 877 3194 941 si
3228 877 3373 958 quis
3418 876 3723 940 ancillam
3770 875 4133 957 corruperit
4176 874 4321 937 viro

2368 958 2861 1042 desponsatam,
2924 960 3115 1026 ambo
3183 962 3515 1045 vapulent.
3603 960 3798 1033 Unde
3834 960 4194 1044 colligitur,
4263 960 4319 1023 si

2367 1047 2733 1112 concubina
2788 1068 2951 1129 quae
2996 1049 3126 1111 iam
3173 1048 3411 1112 marito
3456 1047 3896 1131 cohabitavit,
3941 1046 4137 1111 fuerit
4181 1054 4317 1110 stu-

2366 1145 2588 1214 prata,
2657 1134 2910 1198 censeri
2969 1133 3252 1216 capitale
3309 1134 3723 1199 adulterium.
3813 1133 4028 1199 Porro
4090 1152 4175 1195 ne
4233 1152 4320 1197 ex

2369 1217 2532 1302 legis
2590 1218 2904 1284 facilitate
2950 1220 3053 1284 vel
3100 1219 3513 1302 indulgentia
3555 1219 3719 1284 falso
3763 1227 4131 1285 statuerent
4174 1217 4318 1280 leve

2367 1324 2512 1369 esse
2558 1304 2886 1381 delictum,
2929 1303 3086 1370 huic
3128 1308 3329 1370 errori
3371 1307 3760 1389 tempestive
3793 1306 4159 1371 occurritur
4202 1324 4317 1367 ex-

2364 1391 2657 1472 piatione
2740 1390 3183 1474 superaddita.
3285 1390 3456 1455 Nam
3520 1393 3574 1457 si
3647 1390 4034 1456 verberibus
4089 1410 4321 1455 caesus

2366 1475 2582 1543 adhuc
2642 1477 3176 1543 reconciliatione
3235 1477 3523 1561 indiget,
3583 1478 3879 1561 sequitur
3936 1498 4069 1543 non
4123 1474 4322 1542 aesti-

2364 1563 2679 1628 mandum
2727 1584 2871 1629 esse
2915 1562 3182 1629 modum
3226 1560 3448 1628 delicti
3495 1584 3581 1627 ex
3624 1584 3854 1646 poena.

2980 1905 3114 1972 EX
3159 1903 3462 1972 EXODI
3506 1906 3701 1971 XXI.

2540 2079 2596 2144 7.
2648 2078 2854 2160 Quum
2886 2078 3232 2143 vendiderit
3264 2078 3583 2160 quispiam
3622 2076 3830 2159 filiam
3872 2098 4056 2143 suam
4098 2076 4170 2142 in
4211 2097 4327 2142 an-

2361 2164 2593 2243 cillam,
2667 2183 2788 2228 non
2858 2164 3206 2242 eqredietm·
3276 2163 3789 2245 quemadmodum
3855 2165 4066 2247 eyredi
4129 2162 4325 2227 solent

2362 2252 2547 2319 servi.
2615 2251 2675 2317 8.
2719 2249 2793 2314 Si
2832 2249 3226 2332 displicuerit
3259 2249 3403 2315 hero
3444 2269 3578 2321 suo,
3623 2269 3732 2313 nec
3765 2249 3888 2316 san·
3926 2250 4327 2331 desponderit

2363 2359 2503 2405 eam
2518 2388 2534 2415 ,
2590 2336 3020 2404 redimendam
3078 2335 3354 2400 curabit.-
3387 2335 3628 2417 populo
3671 2335 3872 2400 alieno
3917 2354 4042 2401 non
4083 2335 4325 2401 habebit

2352 2427 2721 2507 potestatem
2759 2421 3063 2487 vendendi
3099 2440 3256 2499 eam,
3293 2441 3485 2502 quum
3518 2422 3822 2502 spreverit
3854 2441 4009 2487 eam.
4057 2422 4116 2487 9.
4148 2421 4323 2502 Quod

2363 2511 2424 2575 si
2455 2510 2592 2591 filio
2623 2528 2737 2574 suo
2771 2508 3166 2592 desponderit
3201 2527 3357 2587 eam,
3392 2506 3732 2573 secumdum
3765 2527 3997 2573 morem
4035 2508 4324 2588 filiarum

2359 2596 2551 2678 faciet
2592 2595 2670 2681 ei.
2764 2594 2865 2659 10.
2918 2591 2993 2657 Si
3051 2594 3250 2659 aliam
3308 2593 3612 2674 acceperit
3652 2592 3794 2669 sibi,
3842 2592 4204 2658 alimentum
4248 2591 4324 2656 it-

2361 2683 2523 2759 liuS,
2583 2682 3028 2763 operimentum
3068 2679 3251 2745 illius
3272 2730 3288 2759 ,
3346 2684 3403 2744 et
3443 2678 3935 2745 constitutionem
3977 2678 4157 2743 illius
4199 2698 4326 2743 non

2361 2769 2684 2834 diminuet.
2762 2766 2863 2831 11.
2908 2766 3085 2847 Quod
3118 2767 3180 2830 si
3221 2765 3352 2830 tria
3393 2764 3544 2830 haec
3584 2785 3710 2829 non
3747 2766 3962 2846 fecerit
3994 2765 4114 2844 illi,
4160 2784 4327 2848 cyre-

2362 2855 2569 2919 dietur
2605 2854 2812 2936 qratia
2851 2850 3084 2933 absque
3126 2856 3394 2934 aryenta

2534 3024 2643 3090 Ex
2687 3022 2811 3091 hoc
2853 3022 3014 3104 loco,
3081 3022 3274 3088 sicuti
3321 3028 3389 3087 et
3432 3043 3517 3088 ex
3563 3023 3706 3088 aliis
3752 3020 4095 3103 similibus,
4141 3030 4329 3106 patet

2364 3132 2559 3197 quam
2604 3110 2818 3175 multa
2862 3110 3031 3174 vitia
3084 3111 3154 3173 in
3213 3109 3453 3193 populo
3507 3108 3622 3173 illo
3668 3108 4011 3175 toleranda
4053 3109 4321 3175 fuerint.

2362 3199 2647 3265 Liberos
2706 3195 2995 3262 vendero
3053 3204 3129 3259 ut
3185 3203 3407 3278 patres
3470 3194 3582 3262 ino
3630 3196 3733 3260 iae
3777 3216 3935 3260 suae
3980 3216 4323 3262 succurre-

2361 3294 2548 3364 rent,
2615 3302 2886 3366 prorsus
2950 3282 3302 3348 barbarum
3369 3281 3500 3346 fuit
3519 3331 3536 3359 ,
3668 3303 3753 3346 on
3820 3282 4039 3364 potuit
4102 3292 4321 3345 tamen

2364 3370 2524 3436 illud
2592 3370 2830 3452 corrigi
2899 3376 2975 3432 ut
3036 3366 3396 3452 optandum
3464 3375 3624 3432 erat.
3714 3366 3973 3433 Deinde
4039 3370 4325 3433 sanctior

2365 3478 2509 3522 esse
2565 3455 2792 3521 debuit
2850 3454 3140 3538 coniugii
3196 3451 3392 3529 fides,
3453 3472 3648 3536 quam
3708 3461 3786 3519 ut
3828 3454 4106 3519 liberum
4152 3463 4326 3519 esset

2366 3542 2650 3618 domino,
2697 3549 3045 3624 postquam
3089 3539 3211 3604 sibi
3259 3538 3566 3605 ancillam
3610 3540 3681 3605 in
3726 3560 4000 3605 uxorem
4047 3540 4327 3624 despon-

2365 3628 2571 3706 derat,
2619 3647 2763 3691 eam
2809 3626 3119 3693 abiicere:
3167 3625 3473 3691 similiter
3516 3646 3659 3690 eam
3707 3624 3820 3690 ubi
3863 3626 4000 3690 filio
4045 3625 4324 3709 despon-

2367 3715 2571 3791 derat,
2617 3714 2882 3778 irritum
2926 3712 3145 3777 facere
3188 3721 3450 3795 pactum
3471 3763 3485 3789 ,
3552 3712 3724 3794 quod
3768 3711 4151 3776 inviolabile
4204 3721 4324 3777 est.

2370 3800 2648 3884 Semper
2690 3799 2866 3863 enim
2911 3798 3136 3882 vigere
3181 3796 3406 3863 debuit
3448 3798 3837 3882 principium
3883 3797 4077 3862 illud:
4141 3798 4326 3880 Quos

2367 3889 2552 3952 Deus
2595 3884 2964 3963 coniunxit,
3026 3885 3221 3948 homo
3286 3905 3421 3949 non
3465 3892 3741 3967 separet.
3835 3886 4037 3967 Atqui
4083 3885 4322 3949 horum

2368 3973 2669 4039 omnium
2729 3969 2906 4036 facta
2962 3971 3084 4034 fuit
3143 3969 3414 4035 libertas
3469 3972 3675 4035 veteri
3731 3970 4000 4053 populo:
4063 3979 4323 4036 tantum

2366 4059 2479 4124 hic
2542 4059 2803 4123 miseris
2867 4056 3106 4140 puellis
3172 4066 3474 4134 cavetur,
3551 4077 3638 4120 ne
3704 4076 3852 4121 cum
3917 4055 4193 4121 infamia
4257 4063 4324 4120 et

2370 4146 2611 4211 damno
2665 4143 2993 4227 repulsam
3046 4142 3281 4207 ferant.
3389 4142 3536 4207 Etsi
3594 4151 3811 4207 autem
3870 4143 3939 4206 in
3997 4141 4325 4226 exigenda

2414 4251 2579 4296 oena
2623 4230 2960 4294 remissior
3002 4236 3105 4293 est
3148 4228 3365 4305 Deus,
3426 4235 3748 4311 quatenus
3806 4237 4028 4292 tamen
4072 4227 4327 4293 ferebat

2367 4253 2643 4382 durities
2679 4314 2921 4399 populi,
2958 4316 3326 4379 castitatem
3364 4314 3486 4379 sibi
3521 4313 3782 4397 placere
3822 4314 4127 4380 ostendit.
4174 4315 4324 4379 Pri-

2366 4424 2550 4468 mum
2621 4401 2779 4466 hero
2837 4421 2964 4465 non
3021 4401 3348 4483 permittit
3405 4399 3713 4466 ancillam
3769 4400 3980 4482 pretio
4034 4409 4322 4484 emptam

2367 4499 2700 4572 stuprare:
2746 4508 2979 4551 verum
3025 4486 3083 4550 si
3128 4487 3271 4552 eius
3316 4486 3667 4552 concubitu
3756 4487 3907 4550 otiri
3943 4497 4141 4569 optat,
4178 4486 4328 4552 vult

2365 4575 2747 4659 coniugium
2770 4572 3192 4638 intercedere.
3258 4570 3434 4658 [Etsi
3478 4571 3652 4636 enim
3744 4572 3962 4637 isertis
4000 4574 4221 4638 verbis
4254 4572 4325 4637 id

2366 4683 2497 4726 non
2536 4659 2837 4743 explicat,
2883 4681 2964 4722 ex
3002 4679 3078 4722 eo
3114 4667 3333 4723 tamen
3372 4656 3546 4741 quod
3583 4658 3871 4736 damnat,
3919 4663 4322 4725 contrarium

2366 4747 2629 4833 probari
2673 4744 2981 4828 colligere
3021 4743 3223 4832 licet].
3312 4742 3461 4825 Quo
3505 4743 3825 4808 refellitur
3868 4765 4098 4810 eorum
4144 4765 4322 4812 com-

2368 4843 2664 4898 mentum
2727 4832 2838 4914 qui
2898 4832 3359 4896 scortationem
3431 4829 3555 4894 sub
3614 4829 3760 4913 lege
3817 4830 4061 4898 licitam
4121 4832 4322 4896 fuisso

2366 4919 2621 4985 volunt.
2729 4915 2863 4984 Sed
2912 4919 3118 4982 verba
3166 4927 3435 5000 propter
3491 4914 3988 5000 ambiguitatem
4056 4918 4321 5000 propius

2367 5003 2758 5071 excutienda
2803 5011 2976 5068 sunt.
3050 5002 3277 5067 Primo
3323 5000 3704 5068 sublevatur
3747 5023 3961 5076 sexuS,
4010 5011 4083 5067 ut
4124 5002 4321 5086 paulo

2365 5091 2718 5156 humanior
2772 5089 2859 5154 sit
2911 5088 3168 5171 puellae
3224 5108 3420 5171 quam
3460 5088 3736 5154 masculi
3797 5087 4108 5154 conditio:
4167 5090 4321 5172 quia

2366 5177 2607 5260 alioqui
2654 5174 3067 5240 imbecillitas
3123 5175 3383 5240 iniuriis
3420 5184 3486 5238 et
3521 5177 3779 5257 probris
3813 5172 4130 5239 obnoxias
4171 5174 4320 5239 red-

2367 5262 2569 5329 deret.
2616 5261 2933 5344 Sequitur
2976 5260 3212 5326 deinde
3256 5261 3604 5344 explicatio
3646 5261 3714 5324 in
3764 5281 3892 5343 qua
3934 5270 4153 5324 tamen
4200 5282 4318 5326 va-

2367 5349 2546 5413 riant
2596 5349 3007 5430 interpretes.
3058 5347 3226 5411 Nam
3272 5346 3662 5429 particulam
3709 5329 3794 5414 &¹7
3850 5366 4015 5429 quae
4059 5348 4320 5430 proprie
