4867 6150
326 419 443 486 373

327 609 591 676 tentiam
657 608 780 672 sibl
839 607 911 671 in
977 608 1178 672 finem
1245 627 1454 689 usque
1514 614 1771 688 praesto
1837 606 2004 684 fore,
2071 627 2268 688 quam

269 776 274 783 ,
327 696 574 778 experti
634 693 893 759 fuerant
952 705 1173 777 patres
1230 713 1432 776 quum
1491 691 1814 775 redempti
1871 691 2129 756 fueraut
2188 714 2271 758 ex

325 784 420 849 Ae
469 804 508 849 v
560 790 643 843 to.

423 803 555 932 ἐξ
599 862 689 931 Et
711 886 902 949 quum
941 864 1351 931 occurreritis.
1402 863 1636 928 Partes
1661 861 2058 928 exhortandi
2083 883 2269 927 man-

326 954 435 1020 dat
494 953 675 1017 Deus
741 950 1187 1017 sacerdotibus
1243 948 1359 1015 ubi
1419 949 1500 1014 ad
1559 949 1937 1015 conflictum
1999 959 2268 1014 ventum

325 1040 540 1106 fuerit.
631 1039 736 1103 Ex
801 1036 1017 1103 verbis
1075 1047 1294 1102 autem
1354 1035 1724 1119 colligimus
1769 1035 2056 1118 pendere
2098 1032 2270 1099 hanc

323 1125 714 1192 sententiam
760 1144 799 1188 a
845 1124 1053 1206 primo
1099 1132 1465 1205 praecepto,
1511 1122 1664 1204 quia
1699 1121 1865 1186 nihil
1901 1120 2079 1186 aliud
2117 1142 2269 1187 con-

319 1214 535 1277 tinent
576 1232 770 1293 quam
819 1221 894 1274 ut
936 1208 1235 1275 sacerdos
1280 1208 1526 1272 animet
1569 1207 1905 1273 Israelitas
1962 1206 2045 1272 ad
2100 1205 2267 1271 fidu-

318 1301 515 1378 ciam,
583 1297 768 1362 cuius
825 1296 1102 1360 materia
1169 1295 1551 1378 proponitur
1611 1292 1737 1358 Dei
1804 1293 2126 1358 auxilium
2201 1293 2269 1356 in

317 1382 642 1452 servanda
685 1393 750 1447 et
794 1382 1055 1447 assidue
1098 1378 1537 1464 protegenda,
1597 1399 1792 1462 quam
1838 1379 2038 1444 semel
2085 1376 2269 1443 rede-

318 1473 458 1548 mit,
506 1468 796 1535 ecclesia.
885 1468 1097 1532 Porro
1138 1488 1269 1532 non
1317 1487 1451 1532 uno
1494 1476 1756 1530 tantum
1822 1464 2017 1531 verbo
2062 1486 2173 1531 eos
2231 1484 2272 1528 a

317 1570 498 1622 metu
544 1566 835 1621 revocat:
882 1554 993 1618 sed
1044 1553 1232 1636 plura
1274 1552 1468 1617 simul
1508 1551 1830 1634 congerit:
1876 1552 1980 1635 Ne
2015 1551 2273 1616 molles-

318 1656 425 1711 cat
469 1663 583 1707 cor
628 1649 943 1717 vestrum,
1006 1661 1089 1704 ne
1134 1639 1467 1722 metuatis,
1516 1658 1599 1701 ne
1644 1638 2129 1720 expavescatis,
2187 1657 2272 1700 ne

314 1728 696 1795 formidetis.
788 1726 937 1807 Quo
997 1746 1344 1790 monemur
1387 1744 1582 1807 quam
1630 1723 1890 1789 difficile
1951 1723 2038 1789 sit
2082 1723 2271 1788 vitio-

317 1838 461 1882 sum
514 1816 818 1878 timorem
864 1813 1213 1896 corrigere,
1259 1811 1367 1893 qui
1409 1810 1609 1874 variis
1654 1809 1982 1876 machinis
2017 1808 2272 1875 animos

314 1914 576 1966 nostros
621 1900 908 1965 concutit
952 1920 1027 1964 ac
1071 1896 1436 1982 perturbat,
1484 1917 1568 1960 ne
1609 1895 1681 1959 in
1727 1895 1869 1961 Deo
1912 1896 2271 1980 quiescant.

314 1989 407 2054 Et
451 1997 634 2052 certe
678 1985 926 2071 singuli
971 1984 1380 2068 experimur,
1441 1990 1578 2047 tam
1642 1983 1842 2047 variis
1902 1980 2275 2067 agitationi-

315 2073 438 2139 bus
487 2094 611 2137 nos
655 2073 889 2136 vexari
948 2081 1025 2136 ut
1083 2067 1426 2151 multiplici
1483 2066 1771 2134 remedio
1826 2089 1992 2152 opus
2045 2067 2132 2133 sit
2190 2065 2274 2132 ad

313 2156 783 2226 stabiliendam
852 2157 1048 2222 fidem
1115 2166 1426 2220 nostram.
1537 2153 1842 2219 Notanda
1909 2154 2107 2219 etiam
2173 2161 2275 2218 est

308 2246 665 2313 familiaris
731 2243 1085 2327 explicatio
1192 2239 1553 2306 raesentiae
1610 2238 1773 2318 Dei,
1841 2239 2016 2324 quod
2077 2239 2275 2305 simul

308 2332 579 2399 incedet
624 2352 772 2396 cum
819 2329 1057 2414 populo
1103 2264 1186 2392 ag
1243 2346 1394 2391 eum
1439 2325 1867 2391 servandum:
1930 2347 2163 2409 nempe
2220 2324 2277 2391 si

310 2441 447 2485 non
526 2439 646 2481 sua
711 2416 933 2500 culpa,
1006 2412 1118 2481 sed
1186 2413 1433 2477 iniusta
1500 2412 1786 2478 hostium
1853 2414 2275 2497 aggressione

307 2505 755 2589 periclitetur.

959 2843 1093 2909 EX
1133 2842 1485 2910 NUMER.
1530 2840 1618 2906 X.

480 3021 549 3087 1.
595 3015 684 3085 Et
743 3017 1034 3100 loquutus
1086 3020 1177 3081 est
1233 3012 1466 3081 Iehova
1522 3013 1607 3080 ad
1652 3012 1908 3095 Mosen,
1976 3011 2275 3080 dicendo:

293 3110 357 3176 2.
410 3107 563 3174 Fac
604 3105 721 3171 tibi
762 3105 926 3170 duas
968 3101 1152 3168 tubas
1195 3106 1551 3185 arqenteas:
1593 3120 1774 3182 opere
1813 3100 2036 3167 ductili
2073 3100 2273 3183 facies

289 3196 493 3262 illas.-
557 3213 717 3274 quae
773 3191 902 3256 sint
955 3189 1068 3254 tibi
1123 3188 1210 3254 ad
1264 3187 1747 3252 convocationem
1787 3192 2019 3265 coetus,
2076 3191 2134 3252 et
2188 3186 2275 3252 ad

289 3287 524 3349 eastra
570 3274 991 3344 movenda.=3.
1044 3274 1250 3356 Quum
1295 3272 1574 3357 clanyent
1616 3272 1773 3354 illis,
1821 3272 2270 3357 conyreqabun-

288 3374 403 3434 tur
460 3365 564 3432 ad
619 3370 676 3429 te
734 3381 942 3426 omnes
997 3365 1201 3426 coetus
1267 3360 1351 3425 acl
1394 3360 1619 3424 ostium
1660 3358 2047 3427 tabernaculi
2072 3366 2077 3372 '
2104 3358 2271 3424 testi-

287 3454 528 3520 monii.
620 3450 681 3515 4.
743 3446 818 3512 Si
859 3466 1003 3511 vero
1044 3466 1174 3511 una
1220 3445 1585 3522 clanxerint,
1630 3446 2155 3530 conyreyabuntur
2188 3444 2275 3510 ad

291 3546 352 3607 te
387 3538 759 3623 principes,
803 3533 1014 3614 capita
1056 3531 1331 3597 millium
1376 3529 1669 3596 Israelis,
1734 3530 1794 3597 5.
1847 3530 1924 3596 Si
1942 3552 2085 3596 vero
2106 3531 2276 3597 clan-

289 3627 541 3692 aeerctis
584 3642 725 3689 cum
770 3618 1147 3695 iubilatione,
1181 3617 1654 3700 proficiscentur
1686 3623 1896 3683 castra
1932 3638 2143 3682 eorum
2164 3616 2276 3699 qui

291 3711 839 3777 castrametantur
881 3705 967 3770 acl
1019 3703 1350 3769 Orientem.
1418 3702 1477 3768 6.
1532 3703 1738 3785 Quum
1782 3709 1990 3769 autem
2031 3702 2276 3770 clanxe—

285 3799 450 3863 ritis
495 3814 648 3861 cum
689 3791 1055 3858 iubilatione
1088 3791 1371 3868 secundo,
1414 3794 1547 3854 tum
1572 3789 2048 3870 proficiscentur
2068 3794 2276 3854 castra

287 3903 527 3948 eorum
572 3878 686 3962 qui
725 3880 1244 3943 castrametantur
1283 3876 1369 3941 ad
1413 3875 1752 3940 Meridiem
1768 3928 1785 3955 ,
1853 3896 1993 3942 cum
2049 3874 2275 3940 iubila-

285 3970 465 4036 tione
517 3967 800 4049 clanyent
840 3964 906 4029 in
944 3960 1435 4044 profectionibus
1477 3963 1633 4027 suis.
1728 3962 1784 4027 7.
1834 3962 2092 4044 Quando
2135 3981 2275 4026 vero

497 4052 766 4136 eyabitis
807 4053 1056 4126 coetum,
1091 4048 1388 4130 clangetis
1403 4098 1418 4126 ,
1473 4049 1581 4113 sed
1621 4048 1853 4131 absque
1895 4048 2274 4113 iubilatione.

295 4143 361 4209 8.
419 4139 603 4206 Filii
647 4141 857 4203 autem
900 4134 1167 4200 Aharon
1208 4135 1552 4199 sacerdotes
1584 4133 1865 4217 clanyent
1906 4132 2071 4199 tubis
2123 4132 2274 4210 illis,

297 4231 630 4306 eruntque
703 4221 874 4288 vobis
948 4221 1018 4284 in
1094 4224 1393 4285 statutum
1441 4224 1814 4302 perpetuum
1864 4241 1989 4301 per
2049 4223 2277 4284 aetates

291 4318 586 4381 vestras.
675 4309 736 4373 9.
785 4306 873 4372 Et
913 4306 1160 4389 quando
1202 4306 1461 4370 venietis
1518 4305 1606 4370 ad
1632 4306 1951 4387 proelium
1995 4307 2065 4371 in
2106 4310 2277 4370 terra

291 4405 527 4465 vestra
577 4400 792 4460 contra
833 4392 1062 4458 hostem
1100 4395 1372 4457 vestrum
1409 4392 1520 4474 qui
1561 4411 1666 4456 vos
1708 4391 1959 4476 affliqet,
1995 4411 2137 4457 cum
2178 4391 2276 4456 iio-

290 4485 626 4553 bilatione
667 4480 961 4563 clanyetis
1015 4477 1180 4542 tubis
1222 4477 1389 4544 illis.-
1451 4482 1508 4542 et
1547 4478 1887 4543 recordatio
1929 4478 2122 4544 veswi
2163 4476 2282 4541 erit

291 4590 542 4638 coram
607 4566 835 4632 Iehova
884 4564 1021 4630 Deo
1075 4569 1302 4641 vestro,
1362 4568 1434 4628 ut
1476 4564 1810 4628 servemini
1866 4564 1945 4629 ab
2002 4563 2281 4629 hostibus

291 4657 575 4725 vestris.
645 4653 744 4718 10.
783 4650 913 4716 Die
944 4669 1182 4734 quoque
1222 4648 1495 4715 laetitiae
1527 4654 1779 4726 vestrae,
1825 4655 1882 4715 et
1912 4651 1986 4715 in
2018 4649 2280 4714 solenni-

291 4743 573 4810 tatibus
624 4738 876 4814 vestriS,
942 4742 999 4802 et
1050 4738 1121 4802 in
1163 4735 1511 4818 principiis
1567 4736 1876 4801 mensium
1934 4739 2281 4801 vestrorum

292 4827 638 4913 clanyetis
700 4823 867 4890 tubis
921 4822 1057 4888 illis
1109 4841 1299 4903 super
1344 4821 1713 4897 holocausta,
1758 4824 1811 4885 et
1852 4841 2045 4902 super
2086 4820 2282 4885 sacri-

286 4917 465 5000 ficia
502 4910 1015 4996 prosperitatum
1054 4913 1405 4974 vestrarum
1419 4958 1437 4991 ,
1480 4912 1548 4973 ut
1600 4909 1727 4974 sint
1764 4906 1937 4973 vobis
1978 4908 2045 4972 in
2086 4926 2282 4972 reeor-

292 5003 654 5070 dationem
695 5015 901 5063 coram
943 4992 1081 5060 Deo
1124 4998 1352 5060 vestro:
1429 5015 1535 5079 eqo
1578 4992 1808 5060 Iehova
1850 4992 2031 5060 Deus
2070 4997 2282 5059 vester.

497 5172 573 5235 2.
626 5168 759 5234 Fac
798 5167 910 5233 tibi
943 5167 1107 5232 duas
1135 5165 1334 5232 tubas.
1394 5166 1623 5231 Merit-o
1660 5164 1740 5230 ad
1779 5166 2064 5248 primum
2102 5186 2281 5248 prae-

293 5271 607 5345 ceptum
637 5256 953 5319 attexitur
973 5253 1156 5319 locus
1202 5253 1280 5316 de
1325 5253 1500 5317 tubis
1545 5253 1893 5335 argenteis,
1944 5272 2109 5334 quae
2153 5251 2282 5316 col-

293 5341 644 5414 lectionis
685 5344 943 5426 signum
992 5339 1253 5418 dabant,
1299 5349 1371 5403 ut
1413 5340 1690 5423 populus
1734 5360 1992 5421 semper
2036 5335 2117 5402 ad
2154 5336 2286 5403 Dei

1794 414 2173 483 PRIMUM
2218 416 2866 485 PRAEOEPTUM.

4196 417 4328 484 374

2375 626 2601 671 vocem
2646 615 2713 672 et
2756 616 2990 672 nutum
3039 607 3334 675 intentus
3378 618 3567 675 esset.
3621 607 3891 674 .Voluit
3925 608 4101 674 enim
4138 609 4326 677 Deus

2373 713 2599 758 earum
2645 693 2954 777 clangore
3011 695 3266 760 moveri
3320 694 3682 774 Israelitas,
3742 716 4128 779 quocunque
4174 717 4323 779 per-

2371 774 2659 863 gendum
2698 787 2890 858 esset,
2936 801 3017 845 ne
3061 780 3215 863 quid
3241 780 3513 865 aggredi
3534 780 3854 847 auderent
3874 794 4013 847 tam
4046 780 4115 845 in
4153 780 4324 849 bello

2371 886 2571 947 quam
2627 867 2700 929 in
2758 885 2951 948 pace,
3005 866 3137 931 nisi
3181 866 3380 932 ductu
3426 888 3571 946 su0,
3635 877 3701 933 et
3744 868 3929 950 quasi
3996 868 4322 950 auspiciis.

2371 951 2643 1035 Triplex
2681 960 2899 1016 autem
2938 951 3063 1016 fuit
3098 972 3325 1018 earum
3369 973 3545 1031 usus,
3594 974 3829 1037 nempe
3865 952 4180 1036 populum
4217 954 4324 1021 vel

2371 1036 2571 1103 duces
2614 1057 2944 1103 accersere
2990 1037 3071 1103 ad
3109 1053 3476 1104 conventus
3512 1038 3826 1124 publicos,
3875 1060 4131 1105 armare
4166 1062 4323 1106 con-

2370 1133 2474 1187 tra
2499 1123 2734 1202 hostes,
2781 1125 2971 1188 tertio
3007 1123 3341 1190 sacrificiis
3365 1146 3439 1190 ae
3463 1123 3690 1191 diebus
3713 1123 3897 1190 festis
3919 1126 4319 1208 praecinere.

2369 1207 2607 1274 Videri
2629 1206 2891 1293 quidem
2918 1211 3128 1292 potuit
3156 1209 3318 1276 illud
3357 1210 3715 1276 absurdum
3753 1210 3855 1276 vel
3892 1212 4115 1276 minus
4139 1209 4325 1279 deco-

2370 1316 2555 1375 rum,
2613 1295 2981 1361 sacerdotes
3024 1316 3245 1361 creare
3291 1296 3648 1376 tubicines,
3707 1298 3862 1379 quia
3913 1296 3982 1361 in
4022 1296 4143 1363 hoc
4187 1299 4326 1363 offi-

2372 1381 2473 1447 cio
2517 1380 2738 1446 nullus
2784 1393 2925 1446 erat
2960 1380 3267 1464 splendor
3305 1381 3410 1447 vel
3446 1381 3759 1467 dignitas:
3807 1381 3919 1448 sed
3954 1383 4163 1448 voluit
4200 1385 4323 1451 hoc

2373 1466 2567 1532 modo
2613 1476 2881 1551 tangere
2927 1467 3158 1533 maiori
3200 1471 3573 1534 reverentia
3629 1468 3850 1553 populi
3906 1470 4189 1535 animos:
4248 1482 4323 1535 ut

2372 1552 2627 1618 cunctis
2699 1552 3061 1619 actionibus
3125 1554 3415 1637 praeiret
3490 1552 3901 1620 sacerdotum
3981 1555 4321 1623 autoritas.

2371 1637 2603 1722 Neque
2647 1640 2820 1704 enim
2868 1639 3112 1705 servile
3156 1640 3287 1706 illis
3336 1662 3576 1706 munus
3618 1641 3989 1706 iniunctum
4034 1640 4191 1720 fuit,
4251 1653 4327 1708 ut

2373 1724 2586 1790 alieno
2633 1725 2905 1791 arbitrio
2950 1726 3143 1791 tubas
3186 1727 3526 1792 inflarent:
3575 1725 3692 1793 sed
3735 1726 3954 1809 potius
3988 1748 4100 1793 eos
4134 1748 4325 1811 prae-

2373 1810 2528 1877 fecit
2592 1810 2786 1877 rebus
2856 1810 3173 1888 gerendis,
3240 1833 3326 1877 ne
3387 1811 3570 1896 plebs
3634 1833 3825 1877 caeco
3868 1812 4153 1896 impetu,
4221 1814 4327 1880 vel

2327 1896 2336 1907 ”
2373 1896 2811 1975 festinatione,
2854 1907 3223 1963 conventus
3245 1919 3398 1964 suos
3421 1899 3848 1963 tumultuarie
3871 1909 4115 1984 ageret,
4160 1901 4325 1984 quin

2376 1985 2595 2067 potius
2639 1983 2773 2049 illic
2817 1982 3095 2069 gradum
3143 2006 3336 2049 suum
3389 1994 3641 2049 teneret
3696 1984 4041 2063 modestia,
4103 1987 4323 2070 gravi-

2377 2086 2496 2149 tas,
2541 2077 2608 2134 et
2653 2067 3027 2135 moderati0.
3073 2068 3336 2136 Scimus
3382 2070 3450 2135 in
3498 2069 3774 2154 negotiis
3820 2071 4097 2137 terrenis
4132 2093 4326 2156 saepe

2376 2154 2595 2220 Deum
2644 2176 2773 2220 non
2819 2155 3092 2239 respici,
3152 2156 3266 2222 sed
3326 2155 3625 2239 neglecto
3680 2155 3823 2221 eius
3883 2155 4077 2222 verbo
4122 2159 4322 2223 confi-

2378 2240 2611 2306 denter
2653 2241 2887 2325 agitari
2929 2241 3212 2308 consilia.
3257 2242 3441 2326 Ergo
3477 2263 3592 2324 per
3635 2241 4003 2309 sacerdotes
4046 2251 4326 2311 testatus

2377 2339 2478 2392 est
2543 2326 2921 2392 maledictos
2976 2349 3119 2393 esse
3175 2349 3403 2393 omnes
3455 2337 3850 2406 conventus,
3908 2327 4037 2393 nisi
4092 2328 4326 2412 quibus

2376 2420 2728 2496 praeesset.
2817 2413 3218 2479 Habuerunt
3270 2413 3468 2479 etiam
3525 2413 3838 2497 profanae
3894 2421 4125 2498 gentes
4170 2437 4326 2481 suos

2378 2500 2564 2577 ritus,
2608 2510 2683 2564 ut
2707 2500 3002 2584 auguria,
3038 2501 3465 2582 precationes,
3504 2499 3967 2583 aruspicinam,
3991 2500 4322 2567 victimas:

2377 2586 2533 2669 quia
2591 2596 2867 2652 naturae
2925 2607 3156 2651 sensus
3209 2584 3514 2664 dictabat,
3576 2585 3741 2649 nihil
3797 2605 3990 2667 posse
4047 2585 4328 2653 feliciter

2379 2671 2498 2736 abs
2543 2693 2624 2736 ue
2687 2692 2810 2754 ope
2874 2670 3101 2738 divina
3160 2672 3429 2737 tentari:
3508 2669 3622 2736 sed
3690 2670 3898 2737 voluit
3953 2671 4139 2737 Dens
4196 2672 4325 2740 alio

2379 2778 2485 2822 mo
2534 2777 2572 2821 o
2619 2758 2930 2841 populum
2974 2756 3099 2823 sibi
3144 2756 3529 2824 obstrictum
3574 2765 3817 2835 tenere,
3864 2765 3940 2821 ut
3990 2779 4327 2824 sacrarum

2378 2843 2687 2908 tubarum
2756 2843 2971 2909 sonitu
3082 2844 3227 2908 nasi
3286 2841 3642 2907 indictione
3708 2841 3974 2908 coelesti
4038 2856 4322 2926 vocatus,

2378 2938 2640 3011 praesto
2686 2928 2938 2994 adesset
3006 2951 3046 2994 a
3155 2941 3413 2995 sanctas
3468 2927 3739 3012 piasque
3792 2927 4323 2996 consultationes.

2378 3012 2631 3081 Eodem
2678 3013 3013 3099 spectabat
3057 3014 3551 3082 circumstantia
3592 3013 3737 3081 loci.
3818 3014 4103 3081 Perinde
4146 3014 4324 3082 enim

2377 3101 2510 3166 illis
2540 3112 2683 3166 erat
2716 3102 2957 3166 ostium
3002 3100 3407 3168 tabernaculi
3442 3123 3517 3167 ac
3553 3101 3611 3165 si
3645 3100 3712 3165 in
3738 3099 3867 3166 Dei
3902 3110 4321 3184 conspectum

2378 3210 2448 3253 se
2472 3187 2801 3253 sisterent.
2848 3185 2954 3252 De
2976 3186 3298 3270 particula
3317 3200 3474 3259 “mm
3499 3185 3657 3252 alibi
3680 3186 3952 3253 dicetur.
3999 3186 4323 3272 Quamvis

2378 3271 2749 3340 condictum
2799 3283 3074 3356 tempus,
3124 3273 3223 3340 vel
3267 3272 3478 3339 locum
3524 3273 3888 3359 significet,
3948 3295 4023 3340 ac
4067 3285 4324 3340 coetum

2378 3360 2578 3424 etiam
2624 3359 2730 3425 vel
2774 3359 3153 3425 concionem
3198 3358 3439 3443 populi,
3497 3357 3779 3425 libenter
3821 3361 4328 3426 conventionem

2376 3446 2807 3529 interpretor:
2881 3446 3035 3528 quia
3097 3435 3281 3512 Deus
3344 3444 3478 3510 illic
3535 3444 3792 3510 solenni
3856 3467 4066 3524 more,
4137 3445 4327 3529 quasi

2377 3530 2550 3615 apud
2596 3552 2854 3597 sacrum
2902 3530 3211 3611 tribunal,
3259 3530 3576 3616 populum
3620 3540 4019 3596 contestatus
4063 3541 4182 3610 est,
4220 3530 4328 3598 vel

2377 3641 2460 3684 ex
2505 3615 2801 3684 condicto
2845 3616 2927 3681 ad
2972 3617 3432 3700 paciscendum
3479 3617 3811 3701 processit.
3857 3616 4086 3682 Noluit
4129 3618 4328 3684 etiam

2376 3703 2715 3788 praecipiti
2759 3703 3029 3786 impetu,
3100 3702 3203 3769 vel
3249 3701 3604 3770 ulciscendi
3647 3702 3921 3768 libidine
3965 3702 4137 3770 bella
4179 3725 4327 3770 sus-

2376 3789 2525 3874 cipi,
2591 3788 2704 3855 sed
2750 3789 3119 3856 sacerdotes
3162 3790 3490 3855 fecialium
3550 3789 3846 3872 partibus
3888 3787 4192 3874 defungi,
4255 3796 4327 3855 ut

2375 3877 2631 3960 primus
2695 3875 2834 3959 ipse
2876 3874 3216 3959 pugnandi
3256 3884 3445 3941 autor
3484 3885 3674 3940 esset.
3762 3875 4114 3941 Festorum
4173 3898 4326 3941 vero

2378 3961 2631 4026 dierum
2679 3981 3029 4044 praecones
3072 3961 3235 4038 esse,
3298 3973 3366 4026 et
3408 3961 3719 4044 populum
3761 3962 3963 4027 citare
4009 3958 4093 4026 ad
4135 3983 4324 4028 sanc-

2376 4048 2696 4128 tuarium,
2754 4046 3199 4114 sacerdotibus
3248 4046 3679 4113 honorificum
3715 4046 3861 4112 fuit.
3950 4046 4142 4112 Nunc
4177 4047 4330 4131 quia

2330 4171 2337 4188 ·
2376 4142 2667 4199 mentem
2707 4133 3097 4218 legislatoris
3141 4142 3458 4212 tenemus,
3501 4153 3713 4216 pauca
3748 4131 3828 4197 de
3869 4132 4085 4198 verbis
4128 4133 4328 4198 attin-

2424 4241 2550 4285 am.
2657 4220 2965 4285 Diximus
3023 4219 3390 4285 sacerdotes
3448 4217 3810 4301 clangendo
3874 4217 4075 4285 fuisse
4143 4218 4327 4302 quasi

2378 4242 2509 4371 {ei
2533 4326 2796 4388 organa,
2846 4306 2947 4372 vel
2970 4306 3387 4389 interpretes,
3434 4315 3507 4369 ut
3551 4304 3633 4370 ab
3673 4303 3814 4369 eius
3855 4325 4012 4370 voce
4049 4312 4115 4369 et
4147 4325 4330 4369 man·

2380 4391 2535 4456 dato
2580 4390 2942 4474 penderent
2983 4391 3342 4457 Israelitae.
3390 4389 3466 4455 Si
3498 4397 3759 4455 tantum
3794 4388 4075 4457 vocandi
4105 4400 4329 4457 essent

2380 4477 2709 4562 praefecti,
2746 4476 2851 4543 vel
2875 4475 3288 4555 chiliarchae,
3323 4476 3525 4542 semel
3550 4487 3808 4541 tantum
3831 4476 4251 4560 clangebant:
4270 4477 4329 4543 si

2379 4564 2757 4631 convocatio
2812 4571 2953 4628 erat
3012 4563 3210 4629 totius
3255 4562 3495 4646 populi,
3555 4560 3974 4645 duplicabant
4018 4565 4324 4629 sonitum.

2381 4647 2639 4715 Similis
2682 4650 2754 4714 in
2790 4647 2958 4714 bello
3003 4651 3349 4715 observata
3382 4647 3508 4713 fuit
3544 4646 3908 4725 diversitas,
3949 4657 4023 4713 ut
4059 4648 4328 4715 distinc-

2382 4743 2525 4800 tum
2570 4736 2835 4820 signum
2879 4734 3147 4801 daretur
3190 4734 3374 4800 cuius
3442 4732 3648 4817 partis
3706 4746 3962 4800 turmae
4025 4733 4329 4820 progredi

2383 4820 2718 4887 deberent.
2765 4820 3054 4902 Quidam
3100 4830 3376 4886 utuntur
3421 4820 3665 4885 factitio
3713 4822 3977 4885 nomine
4011 4821 4326 4885 Taratan-

2382 4917 2544 4985 tara,
2584 4906 2692 4972 ubi
2732 4908 3050 4972 vertimus
3084 4929 3230 4974 cum
3254 4905 3670 4972 iubilatione:
3715 4906 4050 4988 probabile
4073 4919 4189 4982 est,
4228 4925 4328 4970 so-

2383 4995 2600 5059 nitum
2664 4994 2863 5060 fuisse
2930 4993 3515 5070 vehementiorem,
3583 4992 3972 5077 longiusque
4038 5000 4327 5075 protrac-

2385 5092 2543 5160 tum,
2588 5078 2701 5145 sed
2745 5080 3143 5145 intercisum.
3233 5077 3543 5144 Notanda
3606 5088 3829 5145 autem
3874 5099 4040 5160 quae
4097 5076 4327 5142 inseri-

2384 5177 2495 5231 tur
2540 5167 2911 5249 promissi0,
2972 5165 3311 5230 Israelitas
3370 5166 3505 5230 fore
3548 5164 3620 5228 in
3668 5163 4049 5229 memoriam
4107 5183 4327 5228 coram

2387 5251 2551 5329 Dec,
2621 5263 2692 5318 ut
2759 5252 2980 5317 hostes
3044 5273 3269 5316 eorum
3340 5251 3667 5335 profliget:
3740 5270 3866 5313 non
3935 5247 4108 5331 quod
4151 5249 4329 5314 salus

2388 5338 2493 5404 vel
2538 5338 2834 5404 liberatio
2880 5336 3104 5421 populi
3147 5337 3349 5403 affixa
3390 5335 3561 5402 tubis
3606 5336 3822 5415 fuerit,
3887 5332 4001 5400 sed
4047 5335 4203 5418 quia
4245 5333 4333 5400 ad

3810 5434 3913 5490 24*
