4867 6150
314 451 403 519 29

319 644 467 709 fore
502 639 743 718 hostes,
767 640 826 706 si
859 639 1255 706 innotuisset
1287 638 1571 706 facinus:
1612 658 1846 704 verum
1882 658 1923 702 a
1945 638 2282 717 fratribus,

322 747 608 813 quorum
689 725 996 791 miseriae
1073 744 1458 791 succurrere
1533 724 1864 802 voluerat,
1943 744 2281 808 nunquam

324 821 778 897 exspectasset
800 821 935 877 tam
957 810 1299 896 indignam
1323 810 1719 877 mercedem:
1758 809 2033 893 ideoque
2069 811 2282 874 incre·

327 899 552 966 dibilis
596 899 1003 964 constantiae
1040 897 1168 962 fuit
1201 904 1459 962 tantum
1497 895 1904 963 obstaculum
1949 917 2280 978 superare.

504 983 605 1050 15.
655 983 913 1050 Pharao
953 984 1159 1049 etiam.
1249 982 1578 1048 Timorem
1623 983 1861 1048 fatetur
1896 983 2133 1062 Moses,
2168 980 2281 1046 sed

331 1093 455 1156 quo
515 1078 837 1136 retractus
896 1090 1030 1134 non
1088 1069 1215 1134 fuit
1257 1089 1297 1133 a
1353 1068 1691 1134 vocatione
1747 1089 1883 1134 sua.
1973 1069 2282 1134 Diximus

330 1166 481 1224 ante
547 1157 692 1222 eius
753 1155 965 1221 zelum
1032 1154 1235 1220 fuisse
1290 1155 1660 1220 infirmitati
1715 1153 2112 1231 admixtum,
2168 1150 2284 1219 sed

326 1241 791 1328 praevaluisse,
836 1251 912 1306 ut
954 1240 1388 1306 nihilominus
1424 1240 1793 1306 iniunctum
1833 1239 1954 1305 sibi
1991 1239 2279 1305 officium

324 1328 614 1396 viriliter
670 1325 868 1391 simul
927 1347 1004 1392 ac
1062 1325 1291 1391 timide
1346 1335 1733 1409 praestaret.
1821 1326 2006 1391 Haec
2058 1335 2278 1390 autem

331 1415 540 1480 altera
584 1422 686 1478 est
728 1413 1139 1478 constantiae
1181 1411 1498 1496 probatio,
1544 1410 1717 1493 quod
1756 1432 1906 1476 eum
1949 1411 2099 1477 facti
2145 1430 2280 1475 non

332 1501 640 1587 poenitet,
686 1506 758 1564 ut
801 1496 1062 1564 studeat
1104 1518 1326 1583 regem
1374 1498 1650 1580 placare,
1695 1495 1813 1563 sed
1857 1496 1938 1561 ad
1975 1495 2280 1561 exsilium

331 1608 404 1652 se
446 1593 808 1669 comparat:
864 1604 1077 1666 neque
1133 1585 1228 1649 sic
1286 1584 1659 1667 expavescit·
1701 1584 1770 1648 in
1821 1592 2008 1647 tanto
2053 1581 2277 1648 discri-

328 1673 508 1738 mine
557 1682 633 1737 ut
689 1670 1010 1735 attonitus
1066 1670 1173 1734 vel
1229 1670 1484 1736 consilii
1540 1671 1726 1753 inops
1784 1668 2104 1749 desideat,
2164 1667 2278 1733 sed

328 1757 630 1825 concedit
670 1757 743 1820 iu
787 1765 1031 1820 terram
1078 1754 1383 1835 Madian,
1444 1776 1519 1821 ac
1559 1775 1680 1838 per
1724 1755 1985 1820 deserta
2024 1752 2281 1819 mavult

327 1864 553 1910 errare
631 1864 823 1924 quam
906 1840 1202 1908 hostibus
1280 1842 1469 1907 electi
1549 1841 1773 1925 populi
1851 1839 2275 1907 reconciliari.

325 1929 725 2012 Quanquam
768 1938 989 1993 autem
1033 1927 1297 1993 videtur
1337 1927 1460 1993 hoc
1504 1928 1783 1994 circuitu
1823 1928 2006 1992 Deus
2043 1948 2083 1991 a
2124 1945 2276 1991 con·

324 2015 472 2082 silio
517 2013 836 2079 liberandi
892 2012 1119 2097 populi
1174 2013 1544 2079 deflectere:
1606 2012 1997 2079 mirabiliter
2051 2023 2275 2078 tamen

321 2122 489 2186 opus
550 2121 746 2166 suum
811 2107 1169 2182 promovet.
1280 2099 1478 2164 Certe
1537 2099 1774 2164 Mosen
1839 2108 1973 2164 tam
2053 2097 2277 2163 arduis

321 2208 491 2270 quae
540 2206 692 2251 eum
748 2183 1100 2249 manebant
1149 2186 1647 2262 certaminibus,
1713 2185 2004 2250 nondum
2071 2183 2276 2250 fuisse

323 2281 660 2339 maturum
683 2272 844 2337 satis
879 2272 1014 2335 iam
1048 2272 1510 2356 cognovimus:
1550 2271 1683 2336 imo
1703 2271 1773 2335 in
1812 2271 1964 2336 aula
1987 2270 2274 2336 molliter

322 2369 393 2426 et
419 2358 692 2424 delicate
726 2355 1009 2435 habitus,
1046 2355 1334 2422 nondum
1372 2356 1453 2422 ad
1492 2358 1791 2441 ingentes
1828 2367 1894 2421 et
1928 2357 2273 2421 continuas

322 2444 658 2510 molestias
701 2453 1113 2520 assueverat,
1169 2463 1441 2525 quarum
1502 2443 1702 2508 fuisse
1758 2442 2076 2508 victorem
2120 2462 2270 2507 con-

325 2539 548 2597 textus
603 2529 919 2595 historiae
971 2528 1287 2595 ostendet.
1389 2526 1578 2594 Deus
1634 2528 1857 2611 itaque
1915 2549 2065 2594 eum
2112 2548 2271 2611 quo-

324 2615 676 2682 dammodo
732 2614 1074 2694 subduxit,
1137 2624 1210 2678 ut
1264 2615 1584 2698 paulatim
1652 2613 1987 2680 obeundae
2046 2624 2267 2679 tantae

316 2701 696 2787 provinciae
737 2699 1044 2767 idoneum
1089 2721 1165 2767 ac
1208 2721 1434 2783 parem
1472 2699 1792 2766 redderet.
1872 2700 2048 2767 Usus
2090 2701 2267 2764 enim

318 2787 761 2872 quadraginta
818 2806 1141 2851 annorum
1185 2786 1253 2850 in
1315 2785 1633 2851 laborioso
1674 2798 1742 2852 et
1786 2796 2046 2852 austero
2088 2785 2265 2851 vitae

316 2894 563 2960 genere
606 2894 737 2939 non
782 2893 1016 2955 parum
1060 2872 1304 2957 profuit
1346 2870 1428 2938 ad
1474 2872 1732 2956 quidvis
1776 2870 2153 2938 ferendum:
2191 2881 2267 2935 ut

314 2961 557 3027 merito
601 2960 931 3025 desertum
975 2959 1229 3025 censeri
1287 2957 1517 3025 debeat
1562 2959 1787 3025 schola
1829 2959 1899 3023 in
1942 2979 2072 3041 qua
2114 2977 2264 3022 eru-

315 3045 493 3113 ditus
556 3046 708 3127 fuit,
776 3044 981 3112 donec
1047 3043 1129 3110 ad
1194 3046 1602 3129 provinciam
1660 3046 1873 3129 magis
1931 3042 2260 3111 difficilem

314 3140 780 3200 accerseretur.
881 3130 1077 3212 Quod
1132 3130 1369 3197 dicitur
1426 3131 1675 3198 sedisse
1727 3133 1915 3197 iuxta
1971 3140 2261 3213 puteum,

313 3220 711 3302 interpretor
766 3217 850 3283 ob
906 3216 1357 3283 lassitudinem
1417 3216 1551 3284 illic
1607 3217 1746 3284 sole
1811 3216 1895 3283 ad
1960 3236 2262 3284 occasum

312 3319 632 3389 vergente
666 3304 1183 3386 interquievisse,
1207 3311 1280 3368 ut
1314 3304 1488 3370 circa
1522 3323 1861 3388 vesperam
1901 3302 2262 3385 inquireret

312 3391 395 3456 de
439 3390 724 3472 hospitio
767 3388 849 3454 ab
893 3386 1155 3465 incolis,
1212 3411 1374 3472 quos
1419 3387 1502 3454 ad
1545 3388 1975 3454 hauriendam
2020 3408 2257 3472 aquam

308 3486 629 3542 venturos
651 3473 973 3558 sperabat.
1041 3475 1148 3540 Ex
1186 3497 1314 3559 quo
1347 3475 1632 3540 infausto
1655 3494 1915 3541 accessu
1940 3475 2260 3541 coniicere

309 3571 686 3647 promptum
735 3569 835 3626 est
886 3581 1080 3644 quam
1140 3559 1480 3627 commoda
1527 3561 1846 3626 habitatio
1888 3560 2136 3643 sperari
2174 3560 2256 3626 ab

309 3669 391 3714 eo
432 3649 737 3731 potuerit.

486 3820 586 3885 16.
630 3818 843 3884 Erant
882 3822 1089 3884 autem
1129 3817 1434 3882 sacerdoti
1475 3815 1755 3884 Madian
1795 3823 2025 3899 septem
2066 3818 2257 3899 filiae,

310 3926 476 3989 quae
514 3909 846 3983 venerunt,
895 3908 951 3969 et
992 3902 1366 3981 hauserunt,
1407 3903 1933 3986 impleveruntque
1989 3903 2254 3982 canales,

312 3997 386 4057 ut
413 3995 705 4073 potarent
745 4010 883 4056 oves
910 3991 1126 4071 patris
1161 3991 1283 4054 sui.
1367 3990 1467 4056 17.
1513 3988 1603 4053 Et
1639 3995 1936 4055 venerunt
1968 3995 2257 4072 pastores

311 4078 444 4177 qui·
476 4076 838 4176 repulerant
892 4096 1031 4141 eas:
1085 4081 1143 4175 et
1194 4095 1458 4159 carycas
1500 4075 1713 4140 Moses
1769 4077 2126 4175 auxiliatus
2165 4081 2259 4141 est

307 4340 429 4402 otto
475 4333 803 4399 reclusas?
889 4333 990 4398 19.
1038 4333 1526 4415 Responderunt,
1567 4354 1670 4399 mr
1710 4334 2060 4417 Aeyyptms
2112 4333 2253 4399 labe-

307 4423 480 4488 ravit
519 4439 637 4486 nos
680 4439 713 4484 e
765 4440 962 4485 manu
1013 4425 1370 4502 pasta-um,
1656 4419 1843 4484 etiam
1904 4419 2251 4485 hauriendo

306 4504 748 4586 hamunobis,
796 4505 1422 4586 apraebuitpomm
1463 4505 1692 4571 wihus.
1773 4505 1875 4571 20.
1922 4505 2255 4571 Dixitiae

306 4595 398 4661 ad
435 4591 611 4673 filias
654 4611 840 4658 suas:
881 4590 970 4657 Et
1004 4591 1115 4656 ubi
1148 4595 1239 4656 cst
1269 4590 1428 4657 ille?
1473 4612 1669 4673 quare
1699 4591 1793 4657 sic
1831 4592 2254 4672 dereliquistis

305 4678 575 4745 virum?
640 4684 953 4743 convocate
1014 4697 1154 4743 eum
1207 4682 1275 4741 ut
1338 4677 1611 4742 comedat
1652 4697 1903 4758 panem.
2002 4677 2106 4742 21.
2164 4674 2254 4742 Et

303 4765 620 4833 consensit
685 4762 895 4828 Mose-s·
957 4762 1238 4828 habitare
1301 4782 1440 4827 cum
1500 4763 1641 4830 viro
1702 4762 1812 4829 illo
1828 4813 1844 4840 ,
1910 4766 2023 4845 qui
2086 4764 2255 4829 dedit

311 4850 657 4932 Sephoram
709 4849 914 4930 filiam
968 4869 1154 4915 auam
1199 4845 1385 4914 Mosi.
1469 4848 1573 4914 22.
1626 4849 1797 4931 Quae
1838 4869 2029 4930 quum
2059 4869 2250 4932 pepe-

303 4937 496 5002 risset
526 4935 752 5017 filium,
794 4936 1031 5001 vocavit
1061 4955 1279 5000 nomen
1311 4935 1449 4999 eius
1477 4935 1735 5011 Geram,
1780 4935 2023 5001 dicens:
2070 4933 2252 5000 Pere-

302 5024 536 5108 9rinus
576 5041 720 5085 sum
761 5021 829 5084 in
871 5026 1041 5086 terra
1081 5020 1313 5086 aliena.

486 5195 588 5260 16.
623 5192 833 5260 Erant
862 5201 1070 5261 atatem
1097 5194 1418 5262 sacerdoti.
1476 5194 1674 5259 Hunc
1707 5214 2047 5261 occursum
2070 5215 2255 5278 pros-

305 5302 505 5367 perae
539 5282 843 5347 fortunae
885 5280 1331 5346 adscriberent
1372 5279 1630 5365 profani
1673 5279 1973 5348 homines
2015 5281 2083 5345 in
2129 5301 2255 5364 quo

309 5380 533 5436 tamen
589 5367 807 5433 vivam
867 5366 1311 5450 providentiae
1365 5389 1522 5434 suae
1580 5365 1934 5450 imaginem
1988 5386 2250 5451 reprae-

1523 446 2266 517 COMMENTARIUS
2309 446 2408 512 IN
2455 446 2756 514 EXODI
2800 445 2996 512 GAP.
3041 443 3132 510 11.

4245 449 4333 515 30

2384 644 2604 702 sentat
2668 635 2856 702 nobis
2914 636 3133 716 Deus,
3202 656 3278 702 ac
3331 636 3388 702 si
3454 642 3726 701 extenta
3778 658 3816 700 e
3875 637 4073 705 coelis
4136 659 4339 705 manu

2385 720 2632 805 gradus
2709 722 2885 788 servi
2963 723 3064 787 sui
3142 729 3419 806 regeret.
3524 721 3835 803 Quotidie
3911 723 3994 789 ad
4060 733 4337 808 puteum

2385 806 2801 874 ventitabant
2820 807 3075 891 puellae
3109 809 3294 874 illae:
3332 817 3402 874 et
3421 808 3644 874 Moses
3673 810 4030 893 quaerendi
4069 811 4337 895 hospitii

2386 915 2584 961 causa
2650 914 2848 977 prope
2912 914 3147 977 aquam
3211 894 3536 960 substitit:
3600 893 3682 960 ad
3740 915 3936 977 quam
4001 896 4335 980 probabile

2387 991 2528 1046 erat
2581 999 2974 1046 concursum
3028 981 3389 1046 incolarum
3446 981 3707 1064 vesperi
3762 982 3898 1047 fore
3952 982 4021 1048 in
4067 984 4334 1066 regione

2386 1066 2587 1132 arida.
2703 1064 2895 1146 Quod
2961 1076 3178 1131 tamen
3242 1073 3608 1150 opportune
3673 1066 3857 1133 adest
3934 1069 4171 1152 puellis
4249 1068 4333 1134 ad

2384 1152 2687 1219 ferendas
2710 1151 3064 1236 suppetias,
3090 1160 3156 1217 et
3180 1151 3409 1217 Iethro
3446 1173 3596 1217 eum
3626 1151 4037 1236 hospitaliter
4069 1155 4329 1235 invitat,

2384 1238 2656 1303 minime
2710 1238 3052 1302 fortuitum
3114 1236 3240 1304 est':
3299 1237 3415 1303 sed
3470 1240 3716 1303 erranti
3774 1260 3962 1305 servo
4015 1261 4136 1305 suo
4195 1239 4330 1306 dux

2383 1324 2643 1389 itineris
2675 1322 2807 1388 fuit
2830 1325 3033 1403 Deus,
3076 1334 3154 1387 ut
3197 1343 3330 1388 non
3376 1322 3685 1389 diurnum
3723 1324 3913 1390 modo
3952 1325 4330 1409 hospitium,

2384 1409 2498 1476 sed
2542 1408 2624 1474 ad
2666 1411 2868 1475 finem
2914 1409 3125 1474 exsilii
3165 1430 3368 1493 usque
3404 1409 3811 1475 tolerabilem
3857 1411 4327 1477 habitationem

2382 1504 2664 1580 pararet.
2765 1495 2935 1561 Nam
2995 1493 3222 1561 Iethro
3277 1493 3500 1581 (quem
3565 1516 3651 1560 ex
3716 1497 4007 1580 epitheto
4073 1506 4329 1564 constat

2384 1603 2514 1647 non
2583 1581 2843 1665 vulgari
2910 1580 3083 1663 apud
3139 1602 3295 1646 suos
3353 1581 3673 1665 dignitate
3727 1581 4125 1670 praeditum)
4190 1605 4324 1649 non

2383 1667 2578 1733 modo
2602 1668 2742 1732 eius
2776 1686 3040 1751 operam
3076 1666 3409 1746 conduxit,
3447 1666 3561 1732 sed
3597 1667 3796 1752 elegit
3829 1669 3951 1734 sibi
3986 1690 4322 1753 generum.

2383 1754 2476 1820 Et
2567 1772 2938 1837 quanquam
3020 1751 3354 1819 sordidum
3425 1762 3571 1818 erat
3644 1774 3887 1820 munus
3982 1756 4324 1839 pastorale,

2380 1838 2726 1923 splendida
2793 1846 3015 1903 tamen
3080 1838 3366 1905 affinitas
3427 1860 3564 1903 non
3632 1859 3835 1923 parvo
3893 1841 4125 1906 solatio
4178 1842 4319 1907 fuit.

2381 1927 2485 1992 De
2528 1946 2687 1992 voce
2730 1937 2839 2023 35⁸2
2874 1944 3008 1989 non
3052 1925 3364 1991 convenit
3405 1925 3581 1990 inter
3615 1945 3861 1991 omnes.
3952 1924 4324 1993 Chaldaeus

2380 2012 2841 2097 paraphrastes
2883 2009 3057 2076 male
3100 2012 3298 2076 vertit
3340 2012 3733 2096 principem:
3791 2012 3946 2096 quia
3988 2034 4120 2076 non
4164 2034 4321 2096 qua-

2381 2097 2605 2164 draret
2657 2098 2797 2163 eius
2853 2096 3114 2162 filiabus
3158 2097 3467 2162 molestos
3520 2107 3588 2161 et
3627 2097 3905 2164 infestos
3956 2098 4155 2164 fuisse
4196 2099 4323 2164 loci

2377 2198 2689 2269 pastores.
2778 2182 2842 2248 N
2845 2204 2918 2249 ec
2961 2183 3171 2267 magis
3214 2190 3727 2249 consentaneum
3773 2192 3889 2263 est,
3937 2185 4148 2250 virum
4186 2186 4320 2268 pri-

2378 2271 2658 2336 marium
2724 2280 2790 2335 et
2851 2268 3233 2352 opulentum
3301 2269 3586 2334 caruisse
3649 2270 3948 2351 famulis,
4013 2282 4086 2335 ut
4150 2272 4323 2338 filias

2377 2378 2533 2423 suas
2577 2362 2921 2439 cogeretur
2965 2354 3356 2437 quotidianis
3399 2364 3733 2439 pastorum
3793 2356 4210 2422 contumeliis
4255 2366 4323 2423 et

2375 2443 2543 2509 rixis
2608 2461 2959 2525 exponere.
3065 2439 3452 2507 Sacrificum
3516 2462 3672 2526 ergo
3738 2442 3938 2508 fuisse
3994 2443 4317 2523 existimo,

2374 2549 2543 2611 quae
2631 2527 2832 2592 etiam
2913 2528 3235 2610 receptior
3310 2536 3412 2593 est
3488 2529 3832 2594 sententia.
3957 2529 4321 2595 Dubitatur

2375 2625 2617 2690 tamen,
2662 2613 2948 2679 falsosne
2984 2613 3157 2689 deos,
3204 2633 3290 2677 an
3336 2634 3569 2678 verum
3605 2621 3672 2679 et
3721 2617 3987 2680 unicum
4025 2615 4316 2682 coluerit.

2373 2700 2572 2767 Certe
2614 2698 2982 2784 probabiles
3025 2699 3273 2764 multae
3314 2701 3602 2766 rationes
3646 2699 3726 2765 ad
3774 2701 3948 2766 hanc
3989 2702 4316 2768 coniectu-

2372 2807 2512 2851 ram
2559 2807 2676 2850 nos
2717 2783 3071 2862 adducunt,
3116 2806 3246 2850 non
3292 2787 3691 2852 sacrificasse
3734 2787 3956 2853 idolis:
4003 2787 4157 2872 quia
4196 2789 4316 2854 vix

2369 2892 2661 2953 unquam
2725 2891 3078 2954 persuasus
3155 2872 3386 2937 fuisset
3448 2872 3701 2951 Moses,
3773 2892 3906 2938 non
3972 2872 4164 2939 modo
4241 2880 4319 2939 ut

2371 2957 2700 3024 habitaret
2761 2955 2834 3021 in
2898 2955 3090 3022 domo
3152 2956 3359 3024 foedis
3414 2958 3774 3043 sacrilegiis
3850 2958 4131 3044 polluta,
4198 2959 4315 3025 sed

2369 3046 2562 3110 etiam
2632 3051 2709 3109 ut
2773 3042 3160 3109 affinitatem
3225 3043 3659 3112 contraheret.
3770 3044 3860 3110 Et
3936 3058 4164 3130 postea
4240 3047 4314 3111 in

2366 3131 2593 3196 Iethro
2659 3130 2866 3212 ipsius
2933 3151 3233 3195 sermone
3297 3132 3505 3196 multa
3581 3132 3842 3215 pietatis
3919 3130 4162 3197 indicia
4241 3153 4313 3198 se

2365 3217 2730 3285 ostendent.
2820 3214 3212 3299 Quanquam
3260 3224 3336 3280 ut
3390 3224 3570 3282 totus
3624 3217 3760 3283 fere
3802 3217 3978 3283 orbis
4022 3227 4184 3284 tunc
4226 3216 4312 3283 ad

2363 3303 2607 3369 multas
2651 3301 3057 3385 corruptelas
3099 3301 3445 3386 prolapsus
3504 3315 3677 3383 erat,
3734 3304 3897 3369 mihi
3956 3304 4310 3371 verisimile

2363 3400 2467 3455 est
2503 3389 2804 3454 vitiatum
2844 3388 3062 3471 aliqua
3094 3410 3176 3452 ex
3214 3402 3398 3471 parte
3434 3389 3865 3455 sacerdotium
3904 3393 4043 3455 eius
4085 3389 4306 3456 fuisse.

2362 3475 2617 3543 Unicus
2680 3483 2974 3557 tempore
3039 3473 3348 3540 Abrahae
3414 3476 3542 3542 Dei
3607 3477 3742 3542 vivi
3814 3473 4117 3543 sacerdos
4182 3477 4311 3542 fuit

2361 3559 2868 3628 Melchisedech.
2927 3559 3264 3626 Abraham
3286 3559 3430 3644 ipse
3458 3582 3540 3627 ex
3562 3562 3884 3645 profundo
3903 3560 4309 3628 idololatriae

2360 3647 2645 3732 gurgite,
2689 3647 2761 3710 in
2797 3666 2927 3729 quo
2962 3645 3262 3712 demersa
3295 3655 3437 3712 erat
3478 3646 3748 3727 familia,
3787 3655 4119 3714 extractus
4162 3649 4303 3714 fuit.

2360 3734 2496 3798 Vix
2542 3734 2767 3815 itaque
2802 3733 2942 3797 fieri
2987 3732 3198 3814 potuit
3234 3744 3306 3797 ut
3330 3732 3728 3798 Madianitae
3771 3754 4010 3817 purum
4055 3734 4303 3801 cultum

2360 3820 2787 3886 retinuerint:
2851 3828 3048 3902 atque
3107 3817 3268 3885 adeo
3324 3839 3408 3883 ex
3465 3821 3608 3883 aliis
3668 3821 3825 3885 locis
3871 3821 4070 3903 liquet
4112 3819 4305 3886 idolis

2358 3906 2559 3971 fuisse
2625 3902 2898 3970 deditos.
3011 3902 3235 3984 Quare
3314 3906 3618 3971 omnibus
3694 3905 3897 3988 probe
3975 3907 4301 3989 expensis,

2359 3991 2521 4056 mihi
2557 3990 2723 4055 nihil
2759 3991 2968 4074 magis
3011 3989 3345 4073 probabile
3380 3991 3662 4057 occurrit
3695 4012 3891 4074 quam
3927 3992 4048 4057 sub
4092 4013 4303 4058 sacer·

2356 4078 2531 4143 dotio
2574 4075 2799 4141 Iethro
2842 4076 3092 4141 cultum
3137 4077 3334 4142 fuisse
3376 4078 3637 4142 unicum
3686 4078 3899 4143 Deum
3946 4088 4023 4142 ut
4077 4078 4304 4162 regula

2356 4162 2598 4229 tradita
2654 4161 2871 4227 fuerat
2927 4183 3045 4245 per
3100 4182 3364 4242 manus,
3425 4185 3551 4227 nou
3613 4173 3831 4227 tamen
3893 4183 4085 4247 pure:
4146 4165 4302 4246 quia

2355 4259 2519 4315 tunc
2562 4248 2800 4331 ubique
2844 4248 3284 4314 contaminata
3342 4263 3482 4313 erat
3536 4249 3769 4333 religio
3827 4250 4026 4315 variis
4071 4271 4302 4333 super-

2354 4335 2748 4402 stitionibus.
2858 4335 2981 4399 Est
3064 4341 3281 4399 autem
3361 4332 3711 4400 discrimen
3791 4334 4051 4418 aliquod
4131 4337 4302 4401 inter

2352 4419 2788 4487 idololatriam
2832 4429 2901 4485 et
2952 4420 3280 4503 impurum
3326 4420 3452 4486 Dei
3497 4422 3748 4485 cultum
3794 4440 3870 4488 ac
3914 4420 4304 4506 degenerem

2355 4508 2423 4572 in
2472 4528 2606 4571 una
2651 4515 2855 4590 parte.
2922 4505 3085 4570 Dico
3126 4507 3330 4589 igitur
3375 4507 3571 4571 unius
3595 4506 3720 4571 Dei
3758 4505 3960 4572 fuisse
4003 4506 4302 4590 cultores,

2354 4594 2510 4678 quia
2553 4611 2688 4656 non
2731 4610 3001 4674 prorsus
3045 4591 3458 4657 desciverant
3494 4613 3532 4657 a
3565 4593 3904 4676 principiis
3947 4593 4299 4678 religionis,

2355 4679 2659 4764 quamvis
2742 4698 2824 4741 ex
2905 4698 3198 4743 errorum
3291 4677 3403 4761 qui
3482 4679 3794 4763 paulatim
3872 4678 4303 4764 obrepserant

2356 4765 2609 4831 lacunis
2666 4762 2966 4828 nonnihil
3023 4763 3415 4830 hausissent.
3505 4765 3819 4850 Agitatur
3873 4766 4050 4830 inter
4095 4767 4301 4832 inter·

2355 4861 2573 4935 pretes
2613 4849 2693 4913 de
2739 4851 3001 4915 nomine
3036 4848 3263 4915 Iethro
3307 4848 3435 4916 alia
3478 4853 3790 4934 quaestio.
3882 4850 4018 4933 Qui
4061 4861 4302 4937 putant

2360 4936 2639 5003 Bethuel
2677 4934 2724 5023 ¹)
2768 4935 3103 5001 diversum
3158 4936 3357 5002 fuisse
3400 4957 3440 5001 a
3482 4937 3743 5016 Iethro,
3799 4937 3980 5003 nullo
4034 4941 4300 5023 negotio

2356 5022 2769 5089 refelluntur.
2860 5021 3030 5087 Nam
3075 5022 3375 5104 proximo
3419 5024 3629 5106 capite
3675 5024 3911 5089 Mosen
3956 5022 4035 5089 de
4071 5025 4299 5090 eodem

2355 5108 2619 5175 homine
2663 5107 2858 5190 loqui,
2897 5106 3020 5171 sub
3066 5109 3246 5174 vario
3281 5108 3431 5174 licet
3458 5110 3742 5187 nomine,
3788 5109 3962 5176 clare
4007 5117 4295 5193 apparet.

2355 5311 2837 5453 ΜυΒιὲἑοῃθοιᾶά.
2873 5313 3078 5368 latinae
3112 5314 3201 5369 hic
3232 5319 3286 5369 et
3316 5313 3567 5383 deinceps
3600 5330 3795 5369 omnes.
3871 5313 4087 5369 Gallica
4122 5317 4299 5371 versio
