4867 6150
311 486 440 554 669

1735 481 2192 553 oo‘rAwm
2257 476 2910 548 PRAEOEPTUM.

4203 472 4335 540 670

1526 881 2161 981 OCTAVUM
2226 877 3132 977 PRAEOEPTUM.

951 1190 1086 1260 Ex
1131 1187 1437 1258 nxom
1476 1186 1641 1256 XX.

485 1364 592 1434 15.
660 1364 808 1434 Non
847 1363 1190 1449 scarabeo-is.

514 1756 1021 1827 REPE'HTIO
1064 1753 1487 1824 EIUSDEM
1533 1748 2080 1819 PRAEOEP'PI.

1017 1875 1152 1944 Ex
1197 1873 1468 1942 Dntm
1521 1873 1597 1940 V.

489 2053 589 2118 19.
659 2049 809 2119 Non
843 2049 1185 2134 furaberis.

489 2222 774 2306 Quando
842 2223 1083 2288 caritas
1153 2228 1255 2287 est
1311 2219 1465 2285 finis
1516 2216 1719 2302 legis,
1774 2213 1930 2280 inde
1988 2211 2273 2299 petenda

313 2319 416 2377 est
472 2310 789 2376 definitio.
878 2306 1066 2374 Haec
1124 2325 1323 2390 porro
1380 2303 1677 2372 caritatis
1721 2299 1954 2386 regula
2010 2307 2142 2377 est,
2195 2309 2271 2365 ut

312 2397 420 2463 ius
462 2417 657 2463 suum
700 2395 937 2478 cuique
981 2394 1242 2460 salvum
1285 2402 1549 2457 maneat
1566 2441 1582 2470 ,
1637 2408 1757 2454 nec
1789 2387 2132 2472 quisquam
2176 2385 2270 2449 al·

314 2482 445 2550 teri
478 2481 681 2549 faciat
714 2478 886 2566 quod
930 2478 1058 2547 sibi
1100 2500 1235 2545 non
1279 2476 1426 2543 vult
1468 2476 1631 2543 fieri.
1720 2473 1915 2541 Unde
1958 2470 2270 2556 sequitur,

314 2591 451 2636 non
511 2566 726 2635 solum
784 2587 897 2634 eos
952 2564 1164 2632 furari
1216 2563 1335 2648 qui
1390 2584 1499 2630 res
1558 2562 1807 2629 alienas
1849 2559 2018 2627 clam
2065 2557 2271 2624 surri-

312 2655 542 2740 piunt,
601 2653 717 2722 sed
776 2653 887 2737 qui
944 2671 1025 2717 ex
1071 2649 1349 2717 aliorum
1400 2648 1643 2715 damno
1685 2646 1941 2713 lucrum
1986 2652 2271 2729 captant,

312 2741 563 2808 illicitis
603 2738 855 2807 artibus
890 2757 1050 2823 opes
1084 2736 1521 2815 accumulant,
1565 2735 1779 2818 magis
1814 2729 1898 2798 ad
1942 2730 2273 2815 privatam

314 2826 671 2894 utilitatem
717 2844 916 2910 quam
959 2823 1044 2890 ad
1079 2823 1476 2908 aequitatem
1513 2820 1747 2887 attenti
1781 2825 1959 2885 sunt.
2010 2817 2113 2883 lta
2148 2815 2275 2883 sub

312 2914 491 2980 furto
534 2908 1192 2996 comprehenduntur
1232 2910 1534 2992 rapinae,
1592 2905 1745 2990 quia
1790 2903 1956 2970 nihil
1996 2902 2276 2971 interest

312 2999 630 3067 standene
674 3019 759 3065 an
805 2996 1122 3063 violentia
1163 2994 1541 3081 proximum
1592 2992 1738 3078 quis
1796 2988 2049 3076 spoliet.
2138 2988 2273 3054 Ve-

313 3108 469 3153 rum
535 3106 665 3170 quo
727 3083 968 3151 melius
1032 3103 1184 3150 suos
1248 3080 1439 3148 Deus
1503 3077 1882 3165 prohiberet
1947 3074 2030 3142 ab
2094 3076 2274 3142 omni

312 3173 564 3240 iniusta
619 3169 1065 3249 fraudatione,
1120 3167 1393 3234 furandi
1451 3165 1725 3233 verbum
1782 3164 2035 3248 posuit:
2100 3160 2273 3247 quod

318 3266 395 3325 ut
445 3258 866 3341 probrosum,
921 3276 1150 3322 omnes
1214 3252 1610 3320 naturaliter
1666 3249 2043 3317 exhorrent.
2134 3246 2276 3316 Sci-

316 3365 466 3411 mus
523 3342 702 3410 enim
757 3363 956 3426 quam
1015 3340 1219 3407 variis
1271 3338 1748 3424 integumentis
1792 3334 2115 3402 maleficia
2156 3355 2277 3401 sua

317 3429 618 3497 homines
662 3427 984 3512 sepeliant
999 3478 1016 3508 ,
1059 3446 1272 3510 neque
1316 3426 1383 3492 id
1420 3423 1614 3491 modo
1629 3473 1648 3505 ‚
1690 3421 1804 3489 sed
1849 3421 2048 3488 etiam
2094 3419 2277 3488 falsis

316 3515 639 3583 coloribus
673 3516 742 3580 in
785 3512 1050 3580 laudem
1096 3519 1381 3579 vertant.
1439 3508 1752 3576 vafrities
1795 3518 1861 3574 et
1896 3528 2105 3592 prava
2147 3507 2276 3573 cal-

317 3601 538 3668 liditas
573 3609 845 3669 vocatur
881 3598 1261 3684 prudentia:
1310 3596 1628 3683 providus
1661 3617 1739 3662 ac
1768 3593 2280 3678 cricumspectus

320 3686 559 3754 dicitur
616 3687 726 3771 qui
783 3686 944 3753 alios
997 3693 1214 3752 astute
1274 3684 1734 3762 circumvenit,
1792 3681 1907 3766 qui
1960 3679 2275 3763 illaqueat

318 3773 667 3858 simplices,
702 3792 778 3839 ac
812 3773 1085 3839 miseros
1125 3770 1436 3838 insidiose
1469 3769 1796 3854 opprimit.
1856 3764 2081 3848 Quum
2118 3785 2277 3850 ergo

319 3859 610 3927 mundus
661 3858 826 3925 vitia
867 3879 990 3942 pro
1033 3857 1393 3925 virtutibus
1438 3853 1761 3932 venditet,
1820 3864 2014 3936 atque
2058 3855 2151 3919 ita
2194 3851 2273 3916 li-

322 3945 474 4013 bere
529 3944 655 4012 sibi
712 3964 941 4010 omnes
993 3943 1416 4028 indulgeant,
1482 3940 1668 4007 Deus
1723 3942 1944 4007 fucum
2009 3958 2273 4004 omnem

323 4031 675 4116 abstergit,
735 4030 1059 4114 quaslibet
1115 4030 1373 4114 iniquas
1414 4024 1716 4095 lucrandi
1760 4034 1936 4093 artes
1979 4045 2274 4109 pronun·

323 4119 510 4186 cians
565 4116 841 4183 totidem
900 4136 1043 4182 esse
1109 4117 1305 4182 furta.
1395 4113 1590 4196 Quod
1649 4114 1750 4178 ius
1805 4132 1891 4178 ne
1954 4112 2277 4178 miremur

322 4203 498 4289 apud
554 4203 831 4271 coeleste
883 4201 1172 4268 tribunal
1218 4202 1435 4279 statui,
1481 4199 1741 4285 quando
1786 4221 1826 4266 a
1868 4197 2277 4283 philosophis

323 4289 551 4358 eadem
619 4308 821 4373 prope
887 4289 1131 4354 tradita
1197 4297 1297 4353 est
1353 4285 1668 4353 doctriua.
1756 4285 1901 4351 Iam
1957 4284 2278 4351 memoria

323 4374 686 4443 tenendum
745 4381 874 4454 est,
932 4373 1359 4457 prohibitioni
1417 4393 1755 4439 annexum
1797 4392 1940 4437 esse
1985 4370 2277 4437 affirma-

326 4463 538 4529 tivum
581 4470 1038 4546 praeceptum,
1094 4470 1170 4526 ut
1224 4460 1612 4543 loquuntur:
1669 4459 1824 4541 quia
1870 4457 1928 4523 si
1971 4456 2055 4523 ab
2097 4454 2278 4523 omni

323 4547 646 4615 maleficio
692 4547 1231 4624 abstinuerimus,
1279 4567 1407 4610 non
1454 4544 1600 4610 ideo
1637 4545 1936 4628 protinus
1980 4543 2279 4610 satisfac·

323 4644 469 4700 tum
505 4634 630 4699 erit
665 4633 829 4712 Deo,
865 4633 979 4716 qui
1012 4631 1314 4698 homines
1348 4641 1578 4697 mutuo
1610 4630 1785 4695 inter
1814 4652 1884 4696 se
1913 4629 2283 4709 obstrinxit,

325 4732 402 4788 ut
445 4718 559 4785 alii
603 4718 749 4784 aliis
794 4717 1133 4803 prodesse,
1178 4717 1548 4797 consulere,
1595 4728 1664 4781 et
1704 4716 2013 4800 opitulari
2057 4713 2281 4781 stude·

327 4815 464 4874 ant.
553 4804 777 4887 Quare
821 4804 1091 4870 minime
1142 4803 1409 4872 dubium
1457 4811 1559 4869 est
1607 4801 1764 4887 quin
1820 4801 2284 4867 liberalitatem

327 4914 405 4961 ac
462 4890 960 4958 beneficentiam
979 4942 997 4968 ,
1064 4890 1321 4975 aliaque
1377 4888 1615 4976 quibus
1668 4886 1962 4953 humana
2009 4889 2284 4954 societas

324 4982 584 5046 fovetur
634 4976 880 5055 officia,
924 4978 1353 5044 commendet.
1440 4981 1540 5042 Ac
1576 4972 1852 5059 proinde
1894 4994 1981 5038 ne
2016 4995 2135 5059 pro
2179 4976 2284 5041 fu-

326 5066 511 5131 ribus
555 5062 728 5147 apud
770 5062 992 5128 Deum
1038 5062 1461 5145 damnemur,
1519 5060 1734 5146 quoad
1790 5058 2009 5126 licebit
2067 5060 2286 5127 danda

330 5156 461 5217 erit
503 5171 704 5234 opera
748 5156 824 5214 ut
866 5147 1106 5232 cuique
1150 5148 1406 5215 salvum
1451 5155 1721 5215 maneat
1762 5146 1930 5231 quod
1976 5147 2285 5231 possidet,

328 5245 398 5304 et
463 5234 878 5321 procuranda
941 5235 1217 5300 fratrum
1285 5234 1537 5302 utilitas
1603 5256 1738 5301 non
1802 5233 2023 5300 minus
2087 5255 2284 5317 quam

323 5330 570 5390 nostra.

2825 1175 3336 1247 EXPOSI'PIO
3372 1175 3922 1246 PRAEOEP'H.

2994 1314 3129 1383 Ex
3174 1313 3483 1382 LEVIT.
3528 1311 3729 1380 xlx,

2553 1504 2654 1571 11.
2726 1500 4338 1589 Nonfiombmetnonnoyawismoquemm-

2375 1590 3254 1676 memqmffiooem
3294 1609 3428 1656 suo.

2901 1929 3037 2000 EX
3079 1929 3411 1998 EODEM
3456 1928 3816 1998 ΟΔΡῙΤΕ.

2551 2122 2655 2190 13.
2705 2121 2852 2189 Non
2884 2121 3582 2206 opprimesprooeimum
3625 2124 3822 2196 tuum,
3864 2140 4061 2204 neque
4091 2122 4339 2205 rapies,-

2375 2229 2487 2277 που
2540 2208 2892 2277 morabitur
2945 2227 3108 2291 opus
3162 2207 3536 2275 mercenarii
3578 2206 3754 2288 apud
3794 2210 3852 2273 te
3896 2226 4094 2289 usque
4131 2228 4331 2275 mane.

2550 2395 2684 2463 Hic
2787 2395 2941 2462 auio
2995 2395 3240 2462 clarius
3282 2405 3573 2461 mentem
3627 2415 3818 2461 suam
3877 2401 3945 2460 et
3985 2394 4336 2464 consilium

2375 2484 2566 2550 Deus
2607 2504 2740 2567 exp
2770 2483 2929 2562 ’cat,
2983 2483 3137 2565 quia
3188 2480 3456 2547 furandi
3502 2480 3752 2565 species
3796 2490 4173 2561 enumerat,
4222 2483 4335 2551 ubi

2374 2569 2696 2637 fallaciter
2739 2569 2979 2653 agitur,
3022 2567 3129 2634 vel
3162 2574 3502 2652 grassatur
3534 2565 3866 2632 violentia.
3928 2567 4080 2633 Duo
4116 2570 4337 2651 verba,

2376 2677 2655 2740 quorum
2699 2654 2982 2720 alterum
3026 2674 3304 2739 negare,
3351 2651 3631 2719 alterum
3675 2652 3947 2718 mentiri
3992 2654 4335 2734 vertimus,

2377 2743 2577 2809 etiam
2636 2739 2867 2807 fallere
2926 2739 3331 2824 significant:
3397 2739 3568 2804 sicut
3629 2739 3929 2819 mentiri,
3989 2739 4094 2805 vel
4148 2761 4338 2824 spem

2374 2827 2698 2895 frustrari.
2778 2825 2927 2892 Non
2951 2824 3223 2891 dubium
3243 2825 3448 2909 igitur
3489 2833 3593 2890 est
3633 2823 3796 2907 quin
3839 2823 3922 2891 ab
3964 2826 4145 2891 omni
4187 2839 4337 2893 astu

2376 2925 2446 2979 et
2479 2911 2711 2980 fraude
2747 2933 2900 2978 suos
2943 2923 3206 2978 revocet
3247 2910 3456 2990 Deus,
3501 2918 3578 2975 ut
3613 2910 3868 2976 sincere
3901 2916 3972 2976 et
4002 2909 4174 2976 bona
4206 2911 4338 2977 fide

2378 3009 2609 3067 mutuo
2652 3000 2828 3064 inter
2870 3019 2941 3064 se
2987 3006 3362 3064 versentur:
3416 2997 3612 3063 sicuti
3669 2995 3925 3062 Paulus
3977 2996 4137 3063 scite
4180 3017 4335 3064 con-

2377 3088 2599 3155 silium
2642 3086 2917 3170 spiritus
2959 3085 3171 3151 sancti
3215 3084 3513 3167 exponit,
3560 3081 3718 3148 dum
3760 3080 3988 3150 fideles
4030 3082 4339 3150 hortatur

2378 3183 2454 3239 ut
2518 3172 2811 3256 deposito
2878 3170 3217 3237 mendacio
3279 3168 3589 3253 loquatur
3653 3169 3926 3252 quisque
3990 3170 4338 3237 veritatem

2377 3280 2529 3325 cum
2568 3258 2867 3342 proximo
2903 3277 3055 3324 suo:
3101 3255 3413 3341 quoniam
3447 3275 3675 3321 sumus
3715 3254 4006 3322 invicem
4039 3255 4340 3323 membra

2378 3342 2654 3433 (Ephes.
2700 3345 2761 3423 4,
2806 3341 2937 3444 25).
3025 3341 3336 3410 Secundo
3396 3341 3540 3407 loco
3603 3338 3896 3407 modeste
3959 3350 4026 3407 et
4089 3350 4341 3427 tempe-

2379 3444 2604 3497 ranter
2661 3451 2912 3497 versari
2960 3427 3141 3495 iubet
3185 3449 3335 3494 cum
3370 3427 3724 3512 proximis,
3777 3436 3855 3492 ιιι
3896 3425 3981 3493 ab
4025 3429 4204 3494 omni
4235 3432 4337 3494 in·

2378 3517 2555 3584 iusta
2597 3516 3020 3601 oppressione
3063 3514 3459 3581 abstineant.
3548 3511 3742 3594 Quod
3782 3511 4237 3598 Hieronymus
4271 3522 4342 3581 et

2379 3604 2498 3670 alii
2555 3611 2703 3685 post
2760 3622 2912 3668 eum
2963 3622 3083 3684 pro
3142 3600 3341 3667 verbo
3383 3613 3528 3681 prm?
3570 3597 3859 3666 reddunt
3906 3598 4339 3680 Calumniari,

2383 3690 2670 3757 alienum
2717 3699 2844 3754 est:
2951 3687 3151 3753 assim
3206 3687 3385 3751 enim
3428 3686 3746 3769 accipitur
3786 3706 3905 3768 pro
3948 3685 4341 3769 opprimere,

2382 3774 2683 3860 spoliare,
2726 3794 2886 3857 prae
2935 3773 3066 3852 ari,
3105 3783 3173 3837 et
3216 3791 3539 3855 occupare
3582 3772 3861 3837 aliorum
3906 3769 4094 3837 bona.
4182 3771 4342 3838 Cer-

2382 3873 2526 3926 tum
2568 3861 2774 3945 igitur
2817 3867 2951 3940 est,
2993 3857 3191 3924 sicuti
3232 3868 3390 3923 ante
3433 3855 3773 3924 fraudibus
3815 3856 4177 3923 remedium
4223 3857 4338 3924 ad-

2379 3946 2600 4013 hibuit
2662 3946 2913 4025 Moses,
2974 3944 3068 4011 ita
3123 3965 3304 4010 nunc
3373 3942 3779 4026 improbitati
3821 3964 4200 4025 occurrere,
4251 3966 4337 4011 ne

2380 4034 2526 4118 quis
2571 4054 2612 4098 a
2658 4032 2957 4115 proximo
3014 4051 3136 4096 suo
3194 4039 3582 4113 extorqueat
3639 4025 3814 4113 quod
3873 4050 4152 4111 aequum
4200 4051 4337 4096 non

2382 4130 2502 4186 est.
2594 4116 2988 4201 Quanquam
3059 4116 3265 4182 altero
3328 4115 3527 4182 verbo
3593 4102 3682 4189 ὅτι
3750 4114 4060 4180 violentia
4124 4136 4192 4181 m
4283 4116 4297 4130 ⁴

2380 4204 2793 4289 exprimitur,
2839 4203 2943 4270 vel
2988 4213 3217 4286 aperta
3257 4200 3565 4285 direptio:
3610 4210 3770 4265 sunt
3809 4201 3987 4265 enim
4028 4197 4200 4288 (meo
4233 4223 4336 4268 ιιι-

2380 4288 2579 4378 dicio)
2637 4290 2802 4355 haec
2855 4290 2984 4354 duo
3041 4287 3246 4356 verba
3303 4298 3621 4370 tanquam
3679 4306 3889 4370 genus
3944 4295 4011 4352 et
4067 4288 4337 4372 species.

2380 4378 2740 4460 Postquam
2798 4396 2955 4459 ergo
3016 4375 3229 4441 vetuit
3284 4372 3521 4458 quovis
3576 4371 3769 4437 modo
3825 4373 4062 4438 fratres
4119 4374 4339 4459 oppri-

2385 4484 2593 4541 mere,
2653 4470 2720 4527 et
2774 4461 3072 4528 involare
3112 4462 3185 4525 in
3229 4480 3458 4525 eorum
3499 4458 3706 4539 bona,
3753 4457 3946 4524 simul
3992 4457 4207 4538 addit,
4252 4483 4338 4526 ne

2386 4552 2521 4617 vim
2582 4547 2867 4613 afferant
2931 4544 3015 4611 ad
3077 4568 3188 4612 eos
3265 4546 3490 4628 inique
3569 4544 3958 4627 spoliandos.
4046 4546 4342 4611 Tandem

2386 4634 2657 4701 modum
2724 4654 2931 4699 unum
2996 4631 3282 4697 iniustae
3345 4631 3786 4713 oppressionis
3851 4629 4181 4714 designat,
4232 4629 4343 4696 ubi

2387 4720 2732 4786 fraudatur
2789 4740 2911 4784 sua
2959 4714 3258 4783 mercede
3328 4717 3444 4800 qui
3517 4736 3783 4800 operam
3840 4737 4028 4782 suam
4083 4716 4340 4795 locavit,

2387 4829 2521 4872 non
2578 4806 2801 4898 modo⁸
2830 4805 2887 4870 si
2939 4825 3188 4870 vacuus
3234 4803 3524 4882 eiicitur,
3586 4813 3823 4886 negata
3880 4803 4120 4868 laboris
4175 4823 4343 4868 mer·

2387 4894 2564 4971 cede,
2607 4912 2843 4957 verum
2887 4891 2944 4956 si
2980 4890 3281 4955 differtur
3314 4889 3386 4954 in
3419 4889 3800 4955 crastinum.
3868 4887 4129 4955 Scimus
4164 4889 4341 4953 enim

2388 4979 2826 5045 mercenarios
2899 4986 2970 5042 ut
3013 4976 3377 5061 plurimum
3417 4976 3488 5041 in
3525 4975 3695 5040 diem
3743 4975 3998 5052 vivere,
4064 4972 4341 5057 ideoque

2389 5066 2448 5130 si
2515 5064 2850 5130 tantillum
2916 5083 3140 5128 morae
3207 5061 3536 5143 iniicitur,
3611 5059 3817 5145 redigi
3885 5058 3966 5124 ad
4032 5059 4339 5125 inediam.

2388 5151 2573 5234 Ergo
2617 5150 2671 5215 si
2718 5149 2901 5215 dives
2944 5150 3256 5215 miserum
3304 5157 3371 5212 et
3411 5149 3675 5231 inopem
3733 5146 4097 5225 hominem,
4152 5146 4341 5212 cuius

2389 5235 2627 5302 sudore
2671 5236 2913 5301 abusus
2957 5248 3090 5312 est,
3135 5255 3533 5318 suspensum
3567 5242 3821 5308 teneat,
3867 5229 4343 5313 quodammodo

2387 5322 2605 5405 ipsum
2659 5321 2917 5406 iugulat
2974 5321 3135 5386 dum
3190 5321 3409 5404 privat
3468 5319 3658 5384 illum
3715 5314 4092 5401 quotidiano
4144 5317 4339 5384 victu.

2390 5407 2673 5474 Summa
2727 5418 2863 5488 est,
2930 5407 3022 5473 ita
3089 5405 3431 5472 colendam
3488 5425 3633 5472 esse
3686 5402 4199 5485 humanitatem,
4255 5426 4341 5469 ne
