4867 6150
527 436 661 506 163

534 627 944 699 ‘tumultuose
988 623 1157 691 Mosi
1205 623 1623 706 obstrepunt,
1687 633 1750 686 et
1809 621 1892 685 ab
1948 641 2024 684 eo
2083 632 2305 704 potum
2353 620 2491 685 exi-

537 724 734 802 gunt,
781 733 973 797 quem
1021 711 1310 777 sciebant
1355 709 1615 774 nonnisi
1661 729 1699 773 a
1723 708 1866 773 Deo
1910 706 2052 771 dari
2090 728 2295 789 posse.
2357 703 2493 771 Sed

534 801 706 886 ,quia
748 797 1040 864 nondum
1089 795 1449 862 didicerant
1491 793 1635 859 Deo
1680 792 1916 872 fidere,
1982 790 2063 857 ad
2121 794 2261 857 eius
2304 812 2493 875 opem

537 907 685 952 non
744 884 1162 968 confugiunt:
1218 882 1343 947 nisi
1390 879 1565 964 quod
1619 880 1962 962 imperiose
2006 879 2078 943 in
2124 879 2300 943 servi
2346 898 2494 961 per-

545 993 712 1038 sona
755 970 928 1036 votis
973 970 1107 1033 suis
1152 967 1419 1049 obsequi
1463 963 1704 1030 iubent.
1765 965 1952 1030 Haec
1997 965 2168 1031 enim
2215 963 2496 1029 interro-

553 1057 764 1143 gatio:
822 1054 1001 1138 Quid
1045 1052 1391 1120 bibemus?
1432 1049 1823 1117 tantundem
1863 1050 2037 1116 valet
2073 1071 2148 1115 ac
2192 1052 2245 1115 si
2293 1049 2497 1114 dixis-

553 1153 730 1210 sent:
778 1142 1095 1224 Transige
1130 1160 1277 1205 cum
1306 1140 1448 1204 Deo
1485 1150 1563 1201 ut
1598 1137 1784 1202 nobis
1828 1146 2057 1220 potum
2103 1135 2496 1219 suppeditet.

551 1230 764 1296 Recta
799 1247 954 1293 vero
992 1227 1206 1291 Deum
1245 1246 1368 1290 non
1426 1222 1844 1307 compellant,
1899 1223 2088 1299 00100
2138 1221 2383 1287 auxilio
2427 1242 2497 1286 00

553 1336 718 1399 0900
761 1312 1001 1379 habere
1045 1313 1369 1377 sentiunt:
1437 1310 1591 1392 quia
1632 1307 2053 1374 incredulitas
2097 1328 2358 1392 semper
2400 1316 2501 1371 est

557 1422 633 1467 su
682 1399 855 1464 erba.

597 1489 601 1492 ⁴
636 1423 680 1485 p
724 1484 826 1550 25.
880 1483 1055 1548 Tunc
1096 1481 1405 1547 clamavit.
1465 1481 1647 1546 Hinc
1683 1479 2052 1563 colligimus
2096 1478 2302 1544 solum
2351 1478 2500 1544 Mo-

553 1592 673 1638 sen
740 1571 863 1635 rite
932 1577 1266 1652 precatum
1335 1588 1478 1633 esse
1542 1588 1744 1649 quum
1808 1566 2090 1651 populus
2139 1565 2501 1647 impetuose

553 1666 777 1723 contra
837 1676 985 1720 eum
1044 1655 1446 1737 insurgeret:
1507 1663 1575 1718 et
1627 1653 1736 1736 qni
1792 1650 2048 1736 indigni
2093 1662 2280 1715 erant
2324 1671 2498 1716 com-

551 1742 739 1809 muni
775 1754 948 1817 aere,
982 1738 1155 1806 dulci
1191 1760 1360 1823 aqua
1393 1739 1595 1804 fuisse
1632 1738 1917 1804 satiatos.
1986 1737 2064 1802 In
2092 1758 2218 1819 quo
2243 1736 2498 1802 refulsit

549 1827 1055 1894 inaestimabilis
1099 1825 1228 1892 Dei
1269 1824 1747 1904 misericordia,
1793 1823 1905 1907 qui
1950 1830 2253 1887 naturam
2301 1842 2495 1905 aqua-

548 1934 704 1980 rum
748 1910 1096 1988 mutando,
1156 1920 1290 1976 tam
1346 1910 1669 1994 malignos
1729 1920 1794 1974 et
1838 1909 2232 1993 praefractos
2277 1908 2499 1991 ingra-

552 2007 785 2083 tosque
842 1997 1142 2063 homines
1199 1997 1373 2062 alere
1434 1997 1744 2081 dignatus
1788 2006 1906 2062 est.
1994 1996 2264 2060 Poterat
2308 1994 2500 2058 initio

555 2084 855 2151 dulcibus
900 2085 1085 2167 aquis
1131 2104 1240 2149 eos
1284 2091 1530 2166 potare,
1578 2081 1689 2148 sed
1736 2083 1977 2146 amaris
2017 2081 2227 2147 voluit
2262 2081 2329 2145 in
2369 2101 2501 2144 me-

552 2170 736 2236 dium
772 2171 1059 2253 proferre
1095 2168 1591 2234 amaritudinem
1631 2189 1795 2251 0000
1832 2169 1894 2232 10
1936 2188 2160 2232 eorum
2199 2165 2502 2232 cordibus

550 2255 819 2323 latebat.
910 2255 1179 2321 Poterat
1237 2255 1432 2319 etiam
1488 2255 1624 2320 solo
1680 2263 1846 2318 nutu
1891 2255 2125 2318 vitium
2173 2253 2501 2337 corrigere

550 2343 624 2409 in
668 2343 854 2425 aquis
898 2355 974 2406 ut
1027 2351 1260 2425 sponte
1316 2340 1779 2406 dulcescerent.
1870 2339 2008 2404 Cur
2074 2339 2325 2422 lignum
2387 2338 2500 2401 ad-

552 2426 780 2493 hibere
840 2427 1178 2506 maluerit,
1235 2428 1557 2491 incertum
1616 2435 1746 2490 est:
1810 2426 1934 2490 nisi
1991 2434 2065 2489 ut
2121 2434 2505 2505 coargueret

553 2514 829 2596 impiam
875 2533 1100 2578 eorum
1148 2513 1535 2591 socordiam,
1595 2509 1947 2576 ostendens
2005 2508 2217 2575 multa
2262 2510 2386 2575 sibi
2431 2510 2501 2573 in

553 2609 865 2683 promptu
920 2620 1063 2664 esse
1121 2598 1410 2663 remedia
1460 2598 1824 2680 quibusque
1879 2595 2086 2661 malis.
2177 2596 2294 2661 De'
2324 2594 2501 2679 ligno

555 2686 756 2751 etiam
802 2684 1094 2767 quaestio
1140 2685 1449 2759 nascitur,
1495 2704 1581 2747 an
1627 2683 1781 2762 vim,
1826 2704 1991 2764 quae
2037 2695 2194 2747 tunc
2238 2692 2500 2746 exserta

557 2771 708 2846 fuit,
756 2771 1060 2835 habuerit
1101 2769 1482 2854 ingenitam.
1572 2769 1721 2833 Etsi
1765 2780 1981 2833 autem
2030 2766 2393 2851 probabiles
2428 2767 2499 2831 in

555 2865 900 2938 utramque
943 2865 1196 2938 partem
1241 2856 1528 2920 rationes
1571 2855 1802 2921 adduci
1847 2865 2135 2937 possunt,
2181 2855 2394 2937 magis
2428 2853 2500 2917 in

555 2942 728 3007 hanc
773 2943 1168 3008 sententiam
1213 2941 1487 3019 inclino,
1551 2942 1687 3004 vim
1745 2941 2066 3005 occultam
2112 2938 2501 3004 naturaliter

554 3026 628 3094 in
671 3027 852 3113 ligno
896 3028 1115 3105 fuisse,
1160 3037 1229 3092 et
1273 3037 1491 3093 tamen
1529 3025 1846 3094 miraculo
1893 3036 2253 3093 correctum
2298 3024 2500 3091 fuisse

558 3135 763 3197 aquae
817 3134 1146 3197 saporem:
1205 3115 1359 3196 quia
1412 3112 1680 3180 difficile
1738 3113 1969 3178 fuisset
2025 3122 2277 3177 tantam
2336 3112 2499 3196 ligni

555 3199 808 3284 copiam
864 3210 1197 3265 momento
1263 3220 1615 3283 congerere
1673 3220 1840 3281 quae
1897 3200 2102 3264 fluvio
2160 3200 2500 3282 purgando

557 3288 906 3352 sufficeret.
1033 3286 1263 3368 Neque
1348 3286 1525 3349 enim
1612 3286 1854 3368 exiguo
1932 3285 2112 3350 fonte
2190 3295 2501 3351 contenta

556 3371 837 3437 fuissent
901 3382 1210 3437 sexcenta
1275 3371 1482 3448 millia
1548 3370 1886 3435 hominum
1950 3391 2101 3435 cum
2167 3371 2499 3449 uxoribus,

556 3457 799 3536 liberis,
836 3466 903 3521 et
934 3457 1292 3541 pecoribus.
1352 3455 1546 3537 Quod
1583 3470 1801 3522 autem
1839 3456 2011 3521 hanc
2035 3457 2499 3540 proprietatem

557 3543 601 3607 l·
654 3564 739 3608 no
796 3542 976 3626 prius
1039 3544 1238 3608 fuisse
1302 3541 1577 3608 inditam
1644 3543 1984 3619 existim0,
2053 3545 2300 3607 ratione
2369 3564 2501 3607 non

556 3627 797 3695 frivola
853 3627 1169 3694 adducor:
1230 3630 1383 3712 quia
1439 3637 1684 3692 certam
1744 3649 1945 3693 unam
2004 3630 2280 3711 speciem
2329 3628 2502 3694 Mosi

555 3716 758 3781 fuisse
791 3726 1119 3780 ostensam
1157 3724 1357 3798 patet.
1424 3714 1655 3797 Neque
1699 3714 1764 3779 id
1811 3726 2032 3778 tamen
2075 3715 2294 3780 obstat
2341 3715 2497 3797 quin

561 3803 766 3865 maior
807 3799 997 3865 solito
1038 3800 1327 3865 efficacia
1387 3801 1744 3876 exstiterit,
1803 3809 1877 3865 ut
1934 3801 2215 3866 subitam
2278 3800 2499 3865 dulce-

558 3887 779 3951 dinem
838 3886 1076 3951 iniecto
1133 3885 1313 3970 ligno
1370 3906 1576 3970 aquae
1632 3887 2064 3969 acquirerent.
2155 3886 2346 3967 Quod
2395 3907 2497 3950 se·

554 3972 779 4057 quitur
816 3974 887 4036 in
941 3972 1230 4038 secunda
1288 3984 1472 4056 parte
1528 3993 1787 4048 versus,
1852 3970 2179 4055 duplicem
2234 3993 2495 4037 sensum

555 4058 876 4124 admittit:
922 4079 1190 4142 nempe,
1248 4060 1547 4141 quamvis
1590 4057 1724 4123 illic
1770 4056 1953 4123 Deus
1996 4059 2321 4142 posuisset
2363 4067 2498 4124 sta-

555 4153 806 4223 tutum,
865 4153 1085 4209 tamen
1146 4146 1342 4210 fuisse
1401 4153 1727 4209 tentatum
1773 4165 1812 4209 a
1855 4143 2129 4227 populo,
2190 4144 2301 4209 vel
2344 4145 2498 4228 0010

552 4239 844 4296 tentatus
880 4230 1005 4295 fuit
1029 4230 1211 4296 Deus
1251 4251 1290 4295 a
1323 4229 1586 4313 popule,
1632 4229 1778 4294 ideo
1814 4230 2107 4312 posuisse
2152 4240 2494 4295 statutum.

554 4317 631 4381 si
690 4317 869 4399 prior
934 4336 1167 4382 sensus
1234 4317 1519 4400 placeat,
1588 4316 2094 4400 exaggerabitur
2153 4317 2403 4382 crimen
2459 4337 2497 4382 a

554 4402 1057 4485 comparatione.
1122 4402 1293 4468 Nam
1330 4424 1405 4467 eo
1441 4401 1726 4467 deterior
1760 4403 1886 4466 fuit
1918 4402 2141 4486 populi
2176 4403 2497 4485 impietas,

556 4486 727 4570 quod
771 4486 1036 4554 edoctus
1082 4509 1238 4554 voce
1284 4488 1442 4567 Dei,
1502 4489 1574 4552 in
1618 4486 1842 4552 eodem
1888 4504 2110 4552 tamen
2153 4487 2297 4554 loco
2341 4508 2498 4554 suae

559 4572 957 4657 pervicaciae
1012 4572 1236 4638 fraena
1296 4573 1564 4639 laxavit.
1655 4574 1800 4658 Ego
1855 4594 2008 4638 vero
2075 4576 2496 4655 posteriorem

557 4680 824 4725 sensum
858 4659 1080 4743 magis
1123 4660 1496 4742 amplector,
1539 4657 1714 4744 quod
1760 4658 1943 4724 Deus
1983 4659 2231 4725 scilicet
2275 4660 2498 4744 populi

557 4744 878 4811 malitiam
923 4746 1341 4829 castigaverit
1384 4767 1423 4810 a
1466 4767 1592 4829 000
1635 4755 1927 4811 tentatus
1969 4746 2200 4810 fuerat.
2269 4745 2501 4812 Genus

560 4850 754 4914 porro
798 4831 1182 4896 tentationis
1226 4831 1380 4910 fuit,
1437 4831 1607 4915 quod
1666 4852 1797 4896 non
1857 4831 2066 4896 solum
2128 4829 2503 4897 dubitanter

559 4916 873 4983 sciscitati
918 4930 1074 4981 sunt
1116 4918 1260 4999 quis
1314 4917 1588 4981 daturus
1646 4926 1820 4984 esset
1878 4938 2149 5001 aquam,
2203 4917 2317 4982 sed
2379 4918 2503 4985 1100

559 5024 715 5069 voce
766 5003 984 5067 testati
1044 5013 1202 5067 sunt
1253 5023 1439 5067 suam
1497 5002 2038 5085 desperationem.
2130 5002 2503 5085 Caeterum,

559 5090 714 5171 0010
757 5109 890 5153 000
933 5096 1248 5154 contextu
1293 5085 1554 5168 dicitur,
1603 5089 1739 5155 illic
1784 5092 2001 5173 posuit
2046 5097 2391 5171 statutum,
2438 5102 2508 5156 et

559 5175 696 5240 illic
762 5174 1045 5239 tentavit
1122 5195 1302 5252 eum,
1384 5173 1649 5239 videtur
1718 5177 1783 5238 in
1851 5185 2126 5257 utroque
2189 5176 2504 5256 membre,

558 5260 925 5328 subiectum
959 5281 1102 5326 esse
1137 5281 1373 5325 nomen
1411 5258 1557 5340 Dei,
1604 5269 1674 5326 et
1716 5259 2077 5344 praedicari
2122 5260 2203 5327 de
2245 5264 2506 5348 populo,

551 5345 732 5430 quod
797 5354 1119 5412 statutum
1185 5347 1509 5429 acceperit
1575 5357 1644 5411 et
1707 5345 2023 5429 probatus
2079 5346 2298 5414 fuerit.
2401 5349 2508 5416 Ita

1695 428 2434 501 COMMENTARIUS
2479 428 2576 497 IN
2616 428 2920 497 EXODI
2962 429 3161 496 OAP.
3199 428 3393 495 XVI.

4417 424 4533 490 164

2597 641 2829 686 sensus
2874 628 3074 685 esset:
3123 619 3479 702 Postquam
3506 617 3691 682 Deus
3734 638 3941 700 aquae
3983 615 4258 699 penuria
4301 614 4536 679 exami-

2596 706 2786 772 navit
2818 707 3132 790 populum
3155 727 3367 782 suum,
3408 705 3605 771 verbo
3630 724 3884 787 quoque
3906 701 4105 768 simul
4130 700 4537 766 admonuisse

2598 803 2671 856 ut
2729 792 2798 857 in
2855 802 3192 876 posterum
3252 791 3480 857 maiori
3538 789 3864 857 docilitate
3923 801 3991 855 et
4047 787 4417 853 obedientia
4468 805 4535 852 se

2599 878 2944 944 subiiceret
2987 879 3164 943 illius
3218 877 3509 960 imperio.
4216 906 4224 914 ·

2771 965 2874 1031 26.
2924 964 3001 1030 Si
3044 964 3368 1030 obediendo
3403 962 3722 1029 obedieris.
3793 961 3987 1026 Nunc
4023 959 4305 1042 explicat
4327 958 4538 1024 Moses

2603 1051 2793 1132 quale
2836 1052 3037 1116 fuerit
3079 1059 3400 1115 statutum
3457 1047 3622 1114 illud
3682 1048 3787 1114 vel
3842 1048 4127 1113 edictum
4183 1044 4351 1128 quod
4398 1064 4539 1127 pro-

2603 1137 2925 1221 mulgavit
2985 1137 3182 1201 Deus,
3272 1136 3500 1220 Neque
3563 1135 3740 1200 enim
3807 1134 3914 1200 1110
3981 1132 4204 1217 agitur
4269 1129 4349 1195 de
4412 1140 4541 1195 tota

2602 1221 2766 1305 lege,
2813 1243 2979 1306 quae
3023 1222 3261 1287 deinde
3303 1222 3455 1287 data
3494 1222 3618 1287 fuit
3661 1222 3731 1286 in
3776 1227 3999 1285 monte
4043 1217 4266 1296 Sinai,
4308 1213 4422 1281 sed
4466 1216 4540 1281 de

2604 1308 2874 1391 speciali
2930 1307 3402 1385 admonitione,
3461 1328 3628 1392 quae
3689 1306 3897 1372 valuit
3949 1303 4032 1369 ad
4095 1300 4541 1388 castigandam

2603 1394 2825 1476 populi
2885 1395 3223 1459 malitiam.
3317 1391 3594 1460 Summa
3650 1404 3867 1457 autem
3928 1400 4064 1466 est,
4122 1392 4177 1456 si
4239 1389 4540 1473 morigeri

2603 1481 2741 1545 sint
2784 1503 2858 1546 ac
2903 1481 3332 1563 obsequentes
3366 1479 3511 1545 Deo
3554 1479 3930 1555 Israelitae,
3996 1478 4212 1561 ipsum
4262 1475 4542 1540 vicissim

2603 1567 2741 1631 fore
2787 1567 2915 1631 illis
2962 1565 3343 1631 beneficum.
3436 1570 3534 1631 Ac
3579 1565 3780 1630 tacita
3824 1574 3925 1629 est
3969 1563 4415 1646 exprobratio,
4473 1567 4544 1624 nt

2603 1654 2817 1717 sciant
2839 1674 2909 1717 se
2933 1672 3266 1718 accersere
3288 1652 3425 1718 suis
3446 1651 3731 1735 peccatis
3762 1649 4073 1733 quidquid
4100 1647 4543 1712 molestiarum

2604 1740 2948 1803 sustinent.
3056 1739 3419 1824 Aegyptios
3477 1737 3608 1803 illis
3665 1737 3971 1820 proponit
4026 1737 4097 1800 in
4153 1732 4543 1816 exemplum,

2602 1846 2879 1907 quorum
2915 1825 3333 1890 rebellionem
3373 1825 3671 1889 viderant
3706 1832 3842 1886 tam
3866 1819 4176 1906 gravibus
4197 1832 4264 1885 et
4297 1821 4545 1885 severis

2602 1914 2831 1994 poenis
2876 1912 3095 1977 Deum
3141 1910 3341 1976 fuisse
3387 1908 3618 1975 ultum.
3708 1907 3900 1990 Quod
3959 1927 4113 1972 mox
4172 1905 4543 1972 subiicitur:

2602 1998 2747 2082 Ego
2776 1998 2957 2063 Deus
2993 2017 3233 2062 sanans
3279 2008 3362 2077 te,
3407 1996 3490 2060 ad
3534 1993 4099 2061 confirmationem
4143 1999 4427 2076 spectat:
4474 2011 4545 2056 ac

2604 2084 2661 2148 si
2716 2082 2994 2161 diceret,
3053 2084 3374 2148 obnoxios
3433 2081 3664 2147 iisdem
3722 2080 3932 2165 plagis
3991 2100 4133 2144 esse
4189 2077 4542 2154 Israelitas,

2603 2191 2769 2252 quae
2815 2170 3163 2255 Aegyptiis
3205 2170 3493 2234 inflictae
3538 2169 3831 2244 fuerant,
3892 2186 4012 2232 nec
4057 2165 4185 2229 alia
4229 2165 4309 2228 de
4356 2183 4546 2230 causa

2606 2277 2749 2321 esse
2829 2257 3155 2321 immunes
3235 2255 3361 2319 nisi
3445 2252 3614 2337 quod
3680 2254 3866 2318 Deus
3946 2252 4179 2316 medici
4258 2249 4548 2315 officium

2605 2350 2914 2425 praestat.
3025 2342 3115 2406 Et
3180 2362 3338 2405 sane
3406 2349 3720 2424 quotquot
3789 2339 3861 2402 in
3942 2358 4183 2422 genere
4257 2335 4547 2401 humano

2607 2437 2991 2512 grassantur
3054 2427 3296 2505 morbi,
3362 2428 3432 2491 10
3500 2425 3770 2491 totidem
3835 2425 4117 2508 speculis
4180 2424 4548 2505 perspicere

2605 2515 2757 2580 licet
2804 2525 3060 2580 nostras
3117 2514 3443 2578 miserias:
3512 2524 3586 2576 ut
3648 2513 3930 2577 sciamus
3996 2510 4161 2574 nihil
4227 2509 4295 2573 in
4369 2507 4548 2573 nobis

2606 2603 2910 2666 sanitatis
2976 2620 3146 2675 esse,
3228 2601 3355 2663 nisi
3422 2609 3741 2681 quatenus
3807 2596 3993 2661 nobis
4060 2596 4245 2661 Deus
4319 2593 4545 2678 parcit.

2604 2687 2749 2753 Hoc
2797 2689 2989 2752 etiam
3041 2706 3236 2750 versu
3282 2684 3620 2761 docemur,
3665 2683 3838 2749 hanc
3884 2681 4149 2747 demum
4195 2702 4341 2746 esse
4384 2683 4548 2745 iuste

2605 2772 2869 2838 vivendi
2916 2772 3208 2856 regulam
3256 2771 3365 2837 ubi
3411 2770 3934 2853 obtemperamus
3970 2768 4119 2834 voci
4142 2767 4287 2846 Dei,
4328 2766 4547 2832 stude·

2606 2881 2881 2942 musque
2947 2860 3005 2923 ei
3074 2857 3347 2941 placere.
3461 2856 3792 2939 Quoniam
3858 2863 4078 2920 autem
4143 2853 4344 2936 paulo
4411 2859 4549 2935 post

2604 2946 2736 3011 Dei
2799 2945 3101 3010 voluntas
3165 2944 3233 3009 in
3299 2944 3446 3027 lege
3523 2941 3971 3026 patefacienda
4049 2948 4223 3018 erat,
4305 2939 4549 3004 diserte

2606 3032 2785 3098 iubet
2842 3040 3128 3098 attentos
3186 3051 3326 3097 esse
3386 3029 3779 3113 praeceptis,
3835 3038 3902 3094 et
3957 3047 4221 3093 servare
4279 3034 4544 3091 statuta.

2609 3117 2799 3201 Quod
2881 3140 3103 3184 vocem
3168 3130 3326 3210 D'pn
3394 3116 3617 3201 (quam
3705 3115 4019 3180 usitatum
4102 3122 4203 3177 est
4290 3123 4547 3178 vertere

2607 3204 2880 3292 statuta)
2959 3203 3221 3287 quidam
3284 3224 3323 3268 a
3381 3203 3743 3286 praeceptis
3822 3200 4268 3283 distinguunt,
4352 3221 4428 3265 ac
4493 3198 4549 3264 si

2606 3309 2827 3357 essent
2884 3311 3066 3355 mera
3124 3288 3363 3374 placita
3414 3290 3650 3372 quibus
3709 3307 3842 3352 non
3903 3294 4007 3352 est
4058 3304 4319 3349 annexa
4367 3285 4546 3363 ratio,

2608 3378 2825 3444 nescio
2892 3398 2973 3442 00
3040 3375 3199 3440 satis
3266 3377 3530 3440 firmum
3589 3374 3691 3439 sit.
3795 3370 4101 3438 Sufficiat
4155 3370 4375 3454 legem
4426 3369 4550 3435 Dei

2605 3462 3048 3530 commendari
3071 3462 3364 3545 pluribus
3390 3461 3625 3540 verbis,
3650 3459 3729 3525 ad
3755 3457 4114 3524 tollendum
4138 3456 4548 3542 ignorantiae

2604 3558 3039 3634 praetextum.

2776 3636 2877 3701 27.
2938 3635 3249 3701 Venerunt
3291 3639 3498 3699 autem
3544 3633 3616 3698 in
3640 3630 3836 3698 Han.
3906 3630 4038 3696 Hic
4073 3630 4304 3695 recitat
4325 3628 4547 3693 Moses

2606 3720 2823 3786 datam
2870 3721 3070 3786 fuisse
3114 3720 3551 3786 amoeniorem
3612 3718 3961 3782 stationem
4018 3714 4286 3799 populo,
4347 3733 4545 3798 quum

2604 3807 2923 3873 adductus
2967 3819 3066 3872 est
3118 3809 3184 3872 in
3243 3805 3461 3871 locum
3519 3804 3872 3888 irriguum,
3929 3809 3998 3868 et
4053 3801 4291 3884 palmis
4350 3799 4546 3865 etiam

2600 3895 2961 3967 consitum,
3027 3914 3192 3976 quae
3252 3892 3430 3956 nasci
3488 3891 3558 3955 in
3621 3899 3798 3955 terra
3864 3887 4048 3953 arida
4114 3906 4244 3953 non
4312 3887 4540 3951 solent.

2598 3979 2747 4045 Hoc
2791 3990 3009 4044 autem
3065 3978 3243 4044 illius
3301 3977 3670 4042 infirmitati
3730 3974 3932 4039 fuisse
3989 3993 4406 4051 concessum,
4466 3992 4543 4035 ex

2598 4066 3038 4148 superioribus
3080 4065 3479 4148 colligimus:
3528 4063 3680 4146 quia
3722 4070 3856 4126 tam
3898 4060 4325 4143 impatienter
4370 4058 4544 4125 sitim

2595 4152 2857 4217 tulerat.

3307 4487 3610 4555 CAPUT
3650 4488 3843 4554 XVI.

2775 4666 2833 4730 1.
2885 4663 3208 4747 Profectae
3240 4666 3446 4726 autem
3486 4659 3565 4725 ab
3600 4660 3786 4726 Elim
3822 4664 4073 4725 cunctae
4106 4664 4352 4725 normae
4386 4656 4542 4740 filio-

2601 4772 2748 4817 rum
2792 4750 3021 4830 Israel,
3063 4752 3358 4815 venerunt
3398 4749 3469 4812 in
3510 4747 3819 4812 desertum
3865 4745 4003 4825 Sin,
4048 4744 4213 4827 quod
4255 4749 4348 4810 est
4387 4745 4543 4809 inter

2603 4837 2786 4903 Elim
2827 4841 2883 4901 01
2930 4835 3135 4914 Sinai,
3181 4835 3393 4916 quinto
3434 4832 3665 4898 decimo
3706 4832 3812 4897 die
3852 4832 4086 4897 mensis
4119 4830 4372 4896 secundi
4402 4831 4544 4912 post

2604 4944 2814 4991 eorum
2857 4922 3095 4987 exitum
3134 4942 3167 4986 e
3211 4925 3380 4985 terra
3408 4918 3696 5001 Aegypti.
3765 4917 3826 4982 2.
3871 4916 3958 4982 Et
3997 4917 4544 4982 murmuraverunt

2606 5030 2814 5076 omnes
2854 5013 3096 5074 tumme
3126 5006 3411 5088 filiorum
3453 5004 3665 5070 Israel
3720 5008 3936 5070 contra
3982 5001 4201 5069 Mosen
4241 5008 4298 5068 01
4336 5004 4542 5068 contra

2607 5096 2873 5162 Aharon
2911 5095 2984 5159 in
3025 5095 3278 5160 deserto.
3343 5091 3404 5156 3.
3451 5088 3541 5155 Et
3573 5088 3877 5155 dixerunt
3910 5087 3995 5155 ad
4027 5110 4129 5155 eos
4158 5087 4287 5171 filii
4309 5085 4545 5152 Israel:

2613 5181 2771 5264 Quis
2814 5182 2915 5246 det
2957 5186 3028 5245 ut
3080 5178 3310 5244 mortui
3368 5196 3641 5242 essemus
3680 5196 3807 5256 per
3857 5194 4118 5242 manum
4164 5173 4425 5240 Iehovae
4473 5172 4542 5237 in

2606 5272 2777 5334 terra
2822 5266 3111 5351 Aeqypti,
3159 5264 3409 5346 quando
3451 5260 3817 5329 sedebamus
3860 5262 4042 5327 iuxta
4082 5259 4273 5326 ollam
4312 5258 4540 5333 earnis,

2609 5358 2665 5420 01
2707 5353 2955 5437 quando
3010 5349 3464 5417 comedebamus
3507 5367 3747 5432 panem
3805 5348 3875 5413 in
3926 5345 4311 5413 sami-itate?
4374 5342 4542 5410 Nam
