4867 6150
513 449 643 516 299

509 636 820 720 frontalia
858 638 1021 703 inter
1061 636 1265 703 oculos
1305 641 1472 703 tuos:
1523 634 1679 718 quia
1719 633 1791 700 in
1819 630 2186 716 fortitudine
2226 651 2458 697 manus

512 723 731 789 eduxit
768 744 882 792 nos
920 723 1244 790 Dominus
1285 742 1362 788 ex
1403 722 1699 807 Aeyypto.

1110 1065 1241 1131 EX
1283 1062 1588 1131 EXODI
1631 1061 1867 1128 XXII.

684 1237 770 1302 29
799 1235 864 1323 ¹).
915 1235 1407 1320 Primoqenitum
1447 1234 1731 1316 filiorum
1771 1239 2019 1299 tuorum
2059 1233 2245 1299 dabis
2282 1231 2459 1298 mihi.

515 1324 618 1390 30.
659 1322 766 1389 Sic
805 1323 1008 1405 facies
1052 1324 1127 1387 de
1170 1321 1312 1387 bove
1355 1324 1489 1401 tuo,
1543 1325 1602 1385 et
1644 1319 1720 1384 de
1749 1320 1986 1401 pecude
2040 1324 2184 1385 tua.-
2234 1324 2464 1400 septem

511 1408 889 1562 gamma&
929 1429 1070 1475 cum
1126 1412 1325 1474 matre
1384 1427 1510 1472 sua
1525 1452 1540 1483 ,
1601 1405 1704 1471 die
1762 1410 1965 1471 autem
2024 1410 2229 1472 octavo
2280 1404 2465 1471 dabis'

1064 1836 1197 1902 EX
1241 1836 1542 1904 EXODI
1583 1835 1924 1905 XXXIV.

690 2006 792 2074 19.
846 2006 1170 2090 Quidquid
1210 2009 1418 2091 aperit
1457 2007 1724 2085 vulvam,
1769 2026 1976 2074 meum
2018 2012 2135 2085 est,
2193 2011 2252 2073 et
2293 2027 2468 2073 omne

507 2113 703 2177 pecus
740 2098 917 2159 tuum
950 2095 1119 2177 quod
1152 2094 1595 2160 memorabitur
1636 2095 1798 2160 inter
1827 2093 2248 2178 primoyenita
2287 2093 2468 2158 boum

516 2184 574 2246 et
630 2180 855 2245 ovium.
945 2180 1048 2245 20.
1097 2184 1190 2245 At
1231 2181 1720 2263 primoqenitum
1775 2181 1949 2245 asini
2003 2180 2273 2247 redimes
2329 2200 2470 2245 ove.-

517 2266 681 2347 quod
722 2266 783 2331 si
837 2285 962 2330 non
1015 2267 1378 2341 redemeris,
1438 2270 1580 2333 tunc
1634 2266 1926 2332 cervicem
1973 2265 2299 2350 praecides
2338 2265 2471 2332 illi.-

520 2370 696 2418 omne
726 2352 1217 2437 primoyenitum
1254 2350 1540 2432 filiorum
1580 2352 1864 2418 redimes.

1080 2690 1215 2757 EX
1257 2689 1561 2759 LEVIT.
1605 2690 1906 2757 XXVII.

695 2861 800 2926 26.
875 2861 1309 2927 Verumtamen
1367 2861 1854 2945 primoyenitum
1911 2862 2076 2944 quod
2136 2863 2278 2928 iure
2328 2864 2473 2946 pri-

524 2948 947 3032 moyeniturae
1017 2947 1264 3013 debetur
1320 2947 1586 3013 Iehovae
1653 2948 1817 3012 inter
1886 2947 2200 3015 animalia
2215 2996 2231 3025 ‚
2299 2969 2476 3015 nemo

525 3032 930 3102 consecrabit.-
969 3034 1103 3101 sive
1144 3033 1269 3113 bos,
1308 3034 1443 3101 sive
1484 3032 1639 3113 ovis,
1685 3033 1949 3102 lehovae
1990 3039 2099 3101 est.

1180 3374 1314 3440 EX
1358 3375 1626 3442 DEU'I'.
1672 3374 1828 3440 XV.

708 3545 807 3611 19.
860 3544 1053 3611 Omne
1061 3545 1553 3630 primoqenitum
1572 3546 1737 3628 quod
1757 3549 2049 3612 nascetur
2091 3547 2162 3611 in
2182 3552 2480 3628 armento,

533 3636 646 3699 aut
703 3631 776 3696 in
834 3651 1024 3716 yreqe
1093 3635 1197 3697 tuo
1213 3679 1227 3707 ‚
1304 3632 1653 3697 masculum
1729 3632 2146 3713 sanctificabis
2220 3633 2484 3699 Iehovae

531 3718 674 3784 Deo
712 3722 847 3782 tuo:
888 3737 1011 3780 non
1030 3717 1228 3782 uteris
1270 3737 1455 3800 opera
1468 3719 1878 3802 primoyeniti
1919 3718 2091 3785 bovis
2133 3720 2247 3799 tui,
2290 3739 2485 3802 neque

532 3802 810 3869 tondebis
851 3802 1271 3886 primoyenita
1318 3804 1528 3886 yreqis
1581 3804 1694 3868 tui.
1797 3804 1901 3869 20.
1969 3802 2197 3870 Coram
2254 3804 2485 3871 Iehova

534 3888 673 3955 Deo
712 3893 819 3953 tuo
855 3888 1129 3954 comedes
1169 3908 1309 3953 eum
1353 3891 1683 3954 annuatim
1723 3889 1795 3953 in
1836 3891 1966 3955 loco
2008 3909 2188 3972 quem
2242 3890 2487 3976 eleyerit

538 3974 787 4055 Iehova,
829 3978 899 4039 tu
939 3979 999 4040 et
1032 3973 1293 4056 famibia
1324 3979 1456 4040 tua.

708 4143 927 4210 Exodi
971 4145 1071 4224 13,
1154 4144 1215 4211 2.
1282 4144 1619 4227 Sanctifica
1671 4145 1833 4211 mihi
1887 4166 2062 4213 omne
2101 4148 2486 4232 primoyeni-

534 4236 684 4297 tum,
773 4231 923 4296 Hoc
967 4250 1220 4313 quoque
1264 4232 1346 4297 ad
1392 4234 1675 4314 primum
1720 4243 2139 4317 praeceptum
2185 4234 2483 4316 respicit:

539 4318 711 4399 quod
749 4318 930 4382 Deus
965 4316 1089 4382 sibi
1124 4318 1227 4382 ius
1269 4318 1337 4381 in
1375 4317 1829 4401 primogenitis
1874 4319 2195 4392 vendicat,
2242 4341 2324 4384 ne
2362 4341 2484 4384 un-

540 4423 737 4486 quam
795 4402 1145 4468 intercidat
1196 4401 1668 4488 redemptionis
1724 4406 2059 4471 memoria.
2148 4403 2262 4472 Sic
2306 4406 2484 4471 enim

541 4487 860 4554 admoniti
903 4489 1171 4553 fuerunt
1190 4488 1532 4555 Israelitae
1573 4489 1918 4555 colendum
1942 4491 2068 4556 sibi
2102 4511 2246 4557 esse
2267 4492 2486 4557 Deum

539 4574 733 4639 illum
818 4573 1004 4639 cuius
1081 4575 1296 4658 gratia
1374 4575 1544 4640 salvi
1617 4588 1966 4641 evaserant
2040 4599 2080 4642 a
2154 4579 2487 4647 communi

542 4659 837 4743 Aegypti
879 4658 1092 4725 clade:
1152 4660 1387 4726 deinde
1430 4662 1752 4745 singulari
1811 4663 2160 4747 privilegio
2212 4685 2284 4728 se
2338 4663 2487 4728 ideo

543 4746 748 4812 fuisse
806 4754 1064 4827 ereptos
1132 4754 1205 4810 ut
1269 4768 1340 4811 se
1410 4747 1742 4813 liberatori
1803 4747 1948 4813 Deo
2011 4764 2486 4815 consecrarent.

543 4831 720 4898 Nam
742 4829 980 4896 oblatio
1022 4852 1214 4914 quam
1241 4831 1348 4898 hic
1373 4833 1648 4916 flagitat,
1696 4845 1851 4899 nota
1893 4835 2016 4899 fuit
2058 4837 2491 4918 separationis

545 4920 725 4983 inter
767 4917 943 4999 ipsos
987 4927 1053 4981 et
1096 4918 1398 5001 profanas
1440 4929 1692 5004 gentes.
1784 4920 2051 4986 Primus
2107 4922 2320 4987 foetus
2373 4943 2489 4986 vo·

546 5015 735 5071 catur
777 5001 1027 5085 apertio
1087 5004 1340 5081 vulvae,
1399 5006 1554 5085 quia
1609 5006 2002 5088 principium
2062 5018 2162 5071 est
2220 5028 2493 5091 genera-

545 5091 764 5155 tionis.
856 5086 1049 5168 Quod
1094 5097 1313 5153 autem
1361 5090 1634 5155 dicitur:
1678 5091 1759 5156 In
1808 5093 1961 5158 filiis
2006 5093 2244 5171 Israel,
2289 5115 2493 5177 quum

548 5197 761 5242 sermo
806 5175 921 5239 fiat
967 5189 1100 5240 tam
1144 5175 1225 5240 de
1269 5175 1480 5244 brutis
1525 5177 1918 5245 animalibus
1969 5201 2165 5263 quam
2220 5178 2299 5245 de
2342 5201 2493 5266 pro·

720 5364 779 5431 1)
811 5363 981 5420 Hebr.
1015 5363 1101 5430 28,
1140 5363 1224 5419 29.

1971 437 2353 507 PRIMUM
2394 435 3044 507 PRAEOEPTUM.

4370 427 4497 496 300

2563 629 2756 715 genie
2801 638 2871 694 et
2913 627 3151 706 liberis,
3196 627 3323 694 hac
3379 635 3532 692 nota
3583 626 3754 691 feras
3802 626 4040 692 bestias
4094 645 4136 690 a
4190 624 4492 691 iumentis

2565 717 2845 798 aliisque
2906 715 3231 780 cicuribus
3275 735 3350 780 86
3395 713 3766 778 domesticis
3811 710 4200 777 animalibus
4260 713 4492 776 discer-

2567 803 2683 868 nit.
2774 802 2920 866 Etsi
2980 812 3198 865 autem
3258 800 3725 883 primogenitos
3779 799 3851 862 in
3897 819 4137 882 genere
4202 796 4495 862 Abrahae

2565 887 2686 953 sibi
2732 887 2952 952 offerri
2996 886 3195 965 iubet,
3243 908 3371 950 non
3417 885 3684 949 dubium
3733 895 3955 948 tamen
4013 893 4111 948 est
4167 884 4321 965 quin
4383 882 4499 947 hoc

2568 972 2651 1038 ad
2714 975 2914 1038 totius
2987 972 3209 1056 populi
3279 971 3853 1037 sanctificationem
3919 970 4182 1034 extendi
4252 968 4496 1034 debeat.

2565 1058 3017 1142 Primogenita
3063 1069 3282 1123 autem
3321 1056 3481 1122 dicit
3501 1077 3622 1122 sua
3656 1077 3814 1134 esse,
3861 1057 4014 1138 quia
4044 1076 4269 1120 eorum
4317 1076 4501 1137 prae-

2565 1148 2755 1229 cipue
2778 1145 3056 1210 salutem
3102 1143 3426 1209 debebant
3468 1144 3612 1207 eius
3658 1141 4137 1207 misericordiae
4173 1152 4501 1222 acceptam

2566 1232 2770 1297 ferre:
2815 1231 2930 1295 sed
2974 1228 3202 1293 eadem
3235 1231 3484 1294 ratione
3528 1228 3858 1312 significat
3877 1249 4103 1292 omnes
4147 1247 4290 1291 esse
4334 1247 4501 1292 suos.

2740 1316 2841 1381 11.
2894 1316 3217 1399 Quumque
3257 1315 3679 1381 introduxerit
3718 1318 3790 1378 te.
3860 1314 4291 1395 Prosequitur
4337 1310 4506 1396 quod

2567 1402 2755 1466 initio
2823 1402 3054 1483 capitis
3115 1402 3441 1483 attingere
3509 1411 3841 1482 coeperat,
3907 1398 3987 1464 de
4050 1397 4506 1464 consecrandis

2568 1488 3042 1572 primogenitis,
3086 1498 3164 1552 ut
3207 1487 3329 1552 hoc
3385 1486 3577 1551 modo
3634 1496 3958 1550 testentur
4015 1484 4340 1567 singulari
4391 1484 4508 1548 Dei

2569 1575 2877 1639 beneficio
2968 1593 3039 1638 se
3130 1594 3272 1638 esse
3364 1573 3611 1646 salvos,
3704 1571 3962 1655 quando
4063 1571 4510 1654 primogenitis

2569 1660 2929 1745 Aegyptios
2996 1660 3269 1724 orbavit.
3380 1656 3716 1723 Animalia
3780 1670 3999 1720 autem
4077 1655 4204 1721 sibi
4279 1655 4508 1720 adduci

2565 1747 2750 1811 iubet
2805 1754 2882 1811 ut
2939 1745 3187 1810 scilicet
3244 1754 3619 1810 mactentur
3689 1744 3758 1807 in
3831 1741 4286 1807 tabernaculo:
4363 1744 4511 1805 trita

2569 1833 2800 1915 figura,
2845 1853 2973 1912 qua
3015 1830 3169 1895 olim
3223 1830 3605 1895 dicebantur
3647 1827 3872 1894 fideles
3930 1850 4000 1893 86
4058 1838 4126 1892 et
4183 1847 4305 1891 sua
4349 1826 4514 1892 dona

2568 1919 2640 1982 in
2683 1926 3106 1999 conspectum
3154 1914 3284 1980 Dei
3328 1916 3576 1990 sistere,
3624 1936 3825 1998 quum
3873 1913 3954 1978 ad
4014 1913 4513 1979 tubernaculum

2569 2003 2968 2069 accederent.
3049 2001 3244 2083 Quod
3290 2000 3506 2066 Exodi
3549 2000 3653 2066 22.
3691 2000 4005 2064 iubentur
4046 1998 4223 2064 alere
4264 2010 4515 2082 septem

2571 2088 2800 2154 diebus
2825 2088 3280 2171 primogenita,
3328 2089 3610 2169 positum
3656 2107 3800 2152 6886
3840 2087 4243 2168 interpretor
4287 2099 4365 2150 ut
4406 2083 4513 2148 ob·

2574 2176 2746 2240 viam
2815 2174 3154 2238 fraudibus
3220 2184 3436 2238 eatur:
3519 2175 3673 2256 quia
3737 2174 3791 2238 si
3873 2172 4083 2236 foetus
4160 2172 4517 2236 teneriores

2573 2260 2785 2326 avulsi
2830 2260 2914 2325 ab
2959 2259 3270 2325 uberibus
3329 2268 3615 2323 matrum
3675 2258 3897 2324 statim
3959 2258 4237 2322 fuissent
4297 2255 4517 2321 traditi

2573 2345 3052 2423 sacerdotibus,
3126 2345 3380 2411 inutilis
3433 2345 3665 2409 fuisset
3749 2342 4006 2408 oblatio.
4124 2342 4518 2426 Quanquam

2575 2454 2709 2498 non
2754 2432 2980 2495 dubito
3024 2430 3195 2495 diem
3241 2444 3541 2497 octavum
3588 2430 3786 2495 fuisse
3844 2429 4143 2508 electum,
4202 2431 4359 2512 quia
4399 2430 4520 2492 cir-

2576 2517 2958 2584 cumcisioni
2998 2517 3439 2600 praescriptus
3482 2526 3642 2581 erat.
3735 2514 4025 2580 Additur
4066 2516 4398 2597 exceptio,
4448 2522 4523 2578 ut

2578 2625 2697 2687 pro
2741 2605 2923 2668 asino
2967 2601 3249 2685 pretium
3294 2603 3609 2682 solvatur,
3654 2602 3838 2667 cuius
3895 2601 4239 2665 immunda
4299 2601 4523 2665 fuisset

2577 2690 2837 2755 oblatio.
2930 2687 3269 2768 Quantum
3317 2689 3397 2753 ad
3442 2687 3680 2752 liberos
3737 2707 3961 2752 eorum
4022 2686 4289 2761 attinet,
4353 2687 4524 2769 ipsos

2579 2794 2835 2859 quoque
2880 2772 3113 2838 redimi
3151 2774 3468 2857 oportuit:
3515 2774 3669 2856 quia
3703 2794 3821 2839 nec
3857 2781 4161 2855 poterant
4194 2773 4422 2837 offerri
4455 2772 4523 2836 in

2581 2859 2990 2934 sacrificium,
3038 2879 3158 2923 nec
3200 2860 3343 2924 fieri
3387 2859 3774 2924 sacerdotes.

2755 2946 2970 3010 Exodi
3006 2944 3107 3024 34,
3147 2945 3247 3010 19.
3300 2945 3617 3027 Quidquid
3650 2944 3853 3027 aperit
3883 2943 4136 3010 vulvam
4180 2964 4392 3009 meum
4426 2946 4524 3008 est.

2582 3033 2838 3101 Definit
2893 3032 3017 3099 1166
3075 3031 3213 3097 1666
3256 3031 3470 3115 qualis
3515 3031 3748 3098 debeat
3792 3050 3933 3097 6886
3976 3030 4243 3107 oblatio,
4294 3048 4525 3112 nempe

2583 3132 2662 3185 ut
2704 3128 2836 3184 tam
2885 3118 3123 3184 liberos
3168 3139 3324 3184 suos
3383 3137 3575 3201 quam
3634 3117 3979 3181 immunda
4023 3117 4343 3181 animalia
4383 3136 4525 3198 pre-

2582 3206 2673 3270 tio
2740 3204 3098 3269 redimant:
3165 3203 3335 3285 quod
3400 3214 3618 3268 autem
3683 3203 3757 3267 in
3833 3203 4224 3268 sacrificium
4310 3201 4525 3267 offerri

2582 3300 2821 3374 potest,
2862 3289 2932 3355 id
2977 3289 3305 3355 adducant
3349 3287 3430 3353 ad
3475 3289 3992 3355 tabernaculum.
4069 3289 4274 3354 Porro
4326 3288 4525 3352 homi-

2585 3399 2705 3443 nes
2748 3377 2872 3443 sibi
2918 3375 3103 3441 Deus
3145 3377 3512 3442 consecrari
3557 3374 3800 3452 noluit,
3868 3376 4020 3458 quia
4077 3375 4325 3439 tribum
4370 3374 4525 3439 levi·

2589 3464 2782 3530 ticam
2828 3462 3146 3546 elegerat,
3200 3469 3276 3526 ut
3318 3461 3472 3526 alibi
3517 3460 3903 3526 videbimus.
3992 3461 4218 3525 Liberi
4262 3481 4422 3544 ergo
4463 3466 4527 3523 et

2586 3551 2689 3615 sui
2724 3549 2888 3612 iuris
2926 3547 3280 3612 manebant
3314 3546 3587 3613 masculi
3625 3547 4152 3628 compensatione
4197 3546 4522 3628 pecuniae.

2584 3634 2942 3700 Immunda
2985 3654 3142 3699 vero
3185 3633 3497 3698 animalia
3541 3631 3765 3696 eodem
3823 3630 4012 3696 modo
4054 3630 4527 3698 accommodari

2588 3730 2894 3804 poterant
2958 3720 3028 3783 in
3095 3739 3287 3784 usum
3358 3719 3818 3792 domesticum,
3886 3738 4122 3799 nempe
4187 3731 4525 3799 postquam

2590 3805 2750 3886 Dec,
2797 3806 2982 3871 cuius
3025 3813 3216 3870 erant
3257 3804 3552 3887 propria,
3598 3812 3666 3867 et
3700 3804 3809 3886 qui
3849 3825 3926 3867 ea
3960 3801 4081 3868 sibi
4119 3802 4525 3879 vendicabat,

2588 3892 2870 3957 solutum
2918 3892 3130 3955 fuerat
3163 3892 3466 3974 pretium.
3558 3888 3634 3955 Si
3692 3890 3836 3973 quis
3891 3898 4115 3953 tamen
4171 3909 4304 3953 non
4364 3887 4526 3953 tanti

2587 3978 2967 4043 aestimaret
3030 3977 3320 4055 asinum,
3384 3975 3494 4043 vel
3560 3975 3737 4038 aliud
3803 3974 4217 4039 immundum
4288 3972 4528 4039 animal

2587 4074 2783 4146 caput
2836 4061 3129 4128 abscindi
3187 4061 3295 4127 lex
3345 4061 3567 4141 iussit,
3611 4061 3763 4145 quia
3806 4060 4049 4143 alioqui
4115 4061 4525 4146 sacrilegium

2586 4150 2818 4214 fuisset
2853 4149 3201 4213 utilitatem
3237 4149 3574 4231 percipere
3610 4167 3693 4211 ex
3720 4144 3848 4210 Dei
3883 4146 4151 4229 peculio,
4197 4147 4301 4210 vel
4334 4144 4527 4233 (quod

2587 4236 2763 4300 idem
2805 4232 2931 4320 est)
2975 4247 3201 4318 aptare
3243 4234 3313 4298 in
3357 4234 3686 4317 privatum
3724 4253 3918 4297 usum
3953 4232 4130 4315 quod
4176 4232 4359 4300 Deus
4409 4230 4528 4297 sibi

2588 4321 3097 4387 adiudicaverat.

2760 4408 2977 4472 Levit.
3023 4406 3126 4482 27,
3164 4405 3268 4470 26.
3345 4404 3778 4470 Verumtamen
3811 4403 4313 4487 primoyenitum.
4403 4403 4527 4468 Hic

2590 4493 3032 4575 interponitur
3075 4513 3210 4556 una
3266 4490 3507 4568 cautio,
3558 4510 3643 4554 86
3697 4491 3842 4571 quis
3884 4490 4118 4554 offerat
4170 4489 4342 4572 quod
4402 4490 4528 4554 iam

2591 4588 2693 4644 est
2734 4579 2804 4643 in
2848 4579 3054 4662 ipsius
3101 4577 3227 4643 Dei
3272 4576 3613 4659 mancipio.
3703 4575 3872 4639 Nam
3918 4576 4070 4658 quia
4108 4574 4407 4646 homines
4457 4580 4527 4638 ut

2593 4666 2945 4747 plurimum
2993 4663 3075 4729 ad
3120 4663 3624 4728 ostentationem
3669 4661 3977 4744 propensi
4023 4673 4205 4738 sunt,
4266 4682 4342 4727 ac
4385 4682 4524 4743 pro-

2593 4750 2748 4816 inde
2804 4752 2872 4814 in
2932 4747 3235 4816 testanda
3281 4750 3521 4832 pietate
3564 4767 3699 4812 una
3742 4747 3960 4812 fidelia
4004 4747 4311 4812 dealbant
4368 4745 4525 4810 duos

2594 4836 2877 4920 parietes
2934 4833 3036 4922 (ut
3094 4836 3307 4900 estin
3350 4832 3754 4920 proverbio),
3823 4834 3979 4899 huic
4032 4833 4190 4898 vitio
4255 4832 4527 4899 occurrit

2604 4927 2800 5002 Deus,
2835 4922 3273 5005 primogenita
3331 4922 3454 4986 sibi
3498 4920 3720 4985 offerri
3762 4931 4024 4998 vetanS,
4085 4919 4238 5001 quia
4284 4919 4346 4983 id
4387 4923 4524 4981 erat

2595 5008 2828 5073 offerre
2872 5031 2955 5073 ex
2999 5008 3249 5090 rapina.
3297 5004 3574 5073 Summa
3605 5014 3724 5090 est,
3764 5026 3850 5070 ne
3884 5004 4318 5070 consecrando
4363 5000 4525 5087 quod

2598 5096 2727 5160 iam
2789 5094 2934 5159 Deo
2990 5093 3294 5175 debetur,
3352 5093 3501 5157 ficta
3545 5091 3933 5157 liberalitate
3991 5090 4278 5156 alienum
4321 5102 4387 5155 et
4427 5110 4524 5154 sa-

2597 5201 2779 5246 crum
2839 5182 3156 5245 furentur.
3257 5178 3397 5243 Nec
3468 5179 3787 5243 miremur
3843 5178 4014 5242 hanc
4071 5178 4280 5260 legem
4334 5176 4524 5242 fuisse

2600 5266 2829 5331 latam:
2875 5267 3029 5349 quia
3070 5262 3373 5330 omnibus
3414 5263 3551 5329 fere
3586 5263 3881 5347 ingenita
3914 5275 4015 5328 est
4049 5264 4212 5330 haec
4247 5261 4522 5339 ambitio,

2600 5361 2679 5418 nt
2741 5352 2923 5417 inani
2990 5349 3357 5416 donationis
3411 5351 3625 5434 specie
3681 5350 3900 5415 Deum
3951 5348 4353 5435 obstringere
4415 5366 4521 5412 cu·
