4867 6150
388 468 515 536 165

385 659 694 726 eduxistis
732 678 847 724 noe
885 658 953 724 iu
995 655 1103 724 hoe
1144 658 1474 737 desertum,
1519 661 1590 722 ut
1631 655 2051 736 interficeretis
2082 676 2328 741 congre-

380 745 694 830 9atiouem
733 744 892 810 hane
930 744 1119 826 fame.
1209 742 1269 808 4.
1323 743 1496 809 Tune
1540 743 1632 807 ait
1676 740 1907 806 Iehova
1950 742 2034 807 ad
2075 741 2330 807 Mosen.-

383 831 573 906 Ecce,
635 851 738 915 eqo
779 829 950 895 vobis
993 828 1221 912 pluam
1268 849 1504 911 panem
1546 848 1579 892 e
1620 826 1809 905 ecclc,
1875 833 1935 891 et
1988 828 2330 913 egredietur

371 916 667 999 populus,
714 922 770 982 et
810 915 1091 998 colliqmt
1130 935 1442 980 summam
1484 915 1615 980 diei
1656 913 1759 978 die
1800 933 1930 987 suo,
1975 919 2044 978 ut
2075 916 2329 996 probem

382 1023 551 1083 eum,
624 1002 966 1068 ambuletne
1021 1002 1094 1066 in
1164 998 1290 1084 leye
1358 1020 1499 1065 mea
1566 1021 1652 1065 au
1717 1018 1859 1064 non.
1962 999 2022 1065 5.
2086 999 2173 1065 Iu
2225 1002 2328 1066 die

382 1094 588 1156 autem
628 1093 800 1155 sexto
831 1087 1156 1179 paratust
1194 1088 1357 1169 quod
1413 1085 1693 1168 inferant
1707 1134 1723 1165 ,
1785 1091 1841 1151 et
1891 1087 2012 1151 erit
2067 1085 2327 1168 duplum

373 1195 539 1257 prae
581 1195 651 1241 eo
692 1174 856 1256 quod
897 1173 1178 1256 colliqent
1221 1172 1510 1255 quotidie.
1593 1172 1651 1237 6.
1698 1169 1787 1235 Et
1827 1172 1994 1236 dixit
2028 1170 2237 1237 Moses
2272 1177 2329 1238 et

379 1261 647 1327 Aharon
709 1261 795 1326 ad
864 1261 1185 1326 universos
1245 1258 1413 1340 filios
1479 1256 1721 1324 Israel.-
1796 1258 2057 1338 Vespere
2120 1258 2327 1324 scietis

380 1348 543 1430 quod
585 1346 818 1412 Iekova
859 1346 1144 1412 eduxerit
1194 1365 1301 1410 vos
1342 1365 1375 1408 e
1418 1349 1589 1409 terra
1644 1343 1932 1426 Aeyypti.
2024 1343 2082 1409 7.
2130 1342 2327 1409 Mane

380 1438 584 1499 autem
615 1432 902 1498 videbitis
934 1431 1200 1516 ylariani
1223 1430 1503 1507 Iehovae,
1548 1429 1702 1511 quia
1743 1429 1995 1495 audivit
2033 1449 2326 1495 murmur

377 1525 649 1585 vestrum
705 1524 915 1584 eontra
972 1516 1285 1583 Iehovam.
1385 1515 1641 1581 Etenim
1708 1535 1821 1581 uos
1874 1515 2029 1597 quid
2085 1535 2321 1591 sumus,

376 1610 445 1671 ut
487 1606 891 1670 murmuretis
933 1608 1144 1669 contra
1177 1603 1342 1668 uos?
1406 1602 1463 1667 8.
1511 1600 1601 1666 Et
1632 1601 1801 1667 dixit
1824 1600 2069 1665 Moses.-
2118 1602 2324 1683 Quum

375 1692 613 1759 dederit
651 1690 823 1757 vobis
865 1689 1096 1755 Iehova
1146 1708 1395 1771 vespere
1445 1707 1694 1753 earnem
1753 1687 1839 1752 ad
1894 1687 2323 1752 comedendum

373 1784 433 1844 et
460 1797 698 1859 panem
737 1797 919 1842 mane
959 1776 1047 1840 ad
1088 1775 1498 1853 saturitatem,
1544 1793 1622 1838 ex
1654 1793 1774 1854 quo
1808 1772 2057 1838 audivit
2093 1772 2324 1838 Iehova

373 1864 901 1928 murmurat-iones
955 1867 1193 1927 vestras
1211 1913 1226 1942 ,
1294 1860 1519 1943 quibus
1585 1860 2042 1924 murmurastis
2110 1864 2325 1925 eontra

374 1970 530 2016 eum.
626 1949 792 2030 Quid
833 1948 1047 2013 enim?
1111 1968 1234 2012 nou
1289 1951 1502 2013 eontra
1558 1965 1673 2011 nos
1727 1946 2175 2011 murmurastis
2215 1946 2323 2011 sed

372 2042 582 2103 eontra
627 2034 939 2100 Iehovam.

547 2210 604 2273 1.
672 2206 992 2289 Profectae
1049 2209 1272 2269 autem.
1363 2204 1607 2269 Narrat
1667 2202 1886 2266 Moses
1903 2252 1917 2280 ,
1983 2209 2319 2267 transacto

372 2316 503 2360 uno
549 2315 773 2359 mense
827 2290 1141 2376 populum
1202 2290 1460 2356 venisse
1504 2290 1572 2353 in
1620 2288 1950 2352 desertum
1997 2286 2120 2353 Sin
2166 2308 2317 2371 pro·

371 2381 688 2464 pinquum
729 2378 938 2443 monti
984 2376 1205 2456 Sinai,
1264 2385 1330 2441 et
1388 2396 1586 2458 quum
1635 2375 1818 2439 cibus
1864 2373 2170 2438 deficeret
2215 2384 2318 2438 tu·

368 2466 767 2531 multuatum
837 2484 978 2530 esse
1059 2474 1285 2527 contra
1353 2460 1571 2527 Deum
1636 2472 1702 2525 et
1766 2459 2030 2539 Mosen,
2113 2461 2316 2525 donec

367 2573 523 2617 man
567 2572 815 2616 novum
858 2559 924 2615 et
967 2548 1311 2614 insolitum
1356 2547 1484 2613 cibi
1528 2567 1739 2631 genus
1781 2566 1818 2610 e
1861 2545 2040 2610 coelo
2088 2545 2313 2611 datum

368 2645 488 2704 est.
579 2636 837 2719 Quibus
896 2645 1111 2700 autem
1173 2634 1507 2699 alimentis
1552 2654 1622 2698 se
1675 2632 1928 2697 interea
1986 2642 2312 2697 sustenta·

371 2727 586 2789 verint
643 2726 964 2788 incertum
1026 2727 1145 2785 est.
1237 2719 1562 2785 Divinant
1625 2716 1889 2802 quidem
1947 2737 2167 2782 secum
2228 2739 2311 2782 ex

366 2812 675 2895 Aegypto
739 2818 1003 2874 tantum
1070 2806 1319 2871 farinae
1385 2804 1612 2871 tulisse
1677 2804 1847 2887 quod
1913 2803 1994 2867 ad
2065 2803 2309 2868 victum

366 2898 715 2962 sufficeret.
821 2893 991 2958 Mihi
1052 2900 1272 2956 autem
1331 2892 1542 2975 magis
1601 2889 1933 2974 probabile
1992 2897 2092 2955 est
2146 2890 2309 2955 alios

365 2985 561 3048 etiam
622 2982 796 3047 cibos
856 2979 1058 3044 fuisse
1113 2978 1506 3044 adiumento.
1606 2976 1833 3059 Neque
1887 2976 2066 3040 enim
2123 2986 2309 3041 tanta

364 3079 508 3135 erat
550 3069 890 3153 regionum
938 3088 1055 3150 per
1112 3088 1274 3148 quas
1332 3064 1734 3130 transierunt
1791 3060 2089 3143 ariditas,
2148 3063 2304 3146 quin

361 3156 617 3221 fructus
659 3155 890 3219 saltem
929 3163 994 3217 et
1029 3152 1265 3217 herbas
1301 3150 1691 3234 proferrent.
1757 3148 1902 3214 Imo
1938 3171 2019 3214 ex
2061 3148 2306 3232 praelio

361 3240 436 3305 in
481 3263 608 3325 qno
653 3238 941 3305 devictos
983 3238 1184 3304 fuisse
1211 3237 1606 3302 Amalecitas
1648 3235 1842 3319 paulo
1884 3243 2037 3319 post
2078 3255 2303 3299 narra-

362 3325 575 3404 bitur,
635 3327 954 3392 coniicere
999 3334 1374 3407 promptum
1421 3333 1515 3388 est
1563 3343 1693 3387 non
1737 3321 1962 3405 procul
2020 3321 2305 3386 abfuisse

363 3434 403 3478 a
447 3422 623 3478 terra
669 3408 1023 3477 habitabili.
1117 3408 1249 3476 Sed
1307 3431 1388 3474 ex
1449 3430 1577 3492 quo
1634 3408 1898 3491 longius
1959 3409 2029 3471 in
2073 3406 2305 3471 solitu·

362 3496 585 3565 dinem
651 3497 962 3564 abstracti
1026 3503 1215 3575 sunt,
1282 3497 1434 3579 quia
1489 3493 1743 3559 nullum
1809 3492 2090 3574 amplius
2152 3513 2300 3558 cum

359 3584 597 3650 incolis
642 3594 782 3649 erat
825 3584 1322 3660 commercium,
1380 3582 1591 3663 coepit
1633 3600 1743 3645 eos
1786 3579 1997 3644 omnis
2042 3598 2302 3643 annona

359 3669 654 3737 deficere.
715 3671 894 3736 Hinc
932 3677 1120 3735 aucta
1155 3668 1404 3746 seditio,
1442 3668 1594 3750 quia
1628 3666 1832 3730 fames
1867 3664 2058 3729 solito
2093 3664 2301 3748 magis

359 3757 652 3840 urgebat.
769 3755 918 3821 Etsi
983 3755 1158 3820 enim
1225 3776 1378 3819 mox
1445 3774 1528 3816 ex
1605 3760 1917 3818 contextu
1996 3750 2300 3835 colligere

356 3842 579 3910 licebit
643 3841 925 3925 aliquem
991 3850 1145 3906 ante
1216 3839 1418 3906 fuisse
1481 3840 1552 3902 in
1632 3839 1865 3904 castris
1941 3837 2298 3913 fremitum,

354 3930 562 3994 fames
607 3936 821 3994 tamen
871 3949 1035 4010 quae
1079 3926 1343 3992 demum
1382 3924 1592 4010 magis
1637 3945 1873 4008 urgere
1916 3945 2025 3989 eos
2068 3923 2296 4007 coepit,

355 4013 538 4101 (quia
599 4015 669 4080 in
735 4015 928 4080 terris
994 4013 1261 4080 incultis
1327 4021 1393 4076 et
1457 4010 1771 4094 squalidis
1836 4008 2123 4074 terrebat
2187 4029 2298 4074 eos

355 4100 644 4183 undique
685 4098 987 4187 vastitas)
1032 4098 1327 4164 accendit
1369 4098 1687 4180 impetum
1730 4105 1798 4162 et
1839 4094 2172 4160 clamores.

528 4188 589 4252 2.
634 4186 723 4252 Et
763 4189 1328 4252 murmuraverunt.
1394 4183 1548 4248 Non
1593 4182 1747 4249 dicit
1770 4182 1991 4247 Moses
2037 4191 2295 4245 tantum

350 4272 606 4355 aliquos
651 4296 686 4338 e
731 4271 963 4355 populo
1010 4290 1483 4336 murmurasse:
1549 4267 1661 4335 sed
1709 4268 2050 4333 turmatim
2096 4267 2295 4331 fuisse

349 4358 663 4425 collectos
707 4368 1020 4441 tanquam
1063 4358 1541 4441 conspiratione
1583 4356 1773 4433 facta,
1823 4353 1927 4418 vel
1971 4361 2172 4429 certe,
2220 4363 2296 4418 ut

349 4456 547 4511 erant
589 4444 924 4510 distributi
967 4446 1035 4508 in
1081 4443 1411 4509 centurias
1455 4449 1524 4506 et
1564 4439 1914 4520 chiliadas,
1961 4459 2092 4504 uno
2137 4459 2291 4504 con·

348 4552 553 4597 sensu
615 4551 1080 4596 murmurasse.
1192 4527 1588 4611 Quanquam
1669 4534 1828 4591 nota
1903 4525 2291 4590 universalis

345 4617 798 4701 exceptionem
841 4616 1160 4681 admittit:
1206 4637 1290 4680 ne
1334 4623 1641 4698 putemus
1685 4633 1914 4677 omnes
1959 4609 2041 4677 ad
2087 4633 2287 4676 unum

342 4704 418 4768 in
461 4701 585 4769 hac
626 4703 830 4786 impia
872 4710 940 4768 et
981 4702 1255 4768 scelesta
1297 4701 1580 4767 factione
1625 4698 1827 4764 fuisse
1871 4697 2293 4781 comprehen-

344 4810 474 4856 sos.
585 4787 926 4872 Optimum
992 4788 1074 4853 ad
1139 4786 1495 4854 sedandam
1567 4786 1846 4850 esuriem
1929 4782 2288 4848 remedium

347 4888 488 4939 erat
543 4875 760 4940 Deum
826 4874 1113 4958 precari,
1180 4895 1374 4956 quem
1440 4872 1698 4956 experti
1762 4881 1953 4935 erant
2016 4882 2287 4952 patrem,

345 4961 558 5027 modis
602 4961 904 5026 omnibus
950 4961 1347 5039 beneficum,
1397 4970 1461 5023 et
1506 4978 1700 5042 quem
1746 4956 2091 5021 audierant
2133 4956 2287 5020 olim

346 5049 641 5131 patribus
684 5049 824 5112 suis
860 5046 1243 5111 mirabiliter
1278 5045 1710 5128 prospexisse,
1758 5064 1959 5125 quum
1982 5044 2289 5125 Aegyptii

348 5143 418 5197 et
472 5133 723 5197 incolae
780 5141 997 5197 terrae
1057 5131 1372 5197 Obanaan
1431 5131 1501 5195 in
1555 5130 1713 5196 locis
1772 5140 1908 5193 tam
1967 5126 2288 5195 fertilibus

348 5228 415 5283 et
436 5219 670 5301 opimis
706 5218 875 5283 fame
920 5218 1344 5283 tabescerent.
1407 5215 1479 5284 Si
1517 5223 1776 5282 tantum
1811 5215 2108 5298 persuasi
2129 5214 2288 5281 fuis-

349 5315 497 5370 sent
540 5317 783 5370 terram
811 5305 939 5369 Dei
964 5303 1411 5369 benedictione
1454 5302 1842 5369 foecundam
1887 5320 2048 5375 esse,
2090 5301 2289 5366 simul

351 5393 544 5457 etiam
594 5392 878 5457 venisset
919 5391 991 5455 in
1035 5398 1358 5469 mentem,
1423 5388 1764 5474 proprium
1807 5385 2101 5454 eiusdem
2146 5408 2288 5454 esse

1544 465 2289 537 COMMENTARIUS
2325 469 2427 535 IN
2465 468 2767 537 EXODI
2800 471 3001 539 OAP.
3037 473 3232 541 XVI.

4260 482 4396 549 166

2430 680 2674 727 munus
2719 682 2983 745 pascere
3027 662 3393 743 famelicos,
3451 684 3526 732 ac
3584 665 3861 748 proinde
3919 677 4073 736 vota
4129 692 4251 738 sua
4294 671 4389 739 ad

2430 767 2583 811 eum
2630 747 3053 814 direxissent:
3102 768 3280 815 nunc
3324 772 3408 816 ex
3454 749 3828 818 turbulento
3873 757 4150 838 strepitu
4194 758 4385 825 dete-

2427 833 2610 916 gitur
2658 855 2909 899 eorum·
2939 835 3382 903 incredulitas.
3472 837 3597 902 Est
3654 836 3915 921 quidem
3977 841 4101 907 hoc
4156 844 4377 926 prodi-

2428 920 2720 1002 giosum,
2757 921 3030 986 miseros
3074 920 3407 1000 homines,
3454 944 3615 1006 quos
3661 924 4014 991 humiliare
4058 927 4378 997 debuerat

2427 1007 2814 1081 necessitas,
2870 1014 3177 1089 proterve
3227 1007 3545 1074 adversus
3595 1006 3817 1076 Deum
3875 1013 4251 1099 insurgere,
4305 1023 4377 1083 et

2427 1091 2667 1155 famem
2704 1091 2866 1156 adeo
2902 1113 3035 1157 non
3068 1092 3332 1159 flectere
3368 1094 3619 1159 animos
3658 1095 3739 1161 ad
3778 1100 4371 1183 mansuetudinem,

2427 1186 2504 1240 ut
2569 1178 2783 1260 potius
2847 1179 2933 1243 sit
2996 1178 3276 1244 ferociae
3343 1181 3670 1246 stimulus.
3763 1180 3896 1248 Sed
3963 1185 4182 1269 impiis
4247 1186 4372 1254 hoc

2426 1262 2627 1328 nimis
2672 1262 2944 1346 vulgare
3003 1274 3105 1329 est
3161 1262 3338 1349 (quia
3380 1266 3595 1330 Deum
3656 1266 3783 1331 sibi
3828 1271 4180 1353 propitium
4227 1293 4370 1340 esse

2426 1370 2558 1412 non
2605 1348 2965 1436 confidunt)
3002 1349 3317 1434 neglectis
3355 1352 3655 1433 precibus
3692 1356 3959 1419 confuse
4001 1358 4372 1441 vociferari,

2426 1433 2776 1500 maledicta
2818 1456 3140 1515 evomere,
3186 1446 3253 1501 et
3296 1445 3609 1519 tanquam
3657 1437 3944 1506 rabiosos
3979 1463 4192 1521 canes,
4237 1444 4370 1513 huc

2423 1519 2581 1585 illuc
2640 1523 2728 1586 im
2779 1531 3001 1587 etuose
3061 1524 3268 1588 ruere.
3376 1522 3520 1589 Hoc
3577 1522 3898 1590 Israelitis
3962 1529 4241 1614 contigit
4295 1531 4367 1596 in

2426 1604 2682 1672 deserto
2775 1608 2864 1672 in.
2955 1606 3230 1674 Obiecta
3273 1629 3492 1672 rerum
3538 1609 3830 1674 omnium
3876 1611 4094 1694 inopia
4137 1637 4246 1681 ecs
4282 1616 4365 1682 ad

2425 1712 2495 1756 se
2541 1692 2727 1758 Deus
2761 1694 3034 1774 invitat,
3082 1703 3156 1759 ut
3191 1693 3479 1759 sentiant
3523 1695 3663 1760 eius
3706 1697 4055 1779 virtutem,
4109 1722 4236 1781 qua
4279 1723 4367 1766 ex

2425 1778 2634 1842 nihilo
2675 1779 2991 1844 mundum
3039 1782 3316 1859 creavit,
3363 1801 3492 1845 uon
3541 1801 3734 1865 egere
3780 1781 4011 1849 alienis
4056 1787 4365 1854 subsidiis

2424 1864 2507 1928 ad
2553 1863 2852 1931 homines
2897 1865 3182 1931 alendos.
3271 1867 3473 1948 Atqui
3534 1864 3900 1952 desperatio
3955 1891 4192 1936 vacuos
4236 1872 4364 1939 fide

2424 1952 2677 2016 animos
2747 1960 3053 2035 occupat,
3133 1960 3206 2016 ut
3269 1952 3412 2017 eius
3478 1972 3667 2034 opem
3734 1962 3803 2018 et
3864 1954 4362 2026 beneficentiam

2421 2036 2741 2103 reiiciant.
2830 2038 3057 2120 Neque
3100 2038 3168 2102 id
3213 2036 3456 2114 solum,
3511 2038 3626 2104 sed
3686 2040 4060 2124 malignitas
4113 2064 4366 2127 quoque

2422 2132 2491 2186 et
2547 2122 2953 2207 ingratitudo
3009 2122 3091 2206 ad
3151 2122 3546 2207 litigandum
3606 2146 3755 2190 cum
3818 2126 4005 2193 Mose
4068 2129 4362 2212 instigat.

2418 2207 2605 2275 Haec
2641 2210 3083 2293 querimoniae
3112 2231 3372 2276 summa
3407 2219 3524 2286 est,
3561 2210 3729 2292 quod
3767 2211 4073 2279 abstracti
4113 2215 4364 2281 fuerint

2420 2314 2460 2358 a
2482 2296 2666 2378 copia
2686 2296 2874 2378 panis
2899 2308 2964 2360 et
2986 2297 3302 2375 carnium,
3340 2307 3413 2361 ut
3448 2296 3619 2361 fame
3653 2298 3944 2379 perirent
3977 2299 4046 2365 in
4084 2300 4358 2367 deserto.

2421 2380 2653 2463 Itaque
2698 2382 2930 2447 Mosen
2992 2390 3058 2446 et
3102 2382 3405 2461 Aharon,
3465 2403 3738 2465 quorum
3798 2405 3999 2450 manu
4051 2396 4116 2450 et
4159 2408 4361 2471 opera

2417 2464 2679 2532 liberati
2721 2467 3003 2538 fuerant.
3050 2489 3201 2533 suos
3245 2476 3482 2533 vocant
3526 2468 3997 2536 interfectores.

2589 2553 2650 2619 4.
2718 2553 2894 2619 Tunc
2950 2555 3046 2619 ait
3102 2553 3332 2619 Iehova
3388 2554 3475 2618 ad
3531 2553 3770 2620 Mosen.
3871 2555 4198 2622 Credibile
4256 2570 4359 2625 est

2420 2638 2625 2703 multa
2661 2641 2967 2705 subticeri
3005 2660 3043 2704 a
3067 2640 3282 2704 Mose:
3327 2639 3481 2723 quia
3523 2651 4033 2707 consentaneum
4068 2666 4198 2709 non
4236 2659 4356 2722 est,

2417 2745 2501 2788 ne
2582 2746 2710 2790 uno
2790 2725 3050 2809 quidem
3135 2726 3334 2791 verbo
3414 2728 3801 2809 castigatam
3869 2728 4069 2794 fuisse
4137 2731 4357 2814 populi

2413 2810 2890 2894 intemperiem.
2956 2810 3107 2875 Etsi
3149 2811 3324 2876 enim
3349 2809 3537 2876 Deus
3583 2813 3901 2895 singulari
3944 2814 4358 2899 indulgentia

2414 2897 2630 2961 cibum
2679 2911 2815 2962 tam
2873 2895 3186 2979 improbis
3247 2910 3313 2962 et
3369 2899 3588 2977 pravis
3650 2899 4024 2964 hominibus
4082 2901 4358 2985 largitus

2413 2993 2533 3059 est,
2583 2985 2690 3065 qui
2739 2984 2881 3047 luce
2926 2983 3081 3047 solis
3117 2994 3185 3047 et
3220 2984 3548 3047 communi
3585 2984 3818 3065 spiritu
3857 2985 4110 3069 indigni
4148 3000 4354 3065 erant,

2413 3068 2622 3134 noluit
2686 3078 2905 3134 tamen
2973 3068 3149 3134 haud
3217 3067 3409 3133 dubie
3490 3069 3749 3135 silentio
3827 3070 4048 3137 fovere
4126 3094 4354 3140 eorum

2409 3156 2757 3221 malitiam:
2837 3154 2951 3220 sed
3019 3176 3221 3239 quum
3278 3156 3644 3237 ignosceret
3707 3177 3932 3221 eorum
3998 3158 4354 3243 ingratitu-

2411 3242 2566 3322 dini,
2613 3244 2850 3307 acriter
2894 3242 3290 3323 compescuit
3333 3261 3558 3306 eorum
3604 3241 4058 3324 petulantiam.
4131 3246 4352 3313 Moses

2409 3337 2650 3403 autem,
2686 3328 2811 3392 hac
2847 3339 3035 3411 parte
3070 3328 3328 3405 omissa,
3367 3323 3449 3389 ad
3485 3327 3825 3392 historiam
3864 3330 4187 3396 transsilit
4224 3353 4355 3398 me-

2407 3424 2664 3478 moratu
2709 3416 3002 3496 apprime
3045 3412 3330 3496 dignam,
3375 3409 3543 3495 quod
3589 3414 3839 3479 scilicet
3881 3414 4145 3482 coelesti
4182 3438 4353 3501 pane

2409 3498 2647 3564 aluerit
2703 3498 2886 3564 Deus
2943 3500 3257 3564 miserum
3316 3498 3503 3562 illum
3564 3499 3912 3583 populum,
3979 3501 4135 3567 dum
4197 3525 4353 3570 man

2407 3585 2619 3650 instar
2638 3586 2803 3651 roris
2840 3608 2877 3650 e
2914 3584 3197 3650 nubibus
3234 3583 3483 3650 stillare
3505 3584 3675 3651 fecit.
3736 3586 3986 3651 Panem
4005 3587 4350 3654 coelestem

2407 3692 2565 3737 voco
2610 3692 2758 3737 cum
2818 3671 3168 3754 propheta,
3237 3671 3350 3754 qui
3408 3670 3531 3737 hoc
3572 3679 3704 3734 tam
3752 3674 4097 3755 magnifico
4142 3674 4352 3761 elogio

2405 3756 2692 3824 celebrat
2734 3755 2937 3843 (Psal.
2986 3758 3087 3837 78,
3131 3755 3261 3843 24),
3305 3767 3369 3821 et
3414 3756 3669 3821 extollit
3692 3757 3819 3823 Dei
3856 3758 4349 3826 beneficentiam

2406 3865 2565 3927 erga
2622 3844 2966 3926 populum,
3026 3863 3102 3908 ac
3159 3846 3215 3907 si
3273 3841 3356 3907 ad
3410 3863 3672 3908 mensas
3732 3844 4061 3926 angelicas
4115 3848 4348 3913 fuisset

2405 3928 2756 3996 adhibitus.
2824 3928 2993 3993 Nam
3036 3928 3294 3994 diverso
3329 3949 3527 3994 sensu
3564 3948 3719 3992 man
3755 3930 4118 4012 spiritualis
4162 3933 4359 3999 cibus·

2404 4016 2642 4082 dicitur
2707 4036 2747 4079 a
2812 4014 3055 4080 Paulo:
3134 4014 3287 4097 quia
3351 4013 3597 4080 scilicet
3661 4025 3859 4099 typus
3924 4028 4066 4080 erat
4128 4018 4344 4084 caruis

2402 4100 2672 4181 Christi,
2718 4122 2884 4183 quae
2919 4101 3173 4165 animas
3209 4109 3466 4165 nostras
3500 4100 3568 4163 in
3606 4121 3790 4182 spem
3828 4110 4133 4167 aeternae
4168 4106 4343 4170 vitae

2401 4188 2611 4271 pascit
2655 4183 2739 4273 (1.
2788 4185 2938 4251 Gor.
2989 4187 3090 4264 10,
3135 4185 3222 4272 3).
3311 4185 3647 4268 Propheta
3688 4199 3906 4250 autem
3952 4190 4342 4271 mysterium

2398 4274 2561 4339 illud
2612 4294 2739 4338 non
2799 4272 3093 4356 attingit,
3155 4269 3268 4337 sed
3329 4272 3452 4336 hac
3507 4272 3998 4337 circumstantia
4055 4274 4343 4341 traducit

2401 4359 2622 4442 populi
2666 4359 2934 4438 crimen,
2975 4356 3143 4440 quod
3190 4379 3321 4423 non
3361 4356 3548 4420 modo
3592 4357 3767 4422 cibos
3803 4379 3839 4423 e
3877 4371 4051 4424 terra
4085 4362 4341 4444 genitos

2400 4446 2741 4527 respuerit,
2791 4444 2904 4509 sed
2954 4442 3215 4509 fastidio
3259 4445 3458 4508 etiam
3504 4442 3809 4507 habuerit
3851 4465 4087 4527 panem
4129 4447 4336 4526 illum,

2395 4532 2582 4597 cuius
2605 4551 2801 4596 causa
2823 4529 3089 4595 videbat
3124 4529 3336 4595 coelos
3372 4526 3846 4610 quodammodo
3883 4553 4023 4597 esse
4060 4543 4335 4617 apertos·

2396 4615 2531 4683 Sed
2578 4617 2658 4681 de
2703 4616 2827 4681 bac
2871 4637 2943 4680 re
2986 4615 3179 4699 paulo
3224 4624 3372 4698 post
3412 4613 3659 4696 aliquid
3717 4616 4144 4698 repetendum
4190 4622 4336 4685 erit.

2395 4703 2593 4769 Nunc
2638 4701 3026 4785 pronunciat
3054 4702 3238 4767 Deus
3282 4721 3351 4765 se
3397 4699 3702 4765 daturum
3747 4702 3817 4765 in
3863 4702 4002 4767 dies
4045 4705 4339 4790 singulos

2394 4789 2583 4872 quasi
2627 4787 3046 4870 demensum,
3108 4797 3184 4852 ut
3227 4787 3349 4852 hoc
3393 4785 3584 4851 modo
3628 4787 3858 4870 probet
3900 4789 4337 4856 obedientiam

2395 4875 2618 4959 populi
2661 4875 2783 4938 sui.
2873 4873 3268 4960 Quanquam
3316 4870 3397 4938 de
3456 4873 3577 4937 hoc
3635 4884 3964 4954 postremo
4008 4896 4137 4940 non
4187 4898 4336 4941 con·

2395 4962 2689 5026 sentiunt
2722 4961 3139 5041 interpretes:
3178 4959 3331 5042 quia
3369 4957 3666 5023 nonnulli
3694 4959 3966 5042 perinde
3991 4961 4333 5042 accipiunt,

2395 5069 2471 5112 ac
2516 5046 2570 5111 si
2618 5047 2798 5112 Deus
2844 5045 3121 5128 benigne
3165 5044 3486 5130 pascendo
3531 5043 3897 5123 Israelitas,
3944 5044 4336 5112 liberalitate

2395 5154 2513 5198 sua
2569 5131 2650 5196 ad
2708 5130 3088 5213 obsequium
3154 5152 3264 5197 eos
3328 5132 3752 5213 astringeret:
3820 5132 4003 5214 quasi
4062 5131 4336 5198 diceret:

2392 5217 2719 5302 Experiar
2797 5218 3015 5282 sintne
3081 5238 3346 5299 prorsus
3423 5215 3763 5295 indociles,
3842 5238 3926 5281 an
3997 5218 4335 5301 morigeri:

2393 5306 2546 5389 quia
2590 5302 2755 5368 nihil
2818 5302 3027 5368 deerit
3090 5302 3173 5367 ad
3237 5304 3416 5386 ipsos
3478 5303 3550 5366 in
3615 5301 3828 5367 officio
3894 5302 4336 5370 continendos.

2395 5389 2531 5455 Alii
2577 5410 2733 5455 vero
2778 5389 3189 5472 restringunt
3230 5388 3311 5454 ad
3373 5388 3587 5456 cibum
3647 5386 4124 5471 quotidianum:
4186 5391 4345 5474 quia

3823 5489 3922 5543 11*
