4867 6150
347 460 488 528 ⁴681

362 658 752 736 appetamus
808 670 891 715 ex
936 648 1213 716 aliorum
1273 647 1629 733 dispendio.
1719 646 1913 731 Quod
1970 655 2190 714 autem
2235 646 2315 714 ad

363 738 471 804 ius
507 738 762 802 forense
796 744 1080 820 spectat,
1125 734 1295 800 nibil
1340 735 1580 800 mirum
1627 735 1683 801 si
1724 733 1965 819 populo
2010 755 2128 801 suo
2171 755 2317 818 per·

363 822 622 889 miserit
643 823 829 889 Deus
862 822 1091 888 foenus
1129 819 1210 886 ab
1245 821 1579 886 extraneis
1615 821 1911 905 exigere:
1956 822 2108 904 quia
2154 820 2316 886 alio-

361 909 482 993 qui
538 919 803 976 servata
867 928 1002 974 non
1068 907 1303 973 fuisset
1358 914 1589 972 mutua
1648 905 2109 990 aequabilitas,
2168 905 2315 973 sine

365 1015 495 1078 qua
552 995 826 1060 alteram
885 1001 1142 1077 partem
1190 992 1455 1078 gravari
1514 1013 1779 1059 necesse
1824 1002 1942 1058 est.
2034 991 2313 1057 Mandat

357 1079 502 1147 suis
547 1081 731 1147 D‘eus
775 1100 860 1145 ne
902 1080 1340 1155 foeneremur,
1387 1099 1463 1144 ac
1505 1077 1780 1160 proinde
1825 1079 2000 1147 solos
2028 1077 2308 1144 Iudaeos

357 1165 490 1231 hac
531 1165 711 1250 lege,
776 1185 906 1230 non
953 1173 1213 1230 exteras
1257 1172 1506 1248 gentes,
1551 1164 1921 1248 obstringit.
2014 1164 2191 1249 Ergo
2235 1173 2311 1229 ut

364 1253 586 1337 vigeat
647 1251 815 1318 ratio
858 1249 1194 1334 analogica
1213 1301 1229 1329 ,
1285 1248 1458 1315 idem
1510 1249 1832 1316 libertatis
1889 1249 2129 1334 populo
2189 1270 2308 1316 suo

351 1338 661 1405 concedit
718 1334 887 1421 quod
945 1346 1178 1420 gentes
1234 1335 1359 1401 sibi
1419 1345 1802 1419 sumpturae
1860 1344 2085 1402 erant:
2153 1337 2308 1418 quia

357 1423 524 1491 haec
561 1425 827 1490 demum
861 1421 1222 1488 tolerabilis
1266 1430 1370 1488 est
1408 1420 1843 1501 mediocritas,
1886 1421 1999 1487 ubi
2043 1442 2163 1504 par
2205 1428 2308 1487 est

358 1517 553 1593 atque
587 1508 875 1593 aequalis
909 1510 1253 1591 utriusque
1287 1507 1495 1590 partis
1528 1507 1834 1575 conditio.
1907 1507 2080 1573 Nam
2112 1506 2305 1572 Plato

356 1595 468 1662 ubi
511 1595 951 1660 foeneratores
994 1596 1060 1660 in
1109 1594 1443 1680 republica
1489 1592 1652 1660 bene
1691 1594 2048 1678 composita
2090 1593 2303 1658 feren-

357 1679 472 1746 dos
521 1702 664 1747 esse
732 1689 948 1765 nogat,
1003 1680 1264 1764 longius
1322 1699 1456 1744 non
1507 1679 1925 1764 progreditur
1989 1699 2180 1763 quam
2229 1688 2303 1744 ut

355 1768 534 1832 cives
576 1766 658 1836 ab
702 1764 817 1831 illo
863 1766 1040 1849 turpi
1085 1777 1150 1831 et-
1194 1764 1542 1831 inhonesto
1586 1765 1971 1831 commercio
2015 1766 2190 1831 inter
2231 1784 2301 1830 se

357 1853 745 1919 abstineant.
835 1850 1198 1932 Quaeritur
1269 1872 1446 1919 nunc
1517 1872 1602 1916 an
1674 1850 1997 1916 foenerari
2059 1871 2176 1935 per
2231 1872 2303 1916 se

355 1937 604 2004 malum
650 1938 754 2004 sit.
840 1937 929 2003 Et
986 1947 1163 2004 certe
1224 1938 1495 2002 minime
1539 1935 1805 2002 videtur
1847 1937 2099 2002 licitum
2146 1935 2300 2001 filiis

355 2023 485 2090 Dei
545 2022 717 2107 quod
774 2022 1038 2107 profani
1103 2042 1361 2106 quoque
1422 2023 1722 2089 homines
1768 2022 2076 2088 detestati
2120 2032 2295 2088 sunt.

357 2108 619 2178 Scimus
673 2109 913 2192 ubique
970 2117 1037 2175 et
1076 2129 1334 2192 semper
1377 2128 1648 2173 exosum
1694 2116 1762 2174 et
1803 2108 2049 2174 infame
2092 2107 2299 2173 fuisse

351 2196 835 2262 foeneratorum
917 2215 1176 2260 nomen.
1287 2193 1522 2278 Itaque
1585 2193 1751 2258 Cato
1826 2193 2294 2279 agriculturam

289 2306 294 2315 ·
351 2280 620 2346 laudare
680 2281 942 2360 volens,
988 2282 1163 2347 fures
1207 2278 1365 2345 dicit
1406 2301 1446 2345 a
1490 2279 1824 2346 veteribus
1870 2279 2056 2362 dupli
2098 2279 2300 2344 fuisse

352 2365 848 2445 condemnatos,
896 2368 1333 2431 foeneratores
1378 2365 1762 2449 quadrupli:
1809 2364 1985 2431 unde
2031 2365 2296 2450 colligit,
2322 2410 2343 2423 .

350 2452 476 2518 hos
516 2451 649 2518 illis
696 2451 1050 2518 deteriores
1096 2452 1299 2518 fuisse
1344 2451 1619 2516 habitos.
1710 2452 1803 2516 Et
1851 2453 2298 2536 interrogatus

352 2537 507 2623 quid
556 2538 634 2603 de
679 2538 1053 2604 foenoribus
1097 2539 1401 2621 sentiret,
1449 2537 1816 2620 respondit:
1863 2536 2038 2619 Quid
2084 2536 2296 2602 homi-

349 2646 506 2690 ncm
549 2622 888 2691 occidere?
948 2622 1100 2705 Quo
1142 2622 1375 2690 docere
1433 2623 1655 2702 voluit,
1702 2621 1908 2688 nihilo
1954 2623 2297 2689 honestius

351 2731 494 2777 esse
538 2721 881 2792 quaestum
926 2708 1143 2776 facere
1191 2730 1275 2775 ex
1321 2709 1539 2774 usuris
1573 2730 1767 2792 quam
1815 2709 2150 2775 hominem
2195 2710 2295 2774 iu-

349 2795 597 2881 gulare.
709 2794 857 2860 Hoc
924 2794 1121 2861 unius
1189 2795 1475 2860 hominis
1540 2795 1790 2879 privati
1845 2795 1972 2860 fuit
2029 2795 2297 2873 dictum,

348 2890 687 2967 sumptum
721 2890 943 2947 tamen
988 2902 1069 2946 ex
1115 2880 1408 2946 omnium
1451 2880 1590 2946 fere
1634 2882 1928 2966 gentium
1977 2881 2186 2959 dictis,
2233 2888 2300 2945 et

346 2967 692 3034 hominum
727 2966 1077 3051 suffragiis.
1167 2967 1258 3032 Et
1302 2978 1479 3033 certe
1520 2965 1645 3033 hac
1683 2966 1763 3033 de
1807 2988 2002 3033 causa
2044 2966 2299 3032 Romae

349 3054 613 3139 saepius
663 3054 878 3120 exorti
935 3060 1092 3119 sunt
1135 3073 1373 3138 graves
1417 3051 1761 3133 tumultus,
1809 3067 1877 3119 et
1917 3051 2298 3119 exitialibus

350 3139 694 3208 discordiis
715 3140 892 3205 inter
913 3139 1168 3225 plebem
1194 3149 1262 3206 et
1281 3138 1638 3221 locupletes
1673 3147 2030 3206 certatum:
2067 3160 2294 3224 quem·
2331 3165 2344 3174 ·

349 3225 703 3296 admodum
754 3227 873 3293 vix
921 3227 1064 3292 fieri
1111 3232 1328 3309 potest
1381 3225 1539 3309 quin
1583 3226 2028 3292 foeneratores
2085 3226 2296 3291 instar

347 3311 737 3379 hirudinum
793 3310 1018 3398 populi
1075 3312 1468 3396 sanguinem
1511 3318 1859 3396 exsugant.
1948 3309 2028 3378 si
2071 3321 2294 3376 tamen

350 3397 432 3464 de
474 3420 547 3464 re
589 3399 735 3481 ipsa
789 3406 969 3464 certo
1012 3396 1585 3481 pronunciandum
1639 3405 1740 3463 est
1760 3449 1779 3478 ,
1836 3418 1971 3463 non
2027 3396 2295 3462 aliunde

345 3505 545 3569 quam
602 3504 689 3549 ex
746 3483 1081 3549 communi
1138 3483 1488 3566 aequitatis
1543 3483 1773 3568 regula
1827 3482 2153 3550 sumenda
2195 3491 2296 3548 est

348 3570 660 3648 definitio,
690 3590 767 3637 ac
800 3568 1189 3653 praesertim
1225 3589 1306 3635 ex
1355 3567 1608 3636 Christi
1651 3571 1993 3647 sententia,
2037 3591 2121 3635 ex
2166 3588 2296 3651 qua

345 3655 641 3741 pendent
682 3655 791 3721 lex
845 3663 912 3720 et
953 3654 1310 3739 prophetae
1354 3653 1576 3741 (Matt.
1627 3655 1683 3735 7,
1732 3656 1875 3742 12):
1935 3654 2128 3737 Quod
2174 3652 2295 3719 tibi

345 3742 490 3808 fieri
534 3760 671 3806 non
714 3742 837 3819 vis,
885 3741 1075 3806 alteri
1119 3761 1204 3806 ne
1247 3741 1496 3807 feceris.
1560 3739 1839 3825 Semper
1881 3743 2056 3807 enim
2103 3760 2292 3807 exco-

346 3829 563 3914 gitant
631 3826 934 3892 homines
1013 3827 1217 3891 astuti
1272 3826 1724 3910 captiunculas
1781 3826 2018 3910 quibus
2071 3826 2291 3892 Deum

345 3911 649 3981 illudant.
728 3909 843 3978 Sic
887 3933 1085 3995 quum
1133 3914 1413 3979 foenoris
1457 3933 1699 3979 nomen
1741 3933 1969 3978 omnes
2015 3912 2294 3979 detesta-

345 4008 609 4076 rentur,
665 3998 1079 4082 suppositum
1142 3998 1265 4063 fuit
1325 3997 1608 4065 alterum
1648 3998 1819 4082 quod
1867 3999 2144 4065 honesto
2189 4019 2296 4065 co-

348 4086 485 4151 lore
543 4084 765 4149 odium
810 4084 1160 4169 effugeret:
1208 4105 1478 4150 usuram
1524 4086 1699 4151 enim
1747 4098 2064 4153 vocarunt
2105 4085 2297 4170 quasi

351 4171 948 4255 compensationem
1002 4168 1260 4251 damni,
1321 4172 1552 4254 quanti
1606 4170 1925 4238 intererat
2028 4173 2297 4239 ecuniae

347 4278 508 4324 suae
562 4277 688 4321 usu
735 4276 976 4322 carere.
1064 4255 1269 4339 Atqui
1315 4256 1572 4322 nullum
1615 4265 1717 4324 est
1757 4258 2045 4325 foenoris
2089 4280 2298 4343 genus

349 4344 455 4409 cui
510 4341 879 4425 speciosum
935 4340 1116 4407 hunc
1176 4342 1442 4407 titulum
1505 4343 1858 4409 obtendere
1903 4366 2039 4410 non
2083 4346 2294 4411 liceat.

347 4428 523 4496 Nam
560 4427 855 4510 quisquis
895 4437 1304 4511 praesentem
1347 4427 1547 4494 habet
1583 4430 1946 4514 pecuniam,
1994 4430 2107 4495 ubi
2151 4451 2294 4496 eam

349 4525 582 4581 mutuo
613 4513 885 4578 daturus
914 4525 1031 4594 est,
1057 4513 1289 4579 utilem
1319 4514 1443 4580 sibi
1467 4515 1602 4580 fore
1633 4514 2012 4581 causabitur
2047 4516 2104 4580 si
2142 4517 2294 4599 quid

352 4613 546 4679 emat,
581 4609 648 4665 et
667 4598 947 4684 singulis
968 4601 1318 4665 momentis
1337 4599 1641 4666 lucrandi
1676 4601 2017 4667 materiam
2055 4603 2296 4667 offerri.

350 4687 459 4754 Ita
494 4704 753 4768 semper
796 4685 926 4750 erit
966 4686 1479 4770 compensationi
1523 4686 1736 4764 locus,
1795 4688 2056 4770 quando
2101 4709 2296 4768 ¹nemo

352 4772 636 4841 creditor
708 4771 848 4836 sine
914 4770 1154 4836 damno
1230 4773 1573 4856 pecuniam
1645 4773 1834 4837 alteri
1901 4775 2295 4839 numerabit.

349 4857 460 4926 Ita
516 4877 750 4921 nomen
804 4877 1060 4935 usurae,
1105 4878 1304 4940 quum
1353 4879 1425 4922 re
1466 4858 1610 4941 ipsa
1653 4858 2043 4923 tantundem
2083 4860 2300 4924 valeat

355 4965 432 5011 ac
495 4944 762 5016 foenus,
831 4941 972 5006 inte
1064 4951 1359 5007 mentum
1430 4954 1530 5008 est
1588 4946 1683 5009 rei
1749 4944 2042 5010 odiosae:
2110 4947 2296 5028 quasi

351 5051 512 5100 vero
555 5028 798 5094 talibus
839 5028 986 5094 cavi
1015 5027 1094 5092 lis
1128 5048 1199 5093 se
1242 5050 1280 5094 a
1318 5028 1443 5095 Dei
1487 5027 1728 5108 iudicio
1772 5030 2143 5113 expediant,
2188 5031 2297 5096 ubi

356 5117 497 5184 sola
530 5113 878 5198 integritas
914 5112 995 5178 ad
1033 5112 1475 5181 defensionem
1517 5117 1712 5181 valet.
1799 5115 2050 5182 Similis
2095 5138 2299 5202 prope

357 5200 532 5286 apud
595 5198 934 5268 Israelitas
1000 5199 1478 5282 tergiversandi
1549 5202 1673 5267 fuit
1738 5204 1923 5269 ratio.
2039 5202 2298 5269 Nomen

460 5303 489 5358 ι
530 5283 699 5370 quod
746 5304 784 5349 a
831 5284 1188 5350 mordendo
1234 5285 1584 5353 deductum
1627 5297 1743 5369 est,
1787 5288 1961 5354 male
2004 5289 2298 5355 sonabat.

427 5393 587 5440 uum
648 5391 805 5455 ergo
876 5391 1069 5437 nemo
1140 5373 1391 5437 censeri
1452 5372 1656 5439 vellet
1703 5377 1887 5442 canis
1940 5375 2299 5457 famelicus,

1771 457 2224 528 OOTAVUM
2281 458 2931 528 PRAEOEP‘JJUM.

4241 465 4374 532 682

2422 651 2533 733 qui
2599 649 2760 715 alios
2825 646 3186 715 mordendo
3231 669 3301 716 se
3344 650 3561 736 ipsum
3612 657 3940 734 pasceret,
4001 653 4369 735 quaesitum

2420 735 2547 801 fuit
2598 735 2824 817 probri
2883 735 3232 819 effugium:
3279 748 3490 805 wrm
3536 746 3868 814 vocarunt,
3915 737 4106 821 quasi
4152 739 4367 805 incre-

2419 830 2720 886 mentum
2741 869 2758 899 ,
2824 819 3140 905 quidquid
3199 821 3367 887 lucri
3424 830 3688 905 praeter
3752 830 3997 888 sortem
4053 821 4352 890 dabatur.

2423 906 2605 973 Deus
2649 915 2867 972 autem
2915 914 2990 972 ut
3035 905 3276 975 talibus
3319 906 3595 973 fallaciis
3631 917 3931 975 occurrat
3950 959 3968 990 ,
4013 916 4368 993 utrumque

2417 1013 2659 1058 nomen
2691 992 3051 1077 coniungit,
3085 1001 3150 1057 et
3175 992 3429 1142 ¹pariter
3460 992 3729 1058 damnat
3763 1002 4187 1078 augmentum
4213 1017 4366 1062 cum

2416 1079 2764 1144 morsione.
2824 1078 2996 1144 Nam
3023 1077 3133 1145 ubi
3219 1098 3255 1143 e
3294 1078 3560 1145 iniustis
3598 1078 3961 1162 praedandi
4000 1089 4066 1145 et
4103 1080 4367 1147 furandi

2414 1164 2783 1230 rationibus
2823 1164 3249 1247 conqueritur
3292 1164 3463 1247 apud
3512 1164 3925 1231 Ezechielem
3962 1163 4095 1251 (18,
4119 1166 4248 1253 12),
4291 1173 4360 1232 et

2412 1259 2782 1334 utrumque,
2819 1250 3012 1316 sicuti
3046 1271 3225 1316 nunc
3258 1250 3433 1335 apud
3455 1250 3707 1330 Mosen,
3744 1251 4058 1330 nominat,
4094 1251 4367 1318 minime

2416 1334 2685 1402 dubium
2739 1344 2842 1402 est
2885 1335 3044 1419 quin
3090 1357 3294 1402 vanas
3338 1337 3792 1404 excusationes
3835 1336 4138 1404 consulto
4181 1347 4366 1404 ante-

2411 1431 2648 1488 vertat.
2717 1423 2897 1506 Ergo
2943 1443 3027 1486 ne
3061 1422 3209 1505 quis
3253 1421 3589 1505 exciperet
3630 1443 3721 1503 se,
3763 1424 4063 1506 quamvis
4107 1424 4353 1490 emolu·
4466 1445 4472 1451 ·

2410 1517 2708 1573 mentum
2785 1530 2867 1573 ex
2931 1508 3211 1591 pecunia
3271 1509 3623 1591 acciperet,
3711 1530 3842 1574 non
3923 1507 4066 1574 ideo
4144 1519 4365 1576 tamen

2405 1593 2765 1673 foenerari,
2826 1594 2996 1660 hanc
3052 1613 3280 1659 ansam
3332 1602 3592 1660 mature
3627 1592 3813 1660 Deus
3870 1593 4221 1675 abscindit,
4289 1616 4366 1662 ac

2406 1680 2809 1830 generaliter
2878 1678 3149 1745 damnat
3218 1678 3576 1762 quamlibet
3650 1680 3843 1747 sortis
3913 1682 4366 1748 accessionem.

2467 1773 2606 1831 erte
2669 1765 2849 1832 locus
2915 1773 3189 1848 uterque
3249 1765 3424 1832 clare
3491 1764 3894 1831 demonstrat
3960 1766 4129 1831 nihil
4187 1765 4369 1833 aliud

2406 1872 2604 1934 quam
2668 1852 2911 1918 frustra
2967 1852 3201 1936 nugari
3253 1851 3366 1934 qui
3421 1849 3502 1916 ad
3547 1851 3841 1918 criminis
3883 1852 4364 1919 excusationem

2404 1958 2610 2005 novas
2656 1959 2844 2004 voces
2901 1936 3242 2004 fabricant.
3332 1936 3489 2003 Ideo
3538 1958 3677 2002 rem
3723 1939 3940 2022 potius
3982 1937 4369 2021 simpliciter

2404 2023 2842 2107 reputandam
2886 2044 3028 2091 esse
3073 2022 3417 2101 admonui,
3465 2023 3620 2107 quia
3659 2021 3806 2089 Deo
3855 2043 4115 2107 semper
4157 2023 4370 2108 iniqui

2405 2129 2639 2175 omnes
2682 2116 2994 2193 quaestus
3037 2107 3418 2191 displicent,
3465 2129 3889 2192 quoscunque
3933 2109 4178 2176 colores
4223 2118 4365 2175 ten-

2405 2202 2623 2261 temus
2690 2192 3030 2262 obducere.
3128 2193 3322 2276 Quod
3391 2194 3446 2260 si
3525 2216 3609 2260 ex
3668 2197 3994 2277 aequitate
4051 2193 4369 2262 iudicium

2404 2281 2619 2347 facere
2676 2280 3001 2359 convenit,
3045 2301 3279 2346 usuras
3330 2280 3654 2364 quaslibet
3697 2281 3942 2364 absque
3986 2281 4369 2365 exceptione

2407 2367 2755 2443 damnare,
2817 2366 2996 2432 nulla
3053 2367 3302 2451 patitur
3346 2367 3531 2433 ratio.
3619 2366 3901 2434 Debitor
3945 2368 4000 2433 si
4044 2367 4367 2451 tergiver-

2404 2452 2613 2519 sando
2657 2462 2921 2536 tempus
2965 2453 3334 2519 extraxerit
3375 2474 3526 2521 cum
3571 2453 3915 2538 dispendio
3960 2463 4025 2519 et
4069 2453 4371 2519 molestia

2402 2538 2777 2619 creditoris,
2836 2560 2920 2604 an
2971 2547 3481 2606 consentaneum
3528 2540 3656 2604 erit
3699 2559 3850 2604 eum
3895 2560 3978 2604 ex
4022 2539 4196 2604 mala
4239 2539 4369 2605 fide

2403 2632 2473 2691 et
2530 2624 2958 2692 frustratione
3018 2626 3276 2692 lucrum
3322 2622 3598 2707 capere?
3642 2623 3855 2690 Nemo
3898 2632 4073 2690 certe
4117 2622 4218 2711 (ut
4263 2646 4367 2690 ar·-

2402 2709 2636 2796 bitror)
2680 2712 2949 2795 negabit
2983 2731 3218 2777 usuras
3260 2708 3564 2776 creditori
3602 2707 3949 2775 solvendas
3994 2730 4138 2775 esse
4182 2730 4368 2793 prae-

2402 2806 2507 2863 ter
2556 2804 2820 2875 sortem,
2865 2806 2937 2861 ut
2981 2805 3295 2879 pensetur
3339 2795 3480 2860 eius
3522 2795 3792 2861 iactura.
3885 2793 3960 2861 Si
3997 2796 4146 2878 quis
4190 2796 4370 2862 locu-

2403 2883 2545 2967 ples
2590 2883 2703 2967 qui
2747 2882 2875 2946 erit
2916 2882 2988 2946 in
3032 2881 3169 2948 suis
3210 2880 3517 2960 nummis,
3563 2880 3839 2945 fundum
3878 2901 4096 2947 emere
4141 2879 4369 2947 volens

2400 2977 2660 3054 partem
2716 2967 3001 3050 aliquam
3060 2986 3359 3033 summae
3416 2965 3498 3030 ab
3551 2965 3762 3031 altero
3823 2973 4190 3048 mutuetur,
4251 2966 4368 3050 qui

2402 3055 2747 3139 pecuniam
2807 3062 3145 3133 numerat,
3199 3073 3416 3119 annon
3561 3053 3719 3118 terit
3775 3074 3857 3119 ex
3898 3051 4105 3118 :fundi
4147 3052 4367 3118 reditu

2398 3142 2690 3207 fructum
2725 3138 3007 3223 aliquem
3051 3140 3403 3223 percipere,
3490 3160 3652 3205 onec
3693 3160 3835 3205 sors
3879 3147 4368 3222 repraesentata

2399 3225 2648 3294 fuerit?
2732 3225 2951 3292 Multa
3008 3225 3149 3292 eius
3206 3225 3467 3310 generis
3529 3223 3816 3308 quotidie
3861 3222 4182 3302 accidunt,
4228 3224 4366 3304 ubi,

2399 3312 2571 3398 quod
2638 3312 2721 3378 ad
2780 3311 3177 3396 aequitatem
3237 3319 3518 3395 spectat,
3573 3332 3774 3376 usura
3819 3308 4028 3375 nihilo
4081 3310 4366 3376 deterior

2399 3400 2530 3465 erit
2586 3419 2782 3483 quam
2826 3398 3092 3483 emptio.
3180 3397 3319 3464 Nec
3366 3415 3520 3464 vero
3567 3405 3804 3481 arguta
3845 3396 3961 3462 illa
4002 3398 4168 3462 ratio
4213 3395 4367 3461 Ari-

2399 3484 2658 3552 stotelis
2700 3484 3020 3564 consistit,
3066 3484 3298 3550 foenus
3343 3503 3488 3550 esse
3526 3491 3789 3567 praeter
3831 3490 4137 3548 naturam
4155 3532 4170 3562 ,
4214 3482 4367 3566 quia

2398 3572 2676 3655 pecunia
2740 3571 2986 3636 sterilis
3050 3577 3184 3651 est,
3249 3589 3372 3635 nec
3436 3570 3781 3653 pecuniam
3847 3569 4051 3651 parit:
4118 3568 4365 3652 poterit

2400 3659 2573 3724 enim
2634 3655 2745 3722 ille
2804 3677 2998 3743 quem
3060 3655 3199 3721 dixi
3255 3657 3642 3734 frustrator,
3688 3676 3771 3720 ex
3830 3654 4047 3719 aliena
4088 3654 4365 3738 pecunia

2399 3750 2743 3828 quaestum
2800 3740 3066 3807 uberem
3123 3742 3339 3809 facere
3394 3738 3822 3826 negotiando,
3876 3739 4068 3805 fundi
4111 3749 4368 3823 emptor

2399 3837 2605 3895 metet
2654 3847 2731 3893 ac
2774 3827 3227 3893 vindemiabit.
3315 3826 3567 3893 Verum
3610 3828 3939 3911 excipient
3984 3827 4097 3908 qui
4141 3833 4407 3892 contra·

2402 3915 2729 3994 sentiunt,
2790 3914 3177 3996 simpliciter
3231 3914 3539 3979 standum
3593 3933 3737 3979 esse
3783 3913 3906 3978 Dei
3951 3911 4210 3992 iudicio,
4256 3911 4369 3995 qui

2402 4000 2799 4087 generaliter
2853 4021 3045 4065 omne
3086 4000 3319 4066 foenus
3365 3998 3601 4083 populo
3643 4020 3763 4064 suo
3806 3995 4156 4065 interdicit.
4231 3996 4365 4063 Re-

2402 4084 2718 4172 spondeo,
2776 4087 3041 4152 nonnisi
3100 4085 3181 4151 de
3282 4083 3629 4169 auperibus
3687 4084 3915 4150 haberi
3975 4103 4366 4163 sermonem,

2400 4174 2679 4256 ideoque
2738 4172 2797 4237 si
2845 4193 2995 4239 cum
3042 4171 3231 4238 diviti
3277 4194 3357 4237 us
3401 4171 3741 4255 negotium
3788 4170 3890 4248 sit,
3936 4169 4217 4236 liberum
4261 4169 4366 4234 ius

2400 4257 2786 4325 foenerandi
2838 4257 3169 4342 permitti:
3231 4257 3383 4341 quia
3441 4255 3779 4341 legislator
3822 4276 3959 4320 rem
4007 4259 4205 4321 unam
4245 4274 4364 4320 no·

2401 4343 2633 4423 tando,
2694 4343 2967 4410 alteram
3030 4343 3108 4409 de
3167 4366 3295 4428 qua
3352 4344 3652 4422 subticet,
3698 4341 3958 4407 videtur
4001 4361 4134 4406 non
4180 4340 4364 4406 dam-

2399 4453 2581 4496 nare.
2673 4428 2747 4497 Si
2804 4450 3035 4496 rursus
3091 4430 3429 4509 obiiciant,
3501 4430 3939 4494 foeneratores
4008 4449 4047 4491 a
4106 4424 4365 4493 Davide

2401 4527 2471 4583 et
2527 4515 2874 4582 Ezechiele
2927 4517 2995 4580 in
3051 4524 3263 4581 totum
3325 4512 3626 4581 damnari
3669 4512 3808 4600 (ΡΒ.
3849 4511 3950 4590 15,
3996 4513 4057 4580 5.
4123 4511 4361 4580 Ezech.

2404 4602 2506 4682 18,
2553 4600 2679 4688 13),
2743 4602 3098 4668 sententias
3142 4600 3289 4667 illas
3353 4600 3436 4667 ad
3480 4622 3780 4667 normam
3840 4599 4131 4666 caritatis
4188 4598 4367 4682 exigi

2402 4688 2638 4754 debere
2674 4688 2989 4754 arbitror:
3025 4687 3299 4771 ideoque
3343 4709 3472 4752 non
3517 4685 3819 4751 damnari
3865 4686 3989 4752 nisi
4035 4684 4365 4768 improbas

2402 4776 2778 4840 exactiones
2803 4824 2817 4851 ,
2901 4771 3135 4856 quibus
3200 4774 3514 4852 creditor,
3582 4770 3953 4855 posthabita
4016 4769 4364 4854 aequitate,

2404 4860 2764 4925 debitorem
2824 4879 3016 4924 suum
3072 4870 3300 4924 onerat
3355 4879 3430 4924 ac
3488 4859 3744 4942 premit.
3830 4857 4051 4923 Nolim
4098 4854 4363 4939 quidem

2402 4967 2549 5011 meo
2603 4944 2967 5029 patrocinio
3010 4966 3244 5010 usuras
3287 4944 3526 5023 fovere,
3587 4953 3778 5028 atque
3823 4944 4081 5010 utinam
4125 4961 4364 5006 nomen

2402 5033 2620 5117 ipsum
2675 5030 2985 5096 abolitum
3038 5040 3212 5096 esset
3259 5053 3294 5096 e
3337 5029 3615 5096 mundo:
3659 5028 3774 5096 sed
3838 5051 3962 5095 non
4021 5024 4225 5092 audeo
4284 5026 4365 5092 de

2404 5139 2476 5182 re
2511 5117 2736 5201 magni
2772 5118 3090 5183 momenti
3125 5118 3274 5202 plus
3301 5117 3736 5202 pronunciare
3774 5135 3968 5198 quam
3998 5112 4127 5178 Dei
4161 5112 4368 5180 verba

2403 5212 2661 5275 sonant.
2761 5203 2957 5268 Clare
3038 5215 3219 5287 patet
3279 5214 3564 5269 veterem
3640 5200 3951 5284 populum
4007 5198 4089 5263 ab
4148 5199 4364 5264 usuris

2402 5290 2605 5356 fuisse
2657 5288 3058 5372 prohibitum
3078 5342 3093 5367 ,
3154 5289 3268 5356 sed
3320 5290 3492 5355 hanc
3543 5288 3747 5354 fuisse
3803 5296 4057 5369 partem
4115 5281 4365 5349 ordinis

2401 5376 2652 5461 politici
2719 5376 2907 5442 fateri
2987 5396 3247 5443 necesse
3312 5385 3428 5442 est.
3517 5371 3711 5441 Unde
3770 5370 4069 5455 sequitur
4134 5390 4366 5435 usuras
