4867 6150
318 447 443 523 569

321 636 612 707 venisset
651 632 898 700 animal
942 631 1362 700 immundum
1404 640 1727 712 mactare,
1777 631 2124 714 repudiata
2164 629 2274 695 fu-

322 725 481 791 isset
524 741 603 787 su
653 720 907 786 erstitio
923 769 940 800 ,
998 720 1142 785 imo·
1174 719 1551 803 expiatione
1594 739 1762 802 opus
1806 718 2055 784 fuisset.
2142 714 2277 781 Hic

325 817 541 878 autem
623 827 774 873 meo
827 804 1097 893 iudicio)
1139 805 1272 871 alia
1311 804 1666 871 oblationis
1709 803 1962 887 species
2006 801 2277 886 attingi-

323 906 465 971 tur,
519 912 688 977 quae
747 891 1065 959 sacrificia
1123 900 1190 956 et
1244 891 1493 958 cultum
1554 890 1785 975 templi
1834 897 2068 957 contra
2110 885 2278 973 legis

319 978 709 1048 mandatum
780 996 916 1042 non
975 977 1272 1045 vitiabat.
1370 976 1609 1060 Itaque
1665 976 1837 1042 nihil
1892 972 2163 1042 absurdi
2221 973 2278 1038 si

322 1068 508 1134 Deus
530 1064 804 1147 recipiat
838 1063 973 1129 tale
1017 1075 1277 1129 votum:
1324 1063 1688 1129 multatitia
1730 1073 1955 1127 tamen
1996 1059 2281 1145 pecunia

323 1151 599 1235 castiget
639 1150 999 1216 levitatem.
1088 1149 1280 1215 Adde
1323 1147 1496 1232 quod
1539 1169 1781 1232 equum
1824 1148 2167 1214 robustum
2210 1153 2280 1210 et

320 1234 788 1321 experimentis
821 1234 1187 1319 probatum,
1233 1236 1289 1301 si
1335 1244 1475 1300 erat
1519 1235 1593 1299 in
1635 1233 1945 1319 periculo,
1989 1231 2282 1299 vovebat

321 1323 555 1399 herus,
615 1329 694 1388 ut
734 1321 879 1405 ipso
924 1322 1108 1387 salvo
1154 1321 1506 1387 damnatus
1549 1322 1688 1387 voti
1732 1320 2020 1404 pretium
2066 1317 2276 1383 solve-

317 1420 453 1477 ret:
497 1410 592 1473 ita
627 1418 696 1474 et
729 1408 798 1472 in
843 1407 1135 1491 reliquis.
1203 1407 1338 1473 Nec
1381 1406 1564 1473 aliud
1608 1415 1754 1472 erat
1795 1425 2036 1472 vovere
2079 1424 2276 1486 quam

318 1493 728 1562 committere
784 1492 935 1559 fidei
988 1513 1065 1560 ac
1115 1493 1361 1559 tutelae
1404 1491 1537 1557 Dei
1579 1490 1756 1576 quod
1798 1490 2051 1558 servari
2094 1498 2277 1573 opta-

316 1581 495 1647 bant.
584 1578 768 1646 Hinc
825 1579 1033 1644 nimia
1076 1588 1384 1645 votorum
1427 1579 1799 1661 frequentia
1840 1598 2009 1660 quae
2051 1585 2278 1641 tamen

317 1667 534 1750 aliquo
577 1665 773 1731 modo
813 1673 1151 1750 praestare
1195 1685 1463 1732 necesse
1505 1664 1665 1741 fuit,
1709 1685 1797 1729 ne
1840 1683 2101 1729 sacrum
2147 1660 2280 1727 Dei

315 1773 563 1819 nomen
620 1764 1062 1834 exponeretur
1117 1750 1419 1817 ludibrio.
1506 1750 1704 1816 Hanc
1757 1748 2279 1815 aestimationem

314 1836 675 1906 sacerdotis
733 1837 1004 1903 arbitrio
1062 1837 1363 1919 permisit
1416 1837 1619 1903 Deus.
1725 1834 1803 1902 Si
1860 1845 2081 1900 autem
2141 1833 2281 1899 ani-

313 1924 448 1991 mal
491 1926 563 1988 in
612 1922 948 1990 victimam
994 1922 1214 1988 offerri
1263 1933 1514 2005 posset,
1559 1921 1746 1988 nulla
1788 1928 1934 1987 erat
1974 1917 2279 2004 redemp-

312 2011 439 2076 tio:
486 2011 664 2093 quod
699 2010 756 2075 si
789 2010 934 2092 quis
970 2008 1153 2075 aliud
1196 2008 1443 2075 animal
1486 2007 1937 2074 substituisset
1977 2005 2085 2072 vel
2128 2026 2278 2089 pre-

310 2098 480 2162 tium
543 2094 881 2173 solvisset,
940 2093 1138 2160 dabat
1177 2095 1427 2162 fraudis
1471 2113 1779 2178 poenam:
1825 2094 1978 2176 quia
2020 2099 2275 2158 utrum-

310 2203 443 2266 que
485 2182 634 2247 Deo
679 2190 979 2247 sanctum
1024 2182 1242 2247 fiebat.
1310 2181 1667 2248 Stabilitur
1709 2187 1927 2244 autem
1975 2178 2279 2244 aestima-

310 2268 406 2335 tio
442 2289 615 2352 quae
650 2267 920 2334 voventi
954 2267 1263 2349 imposita
1297 2267 1444 2344 erit,
1482 2267 1636 2351 quia
1670 2264 2057 2350 simpliciter
2094 2263 2279 2329 iubet

308 2355 500 2421 Deus
521 2352 865 2420 Israelitas
907 2362 1084 2418 stare
1128 2353 1542 2419 sacerdotum
1586 2351 1845 2431 iudicio,
1893 2359 1962 2415 et
2004 2348 2276 2416 alterius

308 2441 604 2507 mulctae
663 2439 968 2519 nomine,
1025 2437 1267 2504 addere
1327 2438 1620 2522 oportuit
1676 2438 1978 2521 quintam
2020 2444 2274 2520 partem

307 2527 492 2593 ultra
534 2527 827 2609 pretium
872 2545 912 2589 a
954 2524 1289 2591 sacerdote
1333 2525 1639 2591 edictum.

492 2612 598 2677 14.
638 2610 759 2678 Vir
789 2614 1000 2677 autem
1033 2631 1228 2693 quum
1255 2611 1722 2677 consecraverit.
1791 2606 2106 2693 Sequitur
2139 2615 2272 2673 ter-

309 2699 481 2764 tium
507 2718 723 2782 genus
745 2708 1051 2764 votorum
1075 2698 1145 2761 in
1169 2698 1628 2764 consecrandis
1664 2695 1935 2762 aedibus
1971 2701 2038 2759 et
2072 2693 2271 2777 agris.

307 2782 464 2866 Qua
509 2784 711 2850 etiam
755 2782 827 2847 in
872 2792 1064 2866 parte
1106 2784 1209 2849 ius
1252 2783 1541 2849 medium
1586 2782 1914 2860 statuitur,
1958 2801 2045 2845 ne
2087 2798 2275 2863 sper-

306 2882 513 2936 natur
573 2868 805 2953 religio
863 2878 931 2934 et
973 2877 1197 2934 tamen
1242 2890 1375 2934 non
1420 2870 1776 2953 abigantur
1818 2888 1856 2932 e
1898 2886 2022 2931 suo
2065 2864 2274 2930 domi-

306 2956 461 3024 cilio
523 2956 686 3020 iusti
743 2975 1182 3037 possessores,
1242 2955 1349 3020 vel
1393 2956 1536 3039 agri
1580 2953 1849 3020 inutiles
1892 2950 2270 3028 reddantur,

304 3050 618 3111 cessante
672 3039 948 3108 cultura.
1038 3038 1394 3108 Vovebant
1448 3061 1646 3126 porro
1691 3059 1845 3106 suas
1890 3038 2117 3105 domos
2160 3036 2273 3121 qui

302 3137 528 3196 tutam
553 3128 689 3193 illic
723 3135 786 3192 et
821 3126 1173 3206 salubrem,
1209 3137 1276 3193 et
1307 3128 1520 3193 modis
1554 3127 1857 3194 omnibus
1891 3144 2273 3209 prosperam

304 3213 791 3283 habitationem
839 3235 879 3279 a
914 3212 1061 3279 Deo
1103 3214 1417 3296 petebant
1459 3214 1586 3280 sibi
1630 3222 1698 3279 et
1739 3212 1896 3278 suis.
1967 3210 2100 3291 Qui
2143 3212 2271 3275 fer-

305 3303 633 3368 tilitatem
668 3300 847 3385 agris
869 3300 1011 3366 suis
1032 3300 1393 3383 impetrare
1415 3301 1708 3384 optabat,
1730 3319 1816 3363 ex
1838 3296 2062 3364 decem
2084 3298 2271 3380 iuge·

302 3389 492 3456 ribus
551 3395 668 3452 aut
722 3385 966 3471 viginti
1022 3387 1298 3453 vovebat
1357 3408 1586 3452 unum.
1674 3385 1813 3450 Nec
1857 3384 2126 3449 dubium
2173 3388 2273 3448 est

302 3476 474 3559 quin
534 3473 803 3557 pietatis
860 3472 1175 3538 exercitio
1232 3474 1592 3556 permistae
1633 3470 1970 3538 interdum
2015 3468 2275 3534 fuerint

304 3559 814 3646 superstitiosae
866 3578 1122 3641 preces,
1182 3580 1258 3625 ac
1318 3559 1375 3623 si
1421 3567 1614 3641 pacta
1654 3556 1955 3623 mercede
1999 3553 2133 3620 Dei
2175 3554 2273 3619 fa-

302 3669 544 3716 vorem
612 3644 737 3711 sibi
791 3644 1227 3727 acquirerent.
1330 3643 1587 3711 Verum
1645 3644 1800 3728 quia
1855 3664 1965 3708 res
2021 3661 2142 3726 per
2199 3661 2271 3706 se

299 3735 487 3802 mala
549 3751 686 3797 non
744 3739 920 3811 erat,
977 3731 1143 3798 vitia
1194 3752 1363 3814 quae
1420 3752 1551 3796 non
1596 3732 1690 3796 ita
1733 3728 1921 3795 facile
1964 3736 2273 3812 poterant

299 3819 589 3905 corrigi,
631 3816 1055 3899 indulgenter
1098 3816 1408 3883 toleravit
1452 3818 1656 3897 Deus,
1702 3837 1785 3881 ne
1828 3835 2053 3881 eorum
2099 3813 2265 3891 odio,

299 3928 474 3992 quae
523 3913 593 3970 et
636 3902 831 3969 utilia
872 3911 938 3968 et
983 3902 1176 3968 laude
1220 3901 1424 3989 digna
1468 3913 1689 3982 erant,
1745 3921 2016 3986 prorsus
2059 3898 2274 3965 abole—

298 4003 428 4060 ret.
499 3990 685 4057 Hinc
720 3990 1040 4074 permissa
1083 3998 1219 4053 tam
1263 3987 1496 4055 domus
1540 4009 1737 4072 quam
1781 3988 1927 4073 agri
1967 3985 2270 4069 redemp-

297 4082 420 4147 tio.
515 4075 713 4158 Quod
770 4075 825 4140 si
869 4076 1016 4158 quis
1060 4074 1429 4141 fraudasset
1474 4096 1708 4159 agrum
1754 4074 2062 4139 devotum
2108 4093 2269 4137 ven-

301 4164 552 4244 dende,
598 4162 864 4247 gravior
896 4181 1110 4244 poena
1143 4160 1429 4240 additur,
1473 4170 1549 4226 ut
1582 4163 1654 4225 in
1690 4169 2082 4245 perpetuum
2125 4159 2270 4241 ipso

301 4260 558 4320 careat.
626 4249 732 4314 De
788 4268 964 4312 anno
1007 4246 1284 4313 Iubilaei
1330 4246 1485 4312 alibi
1529 4246 1783 4313 dicetur
1825 4246 2059 4312 fusius.
2125 4243 2272 4308 Hoc

302 4341 376 4406 in
417 4334 797 4422 praesentia
835 4333 1201 4398 notandum
1239 4341 1357 4411 est,
1402 4353 1486 4398 ne
1521 4353 1814 4416 unquam
1851 4329 2275 4397 intercideret

302 4435 536 4493 terrae
574 4420 841 4504 partitio
874 4419 1048 4485 facta
1082 4419 1207 4485 sub
1228 4418 1423 4485 Iosue
1460 4417 1796 4505 (quoniam
1832 4418 2008 4484 clare
2051 4428 2273 4482 osten-

304 4512 509 4579 derat
552 4507 737 4573 Deus
795 4506 937 4572 eius
994 4527 1065 4571 00
1122 4525 1265 4570 0000
1325 4504 1678 4655 1111101·οω2,
1732 4503 2274 4589 quinquagesimo

302 4616 581 4684 quoque
624 4612 798 4658 anno
834 4591 1171 4659 revocavit
1192 4592 1377 4658 Deus
1418 4592 1612 4675 singu
1641 4611 1714 4656 as
1757 4592 1970 4656 tribus
2013 4587 2098 4654 ad
2140 4588 2274 4673 pri-

303 4706 493 4752 mam
544 4688 819 4755 sortem,
864 4686 1061 4760 atque
1101 4678 1198 4743 ita
1239 4698 1645 4760 possessores
1687 4697 1853 4760 quos
1893 4676 2118 4760 inopia
2160 4696 2274 4739 ex-

306 4772 603 4857 pulerat,
645 4766 714 4830 in
738 4764 1071 4847 integrum
1096 4765 1401 4829 restituit.
1460 4762 1608 4848 Quo
1631 4771 1853 4829 autem
1877 4762 2139 4845 propior
2161 4769 2276 4824 aut

305 4855 637 4925 remotior
672 4859 816 4916 erat
849 4870 1062 4916 annus
1096 4850 1227 4929 ille,
1271 4857 1464 4933 prout
1508 4848 1719 4932 magis
1763 4858 1830 4914 et
1864 4850 2083 4913 minus
2126 4846 2274 4910 diu-

308 4955 528 5011 turna
606 4938 832 5003 futura
896 4944 1040 5001 erat
1103 4937 1459 5019 possessio,
1544 4934 1808 5001 viliores
1874 4941 2066 5000 erant
2129 4932 2274 5015 agri

307 5040 433 5098 aut
477 5025 784 5092 cariores.
849 5022 913 5087 N
918 5042 1005 5088 on
1050 5022 1324 5087 metitur
1366 5020 1629 5105 quidem
1664 5022 1848 5087 Deus
1891 5041 2083 5104 agros
2127 5038 2272 5102 per-

301 5118 445 5184 tica
481 5112 598 5179 vel
642 5111 818 5187 fune,
863 5106 979 5174 sed
1021 5107 1426 5190 simpliciter,
1471 5116 1547 5172 ut
1590 5107 1760 5191 apud
1806 5107 1971 5172 rude
2013 5106 2275 5189 vulgus,

304 5226 348 5270 a
407 5199 676 5268 satione
731 5195 1059 5260 aestimat:
1115 5214 1354 5278 nempe
1409 5202 1481 5259 ut
1532 5214 1692 5278 ager
1734 5194 1847 5276 qui
1892 5190 2277 5259 seminando

307 5307 552 5359 corum
587 5279 817 5349 hordei
853 5280 1030 5364 capit
1074 5279 1305 5345 solutis
1348 5280 1833 5364 quinquaginta
1874 5278 2051 5346 siclis
2093 5298 2279 5343 sanc-

307 5372 529 5444 tuarii
584 5387 787 5454 penes
845 5365 1185 5432 dominum
1243 5376 1528 5432 maneat.
1617 5366 1763 5433 Hos
1816 5376 2037 5431 autem
2082 5364 2277 5431 siclos

1770 441 2194 511 TERTIUM
2238 435 2893 506 PRAEOEPTUM.

4207 444 4340 513 570

2378 624 2534 691 alibi
2571 625 2858 693 vidimus
2891 626 3278 712 vulgaribus
3317 628 3522 695 fuisse
3566 628 3764 714 duplo
3806 630 4131 700 meliores.
4199 632 4337 701 Sed

2379 712 2541 795 quia
2594 719 2748 778 vota
2804 732 3002 796 saepe
3058 714 3241 781 conci
3290 715 3623 796 iebantur,
3679 715 3786 782 vel
3845 715 4116 783 dimidio
4173 726 4339 785 tem·

2378 817 2570 882 pore,
2595 883 2610 898 ·
2645 797 2755 865 vel
2811 797 2934 864 sub
2991 800 3189 865 finem
3243 737 3530 867 {ubilaei
3546 853 3563 880 ,
3633 801 3990 868 discrimen
4044 805 4335 888 ponitur.

2378 883 2717 969 Praecipit
2753 904 2911 970 ergo
2932 883 3119 952 Deus
3139 886 3606 966 sacerdotibus,
3644 895 3719 953 ut
3741 890 4057 972 temporis
4079 891 4337 958 ratione

2379 969 2629 1055 habita,
2675 991 2807 1054 quo
2841 973 3056 1055 magis
3090 973 3359 1039 accedet
3400 973 3482 1039 ad
3506 972 3896 1052 Iubilaeum,
3942 975 4336 1043 tantundem

2379 1074 2420 1121 a
2455 1056 2667 1137 pretio
2700 1056 3026 1124 minuant.
3093 1056 3445 1126 Caeterum
3490 1059 3606 1124 ubi
3640 1061 3820 1127 fraus
3861 1059 4335 1142 intervenerat,

2377 1140 2594 1207 noluit
2650 1140 2837 1209 Deus
2908 1143 3053 1211 eiici
3119 1142 3328 1211 bonae
3400 1144 3555 1211 fidei
3621 1154 3980 1231 emptores,
4049 1148 4163 1214 sed
4215 1148 4336 1217 ubi

2378 1228 2737 1294 transierat
2778 1227 3148 1295 Iubilaeum
3163 1281 3180 1309 ,
3240 1252 3476 1316 agrum
3530 1235 3640 1315 qui
3684 1233 4024 1318 sacrilegio
4067 1243 4335 1320 ereptus

2378 1314 2597 1378 fuerat
2628 1313 2713 1379 ad
2749 1321 3009 1398 tempus
3044 1315 3487 1383 sacerdotibus
3520 1319 3592 1383 in
3626 1328 4019 1404 perpetuum
4056 1320 4333 1388 addixit.

2381 1399 2739 1483 Comparat
2780 1421 2943 1467 vero
2986 1401 3208 1468 Moses
3251 1402 3426 1470 hanc
3468 1406 4022 1471 consecrationem
4056 1406 4333 1475 anathe-

2378 1487 2571 1564 mati,
2628 1485 2805 1569 quod
2848 1486 3138 1553 Hebraei
3182 1500 3324 1558 ῦἻΠ
3368 1500 3645 1569 vocant,
3698 1511 3859 1557 voce
3914 1513 3953 1555 a
3995 1491 4334 1577 perdendo

2378 1572 2491 1637 vel
2544 1570 2865 1638 abolendo
2900 1571 3215 1640 deducta:
3275 1596 3405 1658 qua
3448 1578 3705 1643 ratione
3749 1577 3979 1642 Latini
4023 1576 4336 1646 devotum

2379 1658 2712 1741 accipiunt
2767 1658 2839 1721 in
2899 1659 3145 1725 malam
3204 1668 3494 1743 partem,
3552 1661 3726 1744 quod
3783 1661 4184 1730 destinatum
4232 1674 4340 1731 est

2380 1742 2617 1809 ultimo
2652 1743 2874 1810 exitio.
2940 1744 3348 1813 Extenditur
3381 1745 3618 1813 deinde
3651 1747 3763 1813 lex
3798 1747 3883 1813 ad
3917 1769 4109 1834 agros
4152 1772 4334 1835 emp-

2382 1838 2502 1909 tos,
2547 1829 2658 1913 qui
2702 1850 2878 1896 anno
2921 1829 3197 1897 Iubilaei
3241 1832 3549 1899 redibant
3592 1833 3675 1899 ad
3719 1835 3972 1917 priores
4016 1833 4335 1917 dominos,

2381 1917 2537 1999 quia
2579 1917 2794 1998 prima
2838 1927 3056 1983 terrae
3099 1919 3357 1984 sortitio
3402 1929 3559 1986 tunc
3602 1919 4075 1987 restituebatur
4116 1922 4188 1987 in
4229 1922 4335 1986 in-

2381 2010 2663 2086 tegrum.
2753 2002 2885 2067 Pro
2943 2002 3048 2069 his
3106 2006 3281 2088 agris
3341 2004 3526 2071 iubet
3565 2005 3753 2071 Deus
3810 2007 4096 2089 pretium
4140 2007 4335 2093 solvi,

2381 2087 2852 2172 supputatione
2905 2089 3220 2172 temporis
3275 2091 3482 2172 facta,
3539 2099 3616 2156 ut
3672 2100 3929 2158 tantum
3973 2101 4335 2177 proventus

2379 2194 2511 2239 non
2569 2172 2813 2239 fundus
2868 2174 2953 2238 in'
2994 2176 3320 2241 rationem
3379 2176 3618 2243 veniat.
3702 2178 3917 2245 Porro
3971 2188 4051 2244 ut
4091 2179 4335 2263 vulgus

2378 2280 2725 2344 perperam
2785 2269 2939 2325 vota
2996 2282 3162 2344 quae
3206 2261 3390 2329 Deus
3450 2264 3660 2328 veteri
3717 2263 3958 2348 populo
4013 2266 4134 2331 sub
4184 2265 4334 2353 lege

2379 2346 2719 2426 concessit,
2761 2346 2968 2411 stulta
3001 2347 3413 2415 affectatione
3447 2356 3819 2416 mutuatum
3856 2350 3989 2415 est:
4033 2350 4131 2416 ita
4161 2371 4334 2435 papa

2380 2433 2452 2497 in
2494 2430 2627 2497 illis
2670 2430 3091 2513 redimendis,
3138 2432 3456 2501 diabolico
3498 2435 3675 2501 fastu
3720 2456 3923 2501 ausus
3965 2444 4068 2501 est
4108 2434 4332 2502 Deum

2380 2517 2714 2583 aemulari.
2803 2518 3019 2584 Notus
3075 2529 3177 2585 est
3220 2519 3452 2586 titulus
3494 2521 3565 2586 in
3609 2521 3671 2587 3.
3718 2522 3982 2588 Decret.
4027 2523 4133 2588 De
4175 2531 4333 2590 voto

2378 2612 2447 2668 et
2485 2605 2625 2670 voti
2658 2602 3147 2687 redemptione:
3189 2606 3301 2671 ubi
3342 2604 3667 2689 pudendis
3712 2607 3965 2674 naeniis
4006 2610 4332 2674 mundum

2380 2689 2542 2755 adeo
2598 2689 2936 2756 licentiose
2974 2690 3275 2775 despexit
3296 2692 3610 2776 quisquis
3652 2692 3781 2757 fuit
3822 2694 4330 2773 consarcinator,

2377 2786 2454 2842 ut
2514 2796 2652 2841 non
2709 2776 2968 2842 dubitet
3022 2779 3387 2844 sententias
3443 2778 3658 2861 palam
3717 2779 4083 2845 contrarias
4135 2779 4332 2845 simul

2377 2862 2699 2944 ingerere.
2766 2859 2962 2943 Quod
2997 2864 3053 2928 si
3089 2863 3258 2927 nihil
3293 2875 3468 2931 esset
3501 2862 3871 2945 adversum,
3908 2865 4074 2930 nihil
4110 2873 4331 2930 tamen

2377 2947 2516 3012 illic
2552 2947 2854 3028 traditur,
2899 2948 3025 3014 nisi
3061 2948 3386 3032 quomodo
3428 2948 3848 3017 redimendae
3891 2951 4029 3017 sint
4070 2951 4334 3018 votivae

2378 3034 2977 3120 peregrinationes,
3050 3055 3213 3119 quas
3277 3043 3464 3120 patet
3531 3057 3617 3103 ex
3680 3034 3933 3103 Christi
3986 3036 4332 3119 sententia,

2375 3130 2529 3205 post
2592 3120 3082 3206 promulgatum
3142 3141 3309 3189 evan
3359 3122 3556 3188 elium
3574 3174 3589 3201 ,
3658 3123 3931 3190 vitiosas
3988 3144 4149 3190 esse.
4238 3123 4332 3188 Et

2374 3217 2553 3273 certe
2606 3208 2775 3272 mira
2830 3207 2959 3273 fuit
3015 3206 3258 3274 diaboli
3344 3209 3694 3288 ascinatio,
3757 3209 3929 3293 quod
3993 3209 4117 3278 sub
4180 3209 4327 3293 lege

2377 3292 2625 3359 dictum
2661 3302 2819 3370 erat,
2863 3292 3358 3364 solvendaesse
3393 3302 3547 3361 vota
3589 3297 3659 3360 in
3683 3294 4066 3375 Ierusalem,
4110 3304 4324 3360 trans·

2373 3378 2552 3446 ferre
2573 3379 2657 3445 ad
2680 3378 3119 3460 Christianos,
3154 3391 3501 3465 postquam
3536 3382 3999 3464 pronunciavit
4020 3380 4328 3447 Christus

2375 3465 2637 3532 venisse
2690 3473 2953 3549 tempus
3011 3487 3138 3550 quo
3193 3466 3337 3533 veri
3392 3466 3676 3533 cultores
3716 3466 3962 3550 ubique
4005 3466 4150 3532 01110
4192 3464 4325 3532 dis-

2373 3552 2662 3618 crimine.
2694 3552 3020 3631 locorum,
3063 3551 3338 3618 adorent
3381 3551 3603 3619 Deum
3645 3553 3719 3617 in
3761 3554 3999 3637 spiritu
4043 3560 4112 3617 et
4152 3551 4325 3619 veri·

2374 3647 2510 3704 tate
2554 3631 2764 3725 (Ioan.
2808 3637 2871 3716 4,
2916 3636 3002 3703 23
3047 3636 3224 3724 seq.).
3272 3631 3287 3644 ⁸
3307 3638 3384 3705 Si
3428 3640 3739 3705 obiiciant
3781 3636 4163 3705 conductitii
4208 3656 4325 3723 pa-

2372 3744 2496 3807 pae
2539 3724 2828 3803 rabulae,
2875 3724 3096 3790 valere
3140 3724 3415 3791 eandem
3459 3725 3782 3790 rationem
3824 3725 3893 3789 in
3938 3726 4110 3790 votis
4152 3721 4329 3788 redi-

2373 3810 2649 3891 mendis,
2689 3810 2843 3893 quia
2878 3809 3254 3894 negandum
3300 3832 3427 3877 non
3474 3813 3562 3877 sit
3602 3808 3962 3876 remedium
4007 3810 4116 3877 vel
4161 3808 4325 3874 sola·

2374 3896 2562 3975 tium,
2606 3897 2665 3962 si
2701 3917 2830 3980 qua
2864 3896 3062 3962 nimis
3096 3896 3332 3981 gravia
3373 3897 3509 3964 sint
3552 3897 3661 3963 vel
3700 3898 4006 3962 molesta:
4054 3915 4324 3979 respon-

2373 3982 2494 4048 deo
2549 3984 2751 4066 impie
2792 3983 3006 4049 facere
3051 3982 3352 4050 homines
3368 4034 3384 4060 ,
3440 3983 3498 4047 si
3542 3983 3711 4067 quod
3758 3983 3941 4048 Deus
3984 4001 4103 4048 suo
4148 3981 4323 4046 arbi·-

2371 4070 2502 4135 trio
2546 4069 2824 4135 asseruit
2840 4119 2856 4149 ,
2900 4066 2983 4132 ad
3017 4088 3089 4134 se
3131 4069 3411 4153 rapiant.
3501 4069 3733 4152 Neque
3775 4069 3951 4134 enim
3996 4067 4155 4133 olim
4199 4064 4323 4132 sub

2373 4156 2517 4239 lege
2559 4155 2658 4221 fas
2700 4155 2934 4220 fuisset
2976 4153 3227 4219 homini
3269 4154 3536 4220 mortali
3582 4162 3805 4219 votum
3845 4161 4135 4233 mutare,
4193 4152 4323 4218 nisi

2374 4242 2516 4308 eius
2569 4241 2911 4325 permissu.
3001 4240 3077 4307 Si
3137 4262 3367 4307 rursus
3422 4241 3782 4324 excipiant,
3838 4239 4065 4306 datum
4119 4240 4325 4305 fuisse

2374 4327 2692 4393 iudicium
2767 4325 3242 4404 sacerdotibus,
3321 4327 3480 4393 hinc
3545 4325 3644 4391 bis
3708 4325 4032 4391 refellitur
4095 4345 4323 4391 eorum

2376 4412 2685 4481 stultitia:
2732 4414 2886 4496 quia
2922 4433 3044 4478 nec
3079 4411 3426 4478 ostendent
3459 4431 3531 4478 se
3565 4419 3818 4477 creatos
3855 4432 4001 4477 esse
4042 4410 4321 4478 iudices:

2377 4510 2448 4565 et
2499 4498 2895 4565 temeritatis
2938 4498 3185 4582 crimen
3231 4519 3364 4563 non
3408 4498 3758 4582 effugient,
3814 4497 3969 4581 quia
4002 4497 4145 4562 sine
4188 4496 4325 4561 ullo

2376 4586 2688 4652 mandato
2744 4585 3185 4668 pronunciant
3241 4584 3322 4649 de
3372 4582 3855 4667 redemptione,
3911 4603 4114 4666 quum
4152 4581 4325 4647 nihil

2375 4673 2532 4738 olim
2576 4671 2970 4756 protulerint
3011 4668 3381 4736 sacerdotes
3422 4670 3549 4736 nisi
3591 4691 3671 4734 ex
3716 4689 3829 4734 ore
3863 4669 3994 4735 Dei
4036 4676 4106 4733 et
4146 4675 4331 4734 certa

2377 4778 2545 4843 quae
2588 4756 2697 4822 hic
2740 4756 3026 4823 traditur
3067 4757 3317 4841 regula.
3381 4756 3701 4839 Exceptio
3746 4754 3826 4820 de
3867 4753 4326 4839 primogenitis

2377 4857 2444 4911 et
2479 4844 2748 4909 decimis
2784 4843 2944 4908 satis
2979 4842 3264 4908 ostendit
3298 4842 3500 4907 fuisse
3533 4840 3763 4908 illicita
3806 4840 4125 4924 quaedam
4169 4847 4327 4905 vota

2378 4951 2544 5014 quae
2567 4930 2752 4996 Deus
2786 4928 3118 5012 repudiat:
3155 4926 3431 5011 ideoque
3465 4948 3600 4993 non
3636 4927 4031 5011 quibuslibet
4064 4925 4322 4990 indiffe-

2376 5025 2601 5083 renter
2652 5016 2866 5081 locum
2922 5014 3121 5080 fuisse
3179 5013 3436 5079 datum:
3493 5015 3801 5096 quoniam
3854 5032 4038 5077 mera
4091 5010 4328 5077 fuisset

2378 5104 2722 5168 frustratio
2766 5102 2911 5167 Deo
2965 5121 3209 5166 vovere
3267 5099 3439 5184 quod
3497 5101 3634 5164 iam
3694 5100 3797 5165 sui
3835 5099 4002 5164 iuris
4044 5095 4324 5163 fecerat:

2380 5186 2929 5273 quemadmodum
2971 5186 3129 5252 alibi
3173 5187 3540 5265 docuimus,
3585 5186 3699 5252 ubi
3741 5185 3955 5250 locum
3997 5182 4178 5248 hunc
4220 5185 4325 5247 in-

2380 5276 2578 5341 serui.
2688 5272 2880 5355 Quod
2961 5271 3042 5337 de
3109 5271 3529 5337 anathemate
3592 5270 3860 5348 dicitur,
3930 5267 4325 5353 generaliter

2380 5359 2669 5445 intelligi
2733 5381 2866 5425 non
2921 5359 3109 5425 debet
3127 5410 3142 5435 ,
3214 5360 3365 5443 quia
3416 5359 3518 5423 fas
3575 5379 3708 5423 non
3762 5354 3997 5421 fuisset
4053 5354 4324 5419 anathe-
