4867 6150
349 468 473 536 281

349 659 528 726 iusto
562 659 704 725 eius
738 656 980 725 iudicio
1015 658 1133 723 fiet
1165 664 1244 723 ut
1279 664 1596 741 appareat
1629 656 1966 722 temeritas
2001 653 2297 721 omnium

351 743 467 829 qui
509 764 769 811 sacrum
814 745 954 810 eins
997 763 1238 809 nomen
1282 743 1446 810 falso
1488 742 1893 827 arripuerint
1914 791 1932 825 ,
1967 748 2162 824 atque
2205 739 2300 806 ita

350 832 541 900 larva
583 830 716 896 illis
758 829 1167 896 detrahatur.

523 918 628 984 22.
677 916 805 983 Per
844 915 1203 999 superbiam
1244 915 1542 998 loquutus
1584 917 1691 982 est.
1781 912 1931 979 Non
1981 911 2300 977 stultitiae

343 1003 548 1071 modo
568 1016 635 1069 et
659 1002 974 1069 vanitatis
996 1002 1266 1068 damnat
1297 1002 1410 1085 qui
1444 1020 1564 1067 sua
1596 1007 1968 1066 commenta
1987 998 2303 1083 ingerunt

348 1113 472 1177 pro
514 1091 642 1156 Dei
684 1087 1017 1156 mandatis
1035 1140 1051 1168 ,
1111 1087 1223 1154 sed
1285 1087 1734 1172 arrogantiae,
1791 1095 1869 1151 ut
1922 1105 2083 1151 sane
2138 1083 2303 1150 haec

347 1177 558 1261 impia
600 1184 703 1243 est
740 1185 807 1241 et
849 1194 982 1240 non
1040 1173 1400 1240 tolerabilis
1455 1172 1730 1240 audacia
1785 1170 2138 1237 obtendere
2181 1189 2301 1253 pro

347 1262 617 1331 coelesti
675 1261 941 1328 oraculo
1003 1260 1175 1345 quod
1232 1260 1299 1325 in
1368 1259 1658 1345 hominis
1721 1257 1970 1324 terreni
2036 1256 2301 1322 cerebro

348 1357 582 1417 natum
627 1357 745 1414 est.
834 1347 1040 1430 Atqui
1083 1346 1208 1413 hoc
1251 1347 1518 1412 nomine
1563 1344 1963 1411 detestabilis
2004 1341 2303 1407 redditur

349 1456 578 1504 eorum
638 1434 943 1518 impietas
1000 1434 1117 1517 qui
1159 1431 1636 1499 revelationum
1701 1431 1914 1498 fumos
1969 1428 2301 1495 obiectant

348 1520 762 1590 deterrendis
825 1518 1248 1603 simplicibus.
1358 1516 1649 1585 Proinde
1714 1514 1974 1583 subiicit
2037 1525 2113 1580 ut
2176 1511 2300 1579 sibi

347 1630 485 1675 non
519 1614 824 1673 metuant
855 1605 937 1672 ab
975 1604 1294 1671 eiusmodi
1331 1605 1668 1689 propheta,
1706 1603 1879 1686 quia,
1914 1610 1990 1667 ut
2015 1598 2303 1666 Satanae

348 1694 675 1761 ministris
719 1691 889 1757 nihil
930 1701 1034 1758 est
1085 1692 1475 1772 fastuosius,
1528 1689 1928 1756 confidenter
1972 1706 2126 1752 suas
2168 1685 2300 1751 iac-

347 1781 597 1847 tantiae
661 1786 963 1863 crepant,
1035 1776 1267 1861 quibus
1335 1798 1466 1842 non
1531 1775 1782 1842 moveri
1850 1772 2122 1840 difficile
2186 1777 2303 1852 est,

347 1875 549 1951 atque
586 1864 749 1932 adeo
784 1864 1066 1941 concuti,
1114 1863 1244 1929 nisi
1279 1863 1388 1930 hic
1424 1861 1507 1929 ad
1545 1860 1987 1929 resistendum
2031 1859 2304 1943 clypeus

347 1958 799 2031 succurreret,
884 1951 1201 2017 terrificos
1279 1970 1504 2015 eorum
1585 1947 1839 2015 sonitus
1903 1967 2095 2030 posse
2158 1951 2304 2008 tuto

345 2037 755 2122 floccipendi.
857 2035 1046 2118 Quae
1104 2035 1400 2103 doctrina
1456 2034 1649 2101 valde
1706 2031 1900 2099 bodie
1952 2029 2144 2097 nobis
2201 2035 2305 2095 est

347 2125 557 2191 utilis.
648 2124 911 2191 Scimus
954 2143 1152 2207 quam
1196 2122 1559 2188 insolenter
1599 2120 1967 2206 glorientur
2007 2117 2304 2201 papistae

350 2210 435 2277 de
479 2210 803 2277 catholica
845 2207 1138 2289 ecclesia,
1180 2208 1262 2274 de
1297 2207 1452 2274 sede
1491 2206 1860 2291 apostolica,
1901 2211 2304 2288 quantopere

346 2296 671 2363 ferociant
733 2297 802 2361 in
866 2295 1053 2361 Petri
1120 2296 1418 2374 nomine,
1487 2314 1683 2378 quam
1748 2292 2121 2377 impetuose
2187 2307 2306 2372 per

348 2383 772 2449 anathemata
815 2389 882 2447 et
924 2382 1101 2447 diras
1143 2380 1534 2447 fulminent:
1578 2378 1695 2446 sed
1740 2376 1856 2443 ubi
1898 2381 2305 2460 compertum

347 2469 582 2550 fuerit,
660 2467 976 2552 quidquid
1053 2466 1415 2533 obtrudunt
1477 2485 1597 2551 pro
1663 2465 1936 2550 spiritus
2000 2459 2303 2537 oraculis,

345 2556 577 2621 inania
619 2575 761 2621 esse
806 2553 1150 2621 hominum
1195 2555 1531 2639 figmenta,
1575 2552 1764 2619 facile
1809 2552 1937 2616 erit
1980 2548 2307 2614 discutere

344 2641 503 2793 {llas
555 2639 943 2708 formidines
1001 2660 1168 2724 quae
1224 2662 1305 2706 ex
1369 2639 1598 2706 eodem
1642 2647 1920 2704 manant
1962 2632 2308 2718 superbiae

375 2736 550 2794 onte.

923 3067 1056 3135 EX
1101 3068 1407 3138 LEVI'P.
1452 3065 1721 3134 XVIII.

523 3234 2307 3322 21.Esemmtuonondabisquodtraiioiatm

349 3327 881 3482 met-Moloeh:
921 3347 1115 3411 neque
1145 3326 1530 3410 profanabis
1570 3345 1789 3391 nomen
1824 3323 1955 3390 Dei
1996 3323 2122 3389 tui.-
2165 3319 2305 3406 Eyo

969 3755 1102 3822 Ex
1146 3756 1453 3826 LEVI'P.
1499 3754 1698 3821 XIX.

518 3929 606 3996 36
627 3927 694 4017 ¹).
746 3926 895 3996 Non
935 3928 1434 4012 amabimini,
1474 3894 1669 4011 neque
1710 3926 2093 3995 divinationi
2126 3925 2306 3993 erius

347 4018 590 4084 intenti.
673 4014 777 4081 31.
826 4014 973 4081 Non
1014 4016 1369 4098 respicietis
1403 4021 1550 4098 post
1593 4013 1922 4099 Pythone-e,
1967 4017 2024 4078 et
2068 4012 2305 4079 ariolos

344 4104 769 4256 ”Dogtusivzqeaegter
686 4103 866 4255 iretis·
818 4102 831 4115 ‘
880 4152 897 4183 ,
948 4104 1020 4167 ut
1061 4102 1447 4185 polluamini
1488 4102 1561 4167 in
1610 4101 1800 4185 ipsiS.
1889 4097 2028 4185 qu
2073 4096 2306 4165 Iehova

1000 4532 1134 4599 Ex
1178 4532 1449 4600 DEUT.
1496 4529 1658 4598 XH.

522 4702 627 4770 29.
682 4703 890 4787 Quum
930 4705 1230 4770 excidmt
1274 4702 1505 4770 Iehova
1549 4701 1731 4769 Deus
1771 4706 1919 4768 taus
1959 4707 2175 4785 gentes
2220 4704 2306 4770 ad

345 4810 512 4874 quas
555 4795 626 4855 tu
680 4791 856 4857 venis
901 4791 1320 4874 possidendas
1362 4811 1406 4855 a
1445 4790 1610 4873 faeie
1651 4793 1795 4870 tua,
1853 4793 1910 4854 et
1951 4807 2060 4856 eas
2090 4808 2307 4872 posse-

345 4877 540 4955 deris,
586 4881 642 4941 et
679 4875 1061 4943 habitaveris
1104 4878 1174 4943 in
1216 4882 1389 4944 terra
1431 4877 1742 4960 ipsarum.
1831 4874 1936 4941 30.
1987 4873 2151 4940 Cave
2189 4874 2305 4941 tibi

345 4981 429 5028 ne
470 4967 528 5027 te
570 4960 876 5046 illaqueas
906 4967 1060 5046 post
1098 4963 1299 5046 ipsas,
1333 4968 1670 5046 postquam
1712 4961 1940 5028 deletae
1977 4962 2221 5043 tuerint
2264 4983 2306 5028 a

342 5048 514 5133 facie
569 5052 713 5115 tua.-
769 5054 826 5115 et
875 5070 952 5116 ne
1007 5050 1306 5132 inquiras
1362 5050 1449 5115 ad
1503 5050 1646 5116 deos
1700 5067 1952 5127 earum,
2014 5047 2305 5116 dicendo.-

352 5134 668 5218 Quomodo
710 5135 1059 5202 servierunt
1090 5141 1300 5221 yentes
1341 5138 1503 5203 istae
1557 5135 1689 5202 diis
1743 5136 1913 5216 suis,
1966 5136 2060 5202 sie
2115 5135 2304 5200 etiam

347 5242 455 5307 eyo
506 5221 765 5304 faciam.
869 5221 972 5288 31.
1036 5222 1184 5290 Non
1237 5223 1437 5306 facies
1495 5222 1589 5288 sie
1644 5220 1910 5288 Iehovae
1964 5220 2103 5289 Deo
2165 5225 2304 5287 tuo.-

525 5412 586 5484 1)
612 5414 734 5468 Imo
768 5411 852 5468 26.

1815 465 2194 533 PRIMUM
2238 464 2890 533 PRAECEPTUM.

4229 470 4364 539 282

2401 654 2560 736 quia
2600 654 2913 807 ᾳιῖἰὲἶςᾳίἅ
2967 656 3348 781 ᾳῦιιηιίηαίίο
3369 743 3381 756 .
3399 661 3489 722 est
3532 655 3828 758 Iepovae.
3888 662 3944 725 et
3996 659 4162 758 quod
4211 659 4360 741 odit,

2393 738 2860 892 famous‘msmm
2888 743 4362 916 322·d21.¹;·2.⁶·.².t“”52fi35?³05:.023a23::.m

2399 912 2564 993 quod
2606 931 2727 1013 eqo·
2744 915 3077 1013 praecipio
3116 913 3290 982 vobis
3304 966 3321 993 ,
3385 914 3787 981 observabitis
3828 917 3915 982 ad
3953 916 4356 999 faciendum.-

2398 999 2854 1151 Zonwaduczes
2915 1019 3109 1084 super
3171 1000 3336 1067 illud
3348 1052 3364 1082 ,
3441 1021 3639 1084 neque
3701 1002 3948 1069 minues
4010 1003 4357 1086 quidquam

2573 1255 2793 1322 Levit.
2843 1256 2945 1335 18,
2988 1257 3094 1323 21.
3141 1257 3214 1323 Ε
3239 1259 3471 1325 semine
3502 1263 3624 1325 tuo.
3705 1258 3943 1326 Tribus
3987 1260 4358 1343 praeceptis

2400 1340 2615 1407 levius
2697 1342 3086 1427 perstringit
3151 1344 3372 1410 Moses
3451 1344 3621 1427 quod
3686 1345 3760 1410 in
3835 1344 4351 1411 Deuteronomio

2402 1426 2613 1493 fusius
2669 1427 3046 1512 expositum
3099 1451 3314 1515 nuper
3371 1430 3679 1496 vidimus.
3769 1430 3919 1497 Illic
3976 1431 4156 1496 enim
4216 1439 4357 1496 tam

2400 1513 2641 1597 impias
2704 1513 3064 1581 oblationes
3130 1516 3471 1582 damnavit
3535 1536 3733 1600 quam
3798 1516 4185 1602 Pythonum
4251 1538 4354 1582 re-

2403 1619 2679 1684 sponsa,
2761 1609 2938 1668 artes
3017 1602 3308 1686 magicas
3391 1610 3458 1666 et
3533 1602 4039 1668 incantationes.
4162 1602 4357 1669 Nunc

2402 1686 2621 1768 priore
2666 1686 2804 1752 loco
2848 1687 3221 1754 adulterina
3263 1688 3586 1754 sacrificia
3620 1688 3920 1772 attingit:
3967 1687 4353 1771 praesertim

2401 1771 2738 1856 impurum
2798 1781 2865 1838 et
2924 1772 3374 1840 detestabilem
3433 1773 3684 1840 cultum
3739 1774 3810 1839 in
3864 1774 4086 1841 liberis
4128 1794 4353 1839 conse-

2404 1857 2666 1924 crandis
2743 1858 2916 1924 idolo
2993 1860 3292 1943 gentium
3312 1911 3326 1939 ,
3406 1881 3598 1944 quem
3674 1859 3938 1926 Moloch
4015 1859 4355 1939 vocabant,

2407 1943 2645 2009 deinde
2686 1944 3190 2029 prohibitionem
3237 1948 3502 2025 attexit,
3563 1967 3645 2011 ne
3700 1946 3949 2012 fictitiis
4006 1945 4356 2011 revelatio-

2406 2030 2603 2096 nibus
2623 2032 2984 2099 attendant.
3030 2031 3162 2099 Hic
3196 2042 3418 2098 autem
3449 2032 3522 2097 in
3568 2032 3822 2097 duobus
3865 2031 4023 2098 locis
4065 2030 4358 2098 Levitici

2407 2116 2594 2181 binas
2639 2125 2899 2182 tantum
2959 2139 2990 2183 s
3077 2118 3210 2184 cies
3267 2127 3599 2199 recenset,
3656 2137 3894 2202 nempe
3954 2118 4245 2202 auguriis
4289 2122 4358 2182 et

2408 2201 2927 2270 divinationibus
3016 2213 3126 2269 are
3170 2225 3468 2287 operam:
3516 2203 3753 2269 deinde
3788 2224 4103 2287 responsa
4135 2212 4356 2287 petere

2408 2308 2449 2352 a
2486 2289 2726 2372 spiritu
2768 2289 3147 2374 pythonico,
3193 2300 3262 2354 et
3303 2311 3531 2376 magos
3570 2288 3676 2356 vel
3721 2288 3955 2355 ariolos
3997 2289 4357 2355 consulere.

2409 2374 2928 2458 comprehendit
2989 2385 3212 2441 tamen
3269 2375 3433 2442 alias
3493 2395 3724 2441 omnes
3784 2375 3866 2440 de
3920 2375 4158 2459 quibus
4202 2383 4356 2440 ante

2411 2460 2718 2549 diximus,
2830 2462 2929 2527 Ac
2995 2483 3080 2527 ne
3145 2462 3291 2527 leve
3355 2462 3666 2528 delictum
3732 2481 3878 2528 esse
3955 2461 4361 2540 existiment,

2417 2547 2624 2631 pollui
2668 2547 2954 2612 affirmat
2988 2548 3360 2631 quicunque
3396 2547 3551 2613 huic
3584 2547 3949 2614 curiositati
3983 2568 4055 2614 se
4088 2545 4361 2612 dedunt.

2410 2634 2759 2700 Caeterum
2810 2633 3041 2699 ultima
3081 2634 3508 2715 confirmatio,
3551 2654 3718 2718 quae
3763 2655 3940 2700 nunc
3973 2633 4041 2698 in
4086 2642 4361 2716 utroque

2410 2719 2707 2785 membro
2742 2718 3024 2798 additur,
3063 2720 3145 2785 ad
3169 2740 3495 2786 summam
3519 2721 3713 2803 primi
3738 2718 4065 2803 praecepti
4089 2728 4360 2802 spectat.

2413 2804 2506 2873 Se
2565 2807 2741 2870 enim
2798 2804 3117 2871 Iebovam
3184 2814 3251 2870 et
3308 2806 3525 2872 Deum
3578 2805 3848 2872 Israelis
3912 2805 4361 2888 pronuncians

2410 2891 2631 2969 Deus,
2690 2898 2825 2956 tam
2870 2892 3123 2957 cultum
3166 2892 3291 2958 sibi
3335 2892 3454 2956 uni
3514 2890 3802 2958 debitum
3859 2890 4101 2975 exigit,
4162 2909 4359 2973 quam

2411 2978 2908 3060 superstitiones
2985 2998 3214 3044 omnes
3292 2975 3559 3043 damnat
3637 2977 3873 3061 quibus
3951 2975 4365 3041 adulteratur

2411 3085 2579 3148 pura
2635 3063 2885 3149 religio.
2989 3064 3088 3130 Ac
3143 3061 3369 3131 subest
3424 3063 3807 3140 antithesis,
3864 3082 3994 3146 qua
4043 3059 4232 3128 Deus
4290 3082 4362 3128 66

2411 3150 2662 3216 fictitiis
2696 3149 3000 3216 omnibus
3034 3150 3225 3215 idolis
3260 3150 3558 3234 opponit:
3594 3149 3868 3234 ideoque
3902 3149 4121 3215 licebit
4155 3146 4361 3215 verba

2411 3238 2505 3303 sic
2552 3237 2914 3302 resolvere:
2958 3234 3290 3317 Quoniam
3333 3255 3454 3321 ego
3498 3234 3685 3302 Deus
3728 3256 3873 3301 sum
3921 3245 4246 3313 aeternus,
4292 3241 4363 3299 et

2413 3321 2496 3387 ab
2537 3324 2842 3387 omnibus
2885 3321 3035 3388 aliis
3076 3330 3422 3406 separatus
3479 3342 3643 3404 quos
3697 3322 3825 3388 sibi
3880 3330 4113 3404 gentes
4158 3319 4362 3386 stulte

2405 3409 2750 3484 fabricant,
2797 3414 2865 3474 et
2908 3428 3028 3474 vos
3072 3408 3239 3476 mihi
3272 3407 3440 3493 elegi
3476 3407 3549 3473 in
3581 3407 3899 3492 populum
3942 3407 4360 3492 peculiarem,

2408 3516 2608 3579 puros
2666 3506 2733 3559 et
2790 3503 3130 3577 separatos
3183 3514 3328 3560 esse
3380 3493 3531 3560 volo
3589 3491 3696 3581 (ut
3752 3513 4037 3579 aequum
4092 3491 4220 3580 est)
4276 3490 4361 3558 ab

2406 3580 2714 3647 omnibus
2752 3579 3287 3663 inquinamentis.

2582 3667 2779 3733 Deut.
2840 3666 2942 3746 12,
3020 3666 3126 3732 29.
3192 3667 3398 3749 Quum
3460 3665 3764 3732 excident
3822 3662 4073 3730 Iehova.
4173 3662 4363 3730 Haec

2408 3753 2740 3819 sententia
2797 3752 3119 3836 superiori
3179 3752 3398 3818 affinis
3457 3759 3560 3817 est
3612 3771 3810 3836 quam
3869 3749 4217 3816 retulimus
4274 3771 4359 3815 ex

2410 3838 2494 3905 18
2553 3840 2763 3922 capite
2822 3838 3342 3904 Deuteronomii.
3444 3837 3622 3920 Quia
3678 3836 3857 3903 enim
3916 3834 4002 3902 ad
4060 3836 4359 3922 gentium

2408 3926 2843 3991 imitationem
2909 3923 3220 4010 proclivis
3285 3926 3517 3991 fuisset
3594 3923 3849 4007 lapsus,
3927 3930 4000 3988 ut
4080 3921 4363 4005 populus

2407 4011 2608 4077 falsos
2653 4009 2808 4077 deos
2851 4012 3126 4087 coleret,
3187 4012 3257 4076 in
3314 4030 3595 4096 quorum
3652 4009 3858 4075 tutela
3915 4017 3982 4073 et
4037 4007 4364 4091 praesidio

2407 4118 2552 4164 esse
2618 4097 2955 4181 regionem
3021 4097 3275 4163 incolae
3354 4098 3789 4175 iactaverant,
3868 4094 4084 4160 omnis
4161 4094 4361 4158 etiam

2408 4183 2746 4267 inquisitio
2791 4204 3020 4250 severe
3062 4182 3501 4249 interdicitur.
3589 4182 3739 4248 Hoc
3783 4181 3957 4245 enim
4014 4187 4116 4246 est
4156 4177 4361 4244 idolo-

2408 4268 2645 4335 latriae
2699 4269 3099 4352 principium
3161 4269 3269 4334 ubi
3330 4268 3594 4354 cognita
3647 4276 3746 4332 est
3802 4268 4092 4351 genuina
4146 4265 4366 4331 cultus

2411 4357 2538 4422 Dei
2582 4354 2999 4439 simplicitas:
3047 4375 3183 4420 non
3228 4355 3362 4421 illic
3405 4355 3836 4437 acquiescere,
3881 4352 3996 4418 sed
4039 4351 4364 4419 curiosius

2409 4443 2744 4526 inquirere
2801 4443 2976 4518 sitne
3037 4440 3286 4525 aliquid
3343 4442 3414 4506 in
3458 4440 3801 4505 hominum
3857 4439 4192 4523 figmentis
4233 4435 4386 4503 fide·

2411 4528 2709 4613 dignum.
2811 4527 3144 4595 Novitatis
3209 4529 3385 4593 enim
3445 4525 3753 4593 illecebra
3807 4546 3963 4590 mox
4013 4524 4370 4609 capiuntur

2409 4624 2700 4680 mentes:
2745 4621 2823 4679 ut
2857 4613 3029 4699 quod
3065 4613 3271 4681 verbo
3293 4611 3424 4678 Dei
3461 4611 3774 4677 traditum
3811 4618 3971 4691 erat,
4011 4608 4363 4693 multiplici

2408 4702 2733 4766 fermento
2809 4700 3173 4783 inquinent.
3284 4698 3424 4765 Nec
3507 4706 3767 4763 tantum
3832 4698 3915 4762 ab
3992 4695 4363 4780 inquirendi

2409 4785 2628 4853 studio
2673 4807 2784 4852 eos
2829 4786 3111 4852 retrahit
3146 4795 3212 4850 et
3247 4783 3577 4869 probibet:
3626 4783 3739 4849 sed
3785 4782 4027 4848 diserte
4060 4781 4257 4848 edicit
4292 4788 4369 4845 ut

2407 4873 2531 4940 sibi
2577 4880 2871 4951 caveant,
2921 4871 3023 4938 vel
3069 4893 3141 4937 66
3176 4870 3580 4938 custodiant:
3623 4890 3863 4953 nempe
3906 4870 4079 4952 quia,
4122 4877 4201 4934 ut
4232 4867 4361 4932 las·

2407 4960 2557 5025 civa
2608 4967 2765 5024 sunt
2824 4959 3168 5024 hominum
3227 4958 3529 5042 ingenia,
3594 4976 3855 5040 semper
3917 4955 4049 5020 illis
4108 4952 4364 5037 obrepit

2407 5045 2781 5123 curiositas,
2841 5045 3029 5110 cuius
3089 5043 3433 5110 dulcedine
3488 5053 3866 5127 pascuntur.
3954 5042 4136 5125 Ergo
4179 5040 4365 5104 Deus

2407 5132 2698 5198 claustra
2743 5130 2982 5214 populo
3025 5152 3143 5197 suo
3186 5128 3568 5210 circumdat,
3613 5128 3851 5213 quibus
3895 5133 4238 5211 separetur
4279 5124 4367 5189 ab

2408 5217 2589 5282 omni
2636 5217 2830 5281 noxio
2881 5216 3122 5283 studio.
3213 5216 3394 5299 Quin
3430 5218 3630 5282 etiam
3675 5217 3770 5281 ita
3813 5214 3960 5281 vult
4003 5211 4366 5278 abhorrere

2566 5407 2627 5478 1)
2659 5405 2831 5461 nebr.
2869 5404 2954 5471 13,
2988 5404 3038 5460 1.
