4867 6150
329 450 459 516 465

331 662 462 707 non
508 639 684 704 inter
728 640 1066 706 ecclesiam
1114 650 1180 707 et
1236 642 1548 726 profanas
1606 652 1866 728 gentes,
1934 642 2048 709 sed
2106 644 2284 710 inter

333 726 671 792 ministros
717 727 1093 806 sanctuarii,
1139 735 1206 792 et
1248 729 1574 812 reliquum
1622 730 1877 815 vulgus.

505 812 564 878 3.
627 811 715 876 Et
768 813 1104 878 custodient
1154 815 1502 880 mistodiam
1557 821 1749 881 tuam.
1840 816 2083 882 lterum
2127 814 2282 880 hor-

333 907 515 964 tatur
579 897 975 976 sacerdotes,
1041 908 1115 964 ut
1157 902 1411 965 strenui
1472 902 1609 969 sint
1665 902 1746 966 ad
1804 923 2047 968 munus
2093 923 2280 967 exse·

331 984 686 1069 quendum,
728 983 948 1049 addita
991 1004 1240 1067 poenae
1286 986 1793 1053 denunciatione
1825 987 1949 1053 nisi
1986 987 2278 1053 studium

332 1078 401 1137 et
444 1070 852 1155 diligentiam
889 1070 1331 1138 adhibuerint.
1413 1074 1551 1138 Nec
1595 1082 1848 1138 tantum
1896 1075 2056 1157 ipsis
2102 1094 2280 1140 nunc

332 1159 656 1236 minatur,
715 1156 828 1221 sed
886 1159 1007 1221 toti
1068 1159 1338 1241 populo:
1406 1158 1578 1243 quod
1624 1168 1845 1225 tamen
1891 1181 2045 1226 oum
2089 1181 2278 1242 supe·

331 1246 508 1310 riore
552 1245 883 1310 sententia
928 1265 1059 1307 non
1105 1254 1383 1328 pugnat,
1438 1247 1594 1328 quia
1652 1245 1924 1310 minime
1969 1247 2154 1328 ipsos
2187 1245 2278 1310 le-

332 1331 560 1430 vabat·
590 1330 956 1396 communis
1015 1331 1311 1395 omnium
1373 1331 1584 1414 culpa.
1672 1330 1817 1395 Imo
1862 1332 1915 1397 si
1962 1329 2043 1397 de
2093 1330 2280 1414 plebe

329 1416 606 1483 innoxia
645 1436 917 1497 poenam
948 1415 1128 1481 Deus
1173 1417 1476 1483 sumebat
1518 1417 1601 1482 ob
1646 1417 2095 1483 sanctuarium
2141 1417 2281 1500 pol-

331 1504 586 1582 lutum,
644 1510 887 1585 quanto
940 1503 1208 1585 gravior
1250 1523 1459 1585 poena
1517 1501 1823 1567 manebat
1877 1503 2053 1586 ipsos
2112 1503 2277 1568 anti·

331 1589 551 1669 stites‚
609 1609 883 1669 quorum
936 1587 1127 1671 culpa
1181 1589 1433 1653 malum
1489 1587 1847 1654 admissum
1905 1588 2150 1669 fuerat,
2211 1597 2284 1653 ut

330 1678 476 1741 iure
543 1672 858 1739 deberent
921 1674 1167 1738 censeri
1247 1674 1540 1740 criminis
1622 1673 1927 1740 autores?
2019 1675 2281 1740 Interea

295 1772 298 1775 '
333 1760 663 1827 discamus
697 1781 778 1825 ex
819 1760 940 1825 hoc
975 1760 1114 1825 loco
1150 1781 1344 1842 quam
1380 1761 1633 1826 sincere
1669 1781 1789 1825 nos
1824 1782 2053 1845 gerere
2088 1781 2280 1844 opor-

333 1854 469 1914 teat
527 1848 597 1911 in
643 1845 771 1910 Dei
825 1845 1034 1924 cultu,
1097 1847 1283 1912 cuius
1329 1845 1698 1930 profanatio
1743 1846 1805 1910 ei
1849 1847 2279 1914 intolerabilis

331 1944 451 2000 est.
542 1933 752 1997 Porro
811 1953 938 2014 quo
983 1896 1263 1997 alacrius
1321 1941 1387 1997 et
1431 1932 1662 1997 maiori
1706 1931 2052 1998 sedulitate
2096 1954 2167 1998 se
2209 1933 2280 1997 in

332 2019 545 2086 officio
585 2025 938 2084 exerceant
972 2016 1356 2096 sacerdotes,
1402 2039 1532 2083 non
1571 2038 1758 2102 posse
1794 2039 1911 2102 per
1945 2019 2279 2119 ignaviam

331 2126 587 2172 cessare
645 2102 931 2170 ostendit
991 2104 1231 2188 absque
1274 2105 1451 2187 turpi
1494 2104 2003 2188 ingratitudine.
2049 2105 2281 2188 quoni·

330 2213 441 2256 am
476 2192 544 2256 in
587 2198 729 2256 tota
771 2189 946 2256 tribu
971 2190 1138 2255 Levi
1184 2189 1659 2274 quodammodo
1705 2200 2000 2275 regnent,
2046 2192 2279 2256 saltem

329 2277 685 2362 primatum
745 2284 1011 2341 teneant
1051 2276 1227 2342 inter
1268 2275 1508 2342 fratres
1551 2297 1721 2342 suos.
1811 2277 2040 2342 Tacita
2082 2277 2279 2342 etiam

331 2364 774 2449 negligentiae
819 2363 1238 2446 exprobratio
1283 2363 1525 2440 subest,
1569 2363 1699 2428 nisi
1743 2363 1947 2445 probe
1993 2362 2281 2428 defuncti

328 2450 608 2528 fuerint,
662 2448 775 2515 ubi
829 2457 1294 2513 commemorat
1351 2449 1536 2514 Deus
1593 2468 1663 2513 se
1718 2447 2076 2514 liberaliter
2133 2448 2280 2514 illos

329 2557 599 2602 ornasse
655 2534 1036 2602 sacerdotio.
1135 2536 1433 2611 Donum,
1493 2535 1737 2618 inquit,
1797 2534 1986 2617 posui
2039 2556 2279 2601 munus

326 2631 647 2700 vestrum,
694 2621 819 2687 hoc
854 2629 974 2701 est,
1009 2620 1302 2705 gratuito
1339 2621 1409 2685 in
1450 2641 1562 2686 vos
1605 2619 1857 2686 contuli
1907 2621 2073 2703 quod
2120 2620 2277 2686 alio·

329 2709 443 2793 qui
513 2709 695 2773 nullo
766 2708 910 2772 iuro
968 2715 1263 2773 vestrum
1323 2720 1481 2773 erat.
1588 2706 1726 2771 Alii
1785 2727 1973 2773 secus
2030 2708 2277 2792 legunt,

326 2813 595 2878 nempe.
642 2793 1204 2859 Ministrationem
1253 2792 1407 2858 doni
1452 2793 1637 2876 posui
1683 2792 2119 2858 sacerdotium
2167 2815 2278 2857 ve-

327 2889 574 2946 strum:
605 2878 719 2946 sed
757 2881 913 2963 quia
950 2879 1176 2945 eodem
1216 2879 1446 2946 recidit
1480 2899 1729 2959 sensus,
1766 2900 1885 2945 nec
1921 2879 2276 2964 quidquam

327 2966 409 3031 ad
455 2987 594 3031 rem
640 2966 935 3045 interest,
982 2966 1188 3032 libera
1231 2966 1318 3031 sit
1359 2965 1554 3048 optio.

497 3052 599 3118 22.
671 3051 887 3136 Neque
950 3052 1233 3122 accedent
1285 3051 1560 3135 posthac.
1662 3051 1925 3119 Rursus
1990 3050 2275 3118 inculcat

324 3137 497 3224 quod
556 3150 709 3205 ante
769 3138 970 3219 dixit,
1028 3139 1313 3206 delectos
1369 3140 1568 3204 filisse
1611 3140 1887 3206 Levitae
1947 3137 2029 3204 ad
2090 3159 2274 3205 sacra

321 3225 642 3291 curanda·
699 3225 1008 3326 quoniam
1052 3223 1237 3290 Deus
1284 3226 1651 3308 promiscue
1696 3224 2019 3309 quoslibet
2062 3225 2276 3291 noluit

322 3311 706 3377 admittere.
767 3312 959 3376 sicuti
1012 3319 1166 3377 ante
1223 3310 1435 3395 legem
1495 3310 1702 3377 latam
1748 3312 1858 3377 alii
1904 3334 1986 3377 ex
2031 3311 2273 3396 populo

320 3398 645 3464 sacrificia
698 3396 1077 3463 offerebant.
1167 3396 1303 3464 Sed
1359 3399 1612 3463 interea
1666 3397 1962 3482 graviter
2020 3397 2273 3462 denun-

317 3485 482 3561 ciat,
543 3492 616 3548 ut
673 3484 810 3550 sint
865 3484 1099 3549 attenti
1145 3482 1230 3548 ad
1274 3483 1644 3550 obeundum
1690 3504 1963 3549 munus:
2020 3483 2173 3566 quia
2216 3484 2273 3547 si

315 3536 482 3654 quid
535 3568 963 3670 deliquerint,
1020 3568 1264 3636 let-hale
1322 3571 1615 3635 futurum
1675 3571 1762 3634 sit
1803 3571 2071 3635 crimen.
2161 3567 2274 3634 Sic

315 3658 496 3722 enim
570 3657 885 3740 accipitur
942 3654 1112 3738 quod
1172 3653 1360 3721 dicit:
1421 3655 1800 3721 Portabunt
1852 3655 2270 3739 iniquitatem

313 3763 508 3809 suam
552 3742 635 3807 ad
680 3741 1132 3808 moriendum.
1193 3741 1387 3808 sicuti
1432 3749 1500 3807 et
1541 3742 1842 3824 proximo
1890 3763 2083 3807 versu
2128 3762 2273 3807 reos

314 3829 457 3895 fore
482 3828 642 3895 dicit
662 3829 962 3894 omnium
988 3828 1447 3912 pollutionum,
1484 3829 1641 3911 quia
1663 3828 1719 3893 si
1758 3848 1872 3911 per
1904 3827 2271 3910 incogitan-

315 3915 480 3981 tiam
546 3913 819 3982 vitiatus
881 3915 1079 3980 fuerit
1144 3914 1274 3980 Dei
1331 3913 1581 3996 cultus,
1647 3914 1780 3978 illis
1840 3911 2273 3996 imputabitur

314 4003 589 4068 crimen.

945 4341 1081 4407 Ex
1123 4340 1477 4408 NUMER.
1522 4339 1644 4406 IV.

491 4514 552 4579 4.
599 4513 790 4581 Istud
824 4515 944 4580 erit
986 4535 1145 4598 opus
1183 4513 1467 4596 filiorum
1493 4510 1726 4580 Gebath
1768 4512 1837 4576 in
1883 4512 2274 4579 tabernaculo

314 4600 738 4667 conventionis
790 4601 994 4666 sancti
1036 4606 1411 4667 sanctorum
1477 4599 1538 4665 5.
1600 4597 1818 4662 Veniet
1851 4604 2058 4664 autem
2097 4599 2274 4665 Aba·

317 4707 435 4754 ron
480 4692 534 4751 et
573 4685 701 4767 filii
743 4687 879 4751 eius
922 4688 1174 4768 quando
1216 4684 1660 4768 transferenda
1705 4691 1888 4749 erunt
1928 4690 2170 4761 castra,
2216 4691 2275 4751 et

317 4774 618 4855 deponent
672 4773 874 4837 velum
931 4772 1205 4852 tentorii,
1264 4776 1319 4836 et
1373 4772 1642 4852 operient
1699 4769 1809 4837 illo
1852 4791 2068 4837 arcam
2110 4772 2268 4836 testi-

318 4858 535 4924 monii.
603 4858 663 4923 6.
706 4858 1061 4941 Ponentque
1116 4879 1308 4942 super
1363 4857 1545 4923 illam
1601 4858 2050 4937 operimentum
2083 4857 2275 4937 pellis

318 4949 570 5022 tazeae,
623 4949 682 5009 et
718 4946 1067 5026 eoepandent
1090 4963 1383 5027 pannum
1424 4950 1615 5011 totum
1661 4942 2132 5023 hyacinthinum
2173 4943 2272 5009 de·

320 5051 544 5114 super,
600 5035 654 5095 et
695 5031 1011 5111 imponent
1052 5036 1240 5097 vectes
1281 5030 1435 5095 eius.
1527 5030 1585 5093 7.
1634 5028 1723 5092 Et
1763 5049 1955 5112 super
1995 5049 2273 5095 mensam

310 5137 568 5199 panum
640 5116 955 5198 facierum
1019 5116 1368 5199 expandent
1418 5134 1714 5199 pannum
1781 5114 2270 5199 hyacinthinum,

310 5208 664 5285 ponentque
704 5222 897 5284 super
936 5222 1079 5267 eum
1118 5201 1407 5266 scutellas
1424 5254 1439 5280 ,
1485 5207 1539 5266 et
1578 5200 1942 5276 cochlearia,
1986 5206 2041 5266 et
2080 5206 2273 5267 crate-

324 5309 464 5369 ras,
523 5293 580 5353 et
621 5287 910 5371 opercula
951 5287 1348 5369 operimenti.-
1389 5293 1445 5352 et
1481 5289 1680 5369 panis
1721 5286 1827 5352 ille
1871 5287 2042 5370 ἀκρίς
2084 5306 2275 5367 super

325 5394 466 5441 eam
507 5376 646 5439 erit.
715 5374 775 5440 8.
821 5373 911 5438 Εέ
948 5374 1296 5458 expandent
1335 5392 1528 5459 super
1569 5372 1688 5438 illa
1714 5393 2005 5456 pannum
2045 5374 2269 5439 vermi-

537 5475 760 5532 Galm'm'
787 5490 974 5545 opera.
1051 5475 1170 5532 Vol.
1206 5474 1368 5530 XXI
1377 5475 1434 5531 V.

1737 453 2249 523 SECUNDUM
2292 455 2943 523 PRAEOEPTUM.

4207 459 4343 526 466

2387 643 2516 711 culi
2558 645 2844 723 coccinei,
2892 645 3276 728 operientque
3331 646 3448 712 illa
3492 647 3800 727 opertorio
3842 645 4037 728 pellis
4093 651 4339 728 cauae,

2373 734 2599 811 postea
2674 732 2987 812 imponent
3050 736 3242 797 vectes
3317 734 3470 798 eius.
3575 733 3635 799 9.
3707 732 3940 798 Tollent
4001 737 4337 813 praeterea

2373 836 2666 897 pannum
2707 816 3194 899 hyacinthinum,
3251 822 3310 883 et
3351 820 3620 899 operient
3659 817 4100 885 candelabrum
4144 818 4337 884 lumi·

2382 902 2583 981 naris,
2629 907 2689 968 et
2730 901 3016 967 lucernas
3057 904 3211 978 eius,
3257 909 3313 968 et
3351 905 3621 987 forcipes
3660 905 3814 984 eius,
3860 910 3917 970 et
3948 906 4338 985 receptacula

2385 988 2541 1068 eius,
2585 993 2642 1053 et
2682 989 2897 1053 omnia
2938 1008 3100 1053 vasa
3147 989 3263 1054 olei
3305 991 3443 1055 eius
3499 989 3723 1071 quibus
3766 990 4211 1055 ministrabunt
4251 993 4333 1056 ei.

2387 1072 2489 1138 10.
2542 1073 2894 1156 Ponentque
2933 1073 3097 1139 illud
3138 1095 3282 1141 cum
3322 1075 3608 1141 omnibus
3649 1076 3824 1141 vasis
3866 1077 4004 1142 eius
4046 1077 4116 1140 in
4161 1097 4336 1159 oper-

2382 1162 2541 1224 torio
2604 1159 2801 1239 pellis
2877 1164 3126 1237 taoeeae,
3205 1166 3260 1225 et
3324 1167 3563 1243 ponent
3637 1181 3827 1241 super
3902 1166 4100 1227 vectes
4173 1163 4329 1228 eius.

2387 1246 2488 1310 11.
2541 1244 2747 1326 Super
2802 1245 3004 1310 altare
3059 1251 3265 1312 autem
3322 1268 3584 1313 aureum
3634 1248 3991 1328 expandent
4041 1267 4337 1331 pannum

2381 1331 2870 1414 hyacinthinum,
2906 1336 2961 1394 et
2981 1332 3255 1431 operient
3274 1332 3456 1397 illum
3478 1335 3850 1416 operimento
3865 1332 4063 1414 pellis
4097 1338 4336 1412 taoeeae,

2372 1424 2723 1499 ponentque
2761 1421 2954 1482 vectes
2996 1417 3149 1483 eius.
3241 1417 3341 1483 12.
3394 1419 3629 1485 Tollent
3657 1439 3894 1501 quoque
3935 1421 4147 1485 omnia
4178 1440 4344 1486 vasa

2381 1502 2725 1568 ministerii
2757 1502 2983 1584 quibus
3013 1505 3462 1571 ministrabunt
3492 1507 3565 1570 in
3597 1505 3988 1583 sanctuaria,
4026 1510 4082 1571 et
4106 1510 4340 1588 ponent

2382 1589 2455 1653 in
2515 1608 2738 1669 panno
2808 1588 3236 1671 hyacinthino,
3302 1590 3693 1673 operientque
3770 1591 3889 1656 illa
3965 1556 4337 1674 bperimento

2371 1674 2569 1758 pellis
2618 1679 2869 1755 taxeae,
2925 1680 2981 1739 et
3020 1682 3255 1757 ponent
3310 1697 3504 1759 super
3557 1681 3764 1742 vectes.
3866 1675 3966 1742 13.
4028 1678 4338 1759 Auferent

2383 1765 2442 1825 et
2479 1762 2745 1826 cinerem
2785 1761 2865 1827 ab
2901 1762 3114 1841 altari,
3158 1767 3217 1827 et
3249 1764 3601 1844 eoepandent
3631 1783 3822 1845 super
3855 1763 4018 1828 illud
4039 1784 4336 1845 pannum

2371 1866 2791 1929 pmpureum.
2885 1847 2986 1912 14.
3038 1848 3389 1931 Ponentquc
3444 1869 3632 1931 super
3691 1848 3851 1914 illud
3908 1851 4123 1916 omnia
4181 1870 4332 1915 vasa

2382 1932 2523 1997 eius
2600 1932 2826 2014 quibus
2886 1934 3253 1999 ministrant
3267 1985 3282 2014 ,
3359 1936 3742 2015 receptacula
3756 1986 3771 2011 ‚
3847 1934 4205 2017 fuscinulas
4280 1940 4337 2001 et

2382 2037 2620 2100 scopas,
2677 2024 2732 2083 et
2768 2024 3063 2097 crateras,
3119 2025 3333 2086 cuncta
3374 2041 3535 2085 vasa
3575 2020 3839 2086 altaris:
3881 2026 3939 2086 et
3987 2022 4338 2102 expandent

2381 2123 2576 2184 super
2634 2103 2798 2171 illud
2864 2106 3311 2186 operimentum
3359 2106 3547 2189 pellis
3603 2111 3851 2185 taxeae,
3919 2112 3975 2171 et
4029 2109 4339 2188 imponent

2381 2195 2575 2256 vectes
2627 2191 2782 2255 eius.
2888 2191 2987 2257 15.
3043 2192 3247 2273 Quum
3298 2197 3506 2258 autem
3564 2193 3752 2273 linem
3802 2192 4016 2274 fecerit
4069 2192 4339 2259 Aharon
4468 2252 4475 2261 .

2382 2281 2440 2342 et
2498 2274 2628 2357 filii
2681 2276 2819 2342 eius
2870 2279 3190 2358 operiendi
3248 2280 3715 2359 sanctuarium,
3782 2283 3838 2343 et
3902 2280 4115 2344 omnia
4178 2300 4338 2345 vasa

2382 2363 2772 2442 sanctuarii,
2831 2364 3079 2445 quando
3135 2364 3578 2447 transferenda
3644 2369 3826 2429 erunt
3894 2370 4137 2441 castra,
4200 2370 4335 2430 tum

2373 2453 2597 2531 postea
2656 2449 2900 2515 venient
2951 2449 3079 2531 filii
3127 2449 3357 2515 Gekath
3398 2455 3470 2516 ut
3514 2455 3794 2532 portent.-
3856 2471 3933 2514 ne
3975 2417 4339 2534 continqant

2381 2536 2822 2600 sanctuarium
2877 2541 2935 2601 et
2986 2537 3365 2602 moriamur.-
3434 2538 3563 2602 ista
3615 2540 3763 2603 sunt
3815 2557 4006 2601 onera
4056 2536 4338 2618 filiorum

2389 2618 2620 2685 Gehath
2678 2621 2747 2684 in
2800 2621 3198 2688 tabernaculo
3253 2624 3682 2689 conventionis.
3776 2622 3877 2688 16.
3929 2622 4335 2704 Praefectura

2384 2710 2595 2771 autem
2648 2706 2929 2772 Eleazar
2982 2708 3111 2790 filii
3156 2708 3419 2774 Aharon
3460 2709 3801 2776 sacerdotis
3856 2713 3945 2774 est
3989 2710 4192 2775 oleum
4235 2707 4335 2773 lu-

2382 2793 2674 2871 minaris,
2720 2796 2777 2858 et
2817 2794 3243 2875 suffimentum
3285 2796 3727 2871 armatiorem,
3787 2799 3844 2860 et
3884 2794 4103 2861 minha
4145 2795 4336 2878 iuqis,

2381 2878 2702 2960 oleumque
2742 2880 3067 2959 unctionis,
3114 2886 3297 2962 atque
3342 2880 3759 2979 praefectura
3805 2883 3995 2945 totius
4047 2881 4335 2946 taberna-

2382 2964 2538 3042 culi,
2596 2967 2651 3028 et
2706 2965 2987 3031 omnium
3041 2987 3202 3049 quae
3253 2972 3403 3031 sunt
3456 2969 3527 3031 in
3580 2986 3674 3044 eo,
3732 2966 3801 3032 in
3858 2967 4221 3033 sanctuario
4278 2971 4338 3031 et

2380 3050 2560 3117 vasis
2599 3051 2769 3117 eius.-
2830 3051 2931 3118 17.
2978 3051 3305 3134 Loquutus
3344 3058 3435 3119 est
3476 3058 3683 3118 autem
3719 3051 3952 3119 Iehova
3992 3053 4079 3119 ad
4116 3052 4339 3118 Mosen

2381 3141 2442 3202 et
2484 3137 2774 3214 Aharon,
2819 3138 3104 3205 dicendo:
3167 3140 3266 3204 18.
3318 3139 3416 3204 Ne
3459 3139 3766 3206 excidatis
3813 3141 4049 3205 tribum
4088 3139 4338 3221 famili-

2380 3244 2570 3288 arum
2621 3222 2848 3290 Gehath
2891 3247 2924 3290 e
2963 3225 3165 3290 medio
3210 3225 3595 3290 Levitarum.
3692 3226 3785 3292 19.
3840 3222 3966 3290 Sed
4002 3225 4112 3290 hoc
4147 3226 4337 3309 facite

2379 3309 2530 3388 illis,
2575 3314 2710 3375 tum
2750 3312 2952 3376 vivent
2992 3316 3049 3376 et
3089 3332 3212 3377 non
3252 3313 3633 3377 morientur.-
3673 3312 3924 3394 quando
3968 3312 4338 3379 accesserint

2379 3397 2466 3461 ad
2508 3399 2894 3463 sanctitatem
2932 3398 3349 3477 sanctitatum,
3396 3395 3662 3463 Aharon
3703 3403 3761 3463 et
3809 3397 3934 3479 lilii
3990 3399 4129 3463 eius
4168 3398 4339 3462 veni-

2377 3487 2509 3560 ent,
2568 3489 2625 3547 et
2676 3485 3038 3550 constituent
3091 3485 3267 3563 illos,
3319 3503 3620 3567 quemque
3676 3504 3867 3566 super
3924 3503 4086 3565 opus
4126 3503 4335 3561 suum,

2376 3572 2434 3632 et
2476 3587 2667 3649 super
2707 3589 2865 3635 onus
2905 3590 3113 3636 suum.
3204 3569 3307 3634 20.
3350 3568 3452 3634 Ne
3493 3570 3931 3652 inqrediantur
3965 3574 4034 3633 ut
4076 3569 4334 3634 videant

2375 3655 2627 3735 quando
2669 3656 2941 3737 operient
2980 3656 3389 3735 sanctitatem,
3436 3660 3492 3720 et
3532 3658 3904 3720 moriantur.

2895 3997 3028 4063 Ex
3072 3996 3404 4062 EODEM
3450 3995 3809 4062 CAPITE.

2548 4169 2653 4235 24.
2701 4168 2888 4235 Istud
2929 4170 3048 4235 erit
3088 4188 3244 4250 opus
3272 4167 3679 4250 familiarum
3727 4166 4204 4232 Gersonitarum
4245 4169 4334 4233 ad

2374 4254 2885 4333 ministrandum,
2932 4260 2989 4319 et
3031 4255 3116 4320 ad
3152 4254 3547 4336 portandum.
3617 4253 3719 4320 25.
3772 4251 4121 4318 Portabunt
4152 4256 4332 4319 corti-

2375 4361 2497 4406 nas
2554 4340 2961 4420 tabernaculi,
3019 4345 3076 4405 et
3132 4340 3599 4406 tabernaculum
3642 4340 4075 4420 conventionis,
4125 4343 4331 4422 operi-

2373 4432 2650 4492 mentum
2683 4428 2839 4500 eius,
2876 4431 2933 4491 et
2964 4428 3409 4507 operimentum
3429 4425 3621 4508 pellis
3655 4431 3888 4499 taxeae,
3939 4427 4102 4507 quod
4134 4446 4333 4508 super

2375 4513 2543 4578 illud
2598 4517 2713 4590 est,
2776 4518 2834 4577 et
2889 4512 3186 4577 aulaeum
3243 4512 3392 4578 ostii
3452 4511 3838 4578 tabernaculi
3897 4514 4329 4579 conventionis.

2376 4599 2479 4664 26.
2534 4596 2828 4664 Gortinas
2873 4599 3015 4663 item
3061 4599 3246 4674 atrii,
3293 4602 3347 4661 et
3381 4598 3681 4663 aulaeum
3715 4598 3861 4664 ostii
3894 4604 4120 4679 portae
4155 4600 4330 4674 atrii,

2374 4686 2567 4768 quod,
2585 4690 2678 4751 est
2718 4685 2898 4749 iuxta
2940 4684 3423 4760 tabernaculum,
3475 4689 3531 4747 et
3570 4685 3756 4749 iuxta
3802 4683 4004 4750 altare
4051 4706 4171 4768 per
4212 4688 4333 4749 eir-

2373 4772 2631 4855 cuitum,
2677 4776 2734 4835 et
2772 4770 2962 4852 funes
3005 4790 3234 4847 eorum,
3282 4774 3338 4834 et
3373 4771 3589 4835 omnia
3632 4789 3788 4834 vasa
3831 4772 4042 4852 operis
4099 4792 4330 4851 eorum,

2372 4862 2427 4921 et
2463 4876 2859 4938 quaecunque
2889 4856 3063 4938 facta
3095 4860 3243 4920 sunt
3270 4875 3391 4938 pro
3425 4856 3595 4922 illis.-
3637 4861 3693 4920 et
3730 4857 3824 4920 ita
3858 4857 4321 4923 ministrabunt.

2370 4943 2476 5008 27.
2529 4942 2880 5008 Secundum
2921 4962 3259 5007 sermonem
3302 4942 3568 5007 Aharon
3612 4949 3670 5008 et
3707 4942 3989 5024 liliorum
4030 4944 4170 5008 eius
4212 4943 4332 5007 erit

2370 5030 2733 5094 universum
2775 5029 3199 5093 ministerium
3248 5027 3534 5108 filiorum
3584 5029 4083 5105 Gersonitarum,
4146 5028 4333 5095 iuxta

2372 5116 2588 5182 omnia
2647 5135 2839 5180 onera
2897 5132 3137 5191 eorum,
3197 5119 3251 5178 et
3298 5115 3481 5178 iuatta
3525 5135 3759 5180 omnem
3802 5114 4034 5179 cultum
4079 5135 4330 5179 eorum.-

2368 5207 2427 5267 et
2482 5201 2801 5283 deponetis
2855 5201 3029 5283 apud
3092 5219 3193 5264 eos
3264 5201 3331 5262 in
3383 5202 3728 5266 custodiam
3784 5200 4076 5266 universa
4135 5221 4327 5269 onera

2370 5288 2677 5369 ipsorum.
2803 5286 2905 5351 28.
2974 5284 3159 5350 Istud
3234 5286 3353 5350 erit
3425 5287 3851 5352 ministerium
3925 5284 4333 5366 fmiliarum

2368 5373 2650 5454 filiorum
2735 5371 3218 5437 Gersonitarum
3280 5372 3349 5435 iu
3427 5370 3818 5438 tabernaculo
3881 5373 4339 5443 conventionis.-
