4867 6150
613 432 746 498 655

612 640 740 706 quo
780 620 996 703 magis
1040 619 1402 701 periurium
1447 617 1796 684 exhorreat
1842 618 2097 697 mulier,
2166 621 2423 685 sistitur
2466 639 2572 685 co·

611 727 754 773 ram
800 707 964 772 facie
1009 705 1172 783 Dei,
1231 715 1300 770 et
1353 704 1612 788 quidem
1675 714 1899 788 aperto
1943 707 2156 788 capite
2201 727 2277 773 ac
2322 706 2380 771 si
2425 725 2572 770 eam

612 792 917 859 sacerdos
960 790 1339 857 extraheret
1395 811 1432 855 e
1487 790 1777 857 latebris.
1868 790 2037 856 Nam
2087 792 2258 875 quod
2303 791 2573 874 quidam

611 877 1010 965 ignominiae
1067 897 1265 944 causa
1322 877 1543 943 velum
1599 898 1683 942 ex
1741 877 1954 962 capite
2012 877 2304 943 ablatum
2370 878 2572 943 fuisse

609 973 870 1050 putant,
916 983 1045 1028 non
1092 963 1358 1029 videtur
1402 972 1950 1029 consentaneum:
2020 965 2171 1046 quia
2218 965 2341 1031 hoc
2376 962 2570 1051 modo

612 1053 924 1117 damnata
1000 1049 1231 1116 fuisset
1306 1057 1458 1114 ante
1522 1070 1786 1116 causam
1850 1050 2203 1132 cognitam.
2315 1054 2572 1134 Aperte

608 1139 816 1222 igitur
873 1137 1085 1219 capite
1127 1135 1505 1220 producitur
1573 1155 1791 1201 coram
1855 1137 2020 1201 facie
2066 1137 2225 1216 Dei,
2285 1145 2359 1201 ut
2402 1137 2572 1202 serio

605 1223 1087 1292 contremiscat.
1134 1221 1448 1306 Sequitur
1494 1230 1721 1305 postea
1764 1221 2194 1288 absolutionis
2236 1224 2346 1289 vel
2392 1222 2572 1288 dam-

607 1310 894 1376 nationis
958 1307 1210 1374 modus.
1300 1307 1574 1374 Iubetur
1629 1307 1929 1374 sacerdos
1980 1328 2215 1392 aquam
2274 1318 2569 1376 sanctam

609 1398 907 1477 accipere
948 1395 1020 1460 in
1065 1416 1221 1460 vase
1276 1394 1496 1474 fictili,
1560 1395 1827 1460 iniicere
1871 1394 2213 1477 pulverem
2262 1417 2346 1461 ex
2389 1396 2569 1477 pavi·

608 1492 853 1560 mento,
910 1480 1148 1546 deinde
1201 1480 1498 1546 libellum
1560 1480 1666 1546 vel
1723 1481 2094 1546 chartulam
2153 1481 2268 1547 ubi
2324 1483 2568 1565 scripta

605 1568 856 1635 fuerint
897 1567 1365 1633 exsecrationis
1411 1565 1641 1645 verba,
1702 1576 1775 1631 ut
1818 1567 2056 1632 liturae
2098 1569 2171 1632 in
2214 1589 2384 1651 aqua
2425 1590 2566 1633 ma·

610 1663 829 1732 noant,
867 1665 935 1718 ot
976 1652 1238 1719 tandem
1278 1653 1537 1717 mulieri
1571 1653 1906 1737 porrigere
1943 1653 2231 1720 calicem.
2300 1657 2566 1737 Aquam

608 1749 909 1807 sanctam
951 1740 1471 1822 interpretantur
1531 1737 1796 1822 quidam
1852 1759 2016 1822 quae
2079 1740 2568 1806 custodiebatur

605 1829 681 1894 in
724 1826 909 1893 labro
953 1847 1188 1906 aeneo,
1247 1833 1323 1890 ut
1377 1846 1515 1891 sem
1566 1846 1637 1891 er
1681 1823 1930 1890 ablutio
1971 1834 2202 1909 parata
2244 1836 2419 1891 esset
2462 1847 2565 1892 sa-

609 1914 738 1980 cris
804 1915 930 1977 rite
993 1910 1400 1997 peragendis.
1562 1910 1940 1977 onsiderent
2006 1920 2226 1977 tamon
2290 1911 2567 1979 lectores

602 2020 822 2065 annon
869 1998 1086 2082 potius
1122 2018 1360 2082 aquam
1395 1996 1724 2080 intelligat
1768 1998 1878 2064 cui
1901 1998 2068 2064 cinis
2107 2018 2341 2065 vaccae
2377 1998 2565 2064 rufae

605 2085 1114 2169 aspergebatur,
1218 2106 1300 2148 ex
1382 2105 1512 2167 qua
1599 2082 1798 2148 fiebat
1882 2083 2172 2151 solennis
2259 2085 2564 2169 purgatio

635 2171 827 2237 Num.
877 2168 1013 2257 19):
1062 2178 1136 2235 ut
1180 2179 1332 2235 ante
1377 2169 1597 2235 visum
1641 2168 1788 2235 fuit.
1846 2169 1959 2236 Sic
2003 2170 2180 2235 enim
2226 2170 2565 2235 admonita

682 2260 731 2322 't
776 2257 1031 2336 mulier,
1077 2256 1135 2321 si
1179 2256 1552 2340 peierasset,
1600 2255 1856 2321 nullum
1902 2257 2187 2339 amplius
2229 2256 2563 2340 piaculum

603 2354 873 2410 restare.
923 2342 1154 2407 Pulvis
1190 2342 1391 2407 etiam
1425 2342 1496 2406 in
1533 2342 1909 2424 pavimento
1944 2342 2252 2408 collectus
2289 2341 2567 2408 detesta-

605 2430 806 2495 tionis
849 2427 978 2493 fuit
1020 2426 1414 2512 symbolum.
1502 2428 1809 2511 Denique
1869 2434 2007 2494 tota
2062 2428 2231 2495 actio
2288 2428 2372 2493 ad
2417 2449 2565 2494 eam

605 2513 1086 2581 humiliandam
1130 2514 1487 2597 composita
1523 2513 1665 2593 fuit,
1709 2535 1794 2579 ne
1836 2513 2084 2579 crimen
2119 2514 2409 2596 periurio
2446 2515 2565 2580 du·

603 2601 900 2685 plicaret.
988 2598 1096 2664 Ad
1153 2598 1346 2676 haec,
1409 2603 1611 2666 verba
1671 2599 2158 2681 imprecationis
2223 2601 2565 2684 concipere

608 2685 871 2751 iubetur
926 2685 1264 2764 sacerdos,
1325 2706 1407 2749 no
1462 2685 1702 2750 mulier
1759 2684 2021 2768 oblique
2068 2686 2567 2771 tergiversando

609 2772 931 2856 effugium
976 2779 1211 2855 captet.
1324 2770 1683 2852 Quaeritur
1725 2779 1951 2836 tamen
1995 2794 2112 2837 cur
2153 2771 2400 2837 malum
2446 2773 2570 2838 sibi

610 2870 886 2939 cogatur
905 2856 1275 2940 imprecari,
1303 2858 1517 2941 potius
1545 2877 1745 2941 quam
1772 2857 1883 2922 alii
1922 2859 2033 2942 qui
2073 2858 2176 2924 vel
2204 2859 2425 2925 caedis
2464 2859 2565 2925 vel

611 2945 932 3010 atrocium
977 2944 1297 3009 scelerum
1352 2944 1638 3026 suspecti
1692 2951 1880 3009 sunt:
1938 2944 2245 3009 existimo
2306 2944 2429 3011 hac
2489 2944 2570 3010 de

611 3051 829 3108 causa,
895 3031 1066 3112 quod
1112 3030 1369 3096 nullum
1414 3030 1594 3096 aliud
1644 3029 1893 3096 crimen
1938 3039 2074 3095 tam
2120 3030 2307 3098 facile
2348 3038 2572 3116 potest

610 3117 944 3184 occultari.
1023 3116 1206 3200 Ergo
1250 3138 1334 3182 ne
1375 3139 1459 3182 ex
1506 3116 1769 3181 vafritie
1814 3125 1882 3180 et·
1927 3116 2118 3182 malis
2162 3119 2414 3185 artibus
2452 3139 2568 3184 au-

613 3202 867 3270 daciam
911 3203 1279 3286 concipiant
1322 3203 1664 3281 mulicres,
1707 3200 1986 3268 fallaciis
2030 3205 2334 3271 omnibus
2381 3203 2571 3270 adhi-

610 3289 807 3355 betur
847 3289 1245 3354 remedium:
1302 3297 1501 3371 atque
1560 3287 1655 3353 ita
1697 3288 1982 3354 ostendit
2023 3288 2228 3371 Deus,
2272 3288 2396 3357 sub
2442 3290 2573 3357 fide

611 3397 735 3441 sua
793 3385 860 3440 et
915 3376 1274 3457 patrocinio
1333 3395 1476 3441 esse
1519 3373 1782 3439 thorum
1838 3375 2268 3459 coniugalem.
2359 3377 2571 3442 Porro

616 3460 976 3527 tenendum
1034 3469 1137 3526 est
1193 3481 1325 3525 non
1379 3460 1578 3526 inane
1635 3460 1839 3525 fuisse
1891 3460 2013 3525 hoo
2075 3463 2570 3529 terriculamen-

614 3556 786 3625 tum,
847 3548 1002 3631 quia
1057 3545 1242 3612 Deus
1309 3545 1488 3612 haud
1547 3545 1743 3612 dubie
1810 3548 2116 3630 apparuit
2183 3549 2571 3615 manifestus

661 3633 926 3699 erfidiae
984 3633 1188 3713 ultor,
1255 3632 1449 3698 sicuti
1513 3632 2007 3716 pronunciabat.
2095 3634 2327 3718 Neque
2394 3637 2569 3701 enim

610 3656 859 3785 {tustra
914 3718 1252 3785 subiicitur
1297 3718 1752 3784 comminatio:
1819 3717 1895 3784 Si
1946 3719 2253 3784 fefellerit
2310 3721 2567 3800 mulier,

611 3805 753 3871 fore
794 3806 867 3869 in
910 3804 1433 3870 maledictionem
1477 3804 1720 3888 populi,
1774 3805 1927 3888 quia
1972 3814 2202 3872 uterus
2245 3806 2566 3873 intumes-

611 3901 734 3972 cet,
781 3901 845 3955 et
886 3891 1104 3956 femur
1148 3888 1406 3955 defluet.
1453 3890 1719 3957 Rursus
1763 3913 1895 3956 non
1937 3891 2186 3958 frustra
2221 3895 2568 3976 promittit,

612 3978 671 4044 si
713 3976 914 4042 fuerit
957 3977 1262 4053 innoxia,
1330 3999 1463 4041 non
1524 3976 1715 4041 modo
1772 3977 1912 4043 fore
1981 3978 2395 4061 incolumem,
2456 3981 2571 4046 sed

613 4064 1038 4130 foecundam:
1083 4072 1158 4128 ut
1200 4062 1331 4128 Dei
1375 4061 1741 4128 benedictio
1787 4063 1872 4128 sit
1917 4064 2343 4133 absolutionis
2386 4067 2567 4150 sigil-

612 4148 773 4215 lum.
862 4149 942 4214 Id
994 4148 1170 4215 enim
1215 4150 1392 4214 valet
1444 4148 1774 4232 loquutio:
1861 4147 2425 4217 Semiuificabitur
2468 4174 2571 4218 se·

614 4235 826 4300 mine:
873 4235 1068 4300 sicuti
1109 4255 1193 4300 ex
1236 4236 1529 4317 opposito
1554 4233 1800 4300 dictum
1837 4235 1981 4313 fuit,
2020 4236 2233 4302 femur
2269 4237 2570 4304 diffluere

615 4341 815 4402 quum
871 4322 1110 4386 mulier
1173 4322 1242 4385 in
1288 4320 1637 4384 sterilitate
1679 4321 2093 4388 contabescit.
2183 4322 2319 4389 Iam
2369 4346 2571 4408 quum

611 4405 909 4470 eiusdem
953 4428 1158 4491 aquae
1204 4406 1512 4471 contrarii
1558 4406 1806 4471 fuerint
1843 4407 2133 4488 effectus,
2179 4410 2571 4494 colligimus,

615 4490 738 4557 sub
765 4503 1037 4558 externo
1067 4492 1357 4576 symbolo
1380 4490 1601 4557 Deum
1634 4513 1876 4558 arcana
1911 4516 2030 4559 sua
2067 4495 2331 4578 virtute,
2379 4507 2574 4580 prout

614 4598 812 4644 causa
856 4577 1121 4659 ferebat,
1168 4579 1370 4646 fuisse
1415 4585 1777 4662 operatum.

1238 4921 1371 4988 EX
1406 4921 1677 4990 DEUT.
1718 4923 1950 4991 XXII.

792 5091 890 5156 13.
944 5093 1150 5174 Quum
1213 5095 1510 5175 acceperit
1574 5097 1717 5176 quis
1781 5116 2076 5178 uxorem,
2142 5102 2196 5163 et
2253 5099 2577 5181 inyressus

613 5179 814 5261 fuerit
867 5179 953 5244 ad
1009 5200 1165 5258 eam,
1217 5184 1274 5244 et
1330 5180 1470 5244 odio
1512 5179 1801 5247 habuerit
1854 5204 2012 5260 eam,
2104 5184 2203 5249 14.
2252 5184 2339 5248 Et
2379 5185 2577 5266 impo-

615 5265 812 5330 suerit
855 5265 915 5329 ei
952 5267 1306 5332 occasiones
1347 5264 1674 5330 verborum
1690 5318 1704 5346 ‚
1773 5273 1826 5332 et
1868 5269 2230 5334 traduxerit
2269 5291 2437 5352 eam,
2483 5271 2579 5336 di-

614 5351 838 5416 cendo:
940 5350 1209 5418 Uxorem
1266 5350 1424 5417 hanc
1480 5355 1720 5434 accepi,
1779 5359 1835 5420 et
1882 5356 2114 5422 accessi
2157 5357 2243 5422 ad
2286 5377 2454 5437 eam,
2522 5363 2578 5423 et

2040 428 2534 498 SEPTIMUM
2576 428 3229 497 PRAEOEPTUM.

4474 434 4578 504 656

2676 640 2802 685 uon
2865 620 3077 685 inveni
3135 620 3209 684 in
3272 640 3350 685 ea
3412 618 3866 703 virginitatem.-
3966 618 4067 686 15.
4142 621 4313 687 Tunc
4368 623 4581 703 accipiet

2666 711 2853 788 pater
2883 706 3138 787 puellae
3178 710 3235 770 et
3274 711 3475 771 mater
3517 706 3671 784 eius,
3714 710 3771 770 et
3791 705 4119 788 proferent
4149 707 4331 789 siqua
4361 708 4583 791 virgini-

2673 794 2827 857 tatis
2891 792 3144 875 puellae
3223 811 3432 857 coram
3507 790 3858 857 senioribus
3934 792 4117 858 urbis
4198 792 4284 857 ad
4352 798 4584 875 portam.

2680 879 2779 944 16.
2826 877 3127 960 Dicetque
3171 882 3362 959 pater
3402 877 3659 958 puellae
3701 877 4081 944 senioribus.-
4142 877 4377 944 Fiuam
4414 900 4583 946 meam

2676 964 2822 1031 dedi
2862 965 2999 1029 viro
3041 963 3188 1029 huic
3229 964 3300 1029 in
3341 983 3613 1040 uxorein,
3660 967 3719 1028 et
3757 964 3895 1030 odio
3937 964 4118 1029 habet
4155 984 4311 1029 eam.
4394 965 4484 1030 17.
4516 965 4588 1032 Et

2675 1071 2818 1128 ecce,
2864 1050 3165 1132 imposuit
3205 1050 3549 1115 occasiones
3590 1047 3934 1128 verborum,
3978 1050 4273 1116 dicendo:
4340 1050 4475 1116 Non
4504 1053 4582 1116 in·

2675 1137 2819 1202 veni
2858 1137 2927 1201 in
2966 1136 3111 1218 filia
3151 1142 3264 1202 tua
3305 1134 3746 1219 viryim'tatem.
3836 1135 3996 1201 Ecce
4037 1140 4246 1202 autem
4278 1138 4451 1220 siqua
4479 1139 4591 1202 vir·

2671 1223 2968 1307 finitatis
3005 1221 3181 1303 filiae
3213 1242 3406 1287 meae.
3454 1219 3541 1286 Et
3577 1222 3926 1302 expandent
3955 1224 4381 1289 vestimentum
4410 1242 4591 1289 coram

2673 1308 3028 1376 senioribus
3089 1308 3301 1373 urbis:
3410 1307 3511 1373 18.
3585 1307 3763 1373 Tunc
3827 1307 4287 1389 apprehendent
4356 1309 4590 1376 seniores

2671 1396 2851 1462 urbis
2882 1396 3112 1471 virum,
3156 1400 3213 1459 et
3254 1393 3642 1479 castiyabunt
3682 1412 3842 1461 eum.
3945 1393 4044 1458 19.
4102 1394 4193 1460 Et
4247 1393 4592 1460 mulctabant

2673 1503 2814 1548 eum
2875 1486 3115 1546 centum
3179 1481 3492 1560 aryenteis
3508 1531 3524 1557 ,
3605 1499 3763 1562 quos
3834 1479 4073 1546 dabunt
4128 1482 4307 1563 patri
4354 1480 4589 1562 puelhe,

2671 1570 2975 1652 quoniam
3016 1567 3307 1633 traduxit
3360 1566 3669 1650 viryinem
3725 1566 4028 1632 Israelis.-
4081 1565 4432 1649 habebitque
4478 1588 4591 1632 eam

2670 1674 2955 1734 uxor-ern,
3016 1672 3126 1720 nec
3172 1652 3404 1734 poterit
3463 1652 3773 1718 dimittere
3834 1651 4121 1718 omnibus
4182 1652 4397 1719 diebus
4454 1655 4584 1719 suis.

2669 1741 2772 1806 20.
2827 1741 3003 1823 Quod
3065 1740 3127 1804 si
3182 1758 3332 1803 vera
3385 1737 3517 1820 fuit
3567 1738 3880 1803 amatio
3921 1738 4064 1813 ista,
4109 1745 4167 1805 et
4208 1760 4331 1805 non
4370 1741 4589 1805 invado

2660 1828 2862 1910 ‘fuerit
2902 1825 3241 1909 viryinitas
3282 1824 3353 1888 in
3386 1824 3627 1905 puella,
3698 1824 3803 1889 21.
3857 1824 4031 1891 Tunc
4063 1826 4317 1892 educent
4335 1824 4589 1908 puellam

2669 1914 2757 1979 ad
2798 1913 3027 1978 ostium
3070 1910 3292 1976 domus
3321 1910 3540 1990 patris
3580 1910 3703 1987 sui,
3751 1916 3811 1975 et
3848 1908 4223 1992 lapidabunt
4259 1932 4397 1978 eam
4428 1911 4592 1977 homi-

2667 2019 2776 2065 nes
2817 1998 2997 2064 urbis
3037 1998 3176 2064 eius
3216 1996 3553 2079 lapidibus,
3599 1997 3787 2062 donec
3827 1998 4169 2062 moriatur.-
4213 2001 4371 2080 quia
4401 2020 4590 2082 perpe-

2666 2086 2859 2151 travit
2898 2084 3242 2166 nequitiam
3284 2083 3356 2147 in
3378 2081 3637 2161 Israele,
3675 2082 4049 2164 fornicando
4093 2085 4165 2149 in
4204 2086 4385 2151 domo
4405 2087 4591 2169 patris

2668 2172 2806 2238 sui.-
2847 2176 2904 2236 et
2944 2169 3196 2252 auferes
3237 2167 3482 2234 malum
3523 2189 3556 2232 e
3595 2168 3799 2235 medio
3839 2172 3953 2235 tui.

2845 2342 2946 2408 13.
3001 2341 3206 2423 Quum
3249 2340 3567 2421 acceperit.
3610 2339 3744 2407 Hic
3787 2361 4044 2425 quoque
4088 2343 4272 2410 locus
4316 2345 4397 2411 ad
4432 2345 4591 2431 pudi-

2670 2429 2862 2495 citiae
2927 2426 3560 2495 commendationem
3627 2428 3929 2509 pertinet.
4034 2429 4219 2495 Deus
4280 2439 4491 2497 autem
4540 2434 4593 2497 iu

2670 2524 3015 2597 utramque
3061 2520 3314 2596 partem
3359 2510 3663 2594 providet
3705 2534 3789 2580 ne
3826 2513 4086 2597 puellae
4128 2524 4351 2583 castae
4413 2527 4477 2583 et
4512 2520 4593 2583 in·

2670 2602 2907 2667 noxiae
2952 2599 3265 2684 probrum
3309 2599 3554 2662 iniuste
3599 2599 3876 2666 maritus
3920 2601 4178 2686 inferat,
4225 2602 4336 2670 vel
4379 2625 4460 2668 ne
4499 2625 4596 2687 pu-

2671 2687 2833 2766 ella,
2894 2696 3238 2770 postquam
3296 2692 3604 2766 corrupta
3658 2684 3886 2765 fuerit,
3946 2686 4004 2752 si
4057 2707 4174 2770 pro
4243 2690 4497 2774 virgine
4542 2710 4597 2756 se

2671 2772 2983 2852 venditet,
3022 2771 3294 2855 effugiat
3327 2789 3622 2855 poenam.
3680 2772 3943 2838 Tertius
3977 2775 4176 2839 etiam
4210 2776 4366 2842 finis
4401 2785 4597 2841 notan·

2675 2859 2798 2926 dus
2855 2868 2986 2939 est,
3044 2858 3199 2942 quia
3256 2857 3381 2922 hoc
3440 2854 3633 2922 modo
3687 2857 4007 2923 admoniti
4064 2860 4335 2926 fuerunt
4390 2883 4598 2945 paren-

2675 2954 2800 3025 tes,
2870 2952 2945 3010 ut
2987 2946 3197 3027 magis
3243 2942 3479 3008 attenti
3534 2952 3754 3008 essent
3808 2942 3888 3007 ad
3935 2946 4397 3014 custodiendas
4438 2948 4597 3013 filias.

2673 3032 2798 3099 Est
2840 3029 3104 3115 quidem
3146 3029 3453 3095 immanis
3499 3029 3660 3095 haec
3702 3029 3950 3111 feritas,
3994 3039 4070 3096 ut
4093 3033 4379 3100 maritus
4420 3036 4600 3101 sciens

2674 3127 2740 3184 et
2783 3119 3011 3183 volens
3047 3138 3129 3181 ex
3176 3117 3410 3199 probro
3469 3122 3537 3180 et
3593 3116 3867 3182 infamia
3923 3120 4148 3184 uxoris
4199 3120 4444 3186 falsum
4483 3122 4599 3187 eius

2675 3203 3120 3289 repudiandae
3200 3208 3610 3285 praetextum
3693 3211 3995 3286 quaerat:
4083 3206 4197 3270 sed
4281 3208 4435 3291 quia
4493 3228 4599 3272 non

2676 3311 2827 3356 raro
2870 3290 3211 3374 contingit,
3255 3296 3332 3353 ut
3372 3285 3739 3355 libidinosis
3777 3288 4051 3374 obrepat
4092 3291 4449 3372 fastidium,
4511 3293 4599 3357 de·

2674 3375 2831 3442 inde
2888 3376 3109 3441 omnia
3168 3375 3540 3459 excogitent
3583 3374 3666 3439 ad
3710 3396 3782 3442 se
3828 3376 4306 3459 expediendos,
4365 3398 4601 3445 necesse

2674 3464 2802 3528 fuit
2855 3461 2980 3528 hoc
3033 3462 3267 3528 vitium
3312 3461 3585 3545 corrigi,
3645 3461 4041 3546 modumque
4084 3466 4443 3546 praescribi
4493 3484 4600 3548 quo

2676 3556 2819 3615 tuta
2858 3557 3031 3614 esset
3073 3546 3329 3632 puellae
3372 3547 3717 3631 integritas
3760 3558 3990 3613 contra
4031 3549 4399 3618 calumnias
4445 3550 4602 3634 impii

2675 3643 2743 3700 et
2784 3634 3066 3700 crudelis
3110 3634 3350 3698 mariti.
3441 3633 3708 3699 Interea
3751 3655 4031 3717 aequum
4071 3636 4200 3702 fuit
4243 3637 4445 3721 probo
4483 3638 4601 3703 viro

2674 3721 3002 3800 succurri,
3063 3742 3147 3785 ne
3188 3726 3478 3785 scortum
3525 3742 3564 3785 a
3607 3741 3736 3803 quo
3781 3720 4087 3804 deceptus
4130 3737 4323 3802 esset,
4368 3724 4440 3790 in
4477 3725 4603 3789 sinu

2674 3807 2894 3873 fovere
2938 3816 3301 3890 cogeretur.
3391 3806 3515 3870 Est
3559 3807 3738 3870 enim
3783 3806 4091 3891 ingenuis
4136 3811 4397 3876 naturis
4439 3808 4602 3875 valdo

2674 3894 2980 3960 acerbum
3041 3901 3290 3957 tantam
3350 3892 3817 3958 contumeliam
3874 3894 4069 3959 tacite
4136 3896 4414 3980 perpeti.
4496 3893 4601 3959 Hie

2675 3992 2895 4045 autem
2940 3979 3187 4062 optima
3235 3980 3500 4062 ponitur
3542 3978 3929 4055 moderatio,
3991 3989 4064 4044 ut
4108 3983 4163 4045 si
4210 4002 4343 4066 qua
4400 3982 4602 4047 mulier

2676 4073 3015 4132 accusetur
3071 4083 3111 4128 a
3167 4065 3440 4142 marim,
3511 4064 3789 4130 liberum
3857 4067 3943 4131 sit
4008 4068 4391 4149 parentibus
4444 4067 4602 4151 signa

2676 4151 2996 4217 castitatis
3038 4149 3331 4234 proferre
3390 4172 3555 4233 quae
3599 4171 3747 4215 eam
3792 4152 4168 4218 absolvant:
4228 4154 4335 4220 sin
4395 4155 4600 4227 minus,

2676 4245 2754 4303 ut
2797 4259 2880 4302 ne
2925 4238 3200 4302 maritus
3245 4236 3326 4300 ab
3371 4237 3498 4301 alio
3544 4245 3918 4321 corruptam
3966 4237 4141 4304 domi
4186 4241 4440 4306 invitus
4473 4239 4598 4305 alat

2678 4324 2870 4388 Patet
2934 4331 3151 4388 autem
3219 4345 3303 4388 ex
3368 4322 3493 4388 hoc
3559 4323 3696 4388 loco
3720 4373 3737 4407 ,
3816 4323 4020 4389 linteo
4087 4337 4365 4410 excepta
4434 4326 4602 4391 fuisso

2678 4411 2892 4492 prima
2936 4417 3128 4474 nocte
3176 4409 3573 4492 virginitatis
3610 4408 3866 4488 iudicia,
3922 4432 4088 4494 quae
4132 4412 4332 4477 fidem
4377 4411 4600 4478 castita·

2679 4497 2762 4561 tis
2805 4496 2878 4560 in
2924 4505 3256 4577 posterum
3299 4496 3604 4562 facerent.
3696 4496 4027 4580 Credibile
4084 4501 4285 4564 etiam
4344 4507 4457 4578 est,
4510 4492 4604 4561 ad·

2679 4581 2905 4647 bibitis
2951 4582 3224 4648 testibus
3267 4584 3624 4665 repositum
3670 4581 3870 4648 fuisse
3915 4583 4192 4650 linteum
4236 4584 4445 4650 instar
4484 4582 4602 4665 pig·

2679 4669 2883 4747 noris,
2932 4681 3001 4733 ut
3045 4668 3323 4752 integris
3366 4677 3431 4734 et
3474 4667 3767 4732 honestis
3812 4668 4047 4751 puellis
4083 4678 4263 4736 certa
4307 4681 4477 4736 esset
4512 4666 4601 4733 de·

2676 4753 2907 4819 fensio.
3001 4755 3216 4819 Nimis
3271 4755 3446 4819 onim
3506 4753 3810 4819 licentiae
3856 4756 4080 4819 datum
4125 4757 4356 4821 fuisset
4397 4773 4601 4838 paren-

2679 4840 2871 4918 tibus
2918 4841 2976 4905 si
3011 4841 3328 4907 creditum
3366 4839 3749 4922 simpliciter
3783 4841 4011 4906 fuisset
4045 4842 4339 4925 ipsorum
4374 4840 4599 4914 iudicio,

2678 4926 2793 4992 sed
2839 4926 3061 4992 Moses
3106 4928 3290 5010 quasi
3334 4924 3416 4991 de
3461 4947 3642 4990 more
3688 4940 3948 5011 recepto
3992 4928 4301 5011 loquitur.
4560 5007 4571 5019 ·

2854 5013 2952 5079 18.
3008 5013 3180 5078 Tunc
3200 5011 3661 5093 apprehendent
3693 5014 3965 5079 seniores
3997 5013 4178 5080 urbis
4210 5016 4434 5079 virum,
4476 5010 4599 5105 'rn3

2678 5099 2835 5181 plex
2880 5099 3250 5164 calumniae
3295 5119 3537 5181 poena,
3598 5109 3672 5162 ut
3728 5098 4107 5166 verberibus
4168 5101 4472 5166 caedatur
4511 5114 4600 5178 qm

2679 5184 2920 5250 falsum
2966 5184 3615 5260 crimen-confinxit,
3684 5184 3918 5251 deinde
3977 5197 4242 5252 centum
4286 5190 4600 5268 argenteos

2679 5271 2891 5336 solvat
2914 5272 3086 5353 patri
3131 5269 3405 5353 puellae,
3453 5274 3663 5353 tertio,
3711 5292 3794 5336 ne
3836 5294 4124 5355 unquam
4166 5271 4496 5356 repudiare
4533 5265 4600 5329 li·

2681 5365 2841 5422 ceat.
2886 5357 3086 5421 Ratio
3132 5357 3556 5440 exprimitur:
3604 5356 3798 5438 Quod
3842 5358 4265 5427 infamaverit
4309 5355 4599 5440 virginem
