4867 6150
552 469 641 535 39
1741 467 2487 537 COMMENTARIUS
2533 468 2634 534 IN
2679 466 2980 534 EXODI
3025 467 3224 534 OAP.
3269 467 3398 534 ΙΙΙ.
3645 480 3662 497 ”
4499 465 4585 530 40

553 675 678 738 pro
733 654 974 721 visibili
1016 655 1264 740 speeie,
1325 678 1456 742 qua
1507 657 1648 725 eius
1706 658 2012 725 maiestas
2060 655 2511 743 obtegebatur,

646 740 847 806 situm
893 751 1012 808 est.

556 762 644 825 po
734 826 927 893 7.·Et
967 829 1135 894 dixit
1170 827 1421 895 Iehova.
1511 820 1886 913 Antequam
1928 838 2149 915 partes
2189 828 2510 894 liberandi

558 913 786 998 populi
808 912 995 980 Deus
1017 915 1191 980 Mosi
1235 915 1556 999 iniungat,
1600 917 1901 999 pluribus
1946 915 2162 981 verbis
2206 913 2290 980 ad
2326 935 2511 997 spem

557 998 871 1065 victoriae
929 1010 998 1064 et
1040 1002 1333 1083 prosperi
1379 1009 1658 1068 eventus
1712 1023 1862 1067 eum
1925 1002 2138 1086 erigit.
2243 998 2512 1067 Scimus

554 1085 733 1150 enim
781 1096 856 1150 ut
899 1085 1219 1157 dubitatio
1263 1088 1515 1152 animos
1549 1107 1702 1159 cura
1743 1097 1806 1152 et
1850 1089 2186 1153 anxietate
2222 1087 2513 1153 retardet

558 1192 636 1237 ae
702 1169 1014 1237 debilitet.
1118 1171 1268 1237 Non
1334 1174 1550 1257 potuit
1615 1174 1823 1258 igitur
1887 1174 2109 1239 Moses
2174 1172 2509 1257 negotium

558 1266 828 1323 strenue
899 1257 1002 1323 vel
1069 1255 1428 1342 suscipere,
1494 1260 1603 1325 vel
1659 1258 1962 1344 aggredi,
2023 1260 2154 1324 nisi
2212 1258 2513 1325 coelestis

559 1342 791 1408 auxilii
855 1342 1098 1409 fiducia
1160 1344 1546 1411 instructus.
1648 1345 1831 1429 Ergo
1892 1346 2076 1411 Deus
2143 1366 2213 1411 se
2280 1343 2510 1409 ducem

556 1428 697 1495 fore
738 1430 1121 1512 profitetur,
1180 1440 1255 1495 ut
1307 1430 1548 1497 talibus
1606 1430 1914 1514 auspiciis
1957 1432 2165 1497 fretus
2210 1430 2291 1496 ad
2336 1431 2508 1495 mili-

553 1512 829 1580 tandum
874 1515 1201 1600 intrepide
1243 1537 1313 1581 se
1350 1517 1666 1601 accingat.
1735 1517 1929 1584 Unde
1965 1517 2284 1583 elicienda
2323 1516 2512 1582 nobis

555 1609 657 1666 est
689 1601 1054 1668 communis
1092 1600 1421 1669 doctrina:
1459 1603 1884 1687 quantumvis
1920 1604 2084 1668 lenti
2119 1602 2512 1670 naturaliter

557 1708 635 1753 ae
679 1685 1141 1753 haesitabundi
1186 1687 1266 1753 ad
1314 1688 1710 1770 praestanda
1746 1690 1890 1754 Deo
1935 1688 2241 1772 obsequia
2286 1689 2511 1770 simus,

556 1772 671 1838 ubi
715 1780 938 1837 tamen
983 1772 1064 1837 de
1108 1793 1409 1840 successu
1456 1796 1575 1841 nos
1611 1774 1830 1841 reddit
1872 1776 2197 1855 certiores,
2243 1776 2340 1840 fas
2375 1796 2510 1840 non

554 1880 701 1925 esse
745 1860 1097 1942 quidquam
1157 1858 1550 1926 detrectare:
1607 1861 1760 1944 quia
1815 1861 2037 1926 nullus
2097 1869 2308 1946 potest
2361 1882 2508 1927 esse

555 1945 768 2009 acrior
790 1944 1094 2009 stimulus
1129 1945 1253 2011 hac
1288 1947 1737 2030 promissione,
1765 1967 2036 2013 manum
2074 1950 2212 2013 eius
2250 1968 2509 2030 semper

550 2031 696 2096 fore
760 2040 1055 2114 paratam
1123 2030 1231 2095 ubi
1298 2033 1632 2115 sequimur
1696 2054 1823 2116 quo
1889 2042 2098 2099 vocat.
2178 2032 2261 2097 In
2331 2032 2508 2097 hunc

555 2117 759 2183 finem
822 2115 1006 2183 Deus
1070 2117 1407 2200 praefatur
1471 2125 1824 2201 antequam
1890 2120 2246 2185 vocationis
2309 2118 2510 2185 faeiat

551 2202 984 2281 mentionem,
1045 2213 1119 2267 ut
1162 2203 1382 2270 Moses
1425 2205 1507 2269 de
1550 2204 1719 2272 felici
1764 2205 1948 2270 exitu
1990 2204 2205 2272 factus
2251 2206 2506 2285 certior,

551 2288 857 2354 alacriter
879 2287 960 2353 ad
985 2310 1149 2372 opus
1172 2288 1541 2356 descendat.
1599 2291 1811 2357 Porro
1847 2290 1960 2356 ubi
1983 2292 2168 2358 Deus
2201 2290 2504 2374 redemp-

551 2374 751 2440 tionis
772 2373 971 2439 fidem
994 2374 1062 2439 in
1088 2377 1375 2460 gratuito
1397 2375 1673 2457 foedere,
1698 2397 1773 2441 ae
1794 2377 2068 2460 proinde
2090 2379 2158 2441 in
2183 2397 2367 2442 mera
2386 2397 2514 2443 sua

551 2459 952 2526 liberalitate
1015 2461 1357 2542 fundavit,
1434 2484 1610 2529 nunc
1677 2463 1961 2528 alterum
2039 2470 2506 2547 argumentum

555 2546 757 2613 sumit
811 2566 852 2610 a
908 2566 1029 2610 sua
1094 2547 1373 2613 iustitia:
1442 2550 1596 2632 quia
1657 2550 1801 2616 fieri
1868 2569 2003 2613 non
2069 2556 2284 2632 potest
2347 2549 2505 2632 quin

553 2631 787 2697 mundi
843 2632 1043 2696 iudex
1102 2635 1359 2700 miseris
1417 2648 1485 2700 et
1541 2634 1934 2700 calamitosis
1978 2635 2345 2715 subveniat,
2392 2634 2509 2700 ubi

554 2716 825 2801 indigne
892 2720 1384 2801 opprimuntur,
1465 2723 1849 2803 praesertim
1916 2721 2031 2788 ubi
2096 2742 2288 2805 opem
2366 2721 2510 2787 eius

551 2804 926 2885 implorant.
993 2804 1141 2870 Hoc
1175 2807 1244 2870 in
1267 2826 1515 2891 genere
1549 2828 1781 2873 verum
1806 2815 1939 2872 est:
1979 2805 2200 2872 Deum
2222 2807 2510 2873 iniust-ae

554 2888 899 2956 cuiuslibet
957 2891 1366 2958 crudelitatis
1408 2892 1547 2959 fore
1594 2892 1954 2973 vindicem,
2011 2891 2124 2960 sed
2184 2894 2511 2977 peculiare

559 2976 699 3040 eius
756 2975 1075 3041 auxilium
1123 2999 1163 3042 a
1213 2976 1515 3043 fidelibus
1571 2978 1970 3063 sperandum
2027 2989 2157 3058 est,
2216 3001 2380 3063 quos
2435 2977 2508 3043 in

555 3060 755 3127 fidem
800 3062 1370 3148 patrociniumque
1413 3067 1677 3148 recepit.
1759 3064 1991 3149 Itaque
2034 3066 2290 3144 merito,
2338 3075 2507 3150 post-

556 3169 753 3232 quam
799 3146 995 3229 dixit,
1047 3149 1395 3234 adoptione
1436 3152 1660 3234 populi
1705 3174 1775 3218 se
1819 3153 2073 3216 moveri
2116 3174 2199 3217 ne
2243 3173 2392 3216 eum
2439 3152 2509 3216 in

556 3243 856 3301 extrema
876 3236 1264 3302 necessitate
1287 3235 1564 3316 deserat,
1601 3237 1799 3304 simul
1821 3237 2121 3323 adiungit
2153 3237 2510 3304 secundam

555 3321 1115 3386 confirmationem
1136 3373 1152 3398 ‚
1206 3344 1278 3388 se
1332 3323 1592 3390 venisse
1643 3324 1886 3389 auxilio
1935 3324 2017 3389 ad
2075 3322 2506 3390 cohibendam

552 3404 997 3491 tyrannidem,
1030 3406 1185 3492 quia
1217 3408 1571 3474 clamorem
1607 3408 1879 3494 inopum
1915 3408 2300 3476 exaudierit.
2361 3409 2510 3475 Hoc

557 3491 824 3576 quidem
881 3495 1083 3559 semel
1143 3494 1480 3560 animandi
1536 3496 1742 3561 Mosis
1807 3516 2003 3562 causa
2067 3494 2316 3562 dictum
2374 3507 2506 3560 est:

556 3578 675 3645 sed
712 3600 842 3645 non
880 3578 1141 3665 vulgari
1175 3581 1405 3646 solatio
1440 3581 1648 3646 lenire
1693 3580 1884 3647 debet
1917 3588 2177 3647 nostros
2212 3581 2508 3646 omnium

559 3663 845 3745 dolores,
899 3666 1008 3731 ubi
1074 3666 1195 3731 sub
1259 3666 1504 3732 iniusto
1571 3688 1767 3733 onere
1833 3667 2175 3752 gemimus.
2277 3666 2510 3751 Neque

560 3750 739 3818 enim
787 3750 972 3817 Deus
1029 3752 1142 3835 qui
1186 3761 1343 3818 tunc
1398 3753 1693 3819 oculatus
1750 3754 1906 3834 fuit,
1960 3752 2154 3819 hodie
2207 3752 2509 3832 caecutit,

562 3838 727 3920 quin
745 3836 1051 3904 observet
1072 3857 1298 3903 omnes
1320 3839 1591 3905 iniurias
1609 3859 1685 3905 ac
1707 3839 2075 3922 supplicum
2099 3840 2507 3906 misereatur.

564 3922 962 4007 Quanquam
1014 3933 1233 3989 autem
1286 3922 1703 3992 hebraismus
1759 3933 1865 3991 est
1926 3925 1996 3990 in
2039 3926 2226 3992 verbi
2271 3925 2507 4010 repeti-

557 4010 768 4096 tione:
816 4008 1120 4076 Videndo
1166 4007 1336 4090 vidi,
1380 4011 1708 4096 significat
1748 4019 2005 4090 tamen,
2061 4012 2174 4078 ubi
2232 4032 2507 4095 poenam

559 4097 784 4162 differt
825 4115 902 4160 ae
945 4093 1310 4180 suspendit,
1345 4096 1827 4163 conniventiam
1867 4098 2040 4163 hanc
2075 4118 2207 4162 non
2250 4098 2509 4164 obstare

561 4180 908 4264 quominus
972 4203 1010 4247 e
1075 4182 1273 4248 coelis
1333 4182 1702 4266 speculetur
1746 4182 2091 4248 hominum
2164 4183 2366 4264 facta,
2429 4191 2510 4248 ut

556 4265 821 4331 tandem
853 4276 1222 4351 opportuno
1259 4276 1551 4350 tempore
1586 4266 1785 4333 iudex
1820 4276 2153 4353 appareat.
2221 4268 2510 4335 Notatur

557 4353 736 4417 enim
781 4354 1092 4420 continua
1135 4352 1651 4420 animadversio:
1699 4355 1883 4438 quasi
1931 4353 2193 4434 diceret,
2238 4377 2309 4421 se
2352 4364 2510 4421 tune

556 4460 813 4522 quoque
879 4438 1126 4504 vidisse
1193 4438 1352 4504 dum
1408 4438 1798 4522 quiescendo
1850 4441 2033 4506 visus
2096 4439 2224 4505 fuit
2331 4442 2510 4524 epuli

555 4545 907 4591 aerumnas
950 4525 1303 4609 negligere.
1395 4525 1764 4593 Clamorem
1818 4546 1889 4593 se
1945 4526 2207 4593 audisse
2265 4461 2510 4609 dlieens,

554 4610 816 4695 oblique
882 4612 1267 4696 perstringit
1328 4612 1556 4695 populi
1632 4611 2027 4679 socordiam:
2110 4632 2303 4696 quem
2373 4634 2508 4679 non

554 4698 838 4780 legimus
903 4711 1056 4762 ante
1121 4697 1437 4764 clamasse
1502 4718 1698 4782 quam
1777 4698 1977 4765 rebus
2058 4701 2371 4766 extremis
2433 4722 2511 4766 ac

558 4782 912 4865 deploratis
977 4796 1243 4851 coactus
1310 4784 1524 4850 fuerit.
1612 4784 1847 4867 Itaque
1913 4783 2085 4849 nihil
2149 4785 2395 4851 mirum
2453 4787 2508 4853 si

557 4889 763 4954 prope
807 4868 1217 4936 contabuerit
1264 4870 1386 4935 sub
1429 4870 1622 4936 malis
1666 4873 1828 4950 suis,
1873 4880 2222 4953 antequam
2270 4873 2508 4939 subve-

557 4957 849 5034 niretur,
894 4957 1046 5037 quia
1092 4956 1207 5023 vix
1245 4963 1395 5039 post
1436 4955 1709 5042 longum
1753 4966 2016 5041 tempus
2061 4965 2327 5023 exortae
2370 4958 2507 5024 fue-

558 5051 720 5108 runt
797 5062 1039 5124 preces.
1151 5039 1551 5124 Quanquam
1616 5064 1699 5107 ne
1765 5051 1924 5108 tunc
2003 5062 2260 5127 quoque
2337 5046 2510 5111 serio

559 5136 858 5212 precatos
902 5148 1045 5194 esse
1088 5128 1449 5193 verisimile
1492 5138 1594 5194 est
1614 5125 1716 5214 (ut
1759 5139 1915 5193 ante
1959 5127 2142 5215 dixi),
2188 5129 2301 5195 sed
2324 5131 2509 5196 Deus

554 5213 946 5280 elementiae
1007 5235 1166 5280 suae
1209 5223 1276 5277 et
1318 5213 1470 5278 fidei
1524 5214 1839 5280 maiorem
1897 5214 2131 5279 habuit
2185 5215 2509 5282 rationem

556 5319 759 5383 quam
804 5301 1016 5366 iustae
1058 5307 1128 5366 et
1175 5298 1425 5365 solidae
1479 5321 1704 5366 eorum
1759 5300 2293 5385 praeparationis.
2381 5302 2511 5369 His

552 5385 824 5469 quidem
868 5385 1088 5453 verbis
1130 5385 1261 5451 Dei
1308 5386 1797 5453 invocationem
1852 5384 2041 5453 nobis
2096 5389 2512 5454 commendat

2614 657 2921 741 spiritus,
2979 679 3065 723 ne
3110 665 3212 723 tor
3257 679 3482 723 eamus
3524 657 3597 722 in
3641 656 3817 720 curis
3860 662 3925 719 et
3968 653 4423 729 moeroribus,
4471 647 4584 715 sed

2614 754 2792 809 reeta
2827 743 3173 827 confugere
3255 744 3537 809 iscamus
3560 741 3644 806 ad
3679 761 3930 811 sacram
3969 740 4141 806 hanc
4175 737 4582 804 anchoram:

2615 829 2810 895 sicuti
2867 829 3064 895 etiam
3123 830 3195 894 in
3254 828 3517 893 Psalmo
3560 827 3664 906 34,
3726 828 3808 892 16
3862 826 4133 892 dieitur:
4192 823 4413 890 Oculi
4455 822 4584 887 Dei

2615 935 2810 997 super
2853 915 3095 994 iustos,
3151 924 3219 981 et
3261 935 3452 980 aures
3497 914 3638 980 eius
3690 912 3772 977 ad
3817 912 4265 997 precationem
4314 909 4586 975 illorum

2615 1001 2923 1068 intentae.
3012 1002 3105 1066 Et
3143 1002 3338 1067 sicuti
3378 1000 3532 1066 alibi
3576 1008 3856 1066 testatur
3902 1021 3973 1064 se
4010 999 4229 1064 Deum
4270 997 4426 1062 esse
4473 993 4583 1077 qui

2613 1106 2841 1171 preces
2906 1086 3178 1152 exaudit
3232 1084 3437 1172 (Psal.
3505 1084 3610 1165 65,
3669 1084 3771 1172 2):
3828 1085 3922 1149 ita
3985 1086 4241 1166 quoties
4320 1080 4585 1147 duriter

2614 1193 2958 1256 urgemur,
3004 1173 3086 1237 ad
3129 1174 3254 1239 hoe
3297 1171 3659 1238 remedium
3715 1169 4165 1254 quaerendum
4220 1188 4355 1234 nos
4401 1166 4580 1233 solli-

2614 1259 2792 1324 citat.
2880 1258 3014 1325 Ubi
3064 1259 3222 1325 dicit
3280 1258 3591 1343 populum
3654 1278 3846 1323 suum
3906 1277 4048 1321 esse
4112 1255 4185 1321 in
4231 1256 4580 1338 Aegypto,

2614 1345 2862 1427 species
2905 1346 3380 1429 repugnantiae
3424 1365 3589 1428 quae
3633 1342 3894 1409 videtur
3935 1342 4238 1421 subesse,
4296 1339 4390 1405 ad
4427 1358 4582 1404 con·

2614 1431 3050 1496 firmationem
3088 1450 3219 1496 non
3256 1451 3492 1515 parum
3538 1430 3747 1496 valet:
3790 1429 3946 1512 quia
3977 1428 4108 1493 hue
4143 1426 4371 1492 tendit
4407 1423 4581 1508 quod

2616 1515 2697 1582 de
2756 1527 2934 1581 terra
2978 1516 3303 1583 Ohanaan
3349 1514 3744 1601 possidenda
3800 1514 4107 1580 Abrahae
4165 1512 4579 1599 promissum

2613 1601 2759 1680 fuit,
2804 1602 3068 1668 irritum
3111 1624 3243 1668 non
3277 1602 3435 1668 fore.
3498 1600 3920 1685 Peregrinari
3955 1600 4127 1665 enim
4163 1604 4236 1663 in
4269 1600 4582 1683 Aegypto

2612 1689 2928 1773 populum
2972 1690 3078 1754 cui
3122 1687 3274 1754 data
3317 1696 3461 1754 erat
3504 1689 3657 1755 alibi
3703 1684 4100 1765 haereditas,
4143 1706 4285 1750 non
4336 1702 4578 1751 conve-

2614 1776 2713 1839 nit
2755 1796 2901 1841 cum
2928 1774 3056 1839 Dei
3092 1776 3402 1840 veritate:
3448 1775 3576 1840 nisi
3619 1774 4020 1857 praescripto
4063 1780 4375 1854 tempore
4420 1769 4577 1835 libe-

2613 1868 2816 1926 retur.
2885 1861 3119 1926 Posset
3153 1862 3352 1927 etiam
3395 1860 3810 1926 adversative
3855 1858 4016 1943 capi.
4084 1856 4429 1940 Quamvis
4473 1875 4578 1940 pe—

2612 1946 2807 2031 pulus
2830 1947 2899 2010 in
2924 1950 3230 2030 Aegypto
3266 1946 3571 2013 habitans
3607 1944 3894 2012 exsultet
3927 1965 3967 2009 a
4002 1954 4182 2008 terra
4220 1943 4576 2021 Chanaan,

2611 2032 2887 2115 ideoque
2942 2034 3038 2097 ita
3093 2031 3401 2098 videatur
3454 2055 3494 2099 a
3546 2053 3653 2096 me
3709 2029 4185 2114 quodammodo
4253 2036 4575 2105 remotus,

2610 2117 2836 2185 audivi
2891 2123 3117 2183 tamen
3176 2118 3547 2185 clamorem.
3636 2116 3769 2183 Sed
3826 2115 4159 2200 probabile
4219 2124 4328 2181 est
4391 2114 4573 2192 illud,

2611 2204 2766 2287 quia
2799 2202 3144 2288 indignum
3181 2205 3268 2270 sit
3299 2204 3616 2288 populum
3654 2212 3869 2269 terrae
3905 2210 4173 2268 sanctae
4208 2200 4575 2267 haeredem

2610 2290 2765 2355 alibi
2822 2311 3083 2374 semper
3137 2310 3406 2356 manere
3461 2289 3856 2373 inquilinum
3878 2339 3894 2368 ,
3957 2288 4139 2354 brevi
4185 2288 4417 2354 Deum
4475 2306 4573 2352 re-

2610 2375 3016 2458 demptorem
3061 2374 3300 2442 adfore.
3367 2375 3449 2441 In
3484 2377 3615 2441 fine
3661 2395 3889 2440 versus
3933 2374 4240 2458 repetitio
4282 2383 4389 2439 est
4434 2372 4574 2439 aliis

2609 2460 2861 2541 verbis,
2928 2461 3099 2545 quod
3166 2461 3351 2528 Deus
3414 2461 3799 2547 cognoverit
3864 2458 4148 2540 dolores,
4231 2459 4358 2526 sed
4426 2479 4570 2526 cum

2610 2548 3134 2633 amplificatione.

2784 2635 2843 2700 8.
2892 2632 3206 2700 Descendi
3246 2638 3316 2699 ut
3357 2633 3703 2700 liberarent.
3793 2631 4053 2698 Clarius
4095 2632 4231 2698 iam
4279 2631 4570 2716 explicat

2611 2720 2733 2787 sibi
2778 2720 3186 2803 propositum
3230 2740 3373 2786 esse
3416 2740 3550 2785 non
3593 2719 3923 2802 praesenti
3965 2718 4157 2783 modo
4200 2716 4569 2784 calamitati

2611 2826 3015 2886 succurrere,
3069 2805 3183 2871 sed
3229 2814 3563 2890 praestare
3608 2804 3829 2871 datam
3877 2801 4183 2871 Abrahae
4227 2803 4434 2870 fidem
4491 2801 4568 2867 de

2612 2891 3019 2975 possessione
3065 2901 3279 2958 terrae
3324 2890 3664 2957 Chanaan.
3750 2890 3989 2956 Finem
4049 2911 4206 2975 ergo
4260 2890 4565 2973 redemp-

2612 2977 2809 3044 tionis
2854 2987 3057 3057 notat,
3101 2986 3179 3043 ut
3221 2978 3526 3043 fruantur
3569 2977 3788 3059 quiete
3845 2988 3910 3041 et
3968 2976 4382 3042 haereditate
4449 2974 4568 3043 sibi

2612 3065 2951 3149 promissa.
3037 3063 3213 3131 Nota
3255 3074 3355 3130 est
3398 3064 3655 3148 phrasis
3669 3114 3685 3142 ,
3751 3063 3967 3129 Deum
4012 3061 4095 3129 ad
4130 3085 4254 3130 nos
4301 3063 4566 3129 deseen-

2614 3150 2788 3228 dere,
2833 3152 2944 3217 ubi
2988 3174 3060 3218 re
3102 3152 3246 3235 ipsa
3268 3152 3584 3217 virtutem
3628 3169 3817 3216 suam
3838 3149 4108 3233 profert,
4154 3171 4362 3234 seque
4385 3147 4566 3215 nobis

2613 3237 3050 3321 propinquum
3095 3236 3399 3315 ostendit,
3444 3257 3519 3303 ao
3563 3236 3618 3302 si
3655 3234 3932 3315 diceret,
3989 3234 4209 3319 palam
4257 3254 4604 3302 sensuros.

2613 3322 2948 3389 Israelitas
2990 3324 3117 3390 sibi
3161 3322 3477 3388 auxilium
3523 3333 3784 3405 praesto
3827 3342 3985 3388 esse.
4044 3322 4257 3388 'I'erra
4298 3322 4438 3387 lata
4473 3319 4563 3386 vi-

2612 3406 2806 3474 detur
2847 3411 3084 3492 opponi
3129 3408 3455 3493 angustiis
3498 3409 3567 3473 in
3610 3429 3775 3490 quas
3818 3407 4092 3473 coniecti
4135 3416 4348 3473 erant.
4396 3407 4560 3472 Nam

2611 3496 2739 3560 etsi
2780 3494 3014 3560 fertilis
3058 3503 3124 3561 et
3166 3493 3506 3560 commoda
3551 3506 3694 3559 erat
3734 3505 3911 3558 terra
3949 3493 4195 3572 Gosen,
4240 3490 4561 3561 crescenti

2611 3588 2835 3647 tamen
2869 3580 3101 3646 turbae
3146 3582 3258 3646 vix
3303 3580 3385 3646 ad
3432 3580 3904 3647 habitationem
3940 3580 4240 3646 sufficere
4275 3584 4558 3664 poterat:

2613 3666 2847 3733 deinde
2888 3665 3026 3732 illic
3070 3666 3414 3743 serviliter,
3461 3687 3594 3731 non
3638 3686 3822 3731 secus
3868 3673 4063 3749 atque
4106 3665 4176 3730 in
4210 3663 4556 3751 ergastulo,

2611 3753 2816 3820 clausi
2859 3753 3275 3819 tenebantur.
3344 3751 3640 3817 Tandem
3682 3752 3922 3816 iterum
3945 3752 4295 3818 confirmat
4321 3773 4395 3818 se
4415 3768 4555 3816 cum

2610 3838 2742 3904 illis
2796 3839 3078 3921 benigne
3133 3847 3471 3920 acturum,
3516 3838 3670 3922 quia
3713 3839 3996 3922 gemitus
4038 3838 4441 3917 exaudierit,
4495 3841 4558 3899 et

2610 3945 2835 3990 eorum
2894 3944 3243 3990 aerumnas
3285 3946 3420 3989 non
3463 3924 3751 4008 ignoret,
3810 3925 4110 4007 quamvis
4152 3924 4353 4009 longo
4398 3933 4550 3987 tem-

2610 4031 2767 4095 pore
2810 4010 3171 4076 vindictam
3220 4008 3565 4077 distulerit.

2787 4182 2887 4248 10.
2946 4182 3105 4249 Veni
3146 4183 3371 4264 itaque,
3416 4186 3472 4246 et
3512 4183 3755 4246 mittam
3799 4186 3854 4245 te
3895 4181 3981 4246 ad
4029 4180 4447 4264 Pharaonem,
4490 4179 4554 4242 ut

2610 4270 2841 4335 educas
2908 4267 3217 4350 populum
3294 4287 3499 4332 meum
3572 4267 3741 4349 filios
3819 4266 4029 4333 Israel
4102 4288 4181 4334 ex
4260 4269 4548 4352 Aeqypto.

2614 4356 2715 4421 11.
2763 4354 2853 4420 Et
2892 4355 3059 4421 dioeit
3079 4352 3293 4420 Moses
3337 4353 3682 4420 adDeum:
3730 4353 3887 4435 Quis
3920 4374 4063 4420 sum
4103 4375 4208 4438 eqo
4242 4352 4552 4420 utvadam

2611 4442 2699 4509 ad
2746 4440 3149 4507 Pharaonem
3164 4491 3181 4518 ,
3240 4444 3296 4505 et
3342 4439 3599 4505 educam
3637 4437 3811 4520 filios
3856 4439 4067 4505 Israel
4107 4461 4184 4505 ex
4226 4441 4501 4524 Aeqypto
4514 4433 4549 4499 ἕ

2615 4529 2716 4594 12.
2761 4525 2854 4592 Et
2892 4526 3241 4609 respondit.-
3290 4525 3456 4607 Quia
3499 4530 3693 4591 tecum
3733 4545 3863 4605 ero,
3906 4532 3964 4591 et
4005 4526 4114 4593 hoe
4154 4527 4270 4593 bibi
4311 4526 4548 4609 siquam

2611 4614 2775 4698 quod
2816 4633 2921 4697 eqo
2964 4612 3247 4678 mismm
3289 4615 3378 4677 te.-
3427 4611 3632 4693 Quum
3673 4612 3967 4678 eduxeris
3995 4613 4309 4694 populum
4349 4613 4548 4693 ipsum

2611 4720 2690 4766 ex
2733 4698 2799 4763 A
2953 4704 3028 4778 to,
3073 4698 3284 4764 coletis
3308 4696 3517 4763 Deum
3548 4718 3753 4779 prope
3792 4704 4056 4764 montem
4096 4698 4277 4766 hunc.
4327 4697 4419 4762 13.
4462 4686 4546 4756 Et

2611 4787 2707 4852 ait
2750 4719 2962 4850 1533}
3003 4782 3091 4884 ad
3133 4782 3375 4882 Deum.-
3462 4783 3653 4861 Eece,
3713 4782 3822 4849 ubi
3863 4804 3970 4869 eqo
4012 4805 4230 4850 venero
4274 4784 4359 4850 ad
4391 4779 4546 4880 filios

2613 4871 2842 4956 Israel,
2885 4875 2939 4936 et
2977 4871 3194 4935 dzxero
3237 4889 3346 4947 ew,
3370 4869 3552 4936 Deus
3581 4874 3846 4952 patrum
3886 4875 4228 4936 vestrorum
4268 4870 4439 4936 misit
4458 4880 4544 4961 ἠε

2610 4959 2696 5024 ad
2737 4978 2877 5024 vos:
2920 4962 3065 5022 tunc
3107 4956 3169 5021 si
3207 4956 3510 5021 dixerint.-
3584 4956 3762 5037 Quod
3803 4975 4023 5021 nomen
4064 4958 4204 5022 eius
4245 4961 4360 5022 est.-
4399 4946 4543 5034 quud

2610 5045 2821 5110 dicam
2862 5042 3044 5108 alis?
3137 5040 3238 5106 14.
3306 5042 3480 5108 Tunc
3540 5042 3852 5124 respondit
3905 5042 4084 5109 Deus
4127 5042 4332 5109 Masi.-
4399 5034 4542 5101 Sum

2609 5130 2720 5229 qai
2734 5149 2920 5281 disum.
2962 5126 3101 5279 adEt
3139 5129 3267 5194 ait.-
3327 5127 3434 5195 Sic
3475 5129 3646 5194 dices
3688 5128 3777 5193 ad
3814 5127 3983 5210 filios
4027 5129 4266 5195 Israel:
4326 5124 4473 5192 Sum
4497 5115 4539 5201 ¹)

2608 5236 2733 5281 mis
2826 5236 2921 5280 me
3089 5233 3213 5280 voe.

2750 5402 2812 5474 1)
2849 5400 3086 5460 Gaura.-
3122 5402 3182 5457 si
3218 5402 3425 5456 auia-10
