4867 6150
273 487 403 554 693

278 675 497 742 omnia
540 673 1000 758 respondeant.
1087 676 1342 741 Verum
1398 673 1568 758 quod
1612 673 2038 757 praecipuum
2083 680 2227 739 erat

278 761 603 845 spectavi:
667 758 990 844 quomodo
1033 762 1107 827 in
1148 761 1343 827 rebus
1386 758 1657 827 occultis
1702 759 1919 825 dirimi
1965 769 2225 826 contro-

275 847 531 913 versiae
573 846 856 913 debeant
899 845 982 912 ad

276 933 442 998 Vult
500 953 658 1017 ergo
714 932 966 1000 absolvi

275 1016 448 1104 quod
481 1019 552 1084 in
587 1017 949 1085 custodiam
995 1026 1354 1104 acceperat,
1398 1019 1689 1103 periisse,
1733 1018 2038 1102 quamvis
2082 1018 2225 1084 eius

274 1106 369 1170 rei
414 1112 648 1170 testem
692 1125 826 1169 non
872 1105 1222 1189 producat:
1285 1106 1439 1189 quia
1480 1105 1781 1187 iniquum
1828 1114 1930 1170 est
1973 1112 2047 1170 ut
2085 1103 2224 1170 cul-

274 1211 426 1274 pam
462 1190 804 1270 sustineat,
848 1191 977 1256 nisi
1019 1193 1200 1258 fraus
1244 1193 1352 1258 vel
1395 1192 1679 1258 crassius
1724 1189 1987 1274 aliquod
2025 1187 2223 1256 delic-

275 1284 418 1341 tum
471 1276 924 1343 intervenerit.
1029 1275 1188 1343 Ideo
1243 1278 1311 1343 in
1370 1279 1501 1343 fine
1555 1276 1827 1342 dicitur:
1889 1273 2225 1359 Suscipiet

272 1383 609 1447 possessor
640 1364 1116 1428 iuramentum:
1161 1361 1333 1447 quod
1370 1362 1763 1429 tantundem
1807 1363 1985 1427 valet
2027 1369 2225 1444 atque

271 1460 543 1533 cogetur
606 1450 1042 1532 acquiescere,
1108 1471 1192 1515 ne
1257 1449 1435 1514 ultra
1496 1448 1866 1514 molestiam
1922 1447 2221 1514 facessat.

269 1534 580 1601 Notanda
625 1545 845 1600 autem
889 1533 1184 1618 loquutio
1227 1544 1363 1602 est:
1424 1536 1577 1601 Erit
1615 1532 2075 1601 iusiurandum
2099 1532 2222 1611 ,Ie-

270 1620 481 1688 bovae
515 1621 692 1687 inter
727 1619 977 1687 ambos:
1027 1623 1180 1705 quia
1223 1620 1485 1688 iurandi
1530 1620 1647 1686 reli
1699 1622 1760 1686 io
1798 1632 1866 1685 et
1909 1619 2225 1686 sanctitas

267 1705 798 1783 commendatur,
840 1705 997 1772 dum
1044 1707 1352 1774 admonet
1393 1707 1615 1773 Moses
1726 1726 1875 1772 eum
1921 1727 2066 1772 esse
2108 1725 2225 1771 au-

271 1806 475 1858 torem
517 1813 742 1861 sacrae
780 1792 1275 1874 testificationis,
1320 1793 1598 1877 ideoque
1633 1792 1920 1859 iudicem
1963 1812 2038 1858 ac
2083 1793 2226 1856 vin-

270 1879 477 1946 dicem
526 1877 897 1964 praesidere
923 1877 1023 1967 ¹)].

1075 868 1255 914 aoem
1300 854 1368 912 et
1410 846 1806 930 aequitatem
1853 843 2221 914 fovendam.

1069 932 1522 1018 epositarium‚
1598 932 1654 998 si
1710 932 1918 1011 iuret,
1978 930 2224 997 animal

863 2171 997 2238 EX
1040 2170 1344 2238 EXODI
1386 2170 1620 2237 XXII.

441 2341 620 2429 142).
682 2342 762 2410 Si
813 2342 1190 2410 commodato
1247 2342 1547 2423 acceperit
1602 2342 1926 2424 quispiam
1980 2362 2023 2407 a
2068 2362 2218 2423 pro-

266 2429 437 2494 ximo
494 2449 643 2508 suo,
700 2435 758 2495 et
806 2429 1188 2509 confractum
1240 2427 1439 2509 fuerit
1480 2432 1592 2493 aut
1621 2432 1933 2494 mortuum
1971 2428 2220 2494 domino

264 2515 399 2583 eius
455 2513 737 2598 absente,
795 2515 1106 2580 reddendo
1158 2513 1384 2579 reddet.
1476 2512 1578 2579 15.
1627 2511 1703 2578 Si
1741 2513 2044 2579 dominus
2079 2516 2221 2581 eius

260 2601 454 2684 fuerit
485 2620 630 2666 cum
663 2621 749 2679 eo,
786 2621 909 2667 non
941 2599 1186 2667 reddet.-
1226 2599 1290 2665 si
1322 2598 1683 2665 conductum
1716 2599 1930 2682 fuerit,
1970 2602 2219 2666 veniens

251 2707 376 2769 pro
410 2687 686 2754 mercede
727 2707 868 2753 sua.

435 2859 653 2926 Docet
697 2878 873 2924 nunc
900 2858 1136 2934 Moses,
1183 2855 1241 2921 si
1284 2855 1532 2921 animal
1575 2854 2061 2922 commodatum
2104 2877 2219 2941 pe-

265 2945 484 3024 rierit,
549 2945 657 3012 vel
717 2946 806 3010 sit
846 2944 1226 3009 mutilatum
1270 2952 1386 3007 aut
1429 2941 1736 3008 vitiatum
1756 2992 1772 3022 ‚
1830 2942 1986 3026 quid
2031 2942 2218 3010 iuris.

266 3032 389 3098 Est
443 3041 668 3099 autem
725 3030 854 3097 alia
896 3031 1089 3114 longe
1132 3027 1524 3095 commodati
1567 3027 1736 3095 ratio
1778 3049 1974 3113 quam
2021 3028 2219 3114 depo·

266 3119 406 3184 siti:
452 3140 614 3184 nam
656 3117 774 3201 qui
816 3114 1203 3192 commodet,
1251 3114 1639 3181 beneficium
1685 3116 1956 3181 confert.
2039 3115 2219 3201 Ergo

268 3205 377 3288 qui
434 3203 560 3270 sibi
616 3204 864 3286 aliquid
909 3200 1311 3269 commodari
1356 3213 1544 3286 rogat
1563 3251 1578 3278 ,
1624 3221 1696 3266 sc
1739 3202 2092 3283 obstringit
2135 3201 2218 3268 ad

267 3291 334 3356 id
354 3291 617 3358 salvum
644 3286 1110 3374 praestandum
1146 3295 1464 3370 quantum
1501 3287 1573 3351 in
1609 3308 1680 3353 se
1714 3288 1858 3353 erit.
1925 3287 2220 3354 Distinc-

267 3369 362 3443 tio
421 3389 642 3443 autem
699 3374 997 3458 ponitur,
1054 3373 1114 3440 si
1173 3372 1478 3439 dominus
1521 3374 1660 3455 ipse
1701 3373 2003 3439 animalis
2050 3373 2221 3439 adsit

268 3464 455 3531 testis
513 3462 813 3529 oculatus
829 3511 846 3540 ‚
906 3460 1138 3525 mortis
1197 3459 1302 3524 vel
1348 3460 1675 3525 fracturae
1719 3458 2032 3524 damnum
2077 3460 2219 3544 ipse

268 3550 580 3634 perferat:
643 3549 701 3613 si
750 3554 972 3613 autem
1015 3566 1093 3611 eo
1139 3545 1409 3611 absente
1454 3555 1786 3610 mortuum
1831 3545 1920 3610 sit
1958 3545 2221 3627 animal,

268 3644 385 3701 aut
440 3632 730 3699 deterius
786 3634 1063 3711 factum,
1121 3631 1318 3716 pretii
1369 3630 1611 3697 solutio
1668 3631 1732 3695 ei
1787 3629 2217 3699 adiudicatur.

268 3720 474 3785 Porro
508 3718 901 3784 tantundem
938 3717 1117 3784 valet
1157 3719 1298 3783 eius
1342 3717 1710 3799 praesentia
1752 3738 1828 3783 ac
1872 3717 1932 3783 si
1975 3717 2223 3785 dictum

267 3816 475 3885 esset,
533 3804 589 3870 si
649 3804 854 3871 oculis
907 3805 1044 3870 suis
1087 3803 1542 3888 conspexerit,
1587 3803 1829 3869 vitium
1875 3824 2008 3869 non
2053 3805 2219 3871 acci-

268 3891 440 3959 disse
475 3890 617 3958 eius
652 3890 846 3974 culpa
880 3892 986 3957 cui
1022 3890 1487 3970 commodavit,
1533 3910 1616 3954 ne
1651 3889 1739 3954 sit
1774 3890 1837 3955 ei
1881 3890 2217 3958 molestus.

263 3977 576 4061 Exempli
611 3978 845 4061 gratia,
890 3977 947 4042 si
992 3997 1231 4059 equum
1276 3974 1438 4040 mihi
1483 3972 1894 4042 commodato
1939 3974 2219 4061 dederis,

265 4072 331 4128 et
375 4084 510 4128 uua
553 4083 811 4128 mecum
856 4064 984 4128 iter
1025 4062 1227 4126 facias
1247 4111 1262 4141 ,
1318 4063 1622 4145 quamvis
1666 4061 1912 4145 aliquid
1957 4060 2219 4128 adversi

266 4148 519 4215 accidat
550 4147 769 4235 (modo
813 4149 981 4214 scias
1028 4167 1148 4213 nec
1193 4148 1582 4225 temeritate,
1621 4166 1750 4225 ⁴nec
1794 4147 2219 4232 negligentia,

265 4257 386 4302 nec
428 4234 604 4300 mala
648 4235 1041 4301 tractatione
1072 4254 1216 4300 esse
1244 4231 1550 4320 factum),
1601 4230 1769 4298 liber
1804 4254 1951 4299 sum
1987 4256 2062 4302 ac
2098 4237 2220 4300 im·

264 4323 485 4387 munis
523 4341 561 4385 a
597 4320 853 4387 damno.
938 4316 1132 4402 Quod
1167 4330 1390 4384 autem
1426 4318 1507 4385 de
1543 4319 1815 4384 animali
1849 4319 1958 4388 hic
1992 4323 2220 4387 statui-

267 4415 395 4487 tur,
430 4404 515 4473 ad
552 4407 715 4472 alias
756 4407 956 4472 etiam
1002 4427 1108 4470 res
1150 4405 1592 4471 commodatas
1630 4406 1968 4471 transferri
2008 4405 2218 4474 debet.

842 4697 975 4763 EX
1018 4696 1326 4764 LEVI'I'.
1371 4694 1635 4761 XXIV.

444 4871 546 4938 18.
599 4870 725 4952 Qui
770 4870 1153 4952 percusserit
1209 4868 1491 4934 anienem
1547 4866 1854 4934 animalis
1870 4919 1886 4949 ,
1941 4873 2222 4938 restituet

266 4954 461 5023 illud.-
503 4958 786 5022 animam
817 4976 939 5040 pro
980 4956 1217 5020 aniona.

440 5144 502 5214 1)
553 5144 744 5200 Totum
789 5144 889 5199 hoc
932 5157 1141 5198 comma
1185 5143 1337 5198 abest
1382 5144 1453 5200 ab
1499 5140 1580 5197 ed.
1622 5142 1899 5211 principe,
1936 5159 2050 5198 uon
2093 5160 2220 5201 vero

269 5214 385 5281 ipsc
429 5221 608 5268 textus
648 5214 726 5267 ad
769 5229 928 5294 quent
969 5212 1219 5293 refertur:
1296 5214 1475 5296 Antea
1511 5212 1737 5295 θρίων-0.·
1774 5213 2008 5295 Versum
2051 5230 2218 5268 unum

267 5283 412 5406 iffi
442 5281 1533 5475 3222⁶m¹23„222052:322222221f21‘12‘
1577 5282 1647 5335 ὼ
1698 5288 2046 5350 mm...
2092 5299 2218 5338 0...

443 5419 505 5490 2)
536 5422 705 5477 Hebr.
742 5420 774 5474 1
813 5461 825 5475 .
864 5418 946 5473 14.

1709 482 2163 553 OCTAVUM
2206 482 2854 554 PRAEOEP'I'UM.

4165 480 4298 549 694

2893 674 3028 742 EX
3071 675 3406 745 EODEM
3450 677 3810 745 ΟΑΡΙΤΕ.

2499 845 2605 912 21.
2648 848 2774 930 Qui
2797 850 3187 933 percusserit
3227 849 3492 929 animal,
3536 850 3753 918 reddet
3791 850 3973 918 illud.

2501 1017 2633 1085 Hic
2698 1019 3018 1104 praecipit
3076 1019 3291 1101 Deus,
3363 1028 3436 1086 ut
3491 1023 3604 1105 qui
3664 1021 3982 1089 damnum
4039 1022 4287 1103 intulit,

2327 1103 2724 1172 satisfaciat:
2808 1106 3112 1189 quamvis
3190 1107 3260 1175 in
3329 1128 3470 1173 rem
3537 1128 3723 1173 suam
3791 1130 3922 1174 non
3985 1109 4281 1178 verterit.

2325 1189 2561 1274 Neque
2615 1192 2793 1256 enim
2851 1191 2921 1259 in
2982 1193 3157 1258 furto
3203 1192 3631 1278 spectandum
3674 1202 3774 1260 est
3816 1194 4072 1262 lucrum
4091 1245 4108 1275 ,
4166 1193 4284 1261 sed

2329 1276 2606 1344 nocendi
2673 1277 2981 1356 affectus,
3048 1279 3157 1344 vel
3216 1280 3415 1344 etiam
3482 1279 3615 1345 alia
3676 1279 4004 1364 quaelibet
4070 1281 4281 1363 culpa.

2330 1361 2510 1428 Fieri
2571 1363 2748 1429 enim
2808 1371 3054 1448 potest,
3116 1372 3191 1429 ut
3243 1366 3355 1449 qui
3414 1365 3689 1433 alterius
3747 1367 3978 1433 bovem
4024 1367 4282 1446 occidit,

2328 1470 2461 1514 non
2520 1458 2788 1534 appetat
2830 1449 3131 1516 consulto
3175 1452 3482 1517 iniuriam
3529 1453 3773 1533 facere,
3836 1451 3954 1519 sed
3996 1452 4097 1519 ira
4139 1474 4282 1536 per·

2327 1536 2515 1610 citus,
2560 1535 2670 1601 vel
2711 1534 3195 1603 inconsiderato
3236 1537 3546 1620 impulsu,
3593 1537 3905 1603 damnum
3952 1538 4283 1605 nihilomi-

2327 1642 2454 1687 nus
2512 1621 2769 1687 inferat.
2858 1621 3264 1706 Quocunque
3320 1623 3524 1708 igitur
3568 1622 3760 1690 modo
3804 1625 4124 1708 quispiam
4172 1624 4283 1691 de-

2326 1706 2594 1790 liquerit
2660 1706 2836 1774 unde
2902 1708 3069 1775 alter
3133 1709 3483 1793 pauperior
3545 1710 3632 1776 sit
3696 1709 3938 1790 factus,
4019 1711 4284 1777 iubetur

2328 1790 2642 1858 damnum
2701 1794 2961 1860 sarcire.
3051 1795 3247 1863 Unde
3305 1804 3485 1878 patet
3527 1796 3688 1861 furti
3733 1817 3953 1863 coram
3998 1796 4142 1862 Deo
4185 1804 4283 1861 te-

2327 1879 2473 1943 neri
2517 1880 2888 1964 quicunque
2932 1901 3068 1946 non
3112 1883 3206 1946 ita
3248 1882 3371 1948 sibi
3417 1891 3823 1967 temperant,
3881 1891 3958 1948 ut
3997 1883 4281 1949 fratrum

2327 1985 2597 2031 suorum
2655 1965 2994 2032 commoda
3036 1968 3309 2051 perinde
3352 1977 3583 2034 curent
3626 1977 3820 2051 atque
3865 1990 4000 2035 sua.
4090 1968 4283 2035 Finis

2325 2052 2501 2116 enim
2563 2051 2726 2136 legis
2784 2059 2913 2131 est,
2973 2074 3058 2119 ne
3116 2054 3222 2120 cui
3280 2074 3321 2118 a
3378 2051 3568 2120 nobis
3610 2055 3864 2121 iactura
3904 2054 4287 2138 proveniat:

2325 2136 2498 2287 quqld
2560 2145 2718 2204 tunc
2777 2137 3042 2205 demum
3095 2140 3210 2206 fiet
3264 2141 3321 2205 si
3383 2138 3571 2206 nobis
3628 2161 3827 2207 curae
3872 2142 3958 2207 sit
3999 2142 4284 2207 fratrum

2326 2223 2422 2288 uti
2455 2222 2596 2290 ‘tas.

2942 2566 3077 2632 EX
3119 2567 3424 2636 EXODI
3465 2566 3663 2634 XXI.

2498 2735 2601 2803 33.
2655 2738 2863 2820 Quum
2916 2741 3238 2821 aperuerit
3290 2738 3436 2822 quis
3491 2739 3862 2819 cister-rim,
3917 2738 4016 2805 vel
4053 2739 4285 2820 foderit

2324 2823 2471 2904 quie
2523 2825 2889 2901 cis-ternam,
2951 2829 3007 2889 et
3046 2845 3176 2892 non
3216 2825 3597 2906 cooperuerit
3652 2845 3826 2891 eam.-
3877 2824 4287 2907 cecideritque

2323 2908 2477 2974 illuc
2532 2910 2641 2976 bos
2696 2911 2795 2976 vel
2849 2910 3094 2991 asim-3,
3182 2909 3286 2977 34.
3341 2909 3660 2976 Dominus
3713 2911 4017 2976 cisternae
4070 2911 4289 2977 reddet

2311 2996 2681 3077 pecuniam,
2736 3000 2794 3062 et
2830 2997 3110 3064 restituet
3149 2997 3397 3064 domino
3439 2997 3606 3062 eius:
3662 3000 3720 3061 et
3761 2995 3924 3079 quod
3962 3001 4285 3063 mortuum

2323 3087 2442 3159 est,
2485 3084 2604 3148 erit
2645 3082 2844 3149 illius.
2936 3082 3038 3150 35.
3088 3083 3167 3150 Si
3196 3084 3575 3168 percusserit
3616 3082 3722 3148 bos
3762 3084 4036 3149 alicuius
4077 3083 4285 3150 bovem

2313 3169 2603 3251 proximi
2639 3170 2765 3249 sui,
2807 3174 3210 3253 mortuusque
3243 3170 3458 3254 fuerit,
3501 3174 3648 3234 tunc
3687 3170 3946 3235 venoent
3963 3169 4168 3236 bovem
4188 3171 4283 3236 vi-

2322 3274 2504 3336 vum,
2570 3259 2630 3319 et
2686 3254 3058 3336 partientur
3103 3258 3385 3339 pretium
3434 3256 3603 3321 eius.-
3673 3260 3988 3321 monicum
4044 3275 4282 3339 quoque

2312 3341 2695 3421 partientur.
2761 3340 2864 3406 36.
2919 3341 3095 3424 Quod
3131 3345 3192 3409 ei
3235 3348 3446 3408 notum
3485 3340 3686 3423 fuerit
3723 3341 3929 3407 bovem
3971 3361 4103 3407 esse
4142 3362 4283 3408 cor-

2322 3431 2619 3509 nupetam
2673 3427 2754 3492 ab
2808 3426 2949 3493 heri
2998 3432 3056 3493 et
3110 3428 3602 3505 nuditaetertiuS,
3658 3432 3715 3493 et
3767 3448 3891 3494 non
3929 3428 4287 3495 custodierit

2324 3533 2467 3578 eum
2498 3513 2791 3579 dominus
2804 3514 2977 3664 31⁴3,
3021 3516 3332 3582 reddendo
3373 3514 3586 3580 reddet
3624 3513 3833 3579 bovem
3857 3534 3983 3596 pro
4021 3513 4179 3596 bove,
4221 3519 4284 3580 et

2498 3770 2601 3836 33.
2654 3771 2862 3853 Quum
2918 3770 3250 3853 aperuerit.
3328 3770 3514 3835 Alias
3572 3768 3786 3835 adhuc
3846 3769 4072 3835 damni
4125 3770 4281 3837 facti

2326 3857 2577 3939 species
2637 3867 3010 3934 enumerat,
3069 3857 3139 3920 in
3198 3857 3437 3939 quibus
3488 3855 3820 3921 restitutio
3864 3856 4040 3940 exigi
4087 3855 4281 3923 debet

2325 3944 2408 4009 ab
2467 3964 2543 4007 eo
2604 3943 2714 4025 qui
2759 3939 2940 4006 dedit
2982 3961 3245 4007 causam
3291 3962 3520 4007 noxae.
3608 3942 3836 4006 Primo
3879 3940 4151 4009 dicitur:
4202 3941 4276 4010 Si

2324 4029 2471 4111 quis
2507 4038 2784 4112 puteum
2831 4038 2946 4093 aut
2989 4029 3337 4094 cisternam
3383 4027 3700 4107 effoderit,
3744 4048 3957 4110 neque
3999 4049 4275 4111 operue-

2325 4116 2445 4194 rit,
2504 4122 2698 4197 atque
2750 4113 2909 4180 illuc
2952 4113 3259 4181 ceciderit
3302 4113 3578 4192 animal,
3638 4115 3851 4178 teneri
3896 4113 3976 4178 ad
4021 4114 4276 4181 solven-

2325 4199 2484 4267 dum
2519 4201 2838 4284 pretium:
2888 4206 2955 4265 et
2991 4200 3241 4277 merito,
3286 4200 3441 4282 quia
3475 4199 3616 4264 eius
3651 4200 3906 4266 incuria
3948 4199 4029 4264 ad
4076 4201 4278 4265 latam

2325 4287 2588 4368 culpam
2625 4285 2892 4352 accedit.
2960 4285 3091 4352 Ubi
3128 4307 3356 4350 rursus
3400 4285 3830 4368 perspicimus
3854 4285 4068 4350 Deum
4116 4286 4286 4352 velle

2327 4373 2623 4457 singulos
2660 4371 2741 4436 de
2784 4371 3065 4436 fratrum
3112 4391 3381 4436 suorum
3427 4370 3711 4436 utilitate
3753 4391 3897 4436 esse
3941 4371 4281 4437 sollicitos:

2325 4459 2639 4542 quoniam
2698 4467 2921 4523 tamen
2978 4456 3146 4522 nihil
3194 4455 3449 4523 fraudis
3494 4457 3599 4523 vel
3643 4457 3930 4522 malitiae
3974 4457 4286 4526 interces-

2326 4546 2441 4621 sit,
2503 4544 2715 4610 soluto
2760 4545 2998 4625 pretio,
3060 4543 3343 4610 cadaver
3387 4551 3460 4608 ut
3505 4541 3586 4607 ad
3645 4565 3715 4608 se
3758 4543 4083 4626 recipiant
4134 4566 4280 4627 per·

2325 4630 2636 4695 mittitur.
2712 4627 2785 4695 Si
2834 4650 2988 4694 vero
3032 4630 3146 4695 bos
3189 4629 3388 4694 unius
3432 4627 3515 4693 ab
3561 4628 3831 4695 alterius
3875 4630 4037 4696 bove
4079 4630 4281 4696 fuerit

2325 4717 2616 4796 occisus,
2687 4716 3148 4799 aequissimum
3215 4715 3429 4779 fertur
3487 4712 3830 4780 iudicium:
3904 4716 3962 4781 si
4017 4729 4280 4800 praeter

2323 4802 2698 4885 opinionem
2757 4812 2823 4867 et
2864 4802 3209 4884 repentino
3251 4822 3405 4866 casu
3453 4798 3521 4864 id
3564 4800 3906 4878 acciderit,
3950 4811 4027 4866 ut
4069 4802 4281 4885 parti-

2326 4900 2527 4953 antur
2578 4889 2751 4952 inter
2807 4908 2878 4952 se
2923 4887 3159 4953 bovem
3204 4901 3565 4960 mortuum,
3627 4895 3696 4949 et
3739 4886 3945 4952 altero
3989 4886 4274 4966 vendito,

2325 4975 2606 5057 quisque
2664 4971 3000 5039 dimidiam
3061 4980 3315 5056 partem
3362 4971 3558 5054 pretii
3602 4974 3910 5056 accipiat:
3969 4973 4070 5037 sin
4115 4993 4278 5038 vero

2326 5061 2443 5126 bos
2480 5060 2679 5125 fuerit
2714 5070 3089 5144 cornupeta,
3135 5072 3210 5122 ut
3245 5057 3549 5123 dominus
3587 5059 3728 5124 eius
3765 5060 4073 5123 maiorem
4121 5078 4277 5142 poe·

2322 5167 2480 5213 nam
2540 5146 2711 5220 luat.
2786 5155 2998 5209 totum
3055 5145 3339 5228 pretium
3397 5144 3745 5210 solvendo:
3815 5144 3967 5227 quia
4025 5143 4283 5209 malum

2322 5251 2715 5314 praecavere
2750 5230 3000 5296 debuit:
3036 5230 3308 5313 ideoque
3348 5251 3579 5313 parum
3615 5229 3947 5296 humanus
3981 5228 4124 5308 fuit,
4161 5228 4283 5296 de-

2322 5318 2618 5382 trimenti
2662 5337 2922 5382 causam
2971 5315 3201 5382 dando.
4256 5343 4271 5346 -

3752 5499 3858 5554 44·
