4867 6150
307 452 443 521 625

308 644 465 727 quia
509 662 639 709 non
684 643 875 709 aliter
910 663 1120 727 poena
1163 643 1481 709 eximitur
1524 643 1632 725 qui
1678 645 2018 728 percussit,
2063 664 2262 727 quam

308 730 370 796 si
424 730 520 795 ita
572 729 695 794 sibi
752 728 1129 795 moderatus
1186 729 1275 794 sit
1326 739 1401 794 ut
1444 750 1576 795 non
1621 738 1937 813 appareat
1978 729 2262 795 crudeli-

310 816 467 881 tatis
531 814 867 883 indicium.
968 815 1141 881 Nam
1198 836 1424 882 servos
1484 836 1602 900 per
1653 815 1827 881 diem
1886 837 2096 881 unum
2158 815 2264 881 vel

311 902 478 968 duos
514 901 653 967 dies
696 912 873 967 stare
913 900 1306 966 tantundem
1348 902 1531 967 valet
1572 921 1649 968 ac
1691 904 1917 986 vigere
1961 901 2265 968 omnibus

308 988 591 1073 integris
648 987 987 1054 membris:
1042 987 1216 1070 quod
1271 987 1330 1054 si
1384 988 1709 1053 inflictum
1771 998 1944 1054 essct
2002 989 2263 1065 vulnus,

309 1083 427 1140 aut
485 1082 834 1158 appareret
890 1072 1027 1138 ulla
1069 1072 1425 1158 mutilatio,
1469 1073 1690 1139 caedis
1734 1095 1888 1140 reus
1929 1082 2075 1139 erat
2117 1094 2264 1157 per·

309 1180 558 1228 cussor.
627 1159 689 1225 N
692 1179 780 1224 on
824 1160 1186 1225 absolvitur
1228 1179 1386 1244 ergo
1430 1161 1555 1226 nisi
1599 1160 1714 1243 qui
1756 1181 2028 1227 servum
2070 1162 2263 1227 casti-

310 1268 470 1331 gare
513 1246 840 1312 duntaxat
882 1245 1118 1311 voluit:
1166 1246 1273 1311 ubi
1321 1254 1539 1312 autem
1587 1246 1772 1310 nulla
1814 1256 2089 1330 apparet
2130 1246 2264 1312 lae·

308 1333 442 1413 sio,
509 1331 844 1415 probabile
909 1341 1010 1397 est
1074 1351 1206 1396 non
1265 1331 1465 1398 fuisse
1509 1330 1848 1397 occidendi
1892 1331 2260 1398 consilium.

307 1419 545 1501 Itaque
608 1417 715 1483 lex
783 1438 950 1501 quae
1014 1417 1477 1502 sanguinarios
1542 1420 1825 1502 impetus
1890 1418 2263 1503 compescit,

304 1505 612 1571 fraenum
671 1502 1037 1569 homicidiis
1091 1503 1363 1568 minime
1408 1503 1606 1569 laxat.
1695 1504 1892 1570 Ratio
1938 1524 2105 1588 quae
2149 1503 2261 1569 ad-

308 1590 521 1667 ditur,
583 1587 665 1655 ad
724 1592 1053 1673 privatam
1110 1591 1432 1656 iacturam
1480 1590 1793 1672 restringi
1839 1588 2064 1656 debet:
2109 1591 2264 1674 quia

305 1696 647 1760 nunquam
673 1676 796 1741 hoc
823 1685 1168 1758 praetextu
1193 1674 1645 1742 absolveretur
1689 1675 2037 1755 homicida,
2082 1675 2258 1761 quod

306 1761 589 1847 pecunia
639 1782 904 1827 servum
966 1762 1233 1840 emerit,
1291 1783 1495 1845 quum
1538 1763 1681 1827 vita
1725 1761 2011 1828 hominis
2050 1762 2264 1846 pretio

305 1848 642 1916 aoetimari
685 1857 984 1930 nequeat.

483 1934 589 2001 22.
659 1934 867 2015 Quum
946 1936 1153 1999 autem
1227 1933 1435 1999 rixati
1498 1932 1757 2016 fuer-int.
1867 1933 2089 1999 Locus
2153 1932 2263 1999 hic

302 2022 525 2106 primo
568 2021 816 2086 intuitu
856 2021 1206 2103 ambiguus
1249 2027 1381 2098 est,
1424 2020 1581 2102 quia
1622 2021 1679 2086 si
1725 2040 1903 2086 mors
1946 2017 2262 2103 intelligi·

300 2116 421 2173 tur
479 2114 739 2171 tantum
795 2105 1089 2171 mulieris
1139 2103 1485 2189 gravidae,
1544 2105 1790 2172 foetum
1835 2106 2263 2191 exstinguere

301 2192 585 2277 capitale
636 2211 773 2256 non
829 2192 1089 2257 fuisset:
1151 2190 1324 2274 quod
1384 2210 1629 2274 magna
1681 2190 2086 2258 absurditate
2130 2211 2261 2256 non

300 2288 507 2346 caret.
573 2278 821 2344 Foetus
856 2278 1035 2343 enim
1069 2283 1261 2341 utero
1297 2277 1529 2342 matris
1563 2278 1857 2344 inclusus
1891 2279 2024 2342 iam
2069 2278 2264 2343 homo

302 2376 441 2432 est:
490 2366 627 2431 vita
660 2377 881 2430 autem
928 2363 1192 2447 privari,
1235 2363 1423 2429 cuius
1465 2384 1736 2430 usuram
1780 2363 2070 2429 nondum
2117 2384 2265 2447 per·

301 2453 500 2535 cepit,
543 2451 682 2515 fere
715 2448 1163 2534 prodigiosum
1198 2460 1320 2514 est.
1384 2448 1579 2530 Quod
1612 2450 1682 2516 si‘
1709 2449 2042 2515 hominem
2089 2448 2266 2514 domi

302 2559 468 2605 suae
524 2534 733 2602 occidi
787 2557 982 2619 quam
1041 2535 1113 2599 in
1172 2554 1335 2619 agro
1378 2534 1647 2601 videtur
1687 2535 2056 2620 indignius,
2112 2556 2268 2618 quo·-

301 2624 489 2689 niam
515 2643 636 2688 sua
656 2622 888 2706 cuique
909 2620 1142 2687 domus
1165 2622 1569 2687 tutissimum
1607 2632 1708 2688 est
1742 2622 2264 2705 receptaculum:

301 2710 522 2775 multo
579 2708 867 2774 atrocius
924 2708 1176 2774 censeri
1233 2706 1426 2773 debet
1480 2708 1730 2773 foetum
1789 2710 1903 2791 qui
1968 2706 2262 2772 nondum

302 2797 376 2862 in
424 2795 639 2861 lucem
680 2794 894 2860 editus
937 2802 1038 2859 est
1078 2794 1150 2858 in
1193 2801 1382 2860 utero
1424 2796 1666 2860 necari.
1735 2794 1862 2860 His
1904 2793 2265 2860 rationibus

303 2880 619 2961 adducor,
663 2889 744 2945 ut
775 2902 906 2946 non
944 2879 1238 2946 dubitem
1275 2879 1357 2946 ad
1402 2880 1652 2946 foetum
1694 2901 1953 2963 quoque
1995 2878 2265 2946 extendi

303 2987 446 3034 nou
503 2968 726 3033 minus
779 2987 975 3050 quam
1021 2963 1105 3030 ad
1148 2973 1458 3044 matrem,
1516 2966 1586 3032 id
1631 2966 1803 3049 quod
1850 2965 2125 3031 dicitur:
2185 2962 2263 3031 Si

301 3076 490 3121 mors
530 3061 937 3138 consequuta
981 3053 1085 3119 sit.
1155 3051 1343 3118 Adde
1387 3053 1556 3136 quod
1604 3053 1875 3118 minime
1920 3060 2263 3119 consenta-

303 3162 511 3207 neum
570 3150 741 3206 esset
799 3149 1054 3222 patrem
1112 3139 1230 3203 filii
1284 3140 1387 3205 sui
1430 3139 1539 3204 vel
1584 3139 1761 3206 filiae
1807 3139 2009 3204 vita'm
2056 3139 2266 3222 pretio

302 3225 619 3292 vendere.
709 3225 935 3306 Quare
987 3225 1096 3290 hic
1137 3223 1313 3310 (meo
1354 3224 1620 3312 indicio)
1663 3226 1831 3311 legis
1874 3245 2105 3291 sensus
2144 3233 2263 3302 est,

304 3315 562 3381 crimen
620 3333 766 3378 esse
823 3322 1033 3376 morte
1080 3310 1353 3394 dignum
1411 3331 1544 3376 non
1594 3312 1811 3377 solum
1872 3311 1981 3376 ubi
2027 3308 2266 3376 mulier

305 3420 398 3465 ex
435 3398 669 3465 abortu
713 3397 928 3480 periit,
971 3396 1086 3464 sed
1131 3397 1329 3461 etiam
1377 3398 1434 3462 si
1478 3396 1698 3463 infans
1740 3398 1941 3462 fuerit
1983 3398 2264 3464 occisus:

304 3485 454 3552 sive
509 3485 601 3551 sit
655 3483 1021 3561 abortivus,
1067 3485 1210 3548 sive
1252 3484 1449 3566 paulo
1492 3499 1639 3568 post
1682 3505 1765 3548 ex
1810 3482 2084 3549 vulnere
2126 3502 2265 3547 mo-

305 3573 539 3637 riatur.
635 3569 988 3636 Caeterum
1047 3570 1204 3651 quia
1262 3570 1407 3634 fieri
1465 3589 1597 3634 non
1658 3577 1877 3653 potest
1919 3569 2081 3653 quin
2124 3589 2266 3634 ma-

305 3666 480 3723 trem
534 3666 602 3721 ct
644 3656 886 3720 liberos
922 3653 1222 3719 debilitet
1263 3655 1662 3721 immaturus
1703 3665 1967 3739 partus,
2027 3655 2266 3719 marito

303 3743 717 3828 permittitur
753 3740 1070 3806 mulctam
1108 3741 1378 3827 exigere
1415 3740 1590 3823 apud
1634 3740 1903 3821 iudices,
1945 3762 2115 3824 quae
2159 3761 2268 3805 eo-

307 3849 459 3895 rum
495 3827 767 3894 arbitrio
810 3827 879 3891 in
925 3827 1234 3892 solatium
1279 3837 1347 3892 et
1391 3826 1614 3892 damni
1658 3828 2059 3892 levationem
2107 3847 2268 3909 pen-

309 3915 526 3981 datur.
614 3914 760 3978 Etsi
818 3914 992 3977 enim
1051 3934 1189 3978 non
1231 3913 1411 3978 aliud
1454 3934 1650 3996 quam
1697 3913 2045 3998 pecuniam
2092 3910 2268 3997 apud

308 4000 559 4066 iudices
616 4001 1095 4083 repraesentari
1148 3997 1332 4064 iubet
1376 3997 1593 4065 Deus:
1651 4020 1762 4064 eos
1806 4012 2026 4064 tamen
2070 3997 2269 4064 aesti-

309 4097 600 4152 matores
658 4099 725 4150 et
782 4085 1065 4150 arbitros
1107 4084 1437 4168 praeficit,
1496 4085 1555 4151 si
1596 4085 1770 4150 forte
1811 4087 2096 4150 maritus
2139 4105 2273 4149 mo·

314 4172 474 4239 dum
520 4171 814 4238 excedat.
895 4169 1089 4252 Quod
1131 4185 1353 4236 autem
1398 4171 1522 4237 hoc
1565 4171 1706 4238 loco
1752 4171 1963 4254 legem
2007 4169 2272 4235 talionis

313 4258 587 4343 repetit,
643 4257 796 4322 inde
830 4257 1292 4341 perspicimus,
1337 4257 1517 4322 iusta
1559 4259 1979 4341 proportione
2024 4257 2270 4335 habita,

312 4344 590 4412 eandem
649 4363 792 4409 esse
836 4343 1165 4411 vindictae
1208 4342 1531 4409 rationem
1575 4344 1647 4407 in
1692 4344 1891 4409 dente
1933 4342 2043 4408 vel
2084 4341 2272 4410 oculo

314 4440 384 4498 et
425 4431 494 4496 in
542 4432 688 4513 ipsa
729 4430 899 4509 vita,
945 4439 1023 4494 ut
1065 4449 1276 4512 aequa
1316 4428 1711 4513 respondeat
1755 4427 2058 4496 maleficii
2098 4450 2273 4496 com-

316 4516 637 4603 pensatio.
726 4515 905 4600 Ergo
951 4514 1033 4580 ad
1079 4516 1372 4600 singulas
1416 4525 1637 4600 partes
1680 4516 1919 4582 merito
1962 4517 2273 4582 transfer-

317 4615 450 4681 tur,
496 4611 573 4669 ut
606 4603 720 4685 qui
754 4601 945 4668 fratri
989 4623 1109 4668 suo
1150 4601 1410 4670 oculum
1454 4602 1645 4679 eruit,
1692 4601 1796 4666 vel
1842 4621 2116 4667 manum
2161 4600 2274 4667 ab·

318 4688 543 4766 scidit,
588 4687 696 4753 vel
740 4708 889 4754 crus
932 4689 1149 4774 fregit,
1191 4688 1454 4754 oculum
1496 4686 1608 4753 vel
1650 4705 1923 4753 manum
1968 4687 2076 4753 vel
2119 4705 2275 4753 crus

319 4775 574 4861 perdat.
671 4773 758 4838 In
828 4795 1122 4853 summa,
1191 4775 1271 4839 ad
1338 4795 1601 4840 omnem
1654 4774 1792 4838 vim
1844 4770 2274 4840 cohibendam

318 4882 573 4928 merces
607 4859 991 4944 rependitur
1025 4881 1143 4945 pro
1177 4859 1372 4926 modo
1406 4859 1732 4926 maleficii.
1792 4860 2000 4925 Porro
2043 4880 2276 4943 quam·

321 4950 427 5015 vis
456 4946 538 5013 de
573 4946 872 5013 sontibus
894 4966 1170 5029 poenam
1197 4946 1383 5013 Deus
1424 4948 1602 5032 exigi
1647 4946 1825 5027 velit,
1873 4965 2008 5010 non
2046 4955 2273 5010 tamen

324 5035 380 5100 si
419 5034 566 5118 quis
605 5033 824 5099 laesus
867 5033 1092 5113 fuerit,
1135 5033 1497 5099 vindictam
1539 5042 1848 5117 appetere
1891 5031 2115 5098 debet:
2162 5051 2277 5096 ne-

325 5140 451 5204 que
495 5120 671 5184 enim
715 5138 936 5185 secum
983 5132 1241 5203 pugnat
1274 5117 1476 5199 Deus,
1520 5120 1634 5203 qui
1679 5119 1870 5185 toties
1911 5118 2083 5184 filios
2127 5138 2279 5182 suos

326 5205 631 5271 hortatur
688 5225 824 5269 non
881 5204 1072 5269 modo
1128 5205 1211 5267 ad
1268 5205 1544 5271 iniurias
1586 5206 1913 5287 patienter
1954 5202 2280 5283 ferendas,

327 5292 440 5358 sed
475 5293 676 5357 etiam
718 5290 1054 5357 beneficiis
1098 5290 1469 5357 vincendas.
1537 5291 1647 5357 Ad
1692 5312 1969 5376 poenam
2014 5289 2281 5356 trahen-

329 5377 451 5444 dus
486 5389 588 5444 est
623 5376 966 5457 homicida,
1011 5375 1115 5442 vel
1159 5376 1272 5460 qui
1310 5378 1681 5443 membrum
1724 5380 1947 5445 fratris
1990 5379 2090 5445 sui
2134 5399 2281 5443 mu-

534 5480 758 5535 Galm'ni
785 5494 974 5548 opera.
1054 5476 1176 5533 Vol.
1205 5473 1436 5534 XXIV.

1774 452 2160 522 suxmtm
2203 451 2859 525 PRAEOEPOEUM.

4195 452 4325 519 626

2367 643 2610 711 tilavit:
2656 644 2839 726 atqui
2885 662 3019 707 non
3060 643 3205 709 ideo
3249 644 3553 727 protinus
3594 642 3778 725 licet,
3832 644 3891 709 si
3936 644 4074 708 vim
4116 643 4327 710 inius-

2363 739 2500 795 tam
2559 749 2792 813 passus
2849 729 3091 807 fueris,
3152 728 3540 796 iracundiae
3597 730 3706 795 vel
3761 730 3909 795 odio
3954 730 4138 795 indul
4190 751 4323 809 ere,

2365 828 2442 881 ut
2498 836 2619 900 par
2669 817 2813 900 pari
2874 816 3138 881 referas.
3229 814 3561 897 Quoniam
3619 816 3727 881 hic
3770 837 3955 882 error
3995 836 4124 899 apn
4214 815 4327 880 Iu-

2365 902 2562 968 daeos
2597 901 2989 980 invaluerat,
3034 922 3187 967 eum
3223 901 3465 966 refellit
3487 901 3794 968 Christus
3817 900 4036 1002 (matt.
4082 901 4143 979 5,
4189 901 4326 988 38),

2367 1008 2445 1053 ac
2500 987 2721 1061 docet,
2780 1007 3060 1072 poenam
3118 1008 3287 1071 quae
3343 986 3598 1071 publice
3642 996 3965 1053 statuitur
4006 988 4326 1055 adversus

2368 1075 2629 1149 noxios,
2689 1094 2819 1138 non
2875 1075 3122 1138 servire
3180 1074 3478 1156 privatae
3530 1075 3844 1158 cuiusque
3902 1074 4191 1154 libidini,
4250 1084 4329 1141 ut

2367 1162 2480 1243 qui
2513 1160 2805 1225 offensus
2839 1169 2960 1234 est,
3002 1157 3087 1224 ad
3120 1159 3559 1225 retaliandum
3596 1160 3912 1244 prosiliat.
3980 1159 4120 1226 Nec
4165 1181 4328 1228 sane

2368 1246 2453 1312 ad
2511 1267 2622 1312 eos
2667 1244 3047 1329 diriguntur
3091 1246 3292 1311 verba
3333 1265 3500 1330 quae
3543 1248 3961 1313 inflamment
4003 1246 4114 1312 vel
4157 1246 4325 1314 inci-

2367 1341 2516 1398 tent
2556 1331 2916 1398 ulciscendi
2958 1332 3299 1410 affectum,
3355 1331 3471 1398 sed
3512 1353 3762 1416 poenae
3804 1344 3986 1398 metu
4032 1352 4327 1415 compes-

2366 1420 2542 1485 citur
2582 1418 2796 1483 omnis
2840 1418 3166 1483 violentia.

2540 1503 2644 1570 26.
2717 1505 2923 1586 Qucum
2998 1508 3207 1570 autem
3274 1506 3663 1585 percusserit
3726 1504 3989 1571 oculum
4099 1502 4324 1586 Quum

2365 1590 2543 1674 apud
2568 1591 2784 1657 Deum
2830 1611 2964 1654 non
3007 1589 3095 1656 sit
3136 1611 3368 1657 servus
3414 1610 3536 1656 nec
3576 1589 3761 1669 liber,
3806 1598 3985 1657 certe
4024 1600 4125 1656 est
4170 1611 4317 1674 per-

2365 1675 2520 1742 inde
2576 1697 2845 1760 peccare
2901 1677 3014 1759 qui
3070 1696 3333 1741 servum
3392 1678 3677 1758 percutit
3735 1696 3811 1742 ac
3852 1678 3907 1744 si
3951 1675 4155 1743 libero
4197 1677 4318 1742 ho-

2365 1763 2534 1828 mini
2578 1783 2844 1828 manum
2890 1762 3180 1827 inferret.-
3249 1762 3503 1827 Verum
3548 1762 3762 1846 quoad
3803 1763 3907 1829 ius
3951 1764 4208 1830 forense
4253 1776 4321 1829 et

2368 1849 2661 1914 humana
2722 1847 2968 1915 iudicia
3033 1847 3366 1914 distinctio
3429 1848 3732 1931 ponitur,
3806 1850 4192 1932 praesertim
4260 1849 4320 1915 si

2366 1937 2516 2018 quis
2568 1935 2831 2018 proprio
2888 1953 3080 2000 servo
3135 1933 3379 2000 vulnus
3435 1936 3768 2001 inflixerit.
3860 1934 4089 2019 Neque
4141 1937 4320 2001 enim

2366 2021 2476 2088 hic
2519 2020 2808 2105 exigitur
2852 2019 3015 2086 dens
3055 2040 3178 2103 pro
3223 2019 3443 2099 dente,
3503 2020 3730 2087 oculus
3772 2041 3892 2103 pro
3933 2022 4155 2101 oculo,
4201 2022 4318 2087 sed

2366 2106 2730 2172 dominium
2783 2120 2915 2190 quo
2967 2106 3141 2171 male
3201 2105 3442 2172 abusus
3495 2115 3627 2181 est,
3685 2107 3981 2173 aufertur
4023 2109 4316 2173 domino:

2366 2213 2557 2259 servo
2593 2203 2818 2258 autem
2853 2190 2959 2257 vel
2996 2192 3271 2258 ancillae
3306 2193 3376 2258 in
3421 2192 3725 2258 solatium
3770 2193 4079 2259 laesionis
4123 2193 4321 2258 datur

2367 2279 2655 2357 libertas,
2701 2299 2869 2361 quae
2907 2278 3376 2363 propemodum
3422 2277 3767 2344 dimidium
3810 2290 3914 2346 est
3955 2281 4145 2346 vitae.
4213 2279 4321 2345 Ita

2366 2366 2541 2431 servi
2602 2364 2860 2449 quidem
2906 2364 3008 2430 sui
3053 2365 3538 2448 comparatione
3580 2365 3807 2430 mitius
3849 2373 4171 2431 tractatur
4215 2366 4325 2431 do·

2366 2452 2622 2528 minus,
2689 2449 2846 2515 dum
2910 2451 3006 2514 ita
3068 2450 3332 2516 laxatur
3395 2469 3643 2533 poenae
3706 2453 4056 2518 severitas:
4123 2471 4320 2517 servo

2368 2547 2590 2601 autem
2635 2555 2758 2620 pro
2800 2535 3136 2602 luxatione
3190 2537 3296 2602 vel
3358 2536 3645 2603 fractura
3702 2536 4086 2620 rependitur
4145 2536 4319 2621 quod

2366 2623 2582 2709 magis
2624 2623 2913 2707 optabile
2955 2630 3076 2699 est,
3122 2632 3195 2687 ut
3238 2627 3683 2689 manumissus
3727 2632 3797 2688 et
3839 2624 3939 2690 sui
3980 2625 4143 2689 iuris
4186 2625 4320 2690 fac·

2371 2721 2507 2789 tus,
2552 2730 2686 2774 non
2730 2709 3067 2776 subiaceat
3109 2708 3361 2774 alienae
3404 2708 3736 2775 saevitiae.

2541 2794 2648 2862 28.
2699 2794 2775 2861 Si
2829 2814 3020 2862 cornu
3069 2795 3328 2875 petierit.
3416 2794 3559 2860 Iam
3620 2794 3701 2859 ad
3761 2796 3955 2861 bruta
4012 2796 4325 2861 animalia

2370 2902 2577 2965 usqne
2620 2879 2955 2947 descendit
2998 2880 3236 2959 Moses,
3282 2888 3360 2945 ut
3400 2883 3457 2945 si
3499 2901 3690 2963 quem
3738 2881 4166 2959 violaverint,
4213 2902 4323 2947 eo·

2370 2988 2522 3033 rum
2582 2988 2793 3051 poena
2846 2988 2955 3031 ma
3006 2967 3059 3032 's
3119 2988 3194 3033 ac
3251 2967 3462 3049 magis
3520 2967 3978 3031 deterreantur
4022 2967 4323 3035 homines

2371 3075 2412 3119 a
2455 3054 2776 3139 sanguine
2820 3053 2939 3119 fun
2986 3050 3175 3119 endo.
3243 3052 3424 3137 Ergo
3460 3052 3517 3118 si
3557 3054 3667 3119 bos
3712 3065 4068 3137 cornupeta
4111 3052 4322 3119 homi-

2371 3160 2524 3206 nem
2569 3139 2910 3219 occiderit,
2970 3138 3250 3223 lapidari
3292 3139 3502 3219 iubet,
3547 3150 3613 3205 et
3657 3140 3941 3206 cadaver
3984 3141 4125 3205 eius
4167 3160 4318 3223 pro-

2370 3227 2479 3291 iici
2525 3234 2838 3310 tanquam
2884 3225 3335 3292 abominabile.
3425 3223 3618 3307 Quod
3679 3225 3853 3291 hanc
3905 3225 4118 3310 legem
4166 3246 4323 3291 exa-

2372 3312 2590 3397 gitant
2647 3311 2866 3377 nasuti
2924 3311 3258 3390 hominos,
3320 3332 3398 3377 ac
3454 3313 3509 3376 si
3569 3311 3821 3394 puerile
3889 3320 4064 3377 esset
4117 3319 4330 3377 morte

2371 3397 2692 3463 mulctare
2726 3397 3043 3463 miserum
3082 3397 3345 3473 animal,
3391 3397 3579 3463 cuius
3613 3397 3874 3462 nullum
3910 3407 4015 3464 est
4054 3399 4326 3477 crimen,

2369 3504 2505 3549 non
2525 3483 2723 3568 longa
2756 3482 3155 3548 refutatione
3187 3483 3446 3568 indiget
3483 3484 3643 3549 haec
3679 3483 4064 3569 petulantia.
4135 3482 4327 3551 Sicut

2370 3570 2547 3636 enim
2594 3569 2798 3635 creati
2841 3577 2999 3635 suut
3057 3568 3259 3634 boves
3316 3569 3391 3634 in
3446 3571 3731 3654 gratiam
3789 3569 4169 3648 hominum,
4229 3571 4326 3635 ita

2371 3677 2507 3721 non
2565 3656 2809 3721 mirum
2866 3664 2967 3720 est
3014 3664 3150 3720 tam
3208 3663 3493 3720 mortem
3559 3675 3784 3721 eorum
3853 3677 4052 3739 quam
4120 3657 4325 3724 vitam

2357 3741 2672 3826 „publicae
2737 3741 3011 3807 utilitati
3078 3739 3311 3807 addici.
3380 3741 3543 3805 .Iam
3599 3762 3757 3807 vero
3812 3742 3869 3808 si
3914 3742 4155 3807 'alatur
4209 3743 4328 3809 bos

2371 3826 2727 3905 homicida,
2786 3827 2901 3892 tali
2962 3826 3337 3909 spectaculo
3391 3825 3572 3893 haud
3617 3826 3811 3893 dubie
3856 3828 3940 3892 ad
3986 3828 4316 3896 feritatem

2372 3913 2811 3979 obdurescent
2868 3913 3199 3979 homines:
3262 3935 3527 3980 carnem
3590 3932 3744 3978 vero
3784 3913 3930 3979 'eius
3974 3914 4328 3996 comedere,

2373 3997 2763 4065 tantundem
2820 3999 2957 4063 fere
3010 4006 3187 4064 esset
3229 4020 3306 4066 ac
3351 4019 3586 4066 vorare
3630 3999 3992 4064 humanam
4038 4020 4324 4066 carnem.

2375 4085 2524 4150 Non
2569 4086 2785 4169 potuit
2828 4106 2986 4169 ergo
3027 4086 3268 4151 melius
3324 4084 3650 4168 compesci
3706 4084 4048 4150 hominum
4096 4085 4328 4152 crude·

2374 4171 2560 4252 litas,
2616 4180 2696 4235 ut
2743 4192 2784 4235 a
2840 4172 3089 4236 mutuis
3125 4170 3451 4237 caedibus
3509 4171 3970 4250 abhorrerent,
4028 4192 4226 4254 quam
4272 4173 4328 4237 si

2375 4276 2556 4322 mors
2597 4255 2886 4322 hominis
2944 4257 3038 4322 ita
3097 4257 3558 4323 vindicaretur.
3647 4257 3728 4322 In
3796 4257 4087 4323 secunda
4140 4266 4331 4341 parte

2378 4342 2639 4428 long-ius
2705 4343 3126 4427 progreditur
3182 4344 3398 4422 Deus,
3464 4344 3688 4427 ipsum
3747 4342 3931 4408 bovis
3992 4343 4330 4409 dominum

2374 4429 2573 4494 morti
2619 4427 2926 4495 addicens
2970 4430 3027 4494 si
3072 4428 3445 4495 admonitus
3487 4430 3702 4508 fuerit,
3750 4437 3825 4493 ut
3859 4442 4139 4495 caveret.
4208 4431 4333 4495 Ta-

2377 4516 2461 4580 lis
2504 4516 2681 4580 enim
2726 4514 3150 4581 denunciatio
3193 4524 3612 4598 praetextum
3658 4515 4078 4599 ignorantiae
4124 4516 4328 4583 tollit:

2379 4621 2502 4666 nec
2545 4600 2713 4666 dura
2758 4601 2970 4666 videri
3013 4621 3225 4684 poena
3260 4600 3453 4666 debet
3486 4602 3557 4665 in
3592 4620 3885 4667 crassum
3923 4602 4329 4686 neglectum:

2378 4687 2535 4771 quia
2580 4686 2855 4752 liberum
2901 4688 3157 4752 exitum
3194 4688 3408 4753 noxiis
3445 4686 3671 4753 bestiis
3710 4687 3886 4767 dare,
3932 4689 4329 4754 tantundem

2378 4773 2561 4839 valet
2603 4782 2799 4856 atque
2845 4793 3103 4838 armare
3146 4775 3215 4838 in
3261 4773 3604 4839 hominum
3654 4794 3901 4839 necem.
3992 4773 4124 4856 Qui
4170 4795 4332 4840 vero

2379 4860 2594 4926 sciens
2646 4871 2715 4925 et
2770 4859 2994 4926 volens
3051 4859 3276 4925 fratris
3332 4860 3435 4925 sui
3496 4859 3700 4924 vitam
3759 4858 3982 4925 obiicit
4025 4861 4331 4943 periculo,

2379 4944 2598 5011 caedis
2649 4953 2841 5011 autor
2895 4946 3131 5011 merito
3188 4955 3512 5012 censetur.
3602 4944 3791 5026 Quae
3836 4946 4101 5012 tandem
4148 4946 4332 5011 addi·

2381 5042 2493 5097 tur
2555 5033 2874 5097 correctio
2941 5033 3223 5114 speciem
3292 5032 3720 5098 absurditatis
3798 5033 4013 5115 primo
4078 5032 4330 5097 intuitu

2381 5117 2704 5197 continet,
2766 5118 2918 5199 quia
2973 5118 3118 5204 lege
3178 5119 3456 5184 vetitum
3518 5118 3642 5183 fuit,
3701 5119 3913 5203 pretio
3962 5120 4330 5201 transigere

2381 5225 2532 5269 oum
2580 5202 2922 5269 homicida.
3013 5201 3148 5270 Sed
3202 5205 3353 5287 quia
3409 5204 3633 5269 differt
3691 5202 3940 5269 crimen
3986 5224 4027 5268 a
4070 5203 4333 5287 delicto,

2382 5290 2684 5372 quamvis
2745 5289 2930 5356 nefas
2987 5291 3186 5356 fuerit
3241 5305 3517 5373 poenam
3573 5312 3660 5355 ex
3733 5300 3923 5371 pacto
3991 5289 4334 5358 homicidis

2383 5376 2737 5457 remittere,
2779 5376 2964 5442 licuit
3006 5387 3230 5441 tamen
3265 5376 3587 5443 iudicibus
3621 5396 3766 5441 eam
3803 5375 4105 5460 mitigare
4140 5396 4337 5445 causa
