4867 6150
549 426 685 494 479

1187 611 1320 679 EX
1364 612 1634 680 DEU'I'.
1679 610 1873 677 XIV.

729 786 830 852 22.
878 784 1267 853 Decimando
1324 782 1666 850 decimabis
1719 803 1956 848 omnem
2001 784 2377 864 proventum
2418 799 2510 844 se-

553 872 753 940 minis
792 871 905 947 tui,
951 870 1116 953 quod
1156 890 1474 954 eqressum
1510 869 1711 951 fuerit
1753 889 1831 935 ex
1872 889 2022 953 cyro
2063 865 2415 934 annuatim.

1076 1214 1209 1280 EX
1255 1212 1587 1279 EODEM
1632 1210 1989 1279 CAPITE.

729 1387 832 1453 27.
877 1387 1161 1452 Levitam
1204 1390 1414 1453 autem
1455 1385 1568 1468 qui
1613 1385 1781 1450 intra
1816 1388 2037 1465 portas
2078 1385 2222 1446 tuas
2265 1378 2511 1445 habita-

555 1474 710 1540 verit
766 1494 889 1539 non
932 1473 1352 1555 derelinques.-
1409 1472 1561 1553 quia
1607 1491 1729 1536 non
1771 1475 1860 1537 est
1900 1470 1959 1534 ei
1993 1487 2156 1551 pars
2198 1471 2253 1531 et
2300 1464 2513 1530 haere-

554 1561 725 1626 ditas
778 1565 989 1626 tecum.
1079 1559 1181 1625 28.
1235 1556 1446 1623 Tertio
1499 1561 1709 1622 autem
1767 1576 1932 1622 anno
1974 1553 2262 1636 proferes
2305 1569 2514 1616 omnes

554 1647 833 1714 decimas
886 1649 1229 1729 proventus
1298 1644 1396 1708 tui
1457 1663 1620 1707 anno
1673 1644 1813 1724 ipso
1831 1693 1845 1719 ,
1920 1644 1975 1705 et
2031 1658 2283 1721 repones
2339 1637 2513 1701 intra

824 1736 987 1797 tuas.
1076 1730 1177 1796 29.
1241 1729 1565 1810 Venietque
1610 1728 1831 1794 Levita
1889 1724 2069 1812 (quia
2125 1744 2249 1791 non
2306 1726 2395 1787 est
2454 1722 2515 1786 ei

541 1818 757 1904 portio
798 1822 854 1882 et
895 1816 1250 1882 haereditas
1292 1812 1530 1900 tecum),
1576 1820 1633 1879 et
1663 1815 2062 1897 pereqrinus,
2107 1814 2162 1874 et
2201 1807 2510 1897 pupillus,

554 1909 743 1986 atque
793 1903 1022 1982 vidua,
1082 1903 1196 1985 qui
1250 1906 1396 1966 sunt
1435 1902 1608 1966 intra
1643 1904 1900 1980 portas.-
1954 1901 2009 1963 et
2063 1895 2397 1971 comedent,
2458 1896 2515 1958 et

553 1988 1042 2066 saturabuntur,
1102 1992 1170 2053 ut
1224 1987 1535 2053 benedicat
1593 1985 1708 2051 tibi
1753 1984 1981 2051 Iebova
2029 1981 2208 2047 Deus
2249 1986 2398 2046 tuus
2442 1980 2515 2044 in

557 2077 725 2142 omni
765 2096 945 2157 opere
985 2094 1219 2140 manus
1262 2076 1422 2152 tuac,
1469 2071 1633 2155 quod
1670 2070 1911 2154 feceris.

1205 2413 1338 2480 EX
1378 2412 1648 2479 DEUT.
1690 2409 1855 2477 XII.

734 2588 833 2654 19.
885 2585 1046 2653 Cave
1090 2591 1294 2652 autem
1338 2585 1452 2651 tibi
1495 2604 1571 2649 ne
1613 2584 2013 2666 derelinquas
2056 2581 2348 2649 Levitam
2390 2599 2515 2644 om-

557 2674 746 2741 nibus
788 2674 1003 2740 diebus
1043 2674 1175 2767 tuis
1216 2692 1413 2755 super
1455 2676 1691 2736 terram
1732 2674 1927 2735 tuam.

1154 3013 1287 3081 EX
1332 3014 1601 3083 DEUT.
1649 3010 1916 3080 XXVI.

736 3191 837 3256 12.
903 3190 1248 3271 Postquam
1306 3187 1703 3270 compleveris
1745 3188 2056 3253 decimare
2099 3205 2308 3251 omnes
2349 3184 2514 3251 deci-

559 3297 705 3344 mas
756 3277 1076 3358 fruetuum
1129 3278 1377 3339 tuorum
1420 3294 1585 3340 anno
1628 3273 1804 3339 tertio
1824 3324 1838 3349 ‚
1897 3294 2063 3339 anno
2103 3273 2405 3352 decimae,
2460 3275 2517 3336 et

560 3364 810 3430 dederis
852 3362 1123 3440 Levitae,
1157 3361 1505 3444 pereqrino,
1545 3359 1808 3441 pupillo,
1850 3363 1907 3424 et
1946 3359 2194 3438 viduae,
2236 3363 2292 3422 et
2324 3376 2510 3423 come·

559 3450 773 3518 derint
811 3449 986 3513 intra
1017 3451 1242 3530 portas
1286 3451 1445 3523 tuas,
1490 3450 1546 3510 et
1578 3445 1856 3511 saturati
1885 3444 2144 3526 fuerint.
2192 3444 2294 3509 13.
2338 3444 2515 3509 Tunc

560 3537 731 3603 dices
783 3552 994 3601 coram
1054 3530 1285 3596 Iehova
1343 3529 1479 3595 Deo
1521 3535 1658 3596 tuo:
1728 3528 2017 3596 Subduoei
2058 3528 2514 3611 sanctificatum

561 3643 595 3688 e
647 3621 854 3699 domo,
918 3624 977 3685 et
1036 3618 1223 3683 etiam
1278 3616 1426 3682 dedi
1484 3617 1648 3682 illud
1705 3616 1988 3697 Levitae,
2055 3621 2109 3681 et
2153 3616 2511 3699 pereqrino,

550 3706 805 3791 pupillo
848 3710 907 3771 et
945 3704 1200 3784 viduae,
1254 3702 1590 3770 secundum
1656 3723 1831 3768 omne
1875 3707 2280 3785 praeceptum
2336 3707 2514 3766 tuum

561 3791 727 3876 quod
764 3790 1142 3875 praecepisti
1183 3788 1373 3853 mihi:
1415 3808 1540 3852 non
1582 3793 2018 3873 transgressus
2060 3808 2205 3854 sum
2246 3808 2289 3852 a
2321 3807 2514 3869 prae-

561 3878 757 3961 ceptis
811 3878 971 3956 tuis,
1024 3895 1220 3957 neque
1276 3873 1504 3939 oblitus
1557 3894 1721 3941 sum.
1813 3874 1912 3939 14.
1964 3873 2111 3940 Non
2152 3874 2385 3940 comedi
2439 3873 2513 3938 in

563 3964 825 4031 tristitia
860 3983 1001 4028 mea
1044 3981 1123 4025 ex
1164 3981 1250 4040 eo,
1293 3979 1487 4042 neque
1526 3960 1799 4025 subduxi
1839 3980 1918 4025 cx
1950 3979 2018 4025 eo
2049 3961 2119 4024 in
2147 3959 2509 4043 pollutione,

809 4049 953 4115 dedi
1003 4046 1348 4129 quidquam
1403 4065 1480 4110 ex
1533 4066 1600 4111 eo
1653 4046 1724 4111 in
1783 4045 2033 4126 funere:
2090 4045 2327 4111 obedivi
2378 4046 2515 4111 voci

568 4136 832 4202 Iehovae
878 4132 1005 4198 Dei
1047 4134 1201 4197 mei:
1263 4131 1386 4214 feci
1429 4131 1771 4197 secundum
1814 4132 2024 4196 omnia
2064 4151 2226 4214 quae
2255 4151 2514 4212 praece-

553 4223 722 4304 pisti
763 4219 941 4285 mihi.
991 4217 1092 4284 15.
1142 4217 1405 4301 Respice
1444 4219 1522 4283 de
1563 4217 1914 4283 habitaculo
1954 4219 2307 4284 sanctitatis
2346 4223 2513 4297 tuae,

566 4328 599 4373 e
641 4306 813 4382 coelo,
860 4310 918 4370 et
957 4304 1203 4370 benedic
1240 4304 1470 4386 populo
1510 4309 1615 4370 tuo
1660 4303 1926 4382 Israeli,
1985 4307 2041 4369 et
2080 4309 2283 4369 tem-ae
2323 4325 2516 4387 quam

565 4392 794 4458 dedisti
824 4390 1021 4470 nobis,
1064 4390 1581 4472 quemadmodum
1614 4390 1915 4455 iuravisti
1933 4390 2230 4473 patribus
2264 4391 2520 4469 nostris,

566 4484 767 4544 terrae
801 4478 1021 4558 fluenti
1062 4477 1215 4542 lacte
1256 4481 1311 4541 et
1351 4476 1544 4542 melle.

740 4648 937 4714 Num.
988 4648 1087 4727 18,
1129 4649 1233 4714 20.
1323 4647 1516 4713 Dixit
1554 4652 1762 4713 autem
1807 4646 2036 4713 Iehova
2102 4648 2187 4713 ad
2231 4647 2513 4714 Aharon.

567 4737 699 4803 Hic
743 4742 1004 4800 tantum
1047 4736 1112 4799 in
1158 4755 1399 4820 genere
1460 4732 1539 4799 de
1583 4733 1912 4799 solvendis
1958 4733 2227 4800 decimis
2272 4735 2514 4819 agitur,

568 4844 733 4909 quae
778 4822 1034 4887 Levitis
1078 4818 1381 4886 omnibus
1425 4829 1616 4885 erant
1660 4841 2055 4885 communes.
2123 4819 2335 4885 Paulo
2372 4828 2518 4904 post

569 4908 939 4975 videbimus
995 4907 1267 4972 Levitas
1321 4905 1476 4971 inde
1534 4905 1978 4971 sacerdotibus
2035 4906 2276 4972 alteras
2344 4907 2517 4973 deci-

566 5016 710 5061 mas
754 5016 834 5059 ex
884 4994 1006 5058 Dei
1053 4992 1360 5057 mandato
1404 4990 1677 5071 dedisse,
1726 4991 2004 5057 addetur
2039 5003 2107 5057 et
2141 4994 2334 5059 tertia
2369 5015 2517 5077 spe·-

568 5083 701 5148 cies
751 5099 976 5145 earum
1030 5079 1427 5144 decimarum
1482 5099 1646 5161 quae
1713 5079 1971 5143 nonnisi
2018 5080 2211 5145 tertio
2264 5100 2519 5163 quoque

567 5187 740 5233 anno
783 5164 1243 5230 offerebantur.
1291 5163 1481 5244 Quod
1521 5163 1600 5227 ad
1640 5174 2046 5248 praesentem
2085 5164 2297 5232 locum
2334 5187 2517 5250 spec-

568 5261 699 5326 tat.
760 5252 967 5338 exigit
1010 5251 1189 5316 Deus
1233 5272 1270 5315 a
1317 5250 1548 5334 populo
1593 5248 1872 5317 decimas
1917 5249 2001 5316 ad
2045 5250 2353 5317 alendum
2397 5255 2515 5317 tri-

568 5341 729 5406 bum
786 5338 974 5404 Levi.
1067 5336 1338 5403 Certum
1385 5336 1648 5420 quidem
1702 5347 1835 5416 est,
1893 5358 2140 5403 morem
2201 5338 2356 5404 olim
2413 5361 2516 5404 re-

1954 415 2469 488 SECUNDUM
2514 415 3155 483 PRAECEPTUM.

4410 421 4515 488 480

2612 612 2877 689 ceptum
2921 606 3124 672 fuisse
3167 606 3414 673 sanctis
3502 606 3751 672 atribus
3796 616 3949 671 ante
3994 605 4237 689 legem,
4293 613 4361 673 ut
4398 611 4516 677 Deo

2611 700 2937 758 voverent
2971 694 3075 757 vel
3114 692 3430 757 offerrent
3497 693 3768 758 ecimas:
3815 692 4007 757 sicuti
4032 701 4211 775 patet
4230 712 4308 758 ex
4342 695 4521 762 Abra-

2611 777 2737 843 hae
2804 788 2869 842 et
2936 776 3132 845 Iacob
3200 777 3502 862 exemplo
3568 776 3768 863 (Gen.
3820 777 3931 849 14.
3989 778 4077 843 20
4133 788 4200 843 et
4253 779 4363 856 28,
4408 782 4520 869 22).

2613 862 2994 946 Quinetiam
3051 865 3378 947 apostolus
3437 862 3873 930 sacerdotium
3917 864 4390 931 Melchisedech
4445 869 4525 934 le·

2612 948 2743 1035 gali
2804 952 3244 1032 praestantius
3288 949 3493 1016 fuisse
3538 949 3812 1033 colligit,
3872 950 4026 1033 quia
4072 950 4225 1015 dum
4270 952 4325 1016 ei
4377 952 4523 1020 deci-

2612 1057 2754 1101 mas
2784 1032 3020 1100 obtulit
3055 1035 3388 1101 Abraham
3413 1034 3839 1103 decimaverit
3881 1037 4096 1119 ipsum
4120 1037 4287 1102 Levi
4318 1036 4522 1124 (Hebr.

2614 1122 2673 1200 7,
2725 1121 2850 1209 11).
2952 1122 3206 1187 Verum
3272 1121 3471 1189 huius
3537 1120 4021 1202 decimationis,
4083 1121 4165 1188 de
4207 1145 4331 1206 qua
4370 1145 4527 1206 prae-

2612 1208 2786 1291 cepit
2845 1209 3027 1274 Deus
3090 1228 3209 1291 per
3276 1208 3535 1286 Mosen,
3601 1207 3865 1273 diversa
3929 1209 4053 1273 fuit
4119 1228 4199 1274 ac
4259 1211 4531 1293 specialis

2612 1294 2800 1374 ratio,
2846 1315 3051 1378 eaque
3094 1293 3354 1377 duplex.
3442 1293 3669 1360 Primo
3725 1314 3929 1377 quum
3972 1294 4209 1359 semini
4252 1295 4529 1363 Abrahae

2613 1380 2936 1464 promissa
2991 1379 3224 1446 fuisset
3279 1389 3487 1457 terra,
3558 1379 3837 1464 legitimi
3904 1389 4095 1446 erant
4156 1401 4531 1449 successores

2615 1488 2697 1531 ex
2740 1465 3122 1532 duodecima
3162 1473 3350 1550 parte
3395 1466 3687 1532 Levitae.
3760 1465 3966 1549 Atqui
4002 1467 4134 1532 illis
4170 1468 4531 1550 praeteritis,

2612 1553 2964 1636 posteritas
3018 1552 3257 1636 Ioseph
3311 1553 3381 1617 in
3439 1551 3601 1617 duas
3666 1552 3881 1617 tribus
3926 1550 4137 1619 divisa
4180 1551 4324 1619 fuit.
4406 1553 4535 1620 Nisi

2617 1659 2775 1723 ergo
2833 1637 3095 1704 aliunde
3160 1639 3318 1721 ipsis
3384 1646 3800 1723 prospectum
3857 1646 4064 1718 esset,
4130 1639 4358 1722 iniqua
4415 1650 4540 1703 erat

2618 1723 3007 1790 distributio.
3131 1723 3390 1790 Deinde
3468 1745 3670 1807 quum
3755 1744 4021 1809 operam
4110 1724 4541 1809 impenderent

2618 1811 3028 1889 sanctuario,
3128 1811 3346 1893 aliqua
3432 1808 3730 1874 mercede
3819 1810 4057 1894 dignus
4142 1811 4267 1875 fuit
4340 1831 4541 1876 eorum

2617 1895 2829 1961 labor:
2891 1918 3011 1962 nec
3068 1897 3301 1961 rationi
3372 1906 3884 1962 consentaneum
3943 1896 4102 1976 fuit,
4164 1897 4416 1979 quando
4459 1918 4543 1963 sa-

2619 1981 2747 2048 cris
2815 1981 3236 2066 peragendis,
3302 1990 3368 2046 et
3426 1979 3714 2048 docendo
3765 1981 4002 2065 populo
4060 1981 4306 2049 addicti
4360 1990 4542 2063 erant,

2618 2069 2803 2134 victu
2850 2067 3160 2133 fraudari.
3233 2068 3423 2133 Duae
3467 2069 3687 2151 itaque
3732 2076 4075 2153 ponuntur
4119 2068 4403 2134 rationes
4442 2088 4543 2134 cur

2620 2153 2906 2219 decimas
2948 2174 2988 2219 a
3030 2153 3283 2237 reliquo
3327 2153 3566 2236 populo
3610 2154 3789 2238 ipsos
3832 2154 4124 2236 accipere
4149 2155 4334 2220 Deus
4375 2154 4543 2219 velit:

2620 2240 2926 2323 quoniam
2984 2240 3168 2305 nulla
3224 2239 3357 2305 illis
3417 2259 3568 2323 pars
3627 2248 3773 2304 erat
3829 2240 3902 2303 in
3956 2239 4235 2321 Israele,
4294 2250 4361 2305 et
4414 2242 4547 2324 quia

2620 2326 2981 2391 ministerio
3025 2324 3433 2392 tabernaculi
3478 2325 3817 2392 vacabant.
3905 2325 4117 2391 Porro
4164 2325 4350 2392 Deus
4397 2325 4545 2392 deci·

2620 2432 2762 2477 mas
2816 2412 2940 2478 sibi
2999 2420 3308 2495 tanquam
3369 2432 3486 2476 rex
3531 2432 3649 2477 suo
3704 2413 3844 2481 iure
3885 2411 4268 2491 vendicans,
4313 2433 4419 2479 eas
4458 2433 4545 2477 re·

2618 2499 2840 2581 signat
2876 2498 3150 2578 Levitis,
3195 2505 3264 2563 et
3306 2518 3417 2563 eos
3460 2497 3648 2581 quasi
3694 2498 3969 2564 vicarios
4012 2498 4371 2565 substituit.
4414 2496 4546 2579 Quo

2620 2584 2957 2667 pertinent
2999 2584 3162 2650 haec
3209 2584 3439 2649 verba:
3486 2581 3879 2650 Haereditas
3915 2592 4030 2649 tua
4066 2594 4165 2649 est
4190 2585 4373 2650 Deus
4406 2584 4545 2667 ipse.

2620 2667 2948 2751 Quisnam
2992 2690 3217 2735 earum
3267 2670 3464 2735 fuerit
3518 2690 3712 2746 usus,
3820 2679 4002 2737 ostea
4062 2670 4393 2737 videbitur
4444 2690 4549 2735 suo

2617 2755 2777 2822 loco.
2874 2755 3071 2823 Nunc
3130 2764 3353 2821 tenere
3419 2754 3704 2822 sufficiat
3768 2692 3894 2821 boc
3959 2755 4153 2822 modo
4225 2765 4548 2841 pensatum

2618 2842 2821 2909 fuisse
2864 2841 3035 2925 quod
3077 2841 3208 2907 illis
3254 2840 3614 2907 abstulerat
3660 2842 3862 2922 Deus,
3921 2842 4374 2909 duodecimam
4416 2862 4551 2925 par-

2620 2937 2750 2993 tem
2775 2926 3229 2994 transferendo
3269 2927 3352 2992 ad
3388 2928 3556 2993 filios
3579 2928 3839 3012 Ioseph,
3884 2936 3952 2994 et
3988 2929 4301 3013 quoniam
4339 2950 4379 2993 a
4410 2948 4552 2994 cura

2619 3015 2716 3081 rei
2796 3015 3188 3082 domesticae
3266 3013 3849 3096 abstrahebantur,
3933 3024 4009 3080 ut
4074 3015 4280 3083 totius
4343 3012 4553 3100 populi

2617 3101 2885 3167 nomine
2929 3101 3010 3166 ad
3066 3122 3255 3168 sacra
3296 3101 3636 3168 liberiores
3681 3109 3748 3166 et
3790 3102 4001 3186 magis
4045 3102 4292 3168 intenti
4337 3103 4550 3178 forent,

2616 3197 3015 3271 proventum
3061 3208 3187 3271 quo
3236 3187 3587 3268 alerentur,
3631 3186 3762 3252 illis
3806 3187 4008 3254 fuisse
4052 3186 4301 3255 datum.
4348 3186 4552 3270 Quare

2615 3271 2898 3357 insipido
2955 3284 3322 3340 commento
3391 3272 3675 3340 decimas
3739 3273 3862 3338 sibi
3927 3285 4244 3359 arrogant
4307 3273 4553 3359 papales

2616 3360 2914 3438 sacrifici,
2956 3359 3143 3442 quasi
3177 3359 3567 3425 sacerdotali
3596 3359 3744 3425 iure
3765 3358 4034 3426 debitas.
4084 3360 4356 3445 Alioqui
4392 3359 4552 3425 enim

2614 3446 2899 3529 probent
2937 3465 3202 3511 neeesse
3246 3453 3365 3525 est,
3408 3466 3570 3529 quos
3612 3445 3948 3529 appellant
3989 3446 4188 3513 laicos
4236 3448 4366 3515 sibi
4399 3444 4554 3513 colo·

2614 3554 2734 3598 nos
2779 3553 2953 3607 esse,
3012 3552 3087 3599 ac
3142 3532 3200 3597 si
3248 3552 3328 3597 ex
3374 3540 3564 3617 parte
3604 3531 3985 3598 duodecima
4026 3531 4387 3600 fundorum
4428 3551 4550 3597 om-

2612 3618 2801 3684 nium
2846 3626 3070 3684 essent
3112 3616 3375 3683 domini.
3465 3616 3722 3684 Deinde
3767 3617 4185 3703 sacrilegium
4232 3627 4408 3686 esset
4456 3617 4552 3682 de·

2612 3706 2815 3771 cimas
2858 3704 3072 3770 facere
3116 3723 3287 3780 suas,
3333 3704 3493 3769 alios
3538 3724 3731 3788 agros
3774 3703 4127 3788 possidere,
4185 3728 4274 3771 ex
4333 3704 4549 3789 quibus

2662 3800 3007 3855 reventum
3053 3788 3386 3875 colligant.
3468 3789 3614 3856 ‘Nec
3672 3810 3782 3855 eos
3839 3790 4025 3855 iuvat
4079 3791 4245 3857 illud
4294 3787 4550 3875 apostoli

2640 3875 2841 3942 Hebr.
2880 3876 2940 3955 7,
2978 3874 3105 3962 12),
3139 3874 3313 3959 quod
3345 3895 3481 3940 non
3519 3875 3738 3943 minus
3769 3877 4066 3959 improbe
4100 3898 4298 3961 quam
4336 3875 4551 3943 inscite

2611 3962 2998 4039 obtendunt,
3046 3961 3367 4027 translato
3403 3959 3762 4028 sacerdotio
3796 3962 3901 4027 ius
3937 3963 4132 4029 simul
4168 3985 4319 4031 esse
4354 3973 4551 4028 trans-

2613 4048 2840 4114 latum.
2932 4046 3291 4114 Contendit
3354 4047 3491 4113 illic
3556 4047 3921 4132 apostolus,
3987 4072 4159 4117 nunc
4228 4053 4299 4117 in
4357 4047 4552 4117 solum

2614 4133 2960 4200 Christum
3014 4140 3384 4217 competere
3427 4133 3739 4218 quidquid
3782 4133 3891 4200 lex
3936 4135 4307 4204 contulerat
4363 4154 4557 4204 sacer·

2616 4219 2877 4286 dotibus
2920 4220 3208 4286 Levitis:
3261 4240 3537 4303 quorum
3585 4220 3870 4305 dignitas
3912 4235 3985 4287 et
4024 4243 4270 4289 munus
4314 4223 4385 4288 in
4428 4222 4555 4304 ipso

2615 4307 2818 4372 finem
2855 4306 3119 4388 accepit.
3199 4305 3574 4372 Nebulones
3609 4306 3718 4372 isti
3757 4307 4071 4374 honorem
4108 4307 4386 4376 Christo
4417 4326 4555 4392 pro-

2617 4393 2853 4476 prium,
2897 4389 3170 4474 perinde
3215 4400 3412 4475 atque
3455 4412 3533 4457 eo
3576 4391 3874 4477 spoliato,
3921 4393 4004 4459 ad
4048 4414 4121 4460 se
4154 4396 4444 4479 rapiunt.
4488 4389 4555 4458 Si

2615 4480 2743 4544 rite
2787 4477 3002 4545 officio
3046 4479 3505 4561 fungerentur,
3566 4488 3763 4562 atque
3828 4480 4086 4546 omissis
4132 4482 4419 4547 terrenis
4457 4495 4555 4543 ne-

2616 4566 2832 4650 gotiis,
2877 4572 3047 4629 totos
3090 4585 3161 4629 se
3207 4563 3501 4629 dicarent
3545 4563 3628 4629 ad
3671 4564 3963 4631 studium
4010 4566 4284 4633 docendi
4328 4562 4556 4651 populi,

2617 4661 2687 4717 et
2728 4650 2889 4716 alias
2933 4649 3250 4715 bonorum
3294 4657 3364 4714 et
3405 4648 3699 4715 fidelium
3744 4660 4077 4733 pastorum
4124 4664 4350 4736 partes
4391 4669 4559 4717 exse·

2617 4736 2928 4820 quendaS,
2965 4735 3143 4801 haud
3184 4735 3379 4801 dubie
3416 4735 3633 4801 alendi
3671 4749 3891 4802 essent
3926 4759 4009 4803 ex
4044 4738 4344 4822 publico:
4380 4733 4558 4803 sicuti

2615 4822 2868 4890 Paulus
2912 4831 3089 4887 recte
3133 4821 3385 4907 colligit
3426 4819 3514 4907 (1.
3553 4821 3702 4889 Cor.
3749 4824 3810 4901 9,
3852 4822 3978 4910 14),
4025 4824 4221 4890 hodie
4267 4844 4405 4890 non
4445 4820 4557 4886 mi-

2615 4931 2744 4975 nus
2799 4908 3020 4974 deberi
3078 4909 3325 4973 victum
3385 4908 3709 4992 evangelii
3767 4910 4105 4991 ministris,
4172 4932 4371 4995 quam
4416 4908 4562 4973 olim

2616 4993 3062 5063 sacerdotibus
3108 4994 3219 5076 qui
3264 4991 3349 5057 ad
3391 4993 3598 5059 altare
3658 4996 4137 5062 ministrabant.
4230 4995 4367 5064 Sed
4425 5012 4560 5078 per·

2617 5103 2845 5166 peram
2891 5080 3014 5145 hoc
3056 5085 3404 5162 praetextu
3451 5101 3683 5145 manus
3728 5082 4032 5149 iniiciunt
4069 5083 4361 5157 decimis,
4407 5101 4479 5145 ac
4509 5076 4559 5143 si

2618 5188 2845 5233 earum
2892 5173 3110 5231 essent
3154 5164 3418 5229 domini.
3467 5166 3702 5232 Maiori
3751 5166 3982 5234 deinde
4024 5168 4432 5253 impudentia
4474 5164 4558 5228 la»

2619 5253 2902 5319 tifundia
2947 5259 3011 5316 et
3057 5250 3217 5316 alios
3276 5263 3638 5334 proventus
3698 5255 4129 5320 accumulant.
4220 5248 4559 5321 Probabile

2618 5347 2736 5419 est,
2783 5358 2984 5422 quum
3022 5336 3212 5402 initio
3252 5336 3689 5423 Imperatores
3734 5342 3989 5407 romani
4024 5340 4293 5408 Christo
4329 5353 4561 5404 nomen
