4867 6150
338 457 453 522 229

335 665 457 722 cor,
500 644 887 710 tantundem
937 645 1107 711 valet
1153 668 1228 712 ac
1273 646 1535 729 penitus
1577 648 1952 713 recondere.
2043 646 2276 728 Quan-

336 751 519 814 quam
564 731 677 795 ubi
722 752 959 796 nomen
1006 734 1264 798 animae
1307 733 1718 815 adiungitur,
1766 734 1979 800 cordis
2037 755 2275 817 npmen

336 816 411 882 ad
456 826 742 881 mentem
787 818 1100 898 refertur,
1169 819 1270 885 vel
1318 830 1416 883 est
1459 819 1936 904 intelligentiae
1980 820 2272 885 facultas.

336 905 408 967 In
453 923 745 981 summa,
803 904 985 970 iubet
1049 925 1183 969 non
1252 914 1512 970 tantum
1574 906 1642 969 in
1712 917 1929 970 mente
1989 906 2271 971 defixam

335 990 567 1053 habere
631 989 879 1073 legem,
947 990 1061 1057 sed
1127 991 1380 1058 sincero
1448 1012 1704 1074 quoque
1771 993 1972 1056 animi
2036 992 2273 1057 affectu

333 1074 650 1156 amplecti.
752 1075 1059 1142 Secundo
1124 1076 1539 1143 commendat
1600 1076 1762 1141 illud
1828 1078 1997 1161 quod
2067 1098 2275 1161 nuper

333 1161 612 1225 vidimus
656 1163 1010 1228 memoriae
1052 1162 1550 1229 adminiculum:
1610 1185 1847 1247 nempe
1890 1173 1967 1229 ut
2009 1165 2078 1228 in
2125 1164 2273 1229 bra-

330 1247 488 1312 chiis
548 1257 616 1312 et
673 1249 998 1315 frontibus
1053 1259 1316 1333 gestent
1384 1261 1760 1333 praecepta:
1832 1272 1907 1316 ac
1974 1251 2029 1315 si
2089 1251 2275 1315 Deus

329 1332 456 1398 illis
492 1333 751 1398 assidue
794 1347 1180 1417 occurreret,
1227 1336 1310 1401 ad
1347 1335 1730 1402 excitandos
1767 1358 1989 1401 eorum
2016 1356 2271 1402 sensus.

328 1420 554 1503 Neque
607 1422 783 1484 enim
830 1420 928 1507 (ut
974 1423 1215 1487 dictum
1257 1420 1382 1509 est)
1437 1423 1756 1506 ligaturas
1815 1422 1998 1488 Deus
2057 1443 2269 1486 mora·

330 1516 431 1571 tus
475 1514 607 1571 est:
665 1505 778 1571 sed
838 1512 902 1571 in
964 1508 1165 1573 alium
1213 1511 1410 1574 finem
1458 1509 1663 1573 voluit
1709 1531 1819 1574 eas
1862 1510 1928 1573 in
1992 1507 2274 1573 brachiis

326 1601 392 1657 et
431 1593 760 1658 frontibus
803 1596 1115 1676 spectari:
1162 1616 1396 1678 nempe
1443 1605 1513 1658 ut
1559 1595 1823 1677 pietatis
1868 1615 2089 1659 curam
2119 1587 2272 1677 silg-

325 1691 634 1762 gererent
675 1691 744 1742 et
788 1689 1199 1747 renovarent.
1285 1681 1542 1746 Deinde
1589 1702 1701 1746 eas
1744 1682 1815 1744 in
1861 1690 2134 1747 ornatus
2177 1680 2272 1744 lo-

324 1786 470 1830 cum
519 1766 895 1845 substituit,
966 1776 1035 1830 ut
1080 1776 1485 1833 assuesceret
1527 1767 1808 1851 populus
1852 1766 2271 1852 praecipuam

323 1872 401 1916 ex
460 1851 630 1936 legis
698 1852 1116 1918 meditatione
1179 1854 1679 1919 oblectationem
1738 1875 1988 1936 capere.
2080 1852 2272 1919 Unde

321 1937 480 2003 satis
525 1938 845 2003 refellitur
890 1940 1094 2005 stulta
1146 1939 1265 2005 illa
1306 1940 1605 2015 ambitio,
1664 1939 1832 2022 quod
1889 1940 2271 2025 hypocritae

320 2044 401 2089 ex
467 2024 749 2090 fimbriis
815 2035 880 2089 et
946 2025 1271 2092 similibus
1334 2028 1529 2110 nugis
1595 2026 1836 2090 famam
1902 2025 2270 2091 sanctitatis

320 2120 705 2192 captarunt:
766 2131 1028 2178 crassus
1084 2114 1281 2177 etiam
1339 2133 1522 2177 error
1579 2114 1781 2177 totius
1825 2113 2039 2196 vulgi,
2099 2110 2267 2193 quod

319 2212 602 2261 externo
680 2197 908 2263 habitu
984 2220 1056 2265 se
1119 2220 1278 2284 erga
1343 2199 1561 2263 Deum
1642 2197 1911 2282 defungi
1986 2198 2267 2280 putavit.

317 2282 575 2347 Eodem
618 2285 904 2366 pertinet
948 2286 1115 2367 quod
1163 2294 1388 2368 postea
1424 2285 1738 2367 sequitur,
1783 2296 1859 2349 ut
1894 2284 2272 2350 scribantur

317 2382 673 2452 praecepta
730 2371 798 2434 in
860 2374 1067 2454 portis
1123 2370 1386 2436 urbium
1434 2382 1502 2436 et
1545 2372 1610 2435 in
1658 2370 1934 2454 privatis
1980 2368 2267 2434 aedibus.

317 2455 635 2522 Diximus
677 2458 851 2522 enim
899 2466 973 2522 ut
1015 2478 1380 2541 propensae
1424 2467 1586 2521 sunt
1629 2456 1710 2521 ad
1758 2458 2114 2521 vanitatem
2152 2454 2268 2519 ho-

313 2545 573 2608 minum
619 2554 891 2624 mentes,
935 2554 1002 2609 et
1043 2543 1408 2608 innumeris
1448 2542 1775 2609 illecebris
1814 2543 2093 2608 subinde
2139 2541 2268 2606 dis·

314 2629 709 2706 trahuntur,
779 2629 1019 2695 talibus
1062 2630 1444 2695 retinaculis
1489 2650 1653 2712 opus
1700 2629 1957 2694 habere.
2052 2631 2267 2710 Atque

315 2716 419 2782 hic
481 2717 639 2781 finis
694 2716 867 2780 clare
926 2716 1347 2799 exprimitur,
1405 2715 1556 2779 dum
1614 2716 1908 2800 singulos
1966 2713 2144 2779 iubet
2186 2715 2267 2778 de

309 2802 683 2885 praeceptis
727 2801 892 2886 legis
936 2801 1276 2882 disserere,
1319 2802 1463 2866 sive
1506 2802 1847 2884 quiescant
1890 2801 2083 2879 domi,
2130 2801 2267 2865 sive

307 2889 858 2973 peregrinentur,
913 2890 1054 2953 sive
1114 2888 1472 2952 dormitum
1531 2900 1717 2968 eant,
1778 2889 1918 2953 sive
1963 2899 2265 2969 surgant:

307 2976 464 3057 quia
535 2974 665 3039 nisi
730 2975 997 3041 accedat
1058 2973 1286 3040 sedula
1350 2975 1807 3053 exercitatio„
1841 2975 1976 3038 fere
2042 2975 2263 3038 statim

303 3082 707 3128 evanescere
750 3061 1070 3147 contingit
1127 3059 1442 3145 quidquid
1509 3061 1710 3125 semel
1759 3060 2055 3125 homines
2099 3056 2265 3124 didi-

303 3149 546 3213 cerint.
658 3147 861 3213 Addit
927 3157 1266 3230 praeterea
1329 3148 1530 3211 alium
1613 3146 1810 3212 huius
1891 3146 2268 3230 diligentiae

301 3233 637 3299 fructum:
708 3255 945 3318 nempe
1011 3243 1086 3299 ut
1140 3255 1274 3297 non
1334 3245 1591 3298 tantum
1646 3233 1962 3317 privatim
2022 3231 2264 3316 singuli

299 3318 427 3384 sibi
475 3321 847 3400 consulant,
905 3320 1018 3385 sed
1065 3318 1369 3385 erudiant
1412 3320 1611 3384 etiam
1665 3339 1822 3384 suos
1877 3319 2079 3397 filios,
2138 3338 2265 3401 quo

297 3406 412 3471 lex
460 3405 602 3470 Dei
648 3418 963 3490 perpetua
1007 3408 1421 3472 successione
1464 3426 1723 3488 semper
1769 3407 2006 3488 vigeat.

895 3696 1025 3762 EX
1062 3696 1332 3762 DEU'P.
1372 3695 1674 3761 XXVII.

477 3828 544 3892 1.
589 3826 679 3891 Et
709 3826 1037 3907 praecepit
1071 3825 1285 3891 Moses
1327 3830 1381 3888 et
1414 3827 1686 3891 seniores
1712 3824 1985 3890 Israelis
2015 3823 2258 3905 populo

293 3912 592 3992 dicende,
642 3912 896 3977 Custodi
939 3914 1150 3976 omnia
1185 3917 1520 3992 praecepta
1576 3932 1735 3992 quae
1779 3932 1886 3995 eqo
1939 3911 2259 3992 praecipio

289 3999 469 4064 vobis
509 3998 711 4064 hodie.
800 3998 861 4063 2.
906 3996 1088 4073 Erit,
1148 4018 1268 4079 quo
1324 3997 1428 4062 die
1483 3998 1874 4062 transieritis
1919 3997 2258 4063 Iordanem

293 4086 381 4148 ad
426 4091 670 4150 terram
725 4104 914 4166 quam
973 4084 1202 4149 Iehova
1247 4082 1428 4148 Deus
1483 4089 1632 4148 tuus
1673 4085 1786 4147 dat
1824 4083 1967 4162 tibi,
2024 4088 2259 4147 statues

287 4171 406 4235 tibi
450 4170 710 4252 lapides
752 4190 1023 4253 maynos,
1067 4176 1126 4234 et
1168 4170 1328 4235 lines
1370 4169 1545 4234 calce.
1646 4169 1705 4234 3.
1751 4169 1840 4233 Et
1893 4170 2124 4234 scribes
2187 4169 2256 4232 in

287 4257 432 4322 illis
480 4258 699 4322 omnia
738 4257 926 4322 verba
971 4256 1125 4339 lepis
1166 4255 1377 4331 huius,
1438 4275 1634 4337 quum
1675 4256 2011 4320 transieris
2050 4260 2119 4319 ut
2161 4274 2257 4318 ve-

286 4344 444 4408 nias
489 4344 568 4407 in
608 4347 843 4408 terram
886 4362 1076 4424 quam
1120 4341 1353 4406 Iekova
1398 4342 1578 4407 Deus
1619 4347 1765 4406 tuus
1806 4342 1915 4407 dat
1956 4341 2084 4416 tibi,
2130 4346 2253 4406 ter-

285 4449 438 4493 ram
468 4429 767 4508 fluentem
808 4428 965 4494 lacte
1007 4432 1064 4493 et
1107 4428 1306 4493 melle.-
1352 4430 1512 4492 sicut
1564 4427 1853 4510 loquutus
1894 4433 1984 4491 est
2027 4426 2257 4492 Iehova

283 4512 482 4580 Deus
517 4520 785 4595 patrum
828 4520 1073 4580 tuorum
1116 4514 1249 4579 tibi.
1308 4514 1368 4578 4.
1414 4510 1567 4579 Erit
1607 4534 1748 4596 erqo
1773 4534 1965 4594 quum
1988 4512 2255 4578 transie-

282 4602 443 4665 ritis
493 4600 873 4676 Iordanem,
933 4601 1216 4666 statuetis
1258 4599 1505 4680 lapides
1560 4600 1713 4664 istos
1754 4601 1831 4665 de
1869 4599 2095 4682 quibus
2151 4618 2257 4682 eqo

270 4687 621 4768 praecipio
663 4685 835 4752 vobis
875 4686 1072 4765 hodie,
1119 4692 1178 4751 et
1218 4686 1381 4751 lines
1421 4705 1523 4751 eos
1560 4685 1741 4752 calce.

563 4976 988 5044 EIUSDEM
1033 4977 1400 5045 CAPITIS
1448 4977 1759 5044 VERSU
1806 4975 1998 5043 VIII.

468 5121 572 5188 Et
625 5124 856 5189 scribes
908 5125 977 5189 in
1023 5125 1346 5206 lapidibus
1387 5123 1601 5189 omnia
1643 5122 1828 5189 verba
1871 5123 2028 5208 leyis
2069 5123 2262 5190 huius

274 5210 593 5276 distinete
620 5209 663 5296 ¹)
706 5210 1091 5294 explicando.

433 5399 503 5470 1)
549 5398 620 5454 In
653 5399 934 5469 ’κεκρίκει
968 5400 1038 5453 ad
1074 5398 1320 5466 verbum,
1357 5402 1514 5455 bene.

1794 459 2328 525 PRAEFATIO
2373 460 2472 524 IN
2518 459 2866 525 LEGEM.

4202 464 4336 532 230

2553 649 2610 713 1.
2657 644 2746 713 Et
2778 649 3115 731 praecepit.
3206 648 3456 713 Eodem
3511 650 3796 733 pertinet
3853 651 3977 717 hoc
4020 673 4325 735 praecep·

2378 745 2515 799 tum
2565 757 2690 818 quo
2736 735 2865 798 alia
2907 736 3261 817 superiora.
3352 736 3521 800 Nam
3568 737 3738 802 sicut
3782 737 3993 802 voluit
4026 738 4210 803 Deus
4253 739 4325 803 in

2378 822 2637 885 aedium
2685 821 2981 903 postibus
3026 820 3219 885 scribi
3264 842 3384 886 sua
3428 834 3795 905 praecepta,
3841 833 3908 887 et
3952 825 4332 890 investium

2376 906 2683 985 fimbriis,
2746 916 2820 970 ιιι
2876 906 3081 972 oculis
3140 907 3400 972 assidue
3458 919 3907 986 occurrerent,
3967 911 4061 974 ita
4122 910 4330 975 voluit

2375 994 2445 1057 in
2511 995 2651 1076 ipso
2707 1004 2921 1056 terrae
2965 993 3270 1076 ingressu
3327 1007 3588 1059 exstare
3646 1005 4175 1075 monumentum,
4243 1017 4326 1061 ex

2377 1099 2505 1160 quo
2572 1079 2852 1144 disceret
2915 1079 3196 1161 populus
3261 1080 3330 1142 in
3398 1100 3476 1144 ea.
3539 1102 3608 1144 se
3673 1081 3972 1146 habitare
4037 1093 4110 1146 ut
4165 1104 4328 1165 pure

2376 1165 2596 1229 Deum
2641 1164 2900 1228 coleret.
2952 1166 3128 1247 Ergo
3173 1186 3257 1228 ne
3300 1186 3586 1248 unquam
3632 1165 3887 1231 incuria
3921 1168 4150 1251 populi
4184 1169 4329 1234 obs-

2376 1271 2538 1316 cura
2581 1251 2822 1316 iaceret
2865 1250 3029 1332 legis
3071 1251 3376 1333 cognitio,
3423 1260 3538 1316 aut
3586 1252 3718 1317 ullo
3756 1253 3948 1318 modo
3991 1254 4327 1319 obliterari

2378 1347 2639 1420 posset,
2728 1336 2937 1401 voluit
3020 1334 3208 1402 Deus
3286 1337 3356 1401 in
3438 1337 3703 1403 sublimi
3782 1341 4069 1423 conspici
4149 1339 4328 1405 illius

2377 1443 2721 1487 summam.
2836 1421 3027 1488 Unde
3091 1421 3419 1507 colligitur
3483 1424 3841 1489 similitudo
3921 1446 4116 1508 quam
4185 1426 4326 1491 dixi

2376 1509 2549 1573 inter
2599 1510 2890 1591 privatas
2949 1509 3358 1592 singulorum
3414 1509 3638 1576 domos
3697 1521 3762 1574 et
3806 1519 4007 1576 totam
4060 1522 4324 1577 terram.

2377 1593 2598 1674 Quum
2645 1597 2712 1659 in
2759 1595 3006 1660 foribus
3050 1596 3295 1679 scripta
3336 1606 3556 1661 essent
3600 1606 3971 1680 praecepta,
4031 1596 4328 1662 admoni-

2377 1688 2484 1745 tus
2542 1682 2820 1764 quisque
2879 1680 3006 1745 fuit
3066 1680 3335 1746 domum
3409 1703 3595 1747 suam
3655 1703 3904 1748 sacram
3964 1703 4107 1748 esse
4165 1685 4324 1750 Deo.

2377 1765 2631 1833 Similis
2677 1768 2875 1831 totius
2919 1778 3132 1832 terrae
3175 1768 3300 1831 fuit
3357 1770 3553 1848 ratio,
3611 1782 3687 1832 ut
3745 1769 3987 1834 scirent
4051 1771 4326 1851 quicun-

2376 1873 2502 1935 que
2545 1852 2703 1918 illuc
2745 1851 3311 1936 ingrediebantur,
3358 1855 3543 1936 quasi
3589 1855 3949 1920 sacrarium
3994 1875 4136 1920 esse
4180 1876 4327 1921 coe-

2372 1939 2558 2004 lestis
2602 1939 2982 2004 doctrinae:
3026 1949 3224 2022 atque
3260 1941 3352 2004 ita
3386 1941 3821 2005 incitarentur
3853 1942 4148 2006 omnium
4186 1951 4328 2007 stu·

2373 2024 2482 2089 dia
2526 2024 2608 2089 ad
2653 2046 2889 2108 purum
2939 2024 3061 2089 Dei
3107 2026 3376 2092 cultum.
3427 2029 3603 2109 Apta
3647 2036 3867 2091 autem
3903 2036 3972 2092 et
4005 2028 4330 2094 concinna

2372 2113 2735 2194 scripturae
2779 2112 3130 2194 expressi0,
3190 2114 3376 2177 cuius
3421 2114 3665 2177 mentio
3707 2113 3787 2178 fit
3831 2122 4064 2179 octavo
4110 2135 4328 2195 versu,

2371 2196 2454 2263 ad
2501 2196 2858 2263 tollendam
2909 2197 3395 2282 ignorationem
3440 2199 3618 2265 facit.

2785 2541 2917 2607 EX
2952 2540 3602 2608 DEUT.·OAP1'1*E
3639 2540 3909 2608 XXXI.

2549 2713 2648 2779 10.
2695 2711 2785 2777 Et
2814 2714 3135 2796 praecepit
3178 2712 3419 2779 Levitis
3455 2714 3689 2793 Moses,
3733 2713 4003 2793 dicendo,
4054 2715 4326 2798 Septimo

2372 2820 2612 2882 quoque
2655 2820 2821 2865 anno
2862 2805 3125 2880 tempore
3169 2801 3324 2866 anni
3364 2800 3758 2865 remissionis
3773 2846 3788 2876 ,
3848 2801 3921 2865 in
3962 2801 4325 2869 solennitate

2370 2884 2927 2961 tabernaculorum,
3029 2885 3130 2950 11.
3200 2887 3406 2966 Quum
3461 2886 3697 2950 venerit
3736 2887 4072 2953 universus
4115 2888 4327 2956 Israel

2372 2977 2443 3037 ut
2485 2976 2790 3054 appareat
2829 2991 3039 3036 eoram
3082 2970 3316 3036 Iehova
3360 2970 3513 3048 Deo,
3558 2972 3631 3035 in
3671 2972 3796 3036 loeo
3839 2993 4017 3054 quem
4058 2974 4321 3058 eleyerit,

2371 3058 2532 3142 leyes
2573 3058 2763 3142 leyem
2806 3059 2994 3123 istam
3044 3077 3256 3122 coram
3297 3058 3589 3124 universo
3634 3057 3878 3123 Israele
3942 3060 4013 3124 in
4054 3061 4326 3128 auribus

2371 3165 2618 3210 eorum:
2700 3144 2800 3208 12.
2852 3141 3290 3227 Conyreyando
3322 3143 3646 3225 populum,
3691 3145 3876 3223 viros,
3923 3151 3979 3210 et
4009 3146 4320 3229 mulieres,

2359 3230 2666 3313 parvulos
2707 3236 2762 3294 et
2792 3231 3161 3312 pereyrinos
3201 3230 3315 3311 qui
3355 3234 3504 3294 sunt
3548 3229 3715 3294 intra
3744 3237 3973 3311 portas
4014 3238 4190 3310 tuas,
4251 3240 4325 3299 ut

2371 3318 2653 3396 audiant,
2698 3322 2752 3379 et
2784 3316 3047 3394 discant,
3081 3316 3448 3397 timeantque
3470 3315 3765 3380 Iebovam
3788 3316 3997 3382 Deum
4028 3324 4319 3400 vestrum,

2369 3409 2424 3468 et
2466 3403 2814 3467 custodiant
2850 3401 3138 3483 faciendo
3172 3402 3385 3467 omnia
3418 3400 3602 3466 verba
3635 3401 3792 3485 leyis
3823 3402 4034 3469 huius.
4106 3405 4204 3471 13.
4233 3405 4321 3471 Et

2362 3489 2490 3569 lilii
2531 3509 2748 3553 eorum
2790 3489 2902 3569 qui
2935 3508 3057 3552 non
3079 3493 3380 3553 noverunt
3401 3488 3688 3564 audiant,
3735 3493 3790 3553 et
3830 3488 4074 3555 discant
4106 3493 4321 3557 timere

2368 3574 2665 3638 Iehovam
2713 3573 2920 3638 Deum
2960 3579 3258 3651 vestrum,
3325 3572 3611 3637 omnibus
3662 3573 3878 3638 diebus
3921 3577 4149 3656 quibus
4188 3579 4316 3643 vic-

2364 3663 2496 3725 turi
2538 3663 2685 3724 estis
2727 3681 2919 3742 super
2959 3666 3210 3735 terram,
3258 3662 3343 3724 ad
3386 3680 3576 3741 quam
3620 3661 3993 3727 transmisso
4034 3664 4317 3729 Iordane

2353 3748 2624 3830 peryitis
2667 3752 2735 3810 ut
2766 3747 3166 3826 possideatis.

2537 3917 2636 3982 10.
2687 3916 2776 3981 Et
2822 3916 3149 3998 praecepit
3212 3914 3452 3980 Levitis
3498 3914 3723 3980 Moses.
3811 3916 4056 3981 Eadem
4121 3917 4315 3984 huius

2358 4004 2689 4086 praecepti
2757 4004 2924 4066 rat-io
2990 4021 3155 4084 quae
3220 4001 3521 4085 proximi.
3602 3999 3835 4066 Voluit
3898 4016 4049 4067 ante
4092 4006 4313 4070 oculos

2360 4090 2842 4172 repraesentari
2885 4098 2952 4151 et
2997 4087 3256 4152 assidue
3302 4088 3585 4151 versari:
3632 4108 3810 4151 nuno
3854 4108 3996 4152 eam
4036 4089 4314 4172 septimo

2357 4196 2616 4259 quoque
2673 4195 2847 4239 anno
2906 4173 3167 4238 recitari
3225 4173 3436 4250 iubet,
3508 4194 3588 4237 ne
3633 4194 3919 4256 unquam
3964 4174 4314 4242 intercidat

2359 4265 2501 4327 eius
2557 4260 2864 4345 cognitio,
2970 4259 3101 4324 Sed
3164 4259 3460 4323 ordinem
3527 4259 3878 4324 verborum
3943 4280 4311 4343 sequamur.

2359 4348 2589 4414 Primo
2630 4347 2788 4411 dicit
2832 4346 3044 4429 legem
3090 4365 3160 4410 se
3204 4346 3562 4428 scripsisse.
3622 4348 3842 4409 Antea
3888 4348 4129 4412 vocalis
4165 4357 4312 4413 tan-

2360 4445 2501 4499 tum
2547 4435 2761 4499 fuerat
2804 4431 3072 4515 pietatis
3117 4430 3442 4496 doctrina:
3491 4430 3644 4512 quia
3687 4429 4034 4496 tradebant
4089 4445 4315 4516 patres

2359 4521 2510 4586 filiis
2556 4520 2741 4603 quasi
2786 4540 2904 4602 per
2946 4537 3179 4581 manus
3226 4515 3393 4599 quod
3439 4517 3708 4581 coelitus
3754 4518 4149 4600 patefactum
4177 4522 4315 4586 fue-

2361 4617 2481 4671 rat.
2583 4604 2689 4670 Ita
2732 4604 2964 4687 religio
3010 4615 3078 4667 et
3115 4601 3278 4667 fides
3324 4602 3545 4686 populi
3589 4603 3655 4666 in
3704 4605 4010 4687 Aegypto
4047 4610 4310 4673 nonnisi

2356 4694 2425 4758 in
2475 4690 2808 4757 veteribus
2853 4688 3138 4755 oraculis
3197 4698 3264 4752 et
3328 4698 3587 4771 patrum
3636 4688 3983 4754 traditione
4040 4690 4314 4758 fundata

2359 4789 2519 4844 erat.
2588 4779 2843 4843 Verum
2888 4777 3042 4858 quia
3081 4773 3249 4839 nihil
3292 4774 3648 4858 proclivius
3692 4785 3794 4840 est
3827 4796 4022 4858 quam
4071 4790 4145 4842 ut
4192 4779 4308 4843 ho·

2356 4867 2612 4930 minum
2651 4873 2924 4941 mentes,
2950 4882 3068 4944 pro
3105 4881 3225 4925 sua
3260 4861 3575 4941 vanitate,
3601 4862 3900 4943 protinus
3938 4884 4133 4929 verae
4168 4864 4313 4930 doc-

2359 4953 2572 5016 trinae
2631 4950 3133 5025 obliviscantur,
3190 4954 3258 5012 et
3315 4968 3386 5012 se
3432 4948 3658 5012 multis
3717 4948 4050 5014 erroribus
4095 4951 4308 5015 invol-

2361 5048 2540 5115 vant,
2608 5037 2761 5101 huic
2828 5034 2999 5099 malo
3054 5033 3287 5098 volens
3352 5033 3538 5098 Deus
3596 5054 3968 5112 occurrere,
4030 5035 4308 5119 publicis

2359 5124 2603 5188 tabulis
2661 5119 3079 5205 consignavit
3131 5119 3393 5202 pietatis
3448 5120 3779 5202 regulam:
3847 5128 3940 5197 ut,
4000 5121 4059 5184 si
4104 5122 4183 5185 ab
4230 5143 4309 5187 ea

2360 5209 2785 5274 deflecterent
2827 5206 3087 5289 posteri,
3131 5205 3354 5271 nullus
3398 5215 3572 5271 esset
3594 5206 3882 5270 iustitiae
3904 5216 4306 5289 praetextus.

2356 5296 2466 5361 En
2538 5292 2922 5360 scribendae
2981 5292 3147 5376 legis
3218 5294 3418 5367 ratio,
3500 5300 3577 5356 ut
3630 5292 3942 5357 continua
4013 5303 4302 5359 aetatum

2361 5382 2528 5448 serie
2586 5390 2826 5445 testata
2883 5387 3055 5443 esset
3100 5378 3227 5443 Dei
3286 5379 3542 5443 veritas.
3642 5380 3788 5442 Non
3847 5376 4159 5461 intelligit
4214 5380 4312 5449 sic

3793 5477 3895 5531 15·
