4867 6150
353 446 477 518 205

353 646 587 725 nnbeS,
630 654 696 710 et
739 643 981 729 caligo,
1028 643 1261 727 quibus
1305 644 1621 729 insignita
1663 646 1792 710 fuit
1835 668 1962 711 vox
2009 646 2165 723 Dei,
2214 668 2296 710 ne

354 733 623 798 obscura
660 739 836 796 esset
879 731 1022 795 eius
1057 733 1257 814 origo.
1327 731 1551 811 Addit,
1600 752 1822 798 vocem
1868 733 2046 797 illam
2099 734 2297 798 fuisse

351 839 691 902 magnam,
754 837 991 899 nempe
1051 838 1217 900 quae
1262 819 1436 882 ultra
1480 818 1743 883 solitum
1789 818 2055 884 modum
2102 819 2297 903 longe

351 905 609 986 lateque
655 911 1135 985 penetraverat.
1227 904 1285 967 N
1292 926 1364 970 ec
1409 925 1648 987 paucos
1691 905 1851 970 citat
1896 914 2131 983 testes,
2182 904 2298 968 sed

352 990 686 1073 ingentem
733 989 915 1054 illam
952 988 1461 1069 multitudinem,
1510 1011 1678 1073 quae
1712 1012 1954 1075 magna
1993 1011 2074 1055 ex
2112 999 2297 1073 parte

352 1076 732 1160 propensior
784 1076 1012 1140 fuisset
1074 1076 1153 1140 ad
1213 1075 1757 1159 exstinguendam
1813 1077 1935 1142 Dei
1998 1075 2296 1160 gloriam,

352 1164 472 1228 nisi
507 1162 702 1227 claris
739 1162 1207 1243 experimentis
1242 1163 1473 1226 fuisset
1507 1162 1640 1228 illic
1676 1163 1955 1247 cognita.
2019 1161 2297 1228 Summa

352 1260 478 1327 est,
580 1247 849 1312 minime
941 1247 1208 1311 dubium
1301 1270 1441 1313 esse
1528 1247 2000 1331 legislatorem,
2109 1248 2296 1313 cuius

352 1336 657 1400 maiestas
730 1345 890 1398 tunc
969 1333 1325 1399 tremendis
1403 1333 1720 1417 prodigiis
1798 1336 2147 1418 patefacta,
2230 1342 2296 1397 et

347 1422 709 1486 immensae
773 1419 1217 1483 multitudinis
1293 1420 1497 1485 oculis
1576 1429 2077 1503 repraesentata.
2188 1418 2293 1484 De

351 1505 601 1572 duabus
667 1505 907 1570 tabulis
972 1505 1401 1587 opportunius
1480 1505 1629 1571 alibi
1714 1505 1985 1572 dicetur.
2098 1504 2291 1586 Quod

350 1594 552 1659 refert
604 1593 824 1657 Moses
881 1592 1094 1656 Deum
1163 1591 1329 1656 nihil
1394 1590 1732 1669 adiecisse,
1802 1613 1878 1656 eo
1936 1593 2290 1674 perfectam

346 1681 518 1746 vitae
563 1678 858 1761 regulam
906 1677 1126 1742 decem
1173 1678 1393 1743 verbis
1437 1678 1899 1761 comprehendi
1946 1678 2289 1763 significat,

342 1787 413 1832 ac
477 1785 699 1829 eorum
773 1764 1046 1829 scientia
1114 1762 1312 1846 probe
1366 1774 1672 1847 percepta
1741 1764 1989 1829 absolvi
2061 1784 2290 1827 omnes

340 1850 700 1934 sapientiae
765 1870 1106 1929 numeros,
1179 1871 1262 1914 ne
1326 1850 1478 1932 quid
1548 1851 1719 1915 ultra
1787 1850 1954 1915 scire
2022 1857 2289 1933 appetat

338 1937 649 2021 populus:
696 1936 809 2000 sed
854 1937 965 2000 ubi
1010 1937 1207 1999 finem
1253 1934 1562 2019 loquendi
1603 1937 1753 2002 fecit
1802 1937 2000 2017 Deus,
2045 1946 2286 2000 metam

336 2022 711 2107 inquirendi
750 2021 875 2086 sibi
926 2023 1261 2105 praefigat.

509 2109 611 2173 23.
653 2107 810 2173 Fuit
843 2113 1052 2173 autem
1087 2128 1279 2189 quum
1301 2108 1657 2173 audissetis.
1715 2106 2025 2176 Occurrit
2045 2108 2284 2184 Moses,

333 2216 416 2260 ne
456 2217 645 2261 suam
685 2193 1048 2261 doctrinam
1073 2195 1345 2259 minoris
1370 2194 1717 2259 aestiment
1740 2194 2097 2272 Israelitac,
2135 2194 2288 2274 quia

332 2281 766 2363 interpositus
824 2301 863 2343 a
911 2280 1049 2344 Deo
1102 2281 1318 2345 fuerat
1371 2281 1696 2345 minister:
1759 2279 2284 2362 quandoquidem

329 2368 394 2432 id
442 2388 671 2432 eorum
719 2377 952 2449 rogatu
1000 2386 1074 2431 ac
1119 2365 1552 2448 postulatione
1595 2365 1842 2431 factum
1889 2376 2048 2430 erat.
2142 2362 2284 2431 Sci-

329 2476 483 2519 mus
529 2474 724 2536 qnam
762 2466 1069 2534 proterve
1105 2451 1281 2517 soliti
1317 2451 1596 2516 fuissent
1632 2473 1780 2517 eum
1819 2472 2157 2533 respuere:
2207 2472 2282 2516 ac

329 2543 379 2605 si
419 2541 496 2605 in
536 2560 611 2603 eo
648 2538 810 2603 nihil
857 2538 986 2602 nisi
1032 2547 1340 2601 terrestre
1386 2559 1460 2603 ac
1507 2538 1866 2603 humanum
1913 2545 2279 2603 cernerent.

327 2625 550 2690 Deum
611 2626 813 2707 igitur
869 2626 1084 2707 ipsum
1147 2621 1346 2688 verba
1401 2623 1612 2689 facere
1672 2644 1934 2689 necesse
1991 2625 2146 2701 fuit,
2203 2635 2281 2688 ut

323 2733 596 2777 servum
643 2732 834 2775 suum
893 2730 934 2775 a
987 2721 1361 2792 contemptu
1421 2720 1741 2774 assereret
1794 2711 1861 2774 in
1920 2718 2276 2792 posterum.

322 2798 498 2863 Nam
549 2797 825 2879 populus
871 2796 1012 2877 ipse
1055 2795 1241 2860 stulti
1287 2805 1354 2859 et
1398 2798 1797 2878 praeposteri
1844 2797 1982 2860 voti
2024 2796 2281 2862 convic-

326 2893 466 2960 tus,
532 2883 713 2947 nullo
772 2880 1005 2946 deinde
1054 2890 1404 2963 praetextu
1451 2882 1721 2947 relicere
1766 2882 1995 2947 Mosen
2046 2883 2277 2963 potuit,

326 2991 403 3036 ac
447 2971 508 3035 si
557 2968 748 3032 fidem
794 2968 1154 3033 vocationis
1197 2987 1357 3031 suae
1401 2989 1531 3032 non
1578 2968 1850 3033 fecisset.
1922 2972 2136 3051 Atque
2171 2967 2280 3032 hic

326 3079 395 3123 se
452 3052 743 3139 prodidit
798 3054 966 3118 mira
1023 3054 1346 3136 pravitas,
1405 3053 1578 3137 quod
1638 3063 1866 3120 sancto
1922 3054 2280 3138 prophetae

323 3152 675 3227 postquam
714 3149 810 3204 tot
846 3141 1179 3204 miraculis
1223 3141 1534 3222 probatus
1579 3140 1811 3221 fuerat,
1857 3142 2051 3205 fidem
2088 3140 2279 3205 abro-

322 3250 486 3313 gare
535 3228 720 3291 illum
768 3247 899 3289 non
959 3225 1210 3307 puduit.
1301 3225 1499 3291 Certe
1555 3227 1613 3290 si
1672 3227 1911 3310 integri
1970 3237 2036 3291 et
2092 3227 2279 3308 aequi

322 3316 616 3380 fuissent
674 3311 955 3389 iudices,
1017 3312 1178 3377 satis
1247 3322 1478 3376 notum
1546 3326 1612 3377 et
1675 3323 2079 3394 compertum
2146 3312 2278 3377 illis

323 3401 590 3477 fuisset,
638 3399 866 3463 Mosen
913 3418 1039 3461 non
1089 3420 1127 3462 a
1172 3418 1242 3463 se
1286 3398 1429 3482 ipso
1475 3421 1594 3465 nec
1648 3399 1907 3482 proprio
1964 3398 2280 3463 instinctu

321 3487 541 3571 loqui,
589 3483 706 3550 sed
748 3484 1020 3566 spiritus
1063 3504 1205 3549 esse
1251 3504 1594 3568 organum.
1687 3484 1935 3549 Verum
1983 3485 2281 3567 superbis

321 3584 388 3638 et
435 3591 751 3656 perverse
794 3569 1069 3634 morosis
1115 3569 1371 3636 fastidio
1414 3571 1540 3635 fuit
1584 3569 1710 3634 Dei
1756 3570 2081 3648 doctrina,
2129 3573 2282 3653 quia

318 3679 443 3742 per
502 3676 778 3720 manum
845 3655 1130 3721 hominis
1184 3657 1479 3721 mortalis
1546 3655 1958 3721 afferebatur.
2062 3655 2280 3720 Deum

320 3766 484 3828 ergo
531 3742 923 3825 importunis
971 3743 1140 3808 votis
1184 3764 1220 3804 e
1264 3743 1441 3807 coelo
1494 3743 1798 3821 eliciunt,
1859 3753 1936 3807 ut
1978 3743 2282 3825 loquatur

319 3831 489 3914 ipse.
583 3830 785 3911 Atqui
845 3836 1057 3892 terror
1115 3829 1337 3893 statim
1392 3839 1664 3912 occupat
1722 3849 1947 3894 eorum
2005 3837 2279 3904 mentes,

321 3926 398 3981 ut
463 3917 592 3980 Dei
659 3935 885 3980 vocem
952 3915 1302 3998 refugiant.
1411 3913 1523 3980 Sic
1580 3915 1988 3996 experientia
2040 3912 2280 3993 docuit,

319 4002 497 4067 nihil
524 4022 666 4066 esse
685 4002 911 4065 utilius
937 4022 1131 4084 quam
1158 3999 1371 4065 Deum
1412 4023 1532 4084 per
1564 4022 1635 4065 os
1661 4001 1867 4066 Mosis
1906 4001 2278 4084 loquentem

318 4088 592 4153 audire:
662 4099 729 4151 et
796 4085 1091 4152 mercede
1157 4107 1313 4151 suae
1376 4089 1762 4152 temeritatis
1827 4086 2036 4153 edocti
2104 4097 2276 4164 sunt,

314 4174 605 4240 docendi
627 4172 891 4238 modum
915 4194 1109 4255 quem
1133 4182 1515 4254 spreverant
1540 4174 1780 4256 eligere
1802 4181 1996 4256 atque
2032 4183 2275 4255 optare.

312 4261 424 4326 Ita
450 4262 632 4325 enim
670 4281 738 4324 se
773 4258 1014 4341 impiae
1050 4261 1493 4325 contumaciae
1531 4259 1948 4339 damnarunt,
1986 4260 2045 4323 si
2078 4258 2274 4323 fidem

314 4347 504 4413 Mosi
544 4347 610 4411 in
649 4358 981 4428 posterum
1020 4344 1441 4410 detraherent
1483 4345 1582 4410 vel
1628 4346 2035 4429 abrogarent,
2083 4364 2273 4427 quem

314 4434 448 4499 sibi
499 4432 1001 4515 postulaverant
1046 4452 1084 4495 a
1128 4430 1273 4495 Deo
1317 4432 1807 4496 internuncium
1869 4431 2038 4496 dari:
2100 4431 2276 4513 quod

311 4541 506 4584 nune
567 4519 696 4582 illis
752 4518 1121 4599 exprobrat.
1214 4517 1375 4583 Plus
1434 4538 1626 4600 quam
1696 4518 1869 4581 enim
1932 4516 2273 4601 indignum

309 4607 590 4682 fuisset,
647 4605 753 4668 ubi
805 4605 984 4668 Deus
1032 4625 1275 4667 morem
1320 4613 1615 4687 gesserat
1671 4623 1894 4667 eorum
1956 4602 2275 4686 precibus,

311 4692 719 4758 beneficium
757 4689 923 4772 quod
962 4690 1440 4772 expetiverant,
1485 4690 1771 4754 relicere.
1839 4688 1987 4753 Hac
2023 4689 2275 4753 ratione

311 4785 829 4854 commemorat,
941 4787 1278 4858 postquam
1384 4776 1625 4841 oculati
1726 4776 1986 4840 fuerant
2076 4781 2276 4839 testes

309 4862 761 4928 formidabilis
811 4862 936 4925 Dei
980 4863 1339 4945 potentiae,
1405 4881 1672 4945 rogasse
1732 4861 1902 4925 ultro
1960 4883 2043 4924 ne
2100 4858 2275 4942 loqui

308 4959 651 5033 pergeret.
742 4949 839 5012 Ac
895 4967 979 5010 ne
1032 4948 1384 5012 obiicerent
1437 4947 1502 5011 id
1550 4968 1588 5011 a
1634 4948 1855 5030 paucis
1902 4945 2003 5012 vel
2049 4946 2275 5010 incon-

309 5035 520 5111 sulte,
569 5034 668 5097 vel
717 5054 833 5114 per
878 5034 1229 5098 tumultum
1278 5046 1492 5098 actum
1542 5054 1716 5110 esse,
1763 5031 2070 5096 mandata
2116 5032 2277 5096 haec

310 5121 576 5185 diserte
632 5127 911 5183 testatur
966 5121 1218 5202 perlata
1272 5121 1473 5185 fuisse
1517 5140 1556 5182 a
1607 5118 1926 5202 capitibus
1983 5118 2273 5183 tribuum

308 5217 378 5271 et
433 5205 825 5271 senioribus.

503 5290 609 5355 24.
655 5290 763 5355 En
804 5291 1067 5357 ostendit
1127 5290 1303 5355 nobis
1346 5290 1595 5356 Iehova.
1683 5290 1964 5374 Propria
2022 5290 2272 5354 confes-

310 5381 515 5444 sione
577 5386 926 5462 urgentur,
992 5399 1074 5440 ne
1135 5377 1401 5458 posthac
1459 5376 1740 5442 audeant
1784 5375 1863 5442 de
1905 5376 2273 5441 ministerio

1510 456 2256 525 COMMENTARIUS
2303 460 2399 525 IN
2450 458 2751 526 EXODI
2795 460 2994 526 OAP.
3041 460 3200 526 XX.

4220 462 4349 529 206

2405 647 2610 712 Mosis
2656 640 3163 715 controversiam
3203 671 3484 716 movere.
3552 651 3725 716 Nam
3763 651 3916 717 dum
3955 672 4026 717 se
4060 652 4351 719 fatentur

2401 732 2648 799 vidisse
2693 734 2969 815 gloriam
3015 736 3139 800 Dei
3185 746 3250 801 et
3294 737 3853 821 magnitudinem,
3901 739 4024 803 nisi
4072 761 4152 803 ex
4198 760 4349 821 pro-

2401 820 2571 884 fesso
2635 820 2846 885 velint
2884 821 3027 885 Deo
3089 823 3327 887 bellum
3378 824 3658 901 inferre,
3720 824 4065 890 obediendi
4125 845 4348 890 neces-

2400 907 2594 969 sitate
2639 926 2710 970 se
2763 905 3206 991 obstringunt.
3298 910 3377 973 In
3433 911 3564 974 fine
3624 931 3889 990 versus,
3952 909 4060 976 ubi
4121 910 4351 977 dicunt

2402 992 2617 1056 Deum
2679 992 3022 1074 loquutum
3092 1014 3234 1059 esse
3279 1014 3426 1059 cum
3484 995 3748 1061 homine
3809 1007 3931 1062 etc.
3978 1017 4107 1060 non
4155 996 4347 1062 modo

2398 1076 2785 1160 intelligunt
2848 1099 2991 1143 esse
3059 1078 3353 1145 homines
3418 1082 3487 1145 in
3556 1096 3731 1146 terra
3786 1083 4171 1166 superstites
4233 1083 4347 1165 qui

2399 1161 2527 1226 Dei
2589 1183 2814 1229 vocem
2864 1184 2898 1226 e
2945 1165 3123 1230 coelo
3184 1165 3525 1249 delapsam.
3572 1169 3842 1233 auribus
3899 1169 4344 1252 perceperint:

2397 1249 2511 1312 sed
2537 1269 2681 1314 cum
2711 1249 3143 1315 admiratione
3179 1252 3556 1336 praedicant
3590 1255 3760 1335 quod
3798 1255 3931 1319 fero
3968 1255 4349 1320 incredibile

2397 1344 2557 1399 erat.
2628 1335 2772 1399 Etsi
2813 1335 2990 1399 enim
3026 1338 3186 1401 satis
3223 1338 3394 1420 apud
3433 1360 3541 1404 eos
3578 1339 3926 1423 vulgatum
3964 1351 4107 1405 erat
4127 1342 4345 1406 Deum

2395 1421 2549 1483 olim
2576 1442 2723 1485 cum
2753 1421 3047 1503 patribus
3069 1423 3446 1506 loquutum:
3484 1425 3639 1506 quia
3673 1438 3894 1490 tamen
3919 1430 4347 1509 praeterierat

2394 1505 2665 1588 longum
2726 1518 2985 1589 tempus
3030 1531 3110 1573 ex
3160 1532 3286 1592 quo
3330 1526 3745 1576 cessaverant
3800 1513 4092 1592 oracula,
4159 1513 4346 1596 quasi

2396 1591 2477 1656 ad
2556 1614 2695 1656 rem
2788 1614 3026 1658 novam
3119 1596 3615 1679 obstupescunt.
3743 1597 4061 1662 Videmus
4142 1599 4345 1663 etiam

2394 1689 2469 1741 ut
2516 1678 2708 1761 longo
2753 1689 2900 1761 post
2944 1689 3266 1762 tempore,
3316 1683 3567 1765 quoties
3612 1684 3916 1766 apparuit
3960 1685 4166 1749 servis
4210 1685 4345 1749 suis

2393 1763 2599 1844 Deus,
2645 1775 2823 1829 metu
2869 1766 3102 1830 mortis
3146 1767 3396 1832 fuerint
3430 1770 3728 1850 correpti.
3806 1769 3967 1834 Fuit
4010 1771 4182 1834 enim
4225 1770 4345 1835 hoc

2390 1850 2523 1914 illis
2581 1852 2793 1915 instar
2846 1853 3215 1932 proverbii:
3264 1854 3658 1934 Moriemur,
3715 1855 3867 1937 quia
3911 1855 4128 1919 Deum
4179 1855 4344 1920 vidi-

2391 1957 2543 2000 mus
2602 1934 2774 2023 (Iud.
2839 1938 2938 2015 13,
2998 1937 3126 2024 22).
3226 1940 3465 2005 Merito
3533 1951 3752 2006 autem
3820 1941 3943 2005 hoc
4008 1941 4342 2024 singulare

2388 2023 2812 2105 privilegium
2854 2024 3221 2104 celebrant,
3283 2026 3456 2109 quod
3501 2048 3634 2092 non
3677 2028 3926 2092 fuerint
3967 2027 4259 2109 absorpti
4303 2049 4343 2093 a

2388 2107 2513 2173 Dei
2552 2107 2782 2193 gloria.
2841 2109 3010 2173 Nam
3050 2112 3104 2174 si
3143 2124 3491 2195 conspectu
3515 2114 3655 2179 eius
3680 2124 3932 2179 montes
3953 2113 4339 2195 liquescunt,

2386 2204 2456 2258 et
2490 2193 2808 2277 quidquid
2844 2193 3266 2261 durissimum
3305 2209 3406 2263 est
3440 2198 3735 2280 solvitur,
3759 2198 4068 2281 quidquid
4106 2200 4335 2264 robus-

2387 2280 2711 2344 tissimum
2802 2290 2904 2345 est
2992 2281 3274 2348 fractum
3336 2284 3648 2364 concidit,
3732 2284 4049 2367 quomodo
4128 2294 4335 2351 staret

2385 2364 2598 2445 homo,
2638 2387 2765 2448 quo
2790 2365 2954 2430 nihil
2981 2370 3189 2452 magis
3224 2370 3475 2435 fluxum
3514 2381 3629 2436 aut
3662 2371 3942 2455 fragile?
3981 2372 4055 2436 Si
4093 2392 4331 2438 arcano

2384 2451 2527 2516 eins
2572 2462 2736 2517 nutu
2793 2471 3146 2519 concussus
3205 2469 3319 2521 aer
3378 2478 3508 2522 non
3570 2457 3882 2522 animalia
3934 2457 4153 2535 mod0,
4215 2457 4330 2522 sed

2383 2537 2649 2601 arbores
2695 2547 2762 2600 et
2804 2560 3000 2621 rupes
3044 2541 3424 2622 tremefacit,
3469 2542 3623 2626 quid
3670 2545 3784 2608 fiet
3829 2541 3938 2607 ubi
3975 2565 4101 2610 non
4140 2544 4334 2608 modo

2386 2624 2701 2688 virtutem
2758 2644 2942 2689 suam
3002 2625 3071 2690 in
3130 2627 3471 2694 elementis
3533 2630 3780 2712 profert
3837 2629 4055 2707 Deus,
4121 2630 4236 2695 sed
4294 2651 4331 2695 e

2383 2709 2562 2775 coelo
2598 2709 2996 2776 descendens
3050 2732 3274 2779 vocem
3332 2735 3445 2780 ore
3503 2736 3624 2780 suo
3679 2716 3967 2780 emittit?
4023 2715 4171 2781 Non
4215 2715 4331 2782 abs

2382 2816 2455 2860 re
2500 2796 2708 2880 igitur
2752 2818 2868 2878 pro
2912 2796 3228 2864 miraculo
3273 2799 3525 2865 ducunt
3569 2802 3924 2877 Israelitae,
3969 2823 4056 2879 se,
4110 2802 4345 2867 audita.

2385 2903 2543 2947 voce
2611 2881 2735 2946 Dei
2802 2904 2934 2946 non
3000 2884 3203 2949 fuisse
3267 2887 3338 2949 in
3409 2886 3689 2951 nihilum
3759 2886 4073 2952 redactos.
4184 2886 4335 2967 Quo

2385 2989 2570 3033 suam
2627 2969 2966 3033 vesaniam
3026 2968 3288 3053 oblique
3350 2974 3831 3055 perstringunt:
3898 2973 4054 3056 quia
4111 2973 4337 3037 incon-

2385 3054 2673 3119 siderato
2720 3062 2868 3119 voto
2912 3055 3261 3122 interitum
3305 3058 3427 3124 sibi
3487 3059 3969 3125 accersiverant
4017 3059 4140 3123 nisi
4183 3059 4337 3123 eub-

2386 3151 2659 3204 ventum
2683 3151 2854 3206 esset
2882 3141 3007 3205 Dei
3043 3143 3508 3209 misericordia.
3569 3144 3703 3210 Sed
3744 3147 4049 3210 videntur
4085 3144 4335 3209 duobus

2385 3226 2700 3310 proximis
2746 3228 3045 3292 versibus
3089 3251 3308 3295 secum
3352 3251 3673 3314 pugnare.
3757 3231 3924 3295 Nam
3972 3252 4170 3313 quum
4221 3252 4335 3296 ex-

2384 3313 2555 3395 perti
2586 3323 2809 3378 essent
2846 3333 2973 3376 non
3022 3335 3281 3398 semper
3324 3318 3658 3400 exstingui
3704 3317 3804 3383 vel
3846 3318 4056 3399 perire
4100 3317 4336 3398 quibus

2383 3397 2569 3463 Deus
2613 3409 2916 3481 apparet,
2974 3421 3094 3465 cur
3137 3423 3209 3466 se
3244 3401 3597 3468 morituros
3649 3402 3871 3468 dicunt
3908 3404 3964 3467 si
3999 3403 4339 3468 continuet

2383 3484 2802 3549 sermonem?
2894 3485 3225 3550 Videntur
3302 3488 3564 3571 quidem
3651 3489 3743 3553 ita
3820 3488 4144 3570 loquendo
4210 3487 4337 3554 sibi

2381 3591 2614 3652 parum
2660 3577 2995 3635 constare:
3056 3571 3173 3637 sed
3217 3593 3350 3638 non
3396 3576 3641 3640 frustra
3682 3574 4076 3659 perieulum,
4123 3595 4163 3638 a
4206 3595 4333 3659 quo

2381 3655 2671 3721 mirabili
2711 3654 2839 3720 Dei
2883 3656 3301 3739 indulgentia
3344 3660 3552 3742 elapsi
3596 3662 3875 3739 fuerant,
3921 3663 3989 3724 in
4038 3662 4329 3724 futurum

2381 3750 2645 3822 tempus
2680 3752 3003 3807 metuunt.
3069 3745 3357 3810 Perinde
3398 3747 3603 3830 igitur
3639 3758 3738 3812 est
3785 3769 3860 3813 ac
3903 3748 3961 3812 si
4007 3746 4332 3812 dicerent:

2383 3826 2605 3892 Semel
2633 3828 2848 3891 Deum
2884 3828 2953 3892 in
2993 3850 3111 3895 nos
3154 3851 3549 3914 provocasse
3584 3832 3735 3915 plus
3782 3834 3941 3898 satis
3986 3841 4115 3897 est:
4162 3831 4335 3914 quod

2384 3913 2702 3978 hactenus
2746 3914 3018 3999 ignovit,
3064 3917 3560 3983 inaestimabilis
3604 3929 3702 3984 est
3740 3920 3881 3983 eius
3917 3918 4331 3984 clementiae:

2382 3998 2746 4064 cavendum
2790 4002 3041 4064 interea
3086 4002 3275 4068 nobis
3315 4013 3431 4081 est,
3480 4004 3607 4068 nisi
3653 4014 3908 4068 mature
3946 4003 4332 4087 corrigimus

2382 4091 2675 4150 nostram
2721 4086 3090 4170 stultitiam,
3137 4109 3221 4152 ne
3266 4090 3606 4172 graviores
3651 4090 4051 4172 pervicaciae
4091 4109 4331 4171 poenas

2384 4172 2632 4236 demus.
2721 4170 2901 4235 Hinc
2943 4173 3260 4238 sumenda
3304 4175 3486 4240 utilis
3546 4175 3918 4240 admonitio.
4009 4174 4330 4255 Quamvis

2380 4258 2558 4322 enim
2618 4279 2751 4322 non
2809 4263 3225 4340 personuerit
3277 4281 3412 4325 vox
3458 4261 3583 4325 Dei
3644 4261 3833 4326 nobis
3891 4260 4327 4339 audientibus,

2378 4343 2785 4425 experientia
2866 4352 3085 4409 tamen
3164 4347 3409 4411 veteris
3490 4347 3708 4430 populi
3777 4348 4075 4413 sufficere
4141 4347 4324 4412 nobis

2380 4429 2603 4508 debet,
2663 4439 2736 4494 ut
2794 4443 2974 4494 certo
3020 4434 3313 4515 persuasi
3357 4433 3592 4508 simus,
3655 4455 3854 4515 quum
3902 4433 4088 4497 Deus
4133 4433 4322 4499 nobis

2378 4516 2673 4581 doctores
2731 4517 3056 4598 praeficit,
3115 4519 3358 4601 optime
3403 4516 3598 4582 saluti
3641 4530 3904 4584 nostrae
3948 4520 4318 4585 consulere:

2378 4603 2532 4685 quia
2565 4602 2619 4666 si
2659 4624 2695 4665 e
2730 4602 2907 4666 coelo
2951 4602 3091 4686 ipse
3136 4612 3411 4681 tonaret,
3450 4603 3636 4668 nobis
3681 4605 4103 4670 intolerabilis
4149 4615 4321 4670 esset

2378 4690 2521 4752 eius
2595 4689 2919 4753 maiestas.
3009 4687 3202 4769 Quod
3277 4689 3498 4754 valere
3560 4690 3751 4754 debet
3819 4690 3898 4754 ad
3959 4690 4319 4756 sedandum

2378 4773 2711 4839 exitialem
2773 4793 2996 4837 eorum
3057 4774 3382 4856 pruritum
3443 4777 3552 4859 qui
3600 4779 3815 4842 Deum
3861 4798 3896 4841 e
3941 4777 4116 4842 coelo
4162 4798 4320 4858 quo-

2379 4858 2536 4924 tidie
2582 4859 2973 4924 descendere
3031 4868 3375 4942 cuperent,
3437 4863 3545 4926 vel
3602 4865 3834 4928 saltem
3894 4863 4158 4929 oracula
4200 4883 4319 4927 sua

2379 4967 2497 5029 per
2575 4945 2842 5027 angelos
2924 4945 3243 5026 proferre:
3328 4960 3522 5030 atque
3590 4951 3679 5012 ita
3742 4971 3903 5032 quos
3970 4971 4055 5013 ex
4119 4968 4320 5031 grege

2377 5031 2751 5096 mortalium
2820 5029 3084 5095 adhibet
3151 5032 3485 5098 ministros
3551 5033 3911 5100 fastidiunt.
4020 5035 4319 5115 Denique

2378 5117 2540 5182 haec
2606 5116 2883 5180 historia
2943 5117 3201 5183 illustre
3262 5117 3729 5185 documentum
3787 5129 3918 5196 est,
3978 5118 4318 5184 ecclesiam

2376 5213 2648 5269 externa
2692 5202 2876 5267 verbi
2920 5202 3399 5286 praedicatione
3444 5205 3757 5270 divinitus
3805 5207 3972 5288 regi,
4030 5203 4183 5287 quia
4225 5205 4319 5268 ita

2378 5286 2666 5373 expedit..

2549 5374 2651 5439 26.
2717 5371 2893 5439 Nam
2946 5395 3108 5457 quae
3161 5376 3298 5442 ulla
3349 5377 3479 5459 fuit
3532 5396 3692 5442 caro.
3780 5377 4017 5442 Carnis
4075 5395 4317 5440 nomen
