4867 6150
319 461 452 531 633

325 672 552 752 semen
596 672 675 718 ac
708 651 1104 752 memoriam·
1134 648 1339 750 deleri
1375 647 1609 715 vellet:
1655 646 2044 731 praesertim
2079 664 2283 729 quum

323 734 2288 891 :32:231332530{zffinfflffzmffl2²:33¹:

324 910 638 994 apparuit
699 908 960 993 perdita
1023 929 1253 972 earum
1318 906 1643 991 impietas.
1744 904 2000 970 Iterum
2058 910 2283 968 tamen

323 997 649 1080 repetitur
691 994 863 1079 quod
894 993 1050 1060 alibi
1087 993 1341 1059 dictum
1376 994 1519 1074 fuit,
1562 991 1871 1091 quoniam
1908 997 2288 1055 consecrata

326 1094 473 1147 erat
514 1081 599 1147 ad
645 1081 774 1147 Dei
814 1081 1072 1147 cultum
1113 1091 1295 1145 terra
1350 1079 1499 1158 illa,
1558 1073 2094 1144 extermlnandos
2139 1094 2287 1140 esse

322 1167 601 1243 incolas,
648 1169 757 1252 qui
804 1166 971 1233 nihil
1018 1166 1202 1231 aliud
1244 1185 1439 1249 quam
1482 1185 1631 1230 eam
1674 1162 2125 1230 contaminare
2167 1180 2285 1244 po-

223 1300 228 1305 ·
323 1262 579 1320 terant:
637 1253 930 1336 adeoque
972 1251 1041 1317 id
1094 1251 1257 1318 utile
1314 1272 1458 1317 esse
1501 1249 1854 1328 Israelitis,
1915 1268 2002 1313 ne
2056 1266 2283 1312 eorum

325 1339 643 1425 decipulis
686 1339 1041 1406 trahantur
1083 1336 1167 1403 ad
1209 1337 1408 1404 falsas
1453 1334 1973 1420 superstitiones.

924 1680 1050 1747 EX
1096 1678 1367 1747 DEU'I'.
1413 1677 1686 1745 XXIII.

499 1852 676 1941 15¹).
724 1854 874 1919 Non
915 1853 1129 1919 trudes
1167 1870 1419 1918 servum
1458 1850 1709 1916 domino
1750 1868 1887 1926 suc,
1976 1848 2045 1948 ,i
2085 1867 2155 1948 sc
2195 1844 2282 1911 ad

321 1945 380 2006 te
431 1940 734 2021 eripuerit
774 1961 819 2006 a
862 1939 1112 2005 domino
1163 1958 1298 2003 suo.
1393 1936 1495 2002 16.
1558 1936 1787 2002 Tecum
1979 1934 2145 2033 ‘tab-t
2206 1951 2282 1996 m

320 2026 531 2092 medio
586 2027 716 2103 wi,
771 2019 2281 2121 inlecoquemeleyeritimuqaurbwmtua-

321 2132 469 2179 rum
501 2117 700 2194 prout
724 2111 1058 2194 placuerit,
1100 2129 1210 2175 nce
1248 2110 1380 2174 vim
1421 2107 1657 2191 inferes
1699 2127 1779 2173 ει.

499 2282 901 2365 Quanquam
961 2281 1122 2348 haec
1184 2281 1294 2346 lex
1357 2279 1441 2346 ad
1508 2278 1993 2345 humanitatem
2037 2288 2108 2344 et
2148 2280 2280 2347 cle-

321 2370 643 2436 mentiam
687 2375 961 2453 spectat,
1006 2376 1230 2432 tamen
1276 2365 1539 2432 videtur
1582 2386 1715 2431 non
1757 2367 1954 2445 omni·
1973 2387 2058 2432 ex
2093 2376 2282 2450 parte

319 2456 495 2522 iusta
536 2475 698 2521 esse.
788 2451 1012 2535 Quum
1059 2453 1404 2538 tyrannica
1446 2450 1754 2536 superbia
1793 2451 1989 2518 multi
2031 2452 2282 2518 domini

320 2562 551 2609 servos
594 2548 1004 2624 premerent,
1047 2540 1261 2623 coegit
1294 2559 1523 2604 eorum
1569 2536 1961 2623 improbitas
2007 2539 2282 2606 miseros

317 2628 539 2711 aliquo
582 2626 815 2692 solatio
859 2625 1101 2691 levare.
1191 2623 1429 2708 Itaque
1462 2624 1673 2691 servis
1716 2625 2111 2707 permissum
2154 2626 2282 2691 fuit

315 2714 391 2778 in
437 2712 681 2796 templa
725 2711 1107 2796 confugere:
1153 2710 1408 2776 Romae
1451 2709 1651 2775 etiam
1697 2709 1778 2775 ad
1823 2719 2078 2776 statuas
2119 2710 2284 2778 an-

316 2819 542 2867 sarum
564 2848 580 2878 ,
636 2806 712 2864 ut
767 2798 824 2864 si
864 2797 1223 2881 probarent
1270 2817 1343 2862 se
1385 2795 1658 2881 indigne
1702 2803 1770 2861 et
1824 2797 2283 2865 inhumaniter

314 2886 525 2951 fuisse
567 2893 912 2964 tractatos,
964 2902 1161 2949 causa
1203 2882 1467 2967 cognita
1486 2932 1500 2956 .
1549 2879 1801 2948 venditi
1846 2882 1928 2949 ad
1975 2903 2281 2950 mansue-

316 2972 523 3037 tiores
581 2970 882 3036 dominos
937 2969 1324 3034 transirent.
1412 2966 1559 3035 Hoc
1621 2968 1882 3052 quidem
1940 2967 2279 3037 tolerabile

314 3058 463 3134 fuit,
508 3056 620 3122 sed
667 3055 1049 3141 perfugium
1094 3055 1268 3139 quod
1312 3054 1422 3120 hic
1464 3055 1681 3122 servis
1723 3054 1934 3135 datur,
1980 3053 2279 3125 dominos

312 3145 463 3210 iure
507 3164 626 3209 suo
669 3141 965 3208 fraudat:
1009 3142 1316 3225 quoniam
1360 3161 1559 3208 causa
1615 3142 1952 3226 incognita
2006 3141 2278 3211 libertas

313 3230 452 3296 illis
496 3229 694 3295 datur
739 3226 1081 3294 habitandi
1126 3229 1198 3292 in
1248 3238 1427 3293 terra
1482 3226 1841 3294 Ohanaan:
1902 3228 2026 3294 hoc
2075 3230 2276 3295 etiam

313 3314 516 3382 modo
572 3315 856 3381 violatur
897 3314 1002 3379 ius
1044 3312 1345 3399 gentium
1361 3361 1380 3399 ,
1431 3311 1589 3379 dum
1647 3324 1828 3379 terra
1883 3312 2280 3397 quibuslibet

311 3401 627 3486 fugitivis
671 3409 870 3484 patet.
958 3399 1067 3465 Ad
1136 3400 1299 3466 haec
1363 3420 1568 3484 quum
1623 3401 1799 3466 servi
1853 3399 2145 3485 perfugi,
2203 3411 2280 3468 ut

312 3487 673 3574 plurimum
719 3507 1004 3570 nequam
1048 3485 1182 3551 sint
1224 3495 1295 3550 et
1326 3485 1643 3564 scelerati,
1685 3487 2057 3570 quicunque
2099 3487 2281 3555 locus

314 3575 450 3641 erit
492 3594 721 3640 eorum
766 3572 1287 3657 receptaculum,
1331 3571 1563 3638 multis
1605 3572 2124 3655 inquinamentis
2179 3593 2281 3641 re-

311 3661 621 3746 plebitur.
678 3658 873 3740 Quod
909 3659 1297 3723 existimant
1329 3656 1597 3742 quidam
1623 3658 1975 3743 privilegio
2010 3680 2278 3746 exemp·

311 3758 419 3813 tos
462 3767 609 3813 esse
651 3766 881 3812 servos
925 3766 966 3810 a
1008 3745 1228 3828 priore
1270 3745 1455 3829 iugo,
1507 3755 1582 3809 ut
1642 3764 1713 3810 se
1768 3745 1841 3809 in
1893 3745 2277 3828 obsequium

301 3833 456 3898 Deo
499 3831 859 3908 traderent,
904 3841 1102 3914 atque
1143 3832 1240 3896 ita
1281 3840 1762 3915 propagaretur
1804 3851 1963 3897 vera
2007 3830 2274 3916 religio:

302 3920 528 3986 nescio
593 3940 680 3984 an
745 3918 909 3984 satis
974 3919 1244 3982 firmum
1303 3920 1408 3983 sit.
1499 3915 1701 3983 Oerte
1757 3925 2273 3984 consentaneum

303 4026 443 4073 non
487 4003 784 4083 videtur,
842 4004 912 4067 iu
957 4004 1299 4068 ecclesiam
1357 4011 1655 4086 receptas
1696 4003 1899 4069 fuisse
1942 4004 2275 4087 quaslibet

305 4091 539 4157 sordes
605 4111 682 4156 ac
744 4088 1165 4172 quisquilias:
1247 4089 1403 4172 quia
1467 4086 1733 4153 tandem
1797 4110 1995 4156 omne
2059 4111 2275 4174 genus

304 4176 701 4260 corruptelis
757 4175 991 4240 fuisset
1045 4174 1322 4240 referta:
1389 4173 1628 4240 deinde
1676 4175 1733 4241 si
1792 4175 1948 4260 quid
2006 4176 2272 4244 sceleris

307 4264 471 4330 alibi
513 4262 748 4328 fuisset
792 4260 1150 4326 admissum
1168 4310 1185 4341 ,
1250 4260 1378 4327 Dei
1433 4259 1701 4325 nomine
1743 4262 1958 4345 obtegi
1998 4264 2272 4329 minime

308 4349 600 4417 decebat.
671 4346 845 4428 Quid
883 4347 1061 4412 enim
1099 4348 1154 4413 si
1190 4345 1313 4424 fur,
1360 4347 1418 4411 si
1454 4345 1730 4428 adulter,
1775 4349 1881 4416 vel
1920 4348 2268 4428 homicida,

308 4436 541 4503 relicto
585 4433 847 4500 domino
889 4433 1147 4517 asylum
1193 4432 1266 4497 in
1309 4441 1490 4497 terra
1547 4441 1779 4499 sancta
1836 4434 2267 4518 quaesiisset?

311 4522 481 4588 tales
541 4520 823 4605 hospitio
879 4520 1172 4602 recipere
1226 4540 1303 4585 ac
1359 4519 1528 4584 tueri
1587 4519 1743 4603 quid
1798 4520 1979 4586 aliud
2034 4520 2272 4588 fnisset

311 4629 514 4694 quam
559 4607 810 4673 eversis
851 4605 1111 4689 legibus
1154 4614 1221 4669 et
1261 4605 1521 4670 iudiciis
1577 4604 1840 4671 foedam
1899 4607 2270 4674 barbariem

312 4692 649 4761 statuere?
718 4693 862 4777 Ego
905 4693 1125 4774 itaque
1168 4691 1318 4775 plus
1358 4690 1861 4775 intelligendum
1905 4712 2050 4760 esse
2092 4693 2269 4759 arbi-

310 4789 456 4847 tror
489 4799 684 4863 quam
728 4788 967 4844 sonent
1001 4778 1220 4859 verba,
1264 4797 1519 4861 nempe,
1557 4779 1612 4844 si
1648 4789 2055 4862 compertum
2096 4786 2271 4844 esset

314 4889 546 4934 servos
583 4867 831 4949 fugisse
877 4885 1006 4930 non
1052 4864 1356 4930 maleficii
1412 4883 1639 4943 causa,
1693 4863 1806 4929 sed
1860 4863 1943 4930 ob
1993 4865 2268 4930 nimiam

317 4952 732 5018 dominorum
779 4950 1281 5031 truculentiam,
1337 4971 1424 5015 ne
1550 4949 1745 5033 pulus
1786 4971 1897 5016 eos
1945 4949 2270 5035 abigeret:

316 5037 492 5122 quod
537 5036 923 5102 tantundem
969 5045 1117 5100 erat
1157 5045 1354 5119 atque
1543 5036 1874 5101 lanienam
1933 5036 2269 5121 proiicere.

319 5126 412 5191 Et
476 5138 658 5191 certe
722 5122 1035 5187 iudicium
1113 5121 1575 5205 interpositum
1649 5122 1851 5188 fuisse
1921 5122 2271 5206 colligitur,

319 5212 475 5294 quia
557 5210 754 5274 datur
832 5207 1093 5286 electio,
1170 5207 1237 5272 in
1298 5227 1685 5292 quacunque
1748 5208 1911 5274 urbe
1974 5207 2273 5275 habitare

495 5396 557 5466 1)
590 5396 761 5451 nour.
800 5395 884 5451 16.
922 5393 1006 5451 17.

1793 454 2180 526 SEX'PUM
2221 452 2876 523 PRAEGEP'FUM.

4217 463 4349 532 634

2385 642 2619 711 velint.
2722 642 2958 710 Valuit
3021 645 3288 730 quidem
3354 646 3439 713 ad
3496 649 3792 715 favorem
3858 651 4090 736 religio
4103 702 4119 730 ,
4190 653 4347 738 quia

2384 750 2627 795 nomen
2672 750 2830 796 vero
2873 731 3020 797 Deo
3064 754 3176 798 eos
3219 731 3377 799 dare
3545 736 3739 812 rtuit,
3793 744 3860 801 et
3899 738 3970 803 in
4016 740 4160 806 eius
4204 740 4347 807 cul·

2385 823 2530 881 tum
2573 814 2827 881 initiari
2885 818 3002 901 qui
3057 819 3282 885 sedem
3326 827 3394 885 et
3494 821 3854 888 omicilium
3911 825 4221 909 petebant
4272 827 4345 893 in

2387 908 2567 968 terra
2634 900 2987 968 Ohanaan:
3054 925 3395 989 nunquam
3436 915 3659 973 tamen
3694 929 3931 993 passus
3973 923 4076 977 est
4139 912 4345 993 Deus,

2384 986 2627 1070 impios
2669 989 2812 1053 sine
2867 988 3127 1057 delectu
3193 991 3568 1075 recipiendo
3585 1044 3601 1075 ,
3653 1013 3898 1060 nomen
3955 1016 4147 1063 suum
4193 1019 4344 1082 pro-

2385 1073 2620 1139 fanari.
2688 1071 2914 1155 Quare
2955 1073 3060 1162 (ut
3101 1076 3294 1144 initio
3326 1077 3545 1167 attigi)
3586 1079 4068 1150 humanitatem
4104 1085 4346 1168 populo

2385 1178 2506 1225 suo
2552 1159 2739 1225 Deus
2781 1162 3198 1228 commendat
3214 1214 3230 1242 ,
3276 1185 3361 1229 ne
3403 1168 3590 1248 profu
3680 1188 3713 1233 s
3756 1188 3984 1235 servos
4027 1169 4343 1249 dedendo,

2386 1243 2606 1311 alieno
2654 1247 2862 1311 furori
2921 1248 3323 1316 subscribat:
3382 1251 3537 1334 quia
3636 1253 3839 1318 omini
3892 1253 4102 1321 futuri
4153 1265 4345 1322 erant

2384 1332 2747 1398 carnifices.
2835 1331 2930 1398 Et
2967 1354 3172 1417 quum
3220 1337 3535 1420 populum
3596 1359 3637 1404 a
3678 1339 3745 1403 vi
3801 1340 4145 1407 inferenda
4200 1363 4346 1426 pro-

2388 1416 2604 1496 hibet,
2648 1417 3021 1487 subindicat
3064 1419 3171 1486 his
3213 1422 3431 1488 verbis
3474 1434 3733 1491 tantum
3770 1446 3842 1491 se
3885 1427 4144 1493 miseris
4184 1448 4344 1495 con·

2383 1502 2602 1569 sulere
2619 1556 2635 1581 ,
2692 1512 2769 1570 ut
2808 1503 3095 1572 liberum
3140 1507 3228 1572 sit
3269 1528 3459 1574 suam
3503 1510 3948 1577 innocentiam
3994 1512 4346 1582 defendere

2383 1588 2456 1653 in
2517 1587 2791 1657 iudicio:
2852 1591 3028 1658 unde
3093 1591 3268 1660 hanc
3327 1594 3542 1679 legem
3596 1598 3667 1662 in
3722 1597 4116 1683 appendices
4171 1602 4343 1667 sexti

2382 1677 2718 1761 praecepti
2758 1678 3005 1744 referre
3047 1679 3266 1747 visum
3310 1693 3431 1748 est.

3001 2022 3133 2089 EX
3177 2023 3449 2092 DEU'P.
3494 2025 3729 2092 XXII.

2555 2190 4343 2273 6.Qumoooumrittibinidusaviumv·nviain

2380 2276 4341 2368 quavisarbore,autsuperterramubipullivelova‚et

2379 2363 4344 2456 materoeabetmoperpullosautmaperovamonaoeipies

2379 2454 2646 2515 matrem
2696 2469 2840 2516 eum
2890 2451 3088 2532 filiis.-
3142 2453 3254 2519 sod
3305 2453 3668 2520 dimittendo
3722 2456 4001 2522 amittes
4055 2466 4338 2542 matroon,

2369 2536 3318 2636 pullostautevncapiestibi,
3380 2538 4342 2628 mmsittibietprodu-

2381 2641 2493 2688 eas
2673 2672 2688 2687 .

2556 2791 2704 2860 Hoc
2739 2803 3088 2878 praecepto
3136 2817 3339 2880 quum
3382 2798 3746 2864 instituerit
3793 2798 3981 2866 Deus
4023 2802 4345 2886 populum

2383 2898 2577 2945 suum
2621 2878 2706 2945 ad
2746 2880 3321 2947 mansuetudinem
3342 2933 3359 2962 ,
3411 2880 3743 2970 appendix
3787 2894 3889 2952 est
3930 2889 4103 2952 sexti
4160 2908 4347 2971 prae-

2385 2964 2580 3049 cepti.
2679 2965 2847 3031 Fuit
2909 2965 3172 3050 quidem
3239 2967 3479 3035 sobolis
3516 2968 3771 3036 ‘habita
3834 2973 4005 3038 ratio
4022 3022 4039 3052 ,
4107 2972 4345 3041 deinde

2385 3074 2543 3119 aves
2591 3051 2902 3136 quamdiu
2962 3052 3316 3134 incubant,
3382 3067 3460 3122 ut
3521 3066 3677 3123 sunt
3740 3058 3948 3125 macie
3991 3059 4341 3142 confectae,

2381 3147 2640 3206 certum
2676 3149 2778 3205 est
2814 3161 2949 3206 non
2975 3161 3121 3206 esse
3154 3141 3486 3209 salubrem
3523 3142 3777 3209 cibum:
3812 3143 4085 3211 dubium
4122 3155 4342 3214 tamen

2382 3244 2519 3290 non
2563 3233 2662 3291 est
2705 3226 2863 3310 quin
2906 3226 3313 3311 propositum
3358 3229 3557 3295 fuerit
3597 3229 3743 3295 Deo
3787 3251 3941 3298 suos
3984 3232 4067 3296 ad
4110 3231 4344 3299 huma-

2383 3311 2662 3377 nitatem
2705 3310 3060 3379 fovendam
3103 3315 3528 3382 assuefacere.
3596 3315 3770 3381 Nam
3811 3317 3870 3383 si
3911 3337 4045 3400 qua
4085 3319 4344 3386 miseri·

2383 3397 2643 3462 cordiae
2685 3409 2877 3482 gutta
2919 3399 2991 3464 in
3036 3398 3225 3465 nobis
3268 3401 3477 3486 viget,
3533 3423 3873 3487 nunquam
3916 3404 3990 3468 in
4047 3414 4341 3471 mentem

2382 3485 2605 3549 veniet
2649 3485 2957 3550 miseram
3015 3484 3341 3552 aviculam
3398 3488 3769 3556 interficere
3787 3539 3807 3568 ,
3857 3509 4030 3573 quae
4064 3491 4171 3556 vel
4226 3513 4339 3577 ge-

2380 3569 2657 3635 nerandi
2701 3571 2949 3650 studio,
3009 3570 3115 3637 vel
3158 3572 3490 3655 pullorum
3537 3595 3760 3641 amore
3802 3576 3897 3642 sic
3939 3576 4211 3659 flagrat,
4262 3585 4342 3643 ut

2380 3656 2561 3720 vitae
2601 3676 2759 3722 suae
2802 3655 3035 3738 oblita,
3100 3658 3466 3742 periclitari
3530 3660 3721 3726 malit
3780 3680 3978 3745 quam
4042 3680 4172 3728 ova
4226 3671 4341 3729 aut

2379 3739 2599 3825 pullos
2643 3741 2960 3808 deserere.
3049 3741 3275 3825 Quare
3324 3767 3457 3810 non
3512 3745 3787 3813 dubium
3842 3756 3945 3813 est
3998 3749 4157 3831 quin
4217 3749 4344 3815 hoc

2376 3826 2752 3979 mmffbfflm
2785 3828 3101 3913 populum
3139 3850 3330 3896 suum
3368 3832 3553 3898 Deus
3588 3853 3627 3898 a
3662 3834 3924 3899 feritate
3959 3843 4027 3898 et
4064 3835 4342 3903 saevitia

2376 3932 2498 3996 pro
2554 3914 2569 3928 ⁶
2620 3913 2810 3980 uerit.

2944 4310 3079 4378 EX
3122 4309 3429 4379 EXODI
3472 4311 3748 4381 XXIII.

2543 4481 2604 4548 5.
2697 4480 2773 4548 Si
2827 4482 3068 4549 videris
3122 4484 3379 4551 asiam
3432 4485 3681 4551 inimici
3733 4488 3830 4552 bui
3881 4486 4328 4554 down-benten·

2367 4565 2487 4633 sub
2526 4588 2704 4634 onere
2743 4589 2859 4634 suo
2875 4618 2893 4647 ,
2938 4572 2995 4634 a*
3034 4571 3377 4636 cessaveris
3415 4570 3497 4636 ab
3537 4571 3916 4640 auxiliando
3957 4574 4018 4640 ei
4031 4626 4049 4654 ,
4090 4573 4328 4641 auxili-

2368 4654 2534 4721 ando
2574 4653 2997 4721 cumiliabms
3036 4675 3179 4721 oum
3219 4676 3305 4723 eo.

2988 5030 3120 5097 EX
3166 5029 3439 5099 DEU'I'.
3483 5029 3721 5099 XXII.

2545 5203 2607 5268 4.
2656 5202 2804 5270 Non
2840 5201 3081 5270 videbis
3123 5204 3377 5270 asinum
3413 5202 3648 5287 fratris
3686 5205 3784 5270 tui
3825 5209 3938 5270 aad
3977 5202 4155 5271 boves
4187 5208 4326 5273 eius

2370 5288 4327 5392 inme-siavia,etabsoondesteabeisseriyendeeri9es

2372 5395 2644 5443 cumen.
