4867 6150
583 415 712 482 547

580 629 777 693 pere,
846 616 1040 690 atque
1094 607 1254 674 adeo
1312 609 1526 693 ipsum
1589 611 2087 693 transfigurare.
2187 607 2539 675 Caeterum

583 694 821 759 fusiles
846 694 1154 774 vocando,
1193 716 1323 759 non
1366 693 1654 759 admittit
1689 695 2061 777 sculpturas
2083 694 2190 760 vel
2215 694 2537 777 picturas:

583 779 699 845 sed
760 779 913 863 quia
972 789 1044 844 ut
1099 781 1455 863 plurimum
1514 782 1885 846 conflantur
1940 803 2022 845 ex
2069 781 2357 865 pretiosa
2396 799 2538 844 ma-

585 865 790 943 teria,
858 864 1099 931 diserte
1164 866 1529 933 cavendum
1598 866 1723 930 fuit
1790 889 1873 930 ne
1928 865 2082 931 deos
2139 886 2373 931 aureos
2431 864 2535 931 vel

585 961 933 1036 argenteos
978 951 1254 1036 populus
1299 964 1590 1016 servaret
1633 953 1698 1016 in
1746 961 2225 1017 ornamentum.

764 1038 1118 1103 Deuteron.
1174 1038 1289 1118 16,
1343 1038 1447 1104 21.
1513 1038 1656 1102 Non
1701 1036 2047 1119 plantabis.
2136 1037 2330 1103 Hanc
2375 1057 2535 1120 quo-

631 1145 713 1187 ue
771 1133 1022 1206 partem
1084 1145 1225 1188 esse
1283 1124 1554 1190 secundi
1611 1123 1945 1207 praecepti
2002 1146 2084 1187 ex
2128 1125 2261 1188 fine
2305 1122 2532 1206 liquet.

584 1144 851 1275 {cimus
915 1210 1206 1291 profanis
1271 1209 1579 1293 gentibus
1646 1229 1862 1275 sacros
1924 1211 2122 1274 fuisse
2180 1209 2392 1287 lucos,
2463 1216 2536 1272 ut

587 1294 772 1359 nulla
841 1294 979 1360 fere
1042 1296 1277 1379 religio
1334 1296 1576 1360 iustam
1639 1295 1814 1377 apud
1872 1315 1983 1359 eos
2021 1295 2531 1361 ·venerationem

585 1380 860 1445 haberet
914 1381 1155 1464 absque
1201 1383 1434 1447 umbra
1479 1380 1801 1447 arborum.
1891 1381 2124 1463 Itaque
2171 1401 2255 1445 ne
2299 1380 2532 1445 simili-

583 1466 747 1531 tudo
811 1485 961 1531 cum
1025 1467 1138 1532 illo
1202 1468 1533 1532 communi
1602 1488 1721 1532 usu
1781 1467 2052 1532 vitiaret
2104 1487 2344 1550 purum
2406 1465 2534 1531 Dei

582 1553 867 1632 cultum,
902 1553 1298 1636 interposita
1338 1552 1464 1618 fuit
1508 1552 1837 1618 distantia.
1928 1552 2081 1618 Huc
2124 1573 2279 1637 ergo
2321 1551 2536 1616 tendit

584 1637 955 1722 prohibitio,
994 1649 1069 1702 ut
1104 1640 1363 1721 fugiant
1385 1638 1610 1704 Iudaei
1648 1660 1874 1703 omnes
1911 1637 2304 1704 adventitios
2333 1639 2533 1703 ritus:

585 1744 671 1788 ne
714 1725 768 1789 si
813 1726 1082 1808 propius
1128 1724 1210 1790 ad
1255 1735 1484 1810 gentes
1528 1724 1868 1801 accedant,
1921 1726 2039 1789 fiat
2082 1724 2317 1789 vitiosa
2360 1743 2533 1788 com·

584 1808 824 1875 mistio,
903 1811 1115 1875 Porro
1160 1832 1351 1893 quam
1399 1811 1763 1877 necessaria
1804 1810 2003 1875 fuerit
2044 1807 2413 1892 prohibitio,
2452 1830 2535 1874 ex

584 1894 844 1961 fervida
887 1896 1321 1963 aemulatione
1368 1905 1668 1980 apparet,
1716 1897 1900 1962 cuius
1945 1897 2188 1978 passim
2234 1896 2302 1959 in
2351 1916 2537 1960 sacra

585 1980 864 2047 historia
920 1983 995 2046 fit
1050 1984 1313 2047 monti0.
1405 1982 1539 2046 Vix
1600 1982 1774 2047 enim
1832 1982 2035 2047 ullum
2098 1981 2224 2045 fuit
2279 1992 2536 2064 tempus

583 2088 713 2149 quo
738 2066 1174 2132 abstinuerint
1208 2068 1288 2133 ab
1326 2067 1620 2133 excelsis.
1682 2067 1819 2133 Nec
1855 2079 2099 2132 temere
2137 2067 2539 2149 exprobrant

586 2152 796 2219 Isaias
853 2163 920 2219 et
962 2153 1276 2219 Ieremias
1331 2154 1454 2219 sub
1514 2155 1691 2219 omni
1738 2155 1972 2218 arbore
2016 2152 2324 2217 frondosa
2368 2173 2539 2219 scor·

587 2247 763 2304 tatos
808 2260 966 2305 esse.
1057 2237 1211 2325 (Isa.
1260 2239 1364 2317 57,
1409 2240 1468 2305 5.
1559 2239 1795 2304 Ierem.
1842 2239 1903 2320 2,
1947 2239 2035 2304 20
2078 2248 2143 2303 et
2188 2237 2246 2319 3,
2290 2237 2378 2325 6).

1121 2577 1252 2644 EX
1312 2578 1613 2645 EXODI
1655 2578 1994 2645 XXXIV.

606 2821 616 2832 ,
760 2751 860 2815 11.
914 2749 1168 2816 Custodi
1224 2751 1388 2833 quod
1429 2771 1534 2835 eqo
1565 2750 1891 2834 praecipio
1931 2750 2045 2816 tibi
2086 2749 2284 2816 hodie.
2372 2750 2534 2818 Ecce

583 2857 692 2920 eyo
746 2838 998 2902 eiiciam
1052 2858 1093 2901 a
1147 2836 1312 2918 facie
1353 2841 1465 2902 tua
1510 2837 1974 2902 Amori-haeum
1987 2888 2003 2915 ,
2063 2834 2531 2918 Chananaeum‚

581 2922 907 2989 Hittaeum
921 2973 937 3001 ‚
1030 2921 1477 3000 Plzeresaeum,
1569 2922 1883 2987 Hivaeum
1896 2973 1912 3003 ,
1998 2928 2055 2987 et
2139 2922 2528 2990 lebusaeum.

577 3009 685 3076 12.
727 3006 889 3082 Cave
944 3008 1061 3074 tibi
1118 3028 1193 3071 ne
1244 3009 1403 3093 forte
1432 3009 1761 3090 percutias
1799 3007 2021 3092 foedus
2056 3028 2195 3075 cum
2235 3008 2533 3076 habitato-

579 3097 758 3162 ribus
816 3096 955 3160 eius
1009 3100 1211 3159 ter-rae
1265 3095 1352 3160 ad
1405 3114 1597 3177 quam
1651 3095 2052 3179 iuyressurus
2106 3115 2200 3176 ee,
2255 3116 2332 3161 ue
2371 3097 2534 3179 forte

529 3203 538 3228 ¹
577 3183 711 3248 siut
743 3183 815 3246 iu
848 3183 1139 3264 &aqueum
1178 3181 1272 3246 vel
1313 3180 1752 3262 offendiculum
1792 3182 1864 3245 iu
1905 3180 2106 3246 medio
2145 3182 2260 3247 tui.
2330 3181 2530 3252 Item:

585 3267 686 3333 15.
721 3267 822 3332 Ne
838 3268 994 3350 forte
1005 3268 1328 3347 percutias
1358 3266 1578 3348 foedus
1609 3285 1751 3331 cum
1771 3265 2219 3331 habitatoribus
2254 3268 2394 3333 eius
2415 3272 2530 3334 ter-

580 3374 711 3428 rae,
732 3357 802 3418 ut
835 3356 1181 3418 scortentur
1202 3358 1355 3432 post
1387 3352 1534 3416 deos
1564 3371 1731 3429 suos,
1756 3355 1812 3417 et
1831 3352 2175 3433 sacrificent
2207 3353 2339 3419 diis
2358 3354 2531 3419 suis.-

578 3445 742 3504 vocet
786 3443 993 3504 autem
1034 3442 1093 3501 te
1133 3438 1485 3520 quispiam,
1530 3442 1585 3502 et
1626 3437 1904 3503 eomedas
1945 3459 1978 3502 e
2018 3437 2330 3520 sacrificio
2371 3439 2526 3504 eius.

583 3524 683 3591 16.
709 3524 800 3590 Et
827 3525 986 3608 forte
1018 3524 1299 3604 accipias
1331 3543 1364 3588 e
1401 3522 1656 3605 filiabus
1700 3525 1837 3589 eius
1875 3522 2038 3605 filiis
2078 3526 2225 3603 tuis,
2269 3530 2326 3590 et
2366 3544 2531 3590 scor-

574 3616 781 3676 tentur
806 3610 979 3691 filiae
1013 3609 1154 3672 eius
1179 3612 1323 3691 post
1363 3608 1508 3674 deos
1541 3609 1849 3690 ipsarum,
1894 3615 1952 3674 et
1992 3611 2254 3676 scortari
2285 3610 2531 3694 faciant

570 3697 741 3780 filios
781 3701 919 3761 tuos
950 3700 1099 3777 post
1140 3694 1283 3760 deos
1325 3714 1561 3759 earum.

1217 4055 1349 4121 EX
1395 4054 1665 4122 DEU'P.
1713 4054 1871 4119 VII.

746 4228 802 4292 1.
870 4228 1074 4309 Quum
1137 4227 1556 4293 introduxerit
1616 4230 1671 4291 te
1728 4225 1962 4291 Iehova
2016 4224 2199 4292 Deus
2255 4230 2403 4291 tuus
2457 4227 2527 4290 in

571 4320 806 4378 terram
864 4313 936 4377 iu
979 4334 1170 4394 quam
1203 4313 1581 4395 inyredieris
1611 4311 2061 4393 possidendam
2079 4363 2093 4389 ‚
2153 4315 2211 4377 et
2253 4312 2528 4377 evellerit

568 4403 777 4484 yeutes
834 4398 1067 4465 multas
1120 4420 1163 4464 a
1219 4397 1385 4481 facie
1443 4402 1586 4462 tua:
1648 4397 1976 4463 Hittaeum
1989 4447 2005 4477 ‚
2077 4398 2524 4481 Geryasaeum,

573 4483 1064 4563 Amorrhaeum,
1117 4483 1592 4563 chananaeum,
1642 4482 2044 4560 Perisaeum,
2092 4484 2422 4562 Hivaeum‚
2470 4488 2527 4548 et

575 4570 973 4645 Iebusaeum‚
1026 4576 1251 4653 septem
1307 4574 1512 4654 yeutes
1574 4589 1840 4653 mayuas
1891 4574 1948 4634 et
2004 4569 2378 4636 robustiores
2435 4574 2527 4634 te:

575 4659 637 4722 2.
682 4655 771 4720 Et
819 4657 1153 4722 tradiderit
1208 4677 1316 4721 eas
1359 4655 1589 4721 Ielzova
1631 4654 1815 4721 Deus
1868 4659 2016 4721 tuus
2070 4676 2281 4721 coram
2325 4661 2409 4733 te,
2469 4660 2525 4720 et

563 4741 954 4826 permisseris
995 4762 1132 4807 eas.-
1178 4742 1495 4824 perdendo
1526 4742 1758 4825 perdes
1800 4762 1939 4807 eas.-
1980 4761 2103 4805 uon
2145 4742 2340 4806 inibis
2382 4762 2524 4807 cum

573 4828 709 4893 illis
731 4833 1007 4910 pactum,
1055 4848 1244 4907 neque
1287 4828 1677 4893 misereberis
1717 4847 1955 4892 earum
2023 4826 2084 4892 3.
2112 4827 2258 4891 Non
2301 4829 2522 4911 iunges

574 4920 630 4978 te
663 4914 969 4996 affinitate
1010 4932 1148 4977 cum
1191 4914 1299 4992 eis,
1341 4913 1543 4994 liliam
1586 4920 1761 4978 tuam
1804 4934 1926 4979 non
1971 4912 2154 4978 dabis
2191 4912 2327 4994 filio
2368 4914 2525 4993 eius,

573 5004 630 5066 et
658 4998 869 5080 filiam
911 4999 1050 5064 eius
1090 5019 1212 5064 non
1256 5000 1523 5078 accipies
1561 4998 1695 5080 filio
1738 5004 1856 5064 tuo.
1926 4999 1986 5062 4.
2013 4999 2316 5065 Avocabit
2356 5001 2525 5065 euim

567 5084 782 5166 filium
822 5091 1002 5150 tuum
1044 5106 1086 5149 a
1130 5104 1253 5163 me,
1296 5089 1352 5149 et
1393 5084 1578 5149 colent
1624 5084 1790 5150 Deos
1834 5084 2101 5150 alienos:
2144 5086 2307 5150 unde
2348 5086 2521 5150 iras-

571 5177 744 5237 cetur
784 5172 970 5253 furor
1013 5169 1280 5236 Iehovae
1325 5169 1395 5233 iu
1439 5189 1564 5249 vos,
1608 5175 1677 5235 ut
1718 5171 2042 5252 disperdat
2083 5175 2138 5236 te
2178 5172 2313 5237 cito.

1975 416 2492 488 SECUNDUM
2555 419 3207 489 PRAEOEP'PUM.

3232 611 3350 677 Ex
3393 610 3696 679 EXODI
3741 611 4009 679 XXIII.

2810 783 2914 850 31.
2960 782 3146 850 Dabo
3204 785 3276 849 iu
3329 804 3588 851 manum
3643 791 3914 851 vestram
3948 784 4325 851 habitatores
4360 790 4546 865 terrae,

2639 875 2694 935 et
2751 869 3013 952 expeues
3071 891 3170 936 eos
3222 891 3264 936 a
3319 870 3482 954 facie
3541 877 3669 936 tua.
3759 871 3862 937 32.
3915 871 4060 936 Non
4095 872 4397 953 percuties
4432 893 4550 938 cum

2636 955 2804 1038 ipsis
2836 955 3073 1039 foedus,
3118 977 3226 1022 nec
3259 977 3398 1022 cum
3432 957 3565 1022 diis
3606 978 3834 1024 eorum.
3903 958 4007 1022 33.
4038 958 4185 1023 Nou
4227 956 4553 1022 habitabunt

2634 1042 2705 1106 in
2763 1047 2935 1107 terra
2990 1047 3130 1107 tua.-
3187 1064 3266 1108 ne
3320 1043 3486 1126 forte
3532 1064 3791 1125 peccare
3839 1043 4085 1126 faciant
4142 1048 4198 1107 te
4241 1049 4437 1109 conmz
4472 1064 4555 1110 me

2633 1128 2884 1280 gelando
2927 1129 3189 1194 colueris
3232 1130 3380 1195 deos
3422 1148 3649 1209 eorum,
3692 1128 3859 1213 quod
3902 1131 4020 1195 erit
4061 1128 4176 1194 tibi
4220 1130 4288 1194 in
4329 1130 4555 1212 offendi-

2732 1234 2860 1280 um.

2808 1383 3028 1450 Exodi
3073 1384 3178 1464 34,
3228 1385 3329 1451 11.
3376 1384 3636 1451 Oustodi
3677 1385 3842 1466 quod
3883 1406 3989 1468 eqo
4022 1386 4364 1468 praecipio.
4427 1386 4557 1453 Hae

2636 1491 2895 1555 quoque
2954 1469 3344 1555 appendices
3387 1472 3650 1537 tametsi
3687 1473 4124 1537 communiter
4169 1472 4250 1537 ad
4294 1472 4556 1556 primum

2636 1569 2705 1622 et
2746 1557 3107 1623 secundum
3154 1566 3574 1642 praeceptum
3620 1557 3987 1641 pertinent,
4032 1558 4099 1622 in
4146 1557 4323 1624 hunc
4367 1558 4560 1624 locum

2637 1642 3034 1708 differendae
3070 1644 3352 1721 fuerunt,
3400 1645 3551 1726 quia
3585 1644 3656 1708 in
3700 1643 3832 1710 illis
3877 1643 4237 1709 remedium
4285 1643 4562 1709 adhibuit

2639 1728 2821 1794 Deus
2880 1729 3172 1795 externis
3227 1743 3293 1793 et
3348 1729 3712 1795 manifestis
3756 1730 4058 1794 omnibus
4104 1729 4557 1813 superstitioni-

2638 1816 2793 1894 bus,
2850 1836 3015 1897 quae
3058 1814 3246 1880 facile
3287 1814 3600 1898 obrepere
3644 1826 3949 1899 poterant
3994 1817 4118 1880 nisi
4165 1825 4422 1881 mature
4462 1817 4559 1881 ob·

2639 1903 2815 1967 viam
2851 1903 3018 1965 itum
3057 1902 3302 1971 fuisset.
3363 1901 3454 1969 Ut
3497 1921 3691 1967 nemo
3734 1900 4002 1969 aliunde
4045 1901 4360 1986 impellat,
4404 1903 4558 1985 quis-

2640 2009 2765 2070 que
2828 1988 2908 2051 ad
2975 1986 3411 2052 idololatriam
3475 1987 3708 2070 cupide
3773 1985 4100 2070 prosiliet:
4178 1988 4290 2052 ubi
4357 1999 4560 2055 autem

2638 2073 2825 2157 impii
2862 2072 3183 2139 accedunt
3216 2072 3402 2156 quasi
3443 2073 3701 2139 flabella
3746 2072 3944 2158 (quod
3990 2073 4134 2138 fieri
4180 2095 4440 2141 necesse
4481 2081 4567 2139 est

2639 2158 2795 2225 dum
2831 2181 2901 2223 se
2938 2180 3161 2224 eorum
3209 2160 3517 2225 societate
3552 2159 3844 2242 implicat
3866 2156 3993 2226 Dei
4031 2158 4337 2247 populus)
4374 2162 4567 2244 magis

2638 2266 2715 2310 ao
2772 2246 2983 2329 magis
3028 2244 3409 2312 accenditur
3452 2244 3722 2311 morbus
3765 2245 3894 2311 ille.
3983 2242 4178 2311 Oerte
4223 2267 4393 2329 quae
4432 2267 4565 2313 cum

2638 2332 2771 2396 illis
2807 2331 3156 2397 intercedit
3200 2333 3461 2415 propior
3503 2330 3934 2413 necessitudO,
3979 2332 4163 2413 quasi
4208 2331 4440 2415 iugum
4481 2336 4569 2398 est

2638 2438 2764 2500 quo
2823 2438 3042 2483 secum
3089 2417 3247 2482 alios
3293 2415 3583 2483 trahunt.
3675 2414 3856 2502 Ergo
3900 2426 3973 2481 ut
4014 2415 4298 2501 populus
4340 2427 4566 2483 terram

2635 2505 2975 2589 ingressus
3021 2525 3256 2586 purum
3302 2524 3373 2569 se
3418 2516 3483 2568 et
3525 2503 3861 2587 integrum
3907 2501 4051 2569 Deo
4095 2513 4430 2580 servaret,
4474 2522 4565 2569 ca-

2641 2589 2925 2655 vendum
2983 2589 3112 2655 fuit
3169 2611 3254 2654 ne
3297 2609 3458 2673 quas
3500 2588 3725 2655 sordes
3769 2589 4186 2655 contraheret
4230 2609 4272 2652 a
4316 2590 4565 2673 reliquis

2636 2674 2976 2762 gentibus:
3043 2675 3190 2740 ideo
3260 2676 3460 2740 voluit
3518 2674 3701 2740 Deus
3766 2696 3990 2740 omnes
4056 2675 4304 2741 incolas
4371 2685 4566 2743 terrae

2637 2762 2957 2828 Chanaan
3024 2762 3285 2844 penitus
3344 2761 3577 2834 deleri,
3649 2782 3732 2825 ne
3785 2762 4066 2827 electum
4123 2762 4439 2844 populum
4493 2760 4564 2825 ad

2636 2869 2786 2913 suos
2831 2868 3104 2923 errores,
3149 2856 3216 2911 et
3256 2846 3568 2912 falsorum
3613 2845 3879 2912 deorum
3925 2846 4171 2913 cultum
4219 2849 4565 2914 allicerent.

2637 2933 2824 2999 Duas
2868 2945 3085 2999 autem
3131 2932 3409 2998 foederis
3451 2932 3699 3016 species
3743 2932 3850 2999 hic
3891 2932 4229 2999 interdicit
4253 2934 4455 3015 Deus,
4492 2953 4566 2998 ne

2638 3019 2746 3086 vel
2819 3018 3075 3103 publice
3141 3018 3247 3086 vel
3304 3019 3612 3103 privatim
3677 3040 3747 3084 se
3805 3020 4037 3085 coniun
4089 3030 4239 3086 ant:
4316 3018 4566 3086 tandem

2635 3128 2862 3172 omnes
2906 3108 3150 3189 absque
3195 3105 3387 3172 venia
3429 3106 3711 3171 interfici
3756 3106 3952 3171 iubet.
4102 3117 4384 3172 uantum
4429 3106 4565 3172 atti-

2635 3202 2749 3257 net
2809 3191 2888 3257 ad
2946 3191 3174 3258 foedus
3230 3191 3597 3275 publicum,
3662 3192 3927 3276 speciali
3982 3194 4238 3258 ratione
4300 3194 4566 3259 vetitum

2632 3278 2762 3343 fuit
2819 3300 2904 3343 ne
2960 3300 3030 3343 se
3086 3279 3379 3362 reprobis
3438 3279 3789 3344 miscerent
3842 3277 3962 3342 filii
4018 3275 4368 3345 Abrahae:
4428 3278 4567 3363 quia

2634 3364 2756 3430 hoc
2815 3364 3008 3429 modo
3067 3385 3137 3429 se
3188 3363 3563 3448 privassent
3615 3363 3908 3448 legitima
3964 3362 4374 3430 haereditate
4416 3383 4567 3448 quae

2633 3449 2951 3517 divinitus
3005 3450 3165 3533 ipsis
3223 3449 3547 3515 destinata
3597 3461 3764 3514 era-t:
3825 3471 3945 3515 nec
3989 3460 4311 3514 renovata
4355 3451 4570 3516 fuisset

2629 3546 2847 3602 terrae
2881 3536 3078 3602 facies
3111 3536 3411 3621 purgatis
3447 3536 3747 3602 omnibus
3790 3536 4331 3619 inquinamentis.
4399 3535 4565 3617 Quo·

2630 3623 2807 3686 niam
2855 3643 3011 3706 ergo
3051 3622 3222 3686 iusto
3265 3621 3504 3689 iudicio
3546 3621 3798 3705 pridem
3843 3630 4168 3687 statuerat
4189 3623 4383 3688 Deus
4425 3644 4567 3705 gen·

2632 3721 2730 3772 tes
2766 3709 2912 3774 illas
2951 3707 3245 3791 perdere,
3283 3709 3462 3773 nefas
3507 3709 3634 3772 fnit
3677 3707 3830 3772 filiis
3856 3706 4162 3772 Abrahae
4207 3707 4567 3774 rescindere

2630 3794 2907 3860 coeleste
2974 3796 3341 3872 decretum,
3418 3793 3521 3858 vel
3587 3792 3935 3878 quidquam
4004 3814 4087 3876 ex
4152 3815 4230 3858 eo
4300 3805 4568 3860 mutare.

2630 3879 2862 3963 Itaque
2927 3881 2983 3945 si
3041 3881 3188 3964 quis
3245 3880 3535 3962 praecise
3591 3888 3859 3963 urgeat,
3918 3899 4050 3944 non
4107 3879 4311 3946 licere
4369 3879 4567 3945 ullum

2631 3987 2775 4031 cum
2829 3967 3047 4050 impiis
3098 3966 3327 4031 foedus
3369 3976 3707 4048 percutere
3750 3966 3903 4048 quia
3943 3965 4011 4029 id
4057 3965 4215 4030 olim
4241 3965 4434 4032 Deus
4467 3986 4569 4030 ve-

2629 4054 2786 4126 tuit,
2831 4073 2965 4117 non
3012 4052 3176 4117 bene
3217 4051 3733 4130 ratiocinabitur,
3779 4053 3931 4134 quia
3969 4050 4157 4116 nobis
4203 4051 4405 4118 hodie
4446 4071 4567 4116 non

2629 4138 2949 4221 praecipit
2992 4138 3175 4203 Deus
3225 4137 3581 4204 vindictam
3627 4139 3926 4220 exsequi,
3984 4137 4221 4220 impios
4264 4158 4499 4204 omnes
4537 4156 4570 4201 e

2628 4226 2764 4289 vita
2798 4222 3112 4289 tollendo:
3160 4224 3351 4290 sicuti
3389 4244 3507 4288 nec
3543 4223 3854 4290 ecclesiae
3889 4224 4223 4307 assignata
4263 4236 4370 4289 est
4404 4231 4570 4290 certa

2627 4312 2806 4395 regio
2851 4311 2916 4373 in
2963 4330 3090 4393 qua
3133 4331 3425 4375 seorsum
3472 4308 3721 4375 habitet
3765 4329 3840 4373 ac
3884 4310 4278 4375 dominetur.
4352 4309 4569 4392 Neque

2626 4404 2848 4461 tamen
2884 4394 3153 4477 infitior,
3197 4395 3415 4478 aliqua
3446 4419 3531 4462 ex
3569 4405 3753 4479 parte
3789 4395 3870 4459 ad
3910 4415 4031 4460 nos
4068 4406 4374 4478 spectare
4409 4392 4567 4479 quod

2626 4482 2833 4547 veteri
2893 4482 3131 4565 populo
3186 4482 3570 4547 mandatum
3630 4489 3745 4546 est.
3849 4481 3991 4547 Imo
4048 4480 4409 4564 diligenter
4461 4501 4567 4545 no-

2624 4568 2896 4633 tandum
2936 4579 3035 4634 est
3077 4567 3250 4651 quod
3297 4589 3509 4652 nuper
3551 4568 3762 4650 attigi,
3808 4569 3918 4650 qui
3962 4575 4194 4650 sponte
4238 4568 4463 4652 impiis
4504 4587 4568 4631 se

2622 4655 3031 4738 coniungunt
3064 4655 3248 4737 quasi
3291 4653 3520 4738 iugum
3566 4654 3783 4719 subire
3827 4675 3956 4737 quo
3998 4654 4069 4717 in
4114 4652 4396 4719 exitium
4443 4661 4566 4716 tra-

2623 4740 2887 4806 hantur.
2992 4741 3083 4805 Et
3138 4749 3313 4805 certe
3370 4740 3490 4805 hac
3548 4739 3975 4805 similitudine
4029 4733 4422 4822 &mplexus
4478 4745 4569 4802 est

2622 4827 2870 4892 Paulus
2914 4824 3003 4912 (2.
3049 4826 3198 4892 Cor.
3245 4827 3306 4903 6,
3361 4824 3471 4912 14)
3515 4826 3798 4890 rationes
3843 4846 4070 4891 omnes
4112 4827 4351 4908 quibus
4394 4847 4463 4892 se
4500 4825 4561 4886 in

2621 4912 3139 4978 familiaritatem
3181 4922 3474 4977 nostram
3521 4911 3859 4977 insinuant
3901 4910 4257 4990 increduli,
4321 4923 4396 4976 ut
4437 4909 4566 4976 suis

2622 4999 3005 5081 corruptelis
3043 5018 3162 5063 nos
3206 4997 3578 5079 illaqueent.
3646 4996 3875 5080 Itaque
3920 4995 4132 5080 quoad
4174 4998 4320 5062 fieri
4363 5004 4569 5081 potest

2624 5083 2941 5150 solvenda
2996 5095 3152 5148 sunt
3212 5085 3425 5166 potius
3484 5084 3702 5149 omnia
3760 5084 4237 5150 coniunctionis
4296 5081 4561 5157 vincula,

2624 5192 2819 5253 quam
2890 5180 2962 5236 ut
3026 5167 3108 5233 ad
3166 5169 3294 5235 Dei
3361 5169 3581 5236 hostes
3639 5168 4035 5250 accedendo,
4095 5169 4391 5234 sinamus
4449 5184 4561 5230 nos

2624 5278 2846 5320 eorum
2909 5254 3230 5321 illecebris
3276 5255 3356 5320 ab
3400 5255 3541 5339 ipso
3584 5254 3845 5321 abduci:
3903 5276 4164 5340 semper
4205 5254 4382 5320 enim
4428 5251 4558 5336 qui-

2625 5341 3006 5424 buscunque
3038 5350 3347 5425 poterunt
3389 5342 3680 5410 artificiis
3725 5339 4078 5408 divortium
4123 5340 4300 5406 inter
4344 5360 4460 5406 nos
4497 5344 4560 5402 et
