<?xml version="1.0" encoding="UTF-8"?>
<!DOCTYPE html PUBLIC "-//W3C//DTD XHTML 1.0 Transitional//EN"
    "http://www.w3.org/TR/xhtml1/DTD/xhtml1-transitional.dtd">
<html xmlns="http://www.w3.org/1999/xhtml" xml:lang="en" lang="en">
 <head>
  <title>
</title>
<meta http-equiv="Content-Type" content="text/html;charset=utf-8" />
  <meta name='ocr-system' content='tesseract 3.04.00' />
  <meta name='ocr-capabilities' content='ocr_page ocr_carea ocr_par ocr_line ocrx_word'/>
</head>
<body>
  <div class='ocr_page' id='page_1' title='image "./ioanniscalvinio04unkngoog_0128.png"; bbox 0 0 4867 6150; ppageno 0'>
   <div class='ocr_carea' id='block_1_1' title="bbox 562 435 691 500">
    <p class='ocr_par' dir='ltr' id='par_1_1' title="bbox 562 435 691 500">
     <span class='ocr_line' id='line_1_1' title="bbox 562 435 691 500; baseline -0.016 0"><span class='ocrx_word' id='word_1_1' title='bbox 562 435 691 500; x_wconf 81' lang='grc'><strong>227</strong></span> 
     </span>
    </p>
   </div>
   <div class='ocr_carea' id='block_1_2' title="bbox 566 616 2528 5086">
    <p class='ocr_par' dir='ltr' id='par_1_2' title="bbox 566 616 2528 5086">
     <span class='ocr_line' id='line_1_2' title="bbox 566 616 2519 700; baseline -0.004 -13"><span class='ocrx_word' id='word_1_2' title='bbox 566 622 782 687; x_wconf 89' lang='lat' dir='ltr'><strong>mitati</strong></span> <span class='ocrx_word' id='word_1_3' title='bbox 825 620 1187 685; x_wconf 87' lang='lat' dir='ltr'><strong>consulere.</strong></span> <span class='ocrx_word' id='word_1_4' title='bbox 1277 619 1446 685; x_wconf 89' lang='lat' dir='ltr'><strong>Nam</strong></span> <span class='ocrx_word' id='word_1_5' title='bbox 1509 638 1711 700; x_wconf 89' lang='lat' dir='ltr'><strong>quum</strong></span> <span class='ocrx_word' id='word_1_6' title='bbox 1780 617 1938 682; x_wconf 88' lang='lat' dir='ltr'><strong>dicit</strong></span> <span class='ocrx_word' id='word_1_7' title='bbox 1983 627 2246 700; x_wconf 89' lang='lat' dir='ltr'><strong>aspectu</strong></span> <span class='ocrx_word' id='word_1_8' title='bbox 2296 616 2519 680; x_wconf 86' lang='lat' dir='ltr'><strong>admo-</strong></span> 
     </span>
     <span class='ocr_line' id='line_1_3' title="bbox 569 702 2521 785; baseline -0.004 -12"><span class='ocrx_word' id='word_1_9' title='bbox 569 710 783 773; x_wconf 91' lang='lat' dir='ltr'><strong>nitum</strong></span> <span class='ocrx_word' id='word_1_10' title='bbox 842 706 925 770; x_wconf 92' lang='lat' dir='ltr'><strong>iri</strong></span> <span class='ocrx_word' id='word_1_11' title='bbox 983 719 1056 770; x_wconf 89' lang='lat' dir='ltr'><strong>ut</strong></span> <span class='ocrx_word' id='word_1_12' title='bbox 1113 705 1569 780; x_wconf 81' lang='lat' dir='ltr'><strong>recordentur,</strong></span> <span class='ocrx_word' id='word_1_13' title='bbox 1628 702 2001 770; x_wconf 77' lang='lat' dir='ltr'><strong>subindicat</strong></span> <span class='ocrx_word' id='word_1_14' title='bbox 2056 724 2220 785; x_wconf 90' lang='lat' dir='ltr'><strong>opus</strong></span> <span class='ocrx_word' id='word_1_15' title='bbox 2281 703 2521 767; x_wconf 90' lang='lat' dir='ltr'><strong>habere</strong></span> 
     </span>
     <span class='ocr_line' id='line_1_4' title="bbox 569 788 2519 874; baseline -0.005 -14"><span class='ocrx_word' id='word_1_16' title='bbox 569 794 808 860; x_wconf 90' lang='lat' dir='ltr'><strong>crassis</strong></span> <span class='ocrx_word' id='word_1_17' title='bbox 853 790 1265 867; x_wconf 80' lang='lat' dir='ltr'><strong>rudimentis,</strong></span> <span class='ocrx_word' id='word_1_18' title='bbox 1313 810 1477 874; x_wconf 90' lang='lat' dir='ltr'><strong>quae</strong></span> <span class='ocrx_word' id='word_1_19' title='bbox 1514 800 1822 855; x_wconf 84' lang='lat' dir='ltr'><strong>externos</strong></span> <span class='ocrx_word' id='word_1_20' title='bbox 1865 811 2118 872; x_wconf 88' lang='lat' dir='ltr'><strong>quoque</strong></span> <span class='ocrx_word' id='word_1_21' title='bbox 2156 809 2386 855; x_wconf 87' lang='lat' dir='ltr'><strong>sensus</strong></span> <span class='ocrx_word' id='word_1_22' title='bbox 2423 788 2519 851; x_wconf 83' lang='lat' dir='ltr'><strong>fe-</strong></span> 
     </span>
     <span class='ocr_line' id='line_1_5' title="bbox 569 873 2521 958; baseline -0.005 -13"><span class='ocrx_word' id='word_1_23' title='bbox 569 882 774 945; x_wconf 90' lang='lat' dir='ltr'><strong>riant:</strong></span> <span class='ocrx_word' id='word_1_24' title='bbox 837 877 1088 958; x_wconf 89' lang='lat' dir='ltr'><strong>deinde,</strong></span> <span class='ocrx_word' id='word_1_25' title='bbox 1134 878 1259 941; x_wconf 84' lang='lat' dir='ltr'><strong>nisi</strong></span> <span class='ocrx_word' id='word_1_26' title='bbox 1306 876 1633 941; x_wconf 76' lang='lat' dir='ltr'><strong>excitetur</strong></span> <span class='ocrx_word' id='word_1_27' title='bbox 1677 897 1900 940; x_wconf 90' lang='lat' dir='ltr'><strong>eorum</strong></span> <span class='ocrx_word' id='word_1_28' title='bbox 1947 874 2292 953; x_wconf 89' lang='lat' dir='ltr'><strong>memoria,</strong></span> <span class='ocrx_word' id='word_1_29' title='bbox 2356 873 2521 937; x_wconf 89' lang='lat' dir='ltr'><strong>nihil</strong></span> 
     </span>
     <span class='ocr_line' id='line_1_6' title="bbox 570 960 2520 1047; baseline -0.004 -16"><span class='ocrx_word' id='word_1_30' title='bbox 570 968 780 1046; x_wconf 87' lang='lat' dir='ltr'><strong>magis</strong></span> <span class='ocrx_word' id='word_1_31' title='bbox 826 963 1112 1047; x_wconf 85' lang='lat' dir='ltr'><strong>proclive</strong></span> <span class='ocrx_word' id='word_1_32' title='bbox 1157 964 1291 1027; x_wconf 86' lang='lat' dir='ltr'><strong>fore</strong></span> <span class='ocrx_word' id='word_1_33' title='bbox 1336 984 1530 1045; x_wconf 87' lang='lat' dir='ltr'><strong>quam</strong></span> <span class='ocrx_word' id='word_1_34' title='bbox 1580 971 1656 1027; x_wconf 89' lang='lat' dir='ltr'><strong>ut</strong></span> <span class='ocrx_word' id='word_1_35' title='bbox 1699 960 1974 1044; x_wconf 87' lang='lat' dir='ltr'><strong>obrepat</strong></span> <span class='ocrx_word' id='word_1_36' title='bbox 2016 961 2274 1026; x_wconf 88' lang='lat' dir='ltr'><strong>oblivio.</strong></span> <span class='ocrx_word' id='word_1_37' title='bbox 2359 960 2520 1024; x_wconf 81' lang='lat' dir='ltr'><strong>Mox</strong></span> 
     </span>
     <span class='ocr_line' id='line_1_7' title="bbox 570 1046 2521 1130; baseline -0.004 -14"><span class='ocrx_word' id='word_1_38' title='bbox 570 1063 787 1116; x_wconf 88' lang='lat' dir='ltr'><strong>autem</strong></span> <span class='ocrx_word' id='word_1_39' title='bbox 837 1049 1035 1128; x_wconf 91' lang='lat' dir='ltr'><strong>addit,</strong></span> <span class='ocrx_word' id='word_1_40' title='bbox 1085 1050 1299 1113; x_wconf 85' lang='lat' dir='ltr'><strong>Deu&#39;m</strong></span> <span class='ocrx_word' id='word_1_41' title='bbox 1346 1048 1511 1113; x_wconf 88' lang='lat' dir='ltr'><strong>nihil</strong></span> <span class='ocrx_word' id='word_1_42' title='bbox 1561 1048 1800 1113; x_wconf 88' lang='lat' dir='ltr'><strong>morari</strong></span> <span class='ocrx_word' id='word_1_43' title='bbox 1847 1046 2152 1130; x_wconf 83' lang='lat' dir='ltr'><strong>frigidam</strong></span> <span class='ocrx_word' id='word_1_44' title='bbox 2199 1046 2521 1123; x_wconf 84' lang='lat' dir='ltr'><strong>notitiam,</strong></span> 
     </span>
     <span class='ocr_line' id='line_1_8' title="bbox 571 1133 2522 1218; baseline -0.003 -15"><span class='ocrx_word' id='word_1_45' title='bbox 571 1137 685 1204; x_wconf 90' lang='lat' dir='ltr'><strong>sed</strong></span> <span class='ocrx_word' id='word_1_46' title='bbox 730 1136 976 1201; x_wconf 88' lang='lat' dir='ltr'><strong>serium</strong></span> <span class='ocrx_word' id='word_1_47' title='bbox 1024 1136 1327 1200; x_wconf 88' lang='lat' dir='ltr'><strong>affectum</strong></span> <span class='ocrx_word' id='word_1_48' title='bbox 1376 1147 1444 1198; x_wconf 91' lang='lat' dir='ltr'><strong>et</strong></span> <span class='ocrx_word' id='word_1_49' title='bbox 1488 1135 1726 1218; x_wconf 85' lang='lat' dir='ltr'><strong>praxin</strong></span> <span class='ocrx_word' id='word_1_50' title='bbox 1764 1136 2045 1217; x_wconf 84' lang='lat' dir='ltr'><strong>exigere.</strong></span> <span class='ocrx_word' id='word_1_51' title='bbox 2115 1133 2195 1197; x_wconf 95' lang='lat' dir='ltr'><strong>In</strong></span> <span class='ocrx_word' id='word_1_52' title='bbox 2235 1133 2522 1198; x_wconf 90' lang='lat' dir='ltr'><strong>secunda</strong></span> 
     </span>
     <span class='ocr_line' id='line_1_9' title="bbox 570 1216 2518 1304; baseline -0.003 -16"><span class='ocrx_word' id='word_1_53' title='bbox 570 1233 786 1288; x_wconf 90' lang='lat' dir='ltr'><strong>autem</strong></span> <span class='ocrx_word' id='word_1_54' title='bbox 844 1232 1028 1304; x_wconf 89' lang='lat' dir='ltr'><strong>parte</strong></span> <span class='ocrx_word' id='word_1_55' title='bbox 1088 1243 1317 1286; x_wconf 89' lang='lat' dir='ltr'><strong>versus</strong></span> <span class='ocrx_word' id='word_1_56' title='bbox 1378 1220 1649 1285; x_wconf 90' lang='lat' dir='ltr'><strong>alteram</strong></span> <span class='ocrx_word' id='word_1_57' title='bbox 1698 1221 2152 1286; x_wconf 81' lang='lat' dir='ltr'><strong>necessitatem</strong></span> <span class='ocrx_word' id='word_1_58' title='bbox 2202 1216 2518 1283; x_wconf 78' lang='lat' dir='ltr'><strong>ostendit:</strong></span> 
     </span>
     <span class='ocr_line' id='line_1_10' title="bbox 568 1304 2519 1392; baseline -0.003 -20"><span class='ocrx_word' id='word_1_59' title='bbox 568 1310 724 1392; x_wconf 89' lang='lat' dir='ltr'><strong>quia</strong></span> <span class='ocrx_word' id='word_1_60' title='bbox 768 1307 1016 1372; x_wconf 90' lang='lat' dir='ltr'><strong>scilicet</strong></span> <span class='ocrx_word' id='word_1_61' title='bbox 1059 1329 1190 1371; x_wconf 91' lang='lat' dir='ltr'><strong>non</strong></span> <span class='ocrx_word' id='word_1_62' title='bbox 1236 1306 1428 1371; x_wconf 91' lang='lat' dir='ltr'><strong>modo</strong></span> <span class='ocrx_word' id='word_1_63' title='bbox 1472 1305 1870 1371; x_wconf 88' lang='lat' dir='ltr'><strong>stimulanda</strong></span> <span class='ocrx_word' id='word_1_64' title='bbox 1914 1306 2003 1371; x_wconf 88' lang='lat' dir='ltr'><strong>sit</strong></span> <span class='ocrx_word' id='word_1_65' title='bbox 2045 1326 2270 1370; x_wconf 88' lang='lat' dir='ltr'><strong>eorum</strong></span> <span class='ocrx_word' id='word_1_66' title='bbox 2319 1304 2519 1387; x_wconf 84' lang='lat' dir='ltr'><strong>pigri-</strong></span> 
     </span>
     <span class='ocr_line' id='line_1_11' title="bbox 573 1389 2519 1475; baseline -0.003 -16"><span class='ocrx_word' id='word_1_67' title='bbox 573 1395 714 1471; x_wconf 83' lang='lat' dir='ltr'><strong>ties,</strong></span> <span class='ocrx_word' id='word_1_68' title='bbox 753 1393 865 1458; x_wconf 89' lang='lat' dir='ltr'><strong>sed</strong></span> <span class='ocrx_word' id='word_1_69' title='bbox 892 1391 1252 1457; x_wconf 87' lang='lat' dir='ltr'><strong>cohibenda</strong></span> <span class='ocrx_word' id='word_1_70' title='bbox 1275 1392 1473 1457; x_wconf 90' lang='lat' dir='ltr'><strong>simul</strong></span> <span class='ocrx_word' id='word_1_71' title='bbox 1496 1393 1849 1475; x_wconf 85' lang='lat' dir='ltr'><strong>protervia.</strong></span> <span class='ocrx_word' id='word_1_72' title='bbox 1895 1391 2067 1456; x_wconf 86' lang='lat' dir='ltr'><strong>Nam</strong></span> <span class='ocrx_word' id='word_1_73' title='bbox 2104 1413 2304 1474; x_wconf 89' lang='lat' dir='ltr'><strong>quum</strong></span> <span class='ocrx_word' id='word_1_74' title='bbox 2331 1389 2519 1455; x_wconf 88' lang='lat' dir='ltr'><strong>dicit:</strong></span> 
     </span>
     <span class='ocr_line' id='line_1_12' title="bbox 569 1478 2521 1563; baseline -0.002 -18"><span class='ocrx_word' id='word_1_75' title='bbox 569 1480 720 1545; x_wconf 91' lang='lat' dir='ltr'><strong>Non</strong></span> <span class='ocrx_word' id='word_1_76' title='bbox 759 1480 1090 1563; x_wconf 88' lang='lat' dir='ltr'><strong>aspicietis</strong></span> <span class='ocrx_word' id='word_1_77' title='bbox 1129 1490 1275 1561; x_wconf 90' lang='lat' dir='ltr'><strong>post</strong></span> <span class='ocrx_word' id='word_1_78' title='bbox 1309 1499 1418 1543; x_wconf 94' lang='lat' dir='ltr'><strong>cor</strong></span> <span class='ocrx_word' id='word_1_79' title='bbox 1440 1490 1754 1557; x_wconf 73' lang='lat' dir='ltr'><strong>vestrum,</strong></span> <span class='ocrx_word' id='word_1_80' title='bbox 1793 1479 2137 1561; x_wconf 88' lang='lat' dir='ltr'><strong>significat,</strong></span> <span class='ocrx_word' id='word_1_81' title='bbox 2177 1478 2304 1541; x_wconf 88' lang='lat' dir='ltr'><strong>nisi</strong></span> <span class='ocrx_word' id='word_1_82' title='bbox 2337 1478 2521 1541; x_wconf 89' lang='lat' dir='ltr'><strong>Deus</strong></span> 
     </span>
     <span class='ocr_line' id='line_1_13' title="bbox 568 1563 2518 1648; baseline -0.003 -17"><span class='ocrx_word' id='word_1_83' title='bbox 568 1577 787 1631; x_wconf 90' lang='lat' dir='ltr'><strong>arceat</strong></span> <span class='ocrx_word' id='word_1_84' title='bbox 831 1586 1032 1648; x_wconf 82' lang='lat' dir='ltr'><strong>vagos</strong></span> <span class='ocrx_word' id='word_1_85' title='bbox 1076 1565 1366 1647; x_wconf 89' lang='lat' dir='ltr'><strong>ipsorum</strong></span> <span class='ocrx_word' id='word_1_86' title='bbox 1413 1586 1679 1642; x_wconf 87' lang='lat' dir='ltr'><strong>sensus,</strong></span> <span class='ocrx_word' id='word_1_87' title='bbox 1740 1564 1821 1629; x_wconf 89' lang='lat' dir='ltr'><strong>ad</strong></span> <span class='ocrx_word' id='word_1_88' title='bbox 1877 1585 2069 1628; x_wconf 89' lang='lat' dir='ltr'><strong>omne</strong></span> <span class='ocrx_word' id='word_1_89' title='bbox 2115 1563 2518 1646; x_wconf 87' lang='lat' dir='ltr'><strong>superstitio·</strong></span> 
     </span>
     <span class='ocr_line' id='line_1_14' title="bbox 569 1647 2521 1732; baseline -0.002 -16"><span class='ocrx_word' id='word_1_90' title='bbox 569 1673 728 1716; x_wconf 90' lang='lat' dir='ltr'><strong>num</strong></span> <span class='ocrx_word' id='word_1_91' title='bbox 777 1661 843 1715; x_wconf 90' lang='lat' dir='ltr'><strong>et</strong></span> <span class='ocrx_word' id='word_1_92' title='bbox 886 1672 1179 1715; x_wconf 91' lang='lat' dir='ltr'><strong>errorum</strong></span> <span class='ocrx_word' id='word_1_93' title='bbox 1228 1671 1437 1732; x_wconf 87' lang='lat' dir='ltr'><strong>genus</strong></span> <span class='ocrx_word' id='word_1_94' title='bbox 1481 1652 1758 1716; x_wconf 90' lang='lat' dir='ltr'><strong>nimium</strong></span> <span class='ocrx_word' id='word_1_95' title='bbox 1804 1651 1944 1715; x_wconf 88' lang='lat' dir='ltr'><strong>fore</strong></span> <span class='ocrx_word' id='word_1_96' title='bbox 1990 1670 2363 1732; x_wconf 85' lang='lat' dir='ltr'><strong>propensos.</strong></span> <span class='ocrx_word' id='word_1_97' title='bbox 2419 1647 2521 1713; x_wconf 90' lang='lat' dir='ltr'><strong>Ac</strong></span> 
     </span>
     <span class='ocr_line' id='line_1_15' title="bbox 571 1736 2520 1821; baseline -0.001 -20"><span class='ocrx_word' id='word_1_98' title='bbox 571 1738 781 1821; x_wconf 87' lang='lat' dir='ltr'><strong>primo</strong></span> <span class='ocrx_word' id='word_1_99' title='bbox 824 1737 1088 1819; x_wconf 89' lang='lat' dir='ltr'><strong>quidem</strong></span> <span class='ocrx_word' id='word_1_100' title='bbox 1135 1736 1330 1800; x_wconf 84' lang='lat' dir='ltr'><strong>corda.</strong></span> <span class='ocrx_word' id='word_1_101' title='bbox 1374 1750 1440 1801; x_wconf 89' lang='lat' dir='ltr'><strong>et</strong></span> <span class='ocrx_word' id='word_1_102' title='bbox 1493 1737 1714 1803; x_wconf 90' lang='lat' dir='ltr'><strong>oculos</strong></span> <span class='ocrx_word' id='word_1_103' title='bbox 1772 1737 2106 1802; x_wconf 89' lang='lat' dir='ltr'><strong>hominum</strong></span> <span class='ocrx_word' id='word_1_104' title='bbox 2168 1736 2297 1819; x_wconf 86' lang='lat' dir='ltr'><strong>legi</strong></span> <span class='ocrx_word' id='word_1_105' title='bbox 2364 1756 2520 1801; x_wconf 84' lang='lat' dir='ltr'><strong>suae</strong></span> 
     </span>
     <span class='ocr_line' id='line_1_16' title="bbox 569 1821 2518 1906; baseline -0.003 -18"><span class='ocrx_word' id='word_1_106' title='bbox 569 1843 940 1906; x_wconf 88' lang='lat' dir='ltr'><strong>opponens,</strong></span> <span class='ocrx_word' id='word_1_107' title='bbox 1013 1843 1147 1886; x_wconf 90' lang='lat' dir='ltr'><strong>una</strong></span> <span class='ocrx_word' id='word_1_108' title='bbox 1210 1844 1405 1904; x_wconf 90' lang='lat' dir='ltr'><strong>quam</strong></span> <span class='ocrx_word' id='word_1_109' title='bbox 1474 1822 1858 1905; x_wconf 87' lang='lat' dir='ltr'><strong>praescribit</strong></span> <span class='ocrx_word' id='word_1_110' title='bbox 1917 1822 2143 1905; x_wconf 88' lang='lat' dir='ltr'><strong>regula</strong></span> <span class='ocrx_word' id='word_1_111' title='bbox 2209 1821 2518 1904; x_wconf 90' lang='lat' dir='ltr'><strong>populum</strong></span> 
     </span>
     <span class='ocr_line' id='line_1_17' title="bbox 570 1907 2523 1991; baseline -0.002 -17"><span class='ocrx_word' id='word_1_112' title='bbox 570 1929 764 1975; x_wconf 90' lang='lat' dir='ltr'><strong>suum</strong></span> <span class='ocrx_word' id='word_1_113' title='bbox 810 1908 952 1973; x_wconf 83' lang='lat' dir='ltr'><strong>vult</strong></span> <span class='ocrx_word' id='word_1_114' title='bbox 997 1928 1138 1972; x_wconf 91' lang='lat' dir='ltr'><strong>esse</strong></span> <span class='ocrx_word' id='word_1_115' title='bbox 1182 1918 1586 1985; x_wconf 89' lang='lat' dir='ltr'><strong>contentum,</strong></span> <span class='ocrx_word' id='word_1_116' title='bbox 1635 1930 1716 1972; x_wconf 91' lang='lat' dir='ltr'><strong>ne</strong></span> <span class='ocrx_word' id='word_1_117' title='bbox 1761 1907 1917 1991; x_wconf 90' lang='lat' dir='ltr'><strong>quid</strong></span> <span class='ocrx_word' id='word_1_118' title='bbox 1963 1931 2044 1973; x_wconf 84' lang='lat' dir='ltr'><strong>ex</strong></span> <span class='ocrx_word' id='word_1_119' title='bbox 2083 1908 2362 1990; x_wconf 86' lang='lat' dir='ltr'><strong>propriis</strong></span> <span class='ocrx_word' id='word_1_120' title='bbox 2405 1909 2523 1989; x_wconf 92' lang='lat' dir='ltr'><strong>fig-</strong></span> 
     </span>
     <span class='ocr_line' id='line_1_18' title="bbox 570 1993 2519 2075; baseline -0.002 -16"><span class='ocrx_word' id='word_1_121' title='bbox 570 1995 811 2059; x_wconf 79' lang='lat' dir='ltr'><strong>mentis</strong></span> <span class='ocrx_word' id='word_1_122' title='bbox 874 1993 1263 2059; x_wconf 89' lang='lat' dir='ltr'><strong>admisceat:</strong></span> <span class='ocrx_word' id='word_1_123' title='bbox 1335 1993 1568 2058; x_wconf 91' lang='lat' dir='ltr'><strong>deinde</strong></span> <span class='ocrx_word' id='word_1_124' title='bbox 1635 1995 1944 2059; x_wconf 73' lang='lat' dir='ltr'><strong>vanitatis</strong></span> <span class='ocrx_word' id='word_1_125' title='bbox 2011 1994 2280 2058; x_wconf 88' lang='lat' dir='ltr'><strong>damnat</strong></span> <span class='ocrx_word' id='word_1_126' title='bbox 2334 1993 2519 2075; x_wconf 89' lang='lat' dir='ltr'><strong>quid-</strong></span> 
     </span>
     <span class='ocr_line' id='line_1_19' title="bbox 570 2078 2521 2164; baseline -0.002 -19"><span class='ocrx_word' id='word_1_127' title='bbox 570 2081 725 2164; x_wconf 88' lang='lat' dir='ltr'><strong>quid</strong></span> <span class='ocrx_word' id='word_1_128' title='bbox 772 2080 944 2162; x_wconf 89' lang='lat' dir='ltr'><strong>apud</strong></span> <span class='ocrx_word' id='word_1_129' title='bbox 989 2100 1060 2144; x_wconf 87' lang='lat' dir='ltr'><strong>se</strong></span> <span class='ocrx_word' id='word_1_130' title='bbox 1103 2078 1421 2146; x_wconf 87' lang='lat' dir='ltr'><strong>fabricant</strong></span> <span class='ocrx_word' id='word_1_131' title='bbox 1468 2081 1797 2144; x_wconf 89' lang='lat' dir='ltr'><strong>homines:</strong></span> <span class='ocrx_word' id='word_1_132' title='bbox 1845 2092 1910 2144; x_wconf 89' lang='lat' dir='ltr'><strong>et</strong></span> <span class='ocrx_word' id='word_1_133' title='bbox 1955 2080 2379 2163; x_wconf 88' lang='lat' dir='ltr'><strong>quantumvis</strong></span> <span class='ocrx_word' id='word_1_134' title='bbox 2416 2101 2521 2142; x_wconf 88' lang='lat' dir='ltr'><strong>ar-</strong></span> 
     </span>
     <span class='ocr_line' id='line_1_20' title="bbox 569 2166 2522 2249; baseline -0.002 -19"><span class='ocrx_word' id='word_1_135' title='bbox 569 2166 782 2231; x_wconf 85' lang='lat' dir='ltr'><strong>rideat</strong></span> <span class='ocrx_word' id='word_1_136' title='bbox 827 2166 984 2249; x_wconf 90' lang='lat' dir='ltr'><strong>ipsis</strong></span> <span class='ocrx_word' id='word_1_137' title='bbox 1027 2167 1243 2230; x_wconf 89' lang='lat' dir='ltr'><strong>carnis</strong></span> <span class='ocrx_word' id='word_1_138' title='bbox 1288 2167 1473 2242; x_wconf 88' lang='lat' dir='ltr'><strong>rati0‚</strong></span> <span class='ocrx_word' id='word_1_139' title='bbox 1520 2186 1665 2230; x_wconf 88' lang='lat' dir='ltr'><strong>eam</strong></span> <span class='ocrx_word' id='word_1_140' title='bbox 1712 2178 1927 2230; x_wconf 86' lang='lat' dir='ltr'><strong>tamen</strong></span> <span class='ocrx_word' id='word_1_141' title='bbox 1967 2167 2217 2249; x_wconf 84' lang='lat' dir='ltr'><strong>respuit</strong></span> <span class='ocrx_word' id='word_1_142' title='bbox 2260 2187 2334 2231; x_wconf 90' lang='lat' dir='ltr'><strong>ac</strong></span> <span class='ocrx_word' id='word_1_143' title='bbox 2372 2186 2522 2230; x_wconf 90' lang='lat' dir='ltr'><strong>con-</strong></span> 
     </span>
     <span class='ocr_line' id='line_1_21' title="bbox 569 2249 2520 2333; baseline -0.002 -16"><span class='ocrx_word' id='word_1_144' title='bbox 569 2249 858 2317; x_wconf 84' lang='lat' dir='ltr'><strong>demnat.</strong></span> <span class='ocrx_word' id='word_1_145' title='bbox 946 2250 1140 2331; x_wconf 81' lang='lat' dir='ltr'><strong>Quod</strong></span> <span class='ocrx_word' id='word_1_146' title='bbox 1186 2253 1384 2315; x_wconf 86' lang='lat' dir='ltr'><strong>etiam</strong></span> <span class='ocrx_word' id='word_1_147' title='bbox 1431 2253 1666 2317; x_wconf 88' lang='lat' dir='ltr'><strong>ultima</strong></span> <span class='ocrx_word' id='word_1_148' title='bbox 1712 2274 1867 2317; x_wconf 89' lang='lat' dir='ltr'><strong>voce</strong></span> <span class='ocrx_word' id='word_1_149' title='bbox 1912 2251 2153 2317; x_wconf 90' lang='lat' dir='ltr'><strong>clarius</strong></span> <span class='ocrx_word' id='word_1_150' title='bbox 2189 2251 2520 2333; x_wconf 82' lang='lat' dir='ltr'><strong>exprimit,</strong></span> 
     </span>
     <span class='ocr_line' id='line_1_22' title="bbox 570 2336 2521 2421; baseline -0.002 -18"><span class='ocrx_word' id='word_1_151' title='bbox 570 2336 680 2403; x_wconf 91' lang='lat' dir='ltr'><strong>ubi</strong></span> <span class='ocrx_word' id='word_1_152' title='bbox 726 2338 884 2403; x_wconf 89' lang='lat' dir='ltr'><strong>dicit</strong></span> <span class='ocrx_word' id='word_1_153' title='bbox 931 2338 1238 2402; x_wconf 86' lang='lat' dir='ltr'><strong>fornicari</strong></span> <span class='ocrx_word' id='word_1_154' title='bbox 1300 2338 1596 2403; x_wconf 89' lang='lat' dir='ltr'><strong>homines</strong></span> <span class='ocrx_word' id='word_1_155' title='bbox 1648 2338 1964 2421; x_wconf 87' lang='lat' dir='ltr'><strong>quamdiu</strong></span> <span class='ocrx_word' id='word_1_156' title='bbox 2031 2338 2312 2421; x_wconf 88' lang='lat' dir='ltr'><strong>propriis</strong></span> <span class='ocrx_word' id='word_1_157' title='bbox 2369 2358 2521 2402; x_wconf 91' lang='lat' dir='ltr'><strong>con-</strong></span> 
     </span>
     <span class='ocr_line' id='line_1_23' title="bbox 569 2424 2519 2507; baseline -0.002 -18"><span class='ocrx_word' id='word_1_158' title='bbox 569 2424 734 2490; x_wconf 89' lang='lat' dir='ltr'><strong>siliis</strong></span> <span class='ocrx_word' id='word_1_159' title='bbox 791 2436 1131 2507; x_wconf 87' lang='lat' dir='ltr'><strong>reguntur.</strong></span> <span class='ocrx_word' id='word_1_160' title='bbox 1238 2425 1587 2489; x_wconf 80' lang='lat' dir='ltr'><strong>Sententia</strong></span> <span class='ocrx_word' id='word_1_161' title='bbox 1643 2425 1939 2507; x_wconf 86' lang='lat' dir='ltr'><strong>apprime</strong></span> <span class='ocrx_word' id='word_1_162' title='bbox 1999 2434 2227 2488; x_wconf 85' lang='lat' dir='ltr'><strong>notatu</strong></span> <span class='ocrx_word' id='word_1_163' title='bbox 2286 2424 2519 2506; x_wconf 89' lang='lat' dir='ltr'><strong>digna:</strong></span> 
     </span>
     <span class='ocr_line' id='line_1_24' title="bbox 568 2509 2518 2594; baseline -0.002 -19"><span class='ocrx_word' id='word_1_164' title='bbox 568 2510 741 2592; x_wconf 90' lang='lat' dir='ltr'><strong>quod</strong></span> <span class='ocrx_word' id='word_1_165' title='bbox 823 2510 975 2574; x_wconf 88' lang='lat' dir='ltr'><strong>dum</strong></span> <span class='ocrx_word' id='word_1_166' title='bbox 1059 2509 1180 2573; x_wconf 89' lang='lat' dir='ltr'><strong>sibi</strong></span> <span class='ocrx_word' id='word_1_167' title='bbox 1260 2509 1450 2574; x_wconf 82' lang='lat' dir='ltr'><strong>valde</strong></span> <span class='ocrx_word' id='word_1_168' title='bbox 1518 2511 1782 2594; x_wconf 86' lang='lat' dir='ltr'><strong>placent</strong></span> <span class='ocrx_word' id='word_1_169' title='bbox 1859 2510 1974 2592; x_wconf 91' lang='lat' dir='ltr'><strong>qui</strong></span> <span class='ocrx_word' id='word_1_170' title='bbox 2053 2509 2323 2574; x_wconf 90' lang='lat' dir='ltr'><strong>arbitrio</strong></span> <span class='ocrx_word' id='word_1_171' title='bbox 2400 2530 2518 2574; x_wconf 91' lang='lat' dir='ltr'><strong>suo</strong></span> 
     </span>
     <span class='ocr_line' id='line_1_25' title="bbox 569 2595 2519 2679; baseline -0.002 -18"><span class='ocrx_word' id='word_1_172' title='bbox 569 2598 784 2661; x_wconf 92' lang='lat' dir='ltr'><strong>Deum</strong></span> <span class='ocrx_word' id='word_1_173' title='bbox 844 2595 1085 2673; x_wconf 88' lang='lat' dir='ltr'><strong>colunt,</strong></span> <span class='ocrx_word' id='word_1_174' title='bbox 1153 2617 1396 2676; x_wconf 89' lang='lat' dir='ltr'><strong>suaque</strong></span> <span class='ocrx_word' id='word_1_175' title='bbox 1461 2595 1681 2660; x_wconf 89' lang='lat' dir='ltr'><strong>studia</strong></span> <span class='ocrx_word' id='word_1_176' title='bbox 1734 2596 1983 2679; x_wconf 86' lang='lat' dir='ltr'><strong>optima</strong></span> <span class='ocrx_word' id='word_1_177' title='bbox 2046 2607 2111 2660; x_wconf 91' lang='lat' dir='ltr'><strong>et</strong></span> <span class='ocrx_word' id='word_1_178' title='bbox 2157 2596 2519 2660; x_wconf 88' lang='lat' dir='ltr'><strong>rectissima</strong></span> 
     </span>
     <span class='ocr_line' id='line_1_26' title="bbox 570 2680 2514 2764; baseline -0.002 -17"><span class='ocrx_word' id='word_1_179' title='bbox 570 2703 711 2747; x_wconf 87' lang='lat' dir='ltr'><strong>esse</strong></span> <span class='ocrx_word' id='word_1_180' title='bbox 776 2682 1098 2756; x_wconf 89' lang='lat' dir='ltr'><strong>iudicant,</strong></span> <span class='ocrx_word' id='word_1_181' title='bbox 1162 2680 1326 2744; x_wconf 87' lang='lat' dir='ltr'><strong>nihil</strong></span> <span class='ocrx_word' id='word_1_182' title='bbox 1373 2680 1550 2746; x_wconf 87' lang='lat' dir='ltr'><strong>aliud</strong></span> <span class='ocrx_word' id='word_1_183' title='bbox 1597 2704 1792 2764; x_wconf 90' lang='lat' dir='ltr'><strong>quam</strong></span> <span class='ocrx_word' id='word_1_184' title='bbox 1839 2682 2285 2764; x_wconf 88' lang='lat' dir='ltr'><strong>spiritualibus</strong></span> <span class='ocrx_word' id='word_1_185' title='bbox 2330 2680 2514 2745; x_wconf 87' lang='lat' dir='ltr'><strong>adul·</strong></span> 
     </span>
     <span class='ocr_line' id='line_1_27' title="bbox 569 2767 2517 2850; baseline -0.001 -18"><span class='ocrx_word' id='word_1_186' title='bbox 569 2770 752 2833; x_wconf 88' lang='lat' dir='ltr'><strong>teriis</strong></span> <span class='ocrx_word' id='word_1_187' title='bbox 819 2789 888 2832; x_wconf 89' lang='lat' dir='ltr'><strong>se</strong></span> <span class='ocrx_word' id='word_1_188' title='bbox 954 2767 1426 2832; x_wconf 88' lang='lat' dir='ltr'><strong>contaminant.</strong></span> <span class='ocrx_word' id='word_1_189' title='bbox 1535 2767 1705 2832; x_wconf 90' lang='lat' dir='ltr'><strong>Nam</strong></span> <span class='ocrx_word' id='word_1_190' title='bbox 1775 2789 1938 2850; x_wconf 88' lang='lat' dir='ltr'><strong>quae</strong></span> <span class='ocrx_word' id='word_1_191' title='bbox 1994 2790 2211 2834; x_wconf 91' lang='lat' dir='ltr'><strong>coram</strong></span> <span class='ocrx_word' id='word_1_192' title='bbox 2271 2767 2517 2831; x_wconf 92' lang='lat' dir='ltr'><strong>mundo</strong></span> 
     </span>
     <span class='ocr_line' id='line_1_28' title="bbox 570 2852 2517 2925; baseline -0.002 -6"><span class='ocrx_word' id='word_1_193' title='bbox 570 2868 874 2919; x_wconf 89' lang='lat' dir='ltr'><strong>censetur</strong></span> <span class='ocrx_word' id='word_1_194' title='bbox 940 2853 1357 2918; x_wconf 88' lang='lat' dir='ltr'><strong>sanctissima</strong></span> <span class='ocrx_word' id='word_1_195' title='bbox 1417 2852 1691 2925; x_wconf 84' lang='lat' dir='ltr'><strong>devotio,</strong></span> <span class='ocrx_word' id='word_1_196' title='bbox 1760 2876 1903 2918; x_wconf 90' lang='lat' dir='ltr'><strong>eam</strong></span> <span class='ocrx_word' id='word_1_197' title='bbox 1972 2855 2154 2918; x_wconf 87' lang='lat' dir='ltr'><strong>Deus</strong></span> <span class='ocrx_word' id='word_1_198' title='bbox 2221 2873 2334 2917; x_wconf 87' lang='lat' dir='ltr'><strong>ore</strong></span> <span class='ocrx_word' id='word_1_199' title='bbox 2398 2874 2517 2917; x_wconf 93' lang='lat' dir='ltr'><strong>suo</strong></span> 
     </span>
     <span class='ocr_line' id='line_1_29' title="bbox 573 2939 2516 3023; baseline -0.001 -19"><span class='ocrx_word' id='word_1_200' title='bbox 573 2940 964 3023; x_wconf 86' lang='lat' dir='ltr'><strong>pronunciat</strong></span> <span class='ocrx_word' id='word_1_201' title='bbox 988 2941 1451 3004; x_wconf 85' lang='lat' dir='ltr'><strong>scortationem</strong></span> <span class='ocrx_word' id='word_1_202' title='bbox 1483 2960 1645 3004; x_wconf 89' lang='lat' dir='ltr'><strong>esse.</strong></span> <span class='ocrx_word' id='word_1_203' title='bbox 1695 2940 1826 3004; x_wconf 92' lang='lat' dir='ltr'><strong>Per</strong></span> <span class='ocrx_word' id='word_1_204' title='bbox 1849 2939 2072 3005; x_wconf 90' lang='lat' dir='ltr'><strong>oculos</strong></span> <span class='ocrx_word' id='word_1_205' title='bbox 2106 2939 2284 3005; x_wconf 88' lang='lat' dir='ltr'><strong>haud</strong></span> <span class='ocrx_word' id='word_1_206' title='bbox 2318 2940 2516 3004; x_wconf 92' lang='lat' dir='ltr'><strong>dubie</strong></span> 
     </span>
     <span class='ocr_line' id='line_1_30' title="bbox 567 3025 2428 3108; baseline -0.001 -17"><span class='ocrx_word' id='word_1_207' title='bbox 567 3026 882 3108; x_wconf 89' lang='lat' dir='ltr'><strong>intelligit</strong></span> <span class='ocrx_word' id='word_1_208' title='bbox 927 3025 1239 3108; x_wconf 89' lang='lat' dir='ltr'><strong>quidquid</strong></span> <span class='ocrx_word' id='word_1_209' title='bbox 1291 3025 1727 3108; x_wconf 85' lang='lat' dir='ltr'><strong>perspicaciae</strong></span> <span class='ocrx_word' id='word_1_210' title='bbox 1773 3036 1875 3091; x_wconf 89' lang='lat' dir='ltr'><strong>est</strong></span> <span class='ocrx_word' id='word_1_211' title='bbox 1920 3026 1986 3090; x_wconf 89' lang='lat' dir='ltr'><strong>in</strong></span> <span class='ocrx_word' id='word_1_212' title='bbox 2037 3026 2428 3091; x_wconf 81' lang='lat' dir='ltr'><strong>hominibus,</strong></span> 
     </span>
     <span class='ocr_line' id='line_1_31' title="bbox 743 3111 2517 3196; baseline -0.002 -19"><span class='ocrx_word' id='word_1_213' title='bbox 743 3113 847 3178; x_wconf 91' lang='lat'><strong>41.</strong></span> <span class='ocrx_word' id='word_1_214' title='bbox 894 3111 1031 3196; x_wconf 75' lang='lat' dir='ltr'><strong>Eyo</strong></span> <span class='ocrx_word' id='word_1_215' title='bbox 1087 3112 1334 3177; x_wconf 80' lang='lat' dir='ltr'><strong>Iehova.</strong></span> <span class='ocrx_word' id='word_1_216' title='bbox 1433 3111 1608 3192; x_wconf 79' lang='lat' dir='ltr'><strong>Quia</strong></span> <span class='ocrx_word' id='word_1_217' title='bbox 1648 3113 1719 3176; x_wconf 92' lang='lat' dir='ltr'><strong>in</strong></span> <span class='ocrx_word' id='word_1_218' title='bbox 1769 3114 1901 3177; x_wconf 90' lang='lat' dir='ltr'><strong>fine</strong></span> <span class='ocrx_word' id='word_1_219' title='bbox 1945 3134 2178 3177; x_wconf 85' lang='lat' dir='ltr'><strong>versus</strong></span> <span class='ocrx_word' id='word_1_220' title='bbox 2234 3111 2517 3195; x_wconf 77' lang='lat' dir='ltr'><strong>proximi</strong></span> 
     </span>
     <span class='ocr_line' id='line_1_32' title="bbox 569 3197 2514 3279; baseline -0.002 -15"><span class='ocrx_word' id='word_1_221' title='bbox 569 3200 853 3264; x_wconf 89' lang='lat' dir='ltr'><strong>iusserat</strong></span> <span class='ocrx_word' id='word_1_222' title='bbox 896 3207 1157 3264; x_wconf 90' lang='lat' dir='ltr'><strong>sanctos</strong></span> <span class='ocrx_word' id='word_1_223' title='bbox 1200 3219 1342 3263; x_wconf 90' lang='lat' dir='ltr'><strong>esse</strong></span> <span class='ocrx_word' id='word_1_224' title='bbox 1386 3198 1547 3275; x_wconf 92' lang='lat' dir='ltr'><strong>Deo,</strong></span> <span class='ocrx_word' id='word_1_225' title='bbox 1617 3198 1867 3262; x_wconf 87' lang='lat' dir='ltr'><strong>ratione</strong></span> <span class='ocrx_word' id='word_1_226' title='bbox 1913 3200 2283 3264; x_wconf 85' lang='lat' dir='ltr'><strong>confirmat:</strong></span> <span class='ocrx_word' id='word_1_227' title='bbox 2345 3197 2514 3279; x_wconf 83' lang='lat' dir='ltr'><strong>quod</strong></span> 
     </span>
     <span class='ocr_line' id='line_1_33' title="bbox 570 3283 2519 3368; baseline -0.002 -18"><span class='ocrx_word' id='word_1_228' title='bbox 570 3285 820 3350; x_wconf 88' lang='lat' dir='ltr'><strong>scilicet</strong></span> <span class='ocrx_word' id='word_1_229' title='bbox 864 3285 933 3348; x_wconf 92' lang='lat' dir='ltr'><strong>in</strong></span> <span class='ocrx_word' id='word_1_230' title='bbox 983 3285 1156 3349; x_wconf 90' lang='lat' dir='ltr'><strong>hunc</strong></span> <span class='ocrx_word' id='word_1_231' title='bbox 1197 3286 1395 3349; x_wconf 89' lang='lat' dir='ltr'><strong>finem</strong></span> <span class='ocrx_word' id='word_1_232' title='bbox 1440 3305 1550 3349; x_wconf 92' lang='lat' dir='ltr'><strong>eos</strong></span> <span class='ocrx_word' id='word_1_233' title='bbox 1596 3283 1869 3349; x_wconf 87' lang='lat' dir='ltr'><strong>redemit</strong></span> <span class='ocrx_word' id='word_1_234' title='bbox 1915 3297 1990 3349; x_wconf 91' lang='lat' dir='ltr'><strong>ut</strong></span> <span class='ocrx_word' id='word_1_235' title='bbox 2033 3297 2203 3350; x_wconf 90' lang='lat' dir='ltr'><strong>esset</strong></span> <span class='ocrx_word' id='word_1_236' title='bbox 2249 3286 2404 3368; x_wconf 84' lang='lat' dir='ltr'><strong>ipsis</strong></span> <span class='ocrx_word' id='word_1_237' title='bbox 2448 3288 2519 3345; x_wconf 89' lang='lat' dir='ltr'><strong>in</strong></span> 
     </span>
     <span class='ocr_line' id='line_1_34' title="bbox 572 3370 2516 3453; baseline -0.002 -18"><span class='ocrx_word' id='word_1_238' title='bbox 572 3371 812 3445; x_wconf 89' lang='lat' dir='ltr'><strong>Deum,</strong></span> <span class='ocrx_word' id='word_1_239' title='bbox 858 3370 981 3435; x_wconf 92' lang='lat' dir='ltr'><strong>hoc</strong></span> <span class='ocrx_word' id='word_1_240' title='bbox 1027 3378 1146 3448; x_wconf 88' lang='lat' dir='ltr'><strong>est,</strong></span> <span class='ocrx_word' id='word_1_241' title='bbox 1192 3381 1265 3434; x_wconf 90' lang='lat' dir='ltr'><strong>ut</strong></span> <span class='ocrx_word' id='word_1_242' title='bbox 1301 3379 1525 3436; x_wconf 90' lang='lat' dir='ltr'><strong>sancte</strong></span> <span class='ocrx_word' id='word_1_243' title='bbox 1559 3370 1898 3436; x_wconf 87' lang='lat' dir='ltr'><strong>coleretur.</strong></span> <span class='ocrx_word' id='word_1_244' title='bbox 1973 3371 2090 3435; x_wconf 88' lang='lat' dir='ltr'><strong>Ius</strong></span> <span class='ocrx_word' id='word_1_245' title='bbox 2134 3392 2290 3453; x_wconf 86' lang='lat' dir='ltr'><strong>crgo</strong></span> <span class='ocrx_word' id='word_1_246' title='bbox 2326 3390 2516 3435; x_wconf 90' lang='lat' dir='ltr'><strong>suum</strong></span> 
     </span>
     <span class='ocr_line' id='line_1_35' title="bbox 574 3454 2518 3538; baseline -0.002 -15"><span class='ocrx_word' id='word_1_247' title='bbox 574 3458 805 3523; x_wconf 88' lang='lat' dir='ltr'><strong>asserit</strong></span> <span class='ocrx_word' id='word_1_248' title='bbox 849 3457 992 3521; x_wconf 91' lang='lat' dir='ltr'><strong>Deo</strong></span> <span class='ocrx_word' id='word_1_249' title='bbox 1037 3476 1121 3519; x_wconf 86' lang='lat' dir='ltr'><strong>ex</strong></span> <span class='ocrx_word' id='word_1_250' title='bbox 1169 3456 1478 3521; x_wconf 88' lang='lat' dir='ltr'><strong>beneficio</strong></span> <span class='ocrx_word' id='word_1_251' title='bbox 1522 3454 1956 3521; x_wconf 84' lang='lat' dir='ltr'><strong>liberationis:</strong></span> <span class='ocrx_word' id='word_1_252' title='bbox 2005 3456 2174 3538; x_wconf 87' lang='lat' dir='ltr'><strong>quod</strong></span> <span class='ocrx_word' id='word_1_253' title='bbox 2222 3458 2389 3519; x_wconf 80' lang='lat' dir='ltr'><strong>male</strong></span> <span class='ocrx_word' id='word_1_254' title='bbox 2428 3456 2518 3519; x_wconf 92' lang='lat' dir='ltr'><strong>lo-</strong></span> 
     </span>
     <span class='ocr_line' id='line_1_36' title="bbox 574 3541 2519 3624; baseline -0.001 -17"><span class='ocrx_word' id='word_1_255' title='bbox 574 3560 787 3607; x_wconf 89' lang='lat' dir='ltr'><strong>catum</strong></span> <span class='ocrx_word' id='word_1_256' title='bbox 870 3543 1130 3606; x_wconf 84' lang='lat' dir='ltr'><strong>fuisset:</strong></span> <span class='ocrx_word' id='word_1_257' title='bbox 1214 3542 1341 3606; x_wconf 91' lang='lat' dir='ltr'><strong>nisi</strong></span> <span class='ocrx_word' id='word_1_258' title='bbox 1414 3541 1553 3605; x_wconf 90' lang='lat' dir='ltr'><strong>eius</strong></span> <span class='ocrx_word' id='word_1_259' title='bbox 1618 3542 1896 3624; x_wconf 87' lang='lat' dir='ltr'><strong>imperio</strong></span> <span class='ocrx_word' id='word_1_260' title='bbox 1985 3564 2054 3606; x_wconf 89' lang='lat' dir='ltr'><strong>se</strong></span> <span class='ocrx_word' id='word_1_261' title='bbox 2123 3542 2519 3606; x_wconf 85' lang='lat' dir='ltr'><strong>addicerent.</strong></span> 
     </span>
     <span class='ocr_line' id='line_1_37' title="bbox 573 3624 2527 3711; baseline -0.002 -17"><span class='ocrx_word' id='word_1_262' title='bbox 573 3629 905 3711; x_wconf 86' lang='lat' dir='ltr'><strong>Repetitio</strong></span> <span class='ocrx_word' id='word_1_263' title='bbox 941 3649 1106 3709; x_wconf 89' lang='lat' dir='ltr'><strong>quae</strong></span> <span class='ocrx_word' id='word_1_264' title='bbox 1141 3648 1296 3692; x_wconf 83' lang='lat' dir='ltr'><strong>mox</strong></span> <span class='ocrx_word' id='word_1_265' title='bbox 1328 3624 1592 3691; x_wconf 88' lang='lat' dir='ltr'><strong>additur</strong></span> <span class='ocrx_word' id='word_1_266' title='bbox 1625 3625 1707 3692; x_wconf 91' lang='lat' dir='ltr'><strong>ad</strong></span> <span class='ocrx_word' id='word_1_267' title='bbox 1743 3627 2303 3693; x_wconf 89' lang='lat' dir='ltr'><strong>confirmationem</strong></span> <span class='ocrx_word' id='word_1_268' title='bbox 2327 3626 2527 3692; x_wconf 82' lang='lat' dir='ltr'><strong>valet.</strong></span> 
     </span>
     <span class='ocr_line' id='line_1_38' title="bbox 750 3712 2522 3796; baseline -0.001 -19"><span class='ocrx_word' id='word_1_269' title='bbox 750 3715 945 3778; x_wconf 89' lang='lat' dir='ltr'><strong>Deut.</strong></span> <span class='ocrx_word' id='word_1_270' title='bbox 992 3714 1050 3785; x_wconf 89' lang='grc'><strong>6,</strong></span> <span class='ocrx_word' id='word_1_271' title='bbox 1098 3714 1157 3778; x_wconf 91' lang='grc'><strong>6.</strong></span> <span class='ocrx_word' id='word_1_272' title='bbox 1208 3712 1421 3777; x_wconf 78' lang='lat' dir='ltr'><strong>Erunt</strong></span> <span class='ocrx_word' id='word_1_273' title='bbox 1459 3712 1644 3777; x_wconf 80' lang='lat' dir='ltr'><strong>verba</strong></span> <span class='ocrx_word' id='word_1_274' title='bbox 1688 3714 1852 3779; x_wconf 78' lang='lat' dir='ltr'><strong>haec.</strong></span> <span class='ocrx_word' id='word_1_275' title='bbox 1921 3715 2050 3779; x_wconf 91' lang='lat' dir='ltr'><strong>His</strong></span> <span class='ocrx_word' id='word_1_276' title='bbox 2073 3725 2350 3796; x_wconf 89' lang='lat' dir='ltr'><strong>quatuor</strong></span> <span class='ocrx_word' id='word_1_277' title='bbox 2372 3734 2522 3795; x_wconf 90' lang='lat' dir='ltr'><strong>pro·</strong></span> 
     </span>
     <span class='ocr_line' id='line_1_39' title="bbox 575 3798 2523 3887; baseline 0 -24"><span class='ocrx_word' id='word_1_278' title='bbox 575 3799 772 3863; x_wconf 77' lang='lat' dir='ltr'><strong>ximis</strong></span> <span class='ocrx_word' id='word_1_279' title='bbox 834 3800 1130 3864; x_wconf 88' lang='lat' dir='ltr'><strong>versibus</strong></span> <span class='ocrx_word' id='word_1_280' title='bbox 1174 3801 1589 3863; x_wconf 86' lang='lat' dir='ltr'><strong>commendat</strong></span> <span class='ocrx_word' id='word_1_281' title='bbox 1646 3821 1872 3865; x_wconf 90' lang='lat' dir='ltr'><strong>rursus</strong></span> <span class='ocrx_word' id='word_1_282' title='bbox 1917 3798 2015 3885; x_wconf 90' lang='lat' dir='ltr'><strong>(ut</strong></span> <span class='ocrx_word' id='word_1_283' title='bbox 2062 3800 2294 3887; x_wconf 91' lang='lat' dir='ltr'><strong>nuper)</strong></span> <span class='ocrx_word' id='word_1_284' title='bbox 2341 3802 2523 3865; x_wconf 89' lang='lat' dir='ltr'><strong>Deus</strong></span> 
     </span>
     <span class='ocr_line' id='line_1_40' title="bbox 575 3884 2521 3969; baseline 0.002 -21"><span class='ocrx_word' id='word_1_285' title='bbox 575 3884 740 3969; x_wconf 89' lang='lat' dir='ltr'><strong>legis</strong></span> <span class='ocrx_word' id='word_1_286' title='bbox 787 3906 944 3950; x_wconf 90' lang='lat' dir='ltr'><strong>snae</strong></span> <span class='ocrx_word' id='word_1_287' title='bbox 989 3885 1300 3950; x_wconf 87' lang='lat' dir='ltr'><strong>studium.</strong></span> <span class='ocrx_word' id='word_1_288' title='bbox 1393 3887 1490 3949; x_wconf 85' lang='lat' dir='ltr'><strong>Ac</strong></span> <span class='ocrx_word' id='word_1_289' title='bbox 1546 3885 1831 3968; x_wconf 89' lang='lat' dir='ltr'><strong>primum</strong></span> <span class='ocrx_word' id='word_1_290' title='bbox 1884 3886 2143 3967; x_wconf 88' lang='lat' dir='ltr'><strong>quidem</strong></span> <span class='ocrx_word' id='word_1_291' title='bbox 2191 3887 2334 3951; x_wconf 87' lang='lat' dir='ltr'><strong>vult</strong></span> <span class='ocrx_word' id='word_1_292' title='bbox 2378 3907 2521 3951; x_wconf 90' lang='lat' dir='ltr'><strong>eam</strong></span> 
     </span>
     <span class='ocr_line' id='line_1_41' title="bbox 576 3970 2526 4056; baseline 0.001 -20"><span class='ocrx_word' id='word_1_293' title='bbox 576 3970 883 4036; x_wconf 86' lang='lat' dir='ltr'><strong>cordibus</strong></span> <span class='ocrx_word' id='word_1_294' title='bbox 926 3971 1200 4035; x_wconf 85' lang='lat' dir='ltr'><strong>infixam</strong></span> <span class='ocrx_word' id='word_1_295' title='bbox 1257 3991 1428 4047; x_wconf 88' lang='lat' dir='ltr'><strong>esse,</strong></span> <span class='ocrx_word' id='word_1_296' title='bbox 1488 3992 1568 4034; x_wconf 92' lang='lat' dir='ltr'><strong>ne</strong></span> <span class='ocrx_word' id='word_1_297' title='bbox 1618 3971 1866 4036; x_wconf 89' lang='lat' dir='ltr'><strong>scilicet</strong></span> <span class='ocrx_word' id='word_1_298' title='bbox 1913 3993 2203 4053; x_wconf 90' lang='lat' dir='ltr'><strong>unquam</strong></span> <span class='ocrx_word' id='word_1_299' title='bbox 2250 3973 2526 4056; x_wconf 85' lang='lat' dir='ltr'><strong>obrepat</strong></span> 
     </span>
     <span class='ocr_line' id='line_1_42' title="bbox 576 4055 2523 4138; baseline 0.001 -16"><span class='ocrx_word' id='word_1_300' title='bbox 576 4057 837 4123; x_wconf 84' lang='lat' dir='ltr'><strong>oblivio.</strong></span> <span class='ocrx_word' id='word_1_301' title='bbox 928 4056 1180 4138; x_wconf 89' lang='lat' dir='ltr'><strong>Nempe</strong></span> <span class='ocrx_word' id='word_1_302' title='bbox 1238 4055 1453 4121; x_wconf 90' lang='lat' dir='ltr'><strong>cordis</strong></span> <span class='ocrx_word' id='word_1_303' title='bbox 1512 4057 1776 4120; x_wconf 91' lang='lat' dir='ltr'><strong>nomine</strong></span> <span class='ocrx_word' id='word_1_304' title='bbox 1820 4059 2203 4123; x_wconf 89' lang='lat' dir='ltr'><strong>memoriam</strong></span> <span class='ocrx_word' id='word_1_305' title='bbox 2251 4069 2316 4123; x_wconf 91' lang='lat' dir='ltr'><strong>et</strong></span> <span class='ocrx_word' id='word_1_306' title='bbox 2360 4060 2523 4124; x_wconf 88' lang='lat' dir='ltr'><strong>alias</strong></span> 
     </span>
     <span class='ocr_line' id='line_1_43' title="bbox 575 4141 2520 4226; baseline 0.001 -18"><span class='ocrx_word' id='word_1_307' title='bbox 575 4145 833 4209; x_wconf 88' lang='lat' dir='ltr'><strong>animae</strong></span> <span class='ocrx_word' id='word_1_308' title='bbox 891 4153 1109 4224; x_wconf 89' lang='lat' dir='ltr'><strong>partes</strong></span> <span class='ocrx_word' id='word_1_309' title='bbox 1169 4141 1505 4226; x_wconf 81' lang='lat' dir='ltr'><strong>designat3</strong></span> <span class='ocrx_word' id='word_1_310' title='bbox 1567 4162 1642 4208; x_wconf 89' lang='lat' dir='ltr'><strong>ac</strong></span> <span class='ocrx_word' id='word_1_311' title='bbox 1698 4145 1754 4207; x_wconf 90' lang='lat' dir='ltr'><strong>si</strong></span> <span class='ocrx_word' id='word_1_312' title='bbox 1813 4142 2094 4224; x_wconf 88' lang='lat' dir='ltr'><strong>diceret,</strong></span> <span class='ocrx_word' id='word_1_313' title='bbox 2155 4147 2320 4209; x_wconf 89' lang='lat' dir='ltr'><strong>tanti</strong></span> <span class='ocrx_word' id='word_1_314' title='bbox 2379 4166 2520 4210; x_wconf 89' lang='lat' dir='ltr'><strong>esse</strong></span> 
     </span>
     <span class='ocr_line' id='line_1_44' title="bbox 575 4227 2521 4306; baseline 0.001 -13"><span class='ocrx_word' id='word_1_315' title='bbox 575 4228 752 4295; x_wconf 92' lang='lat' dir='ltr'><strong>hunc</strong></span> <span class='ocrx_word' id='word_1_316' title='bbox 796 4227 1195 4306; x_wconf 85' lang='lat' dir='ltr'><strong>thesaurum,</strong></span> <span class='ocrx_word' id='word_1_317' title='bbox 1240 4241 1315 4292; x_wconf 88' lang='lat' dir='ltr'><strong>ut</strong></span> <span class='ocrx_word' id='word_1_318' title='bbox 1358 4229 1592 4294; x_wconf 88' lang='lat' dir='ltr'><strong>merito</strong></span> <span class='ocrx_word' id='word_1_319' title='bbox 1627 4248 1777 4293; x_wconf 89' lang='lat' dir='ltr'><strong>eum</strong></span> <span class='ocrx_word' id='word_1_320' title='bbox 1816 4231 2167 4297; x_wconf 87' lang='lat' dir='ltr'><strong>recondere</strong></span> <span class='ocrx_word' id='word_1_321' title='bbox 2203 4232 2273 4295; x_wconf 90' lang='lat' dir='ltr'><strong>in</strong></span> <span class='ocrx_word' id='word_1_322' title='bbox 2314 4230 2521 4297; x_wconf 89' lang='lat' dir='ltr'><strong>cordi-</strong></span> 
     </span>
     <span class='ocr_line' id='line_1_45' title="bbox 579 4313 2524 4401; baseline 0 -19"><span class='ocrx_word' id='word_1_323' title='bbox 579 4316 700 4382; x_wconf 90' lang='lat' dir='ltr'><strong>bus</strong></span> <span class='ocrx_word' id='word_1_324' title='bbox 735 4316 871 4379; x_wconf 90' lang='lat' dir='ltr'><strong>suis</strong></span> <span class='ocrx_word' id='word_1_325' title='bbox 908 4313 1200 4394; x_wconf 80' lang='lat' dir='ltr'><strong>debeant,</strong></span> <span class='ocrx_word' id='word_1_326' title='bbox 1238 4314 1347 4379; x_wconf 84' lang='lat' dir='ltr'><strong>vel</strong></span> <span class='ocrx_word' id='word_1_327' title='bbox 1370 4315 1634 4398; x_wconf 89' lang='lat' dir='ltr'><strong>penitus</strong></span> <span class='ocrx_word' id='word_1_328' title='bbox 1657 4313 2018 4380; x_wconf 89' lang='lat' dir='ltr'><strong>doctrinam</strong></span> <span class='ocrx_word' id='word_1_329' title='bbox 2047 4317 2214 4381; x_wconf 90' lang='lat' dir='ltr'><strong>hanc</strong></span> <span class='ocrx_word' id='word_1_330' title='bbox 2240 4317 2524 4401; x_wconf 91' lang='lat' dir='ltr'><strong>defigere</strong></span> 
     </span>
     <span class='ocr_line' id='line_1_46' title="bbox 575 4398 2525 4484; baseline 0.001 -18"><span class='ocrx_word' id='word_1_331' title='bbox 575 4402 647 4478; x_wconf 80' lang='lat' dir='ltr'><strong>jn</strong></span> <span class='ocrx_word' id='word_1_332' title='bbox 685 4401 921 4466; x_wconf 90' lang='lat' dir='ltr'><strong>animis</strong></span> <span class='ocrx_word' id='word_1_333' title='bbox 956 4401 1110 4478; x_wconf 89' lang='lat' dir='ltr'><strong>suis,</strong></span> <span class='ocrx_word' id='word_1_334' title='bbox 1147 4423 1231 4466; x_wconf 91' lang='lat' dir='ltr'><strong>ne</strong></span> <span class='ocrx_word' id='word_1_335' title='bbox 1267 4422 1564 4484; x_wconf 86' lang='lat' dir='ltr'><strong>unquam</strong></span> <span class='ocrx_word' id='word_1_336' title='bbox 1598 4398 1843 4465; x_wconf 85' lang='lat' dir='ltr'><strong>effluat.</strong></span> <span class='ocrx_word' id='word_1_337' title='bbox 1891 4401 2129 4468; x_wconf 89' lang='lat' dir='ltr'><strong>Postea</strong></span> <span class='ocrx_word' id='word_1_338' title='bbox 2161 4403 2344 4468; x_wconf 88' lang='lat' dir='ltr'><strong>iubet</strong></span> <span class='ocrx_word' id='word_1_339' title='bbox 2377 4425 2525 4469; x_wconf 92' lang='lat' dir='ltr'><strong>con-</strong></span> 
     </span>
     <span class='ocr_line' id='line_1_47' title="bbox 577 4486 2525 4572; baseline 0.001 -20"><span class='ocrx_word' id='word_1_340' title='bbox 577 4488 838 4552; x_wconf 90' lang='lat' dir='ltr'><strong>tinuum</strong></span> <span class='ocrx_word' id='word_1_341' title='bbox 877 4487 956 4549; x_wconf 92' lang='lat' dir='ltr'><strong>de</strong></span> <span class='ocrx_word' id='word_1_342' title='bbox 991 4486 1106 4550; x_wconf 88' lang='lat' dir='ltr'><strong>illa</strong></span> <span class='ocrx_word' id='word_1_343' title='bbox 1141 4488 1278 4551; x_wconf 90' lang='lat' dir='ltr'><strong>fieri</strong></span> <span class='ocrx_word' id='word_1_344' title='bbox 1317 4507 1684 4551; x_wconf 88' lang='lat' dir='ltr'><strong>sermonem</strong></span> <span class='ocrx_word' id='word_1_345' title='bbox 1737 4489 1908 4569; x_wconf 90' lang='lat' dir='ltr'><strong>apud</strong></span> <span class='ocrx_word' id='word_1_346' title='bbox 1955 4489 2142 4565; x_wconf 88' lang='lat' dir='ltr'><strong>filios,</strong></span> <span class='ocrx_word' id='word_1_347' title='bbox 2185 4498 2262 4554; x_wconf 88' lang='lat' dir='ltr'><strong>ut</strong></span> <span class='ocrx_word' id='word_1_348' title='bbox 2303 4499 2525 4572; x_wconf 89' lang='lat' dir='ltr'><strong>patres</strong></span> 
     </span>
     <span class='ocr_line' id='line_1_48' title="bbox 577 4571 2523 4641; baseline 0.001 -2"><span class='ocrx_word' id='word_1_349' title='bbox 577 4571 804 4639; x_wconf 88' lang='lat' dir='ltr'><strong>sedulo</strong></span> <span class='ocrx_word' id='word_1_350' title='bbox 862 4574 1098 4636; x_wconf 87' lang='lat' dir='ltr'><strong>attenti</strong></span> <span class='ocrx_word' id='word_1_351' title='bbox 1157 4575 1292 4637; x_wconf 88' lang='lat' dir='ltr'><strong>sint</strong></span> <span class='ocrx_word' id='word_1_352' title='bbox 1348 4584 1416 4637; x_wconf 91' lang='lat' dir='ltr'><strong>et</strong></span> <span class='ocrx_word' id='word_1_353' title='bbox 1476 4573 1861 4638; x_wconf 89' lang='lat' dir='ltr'><strong>incumbant</strong></span> <span class='ocrx_word' id='word_1_354' title='bbox 1918 4574 1999 4639; x_wconf 89' lang='lat' dir='ltr'><strong>ad</strong></span> <span class='ocrx_word' id='word_1_355' title='bbox 2063 4574 2333 4641; x_wconf 88' lang='lat' dir='ltr'><strong>docendi</strong></span> <span class='ocrx_word' id='word_1_356' title='bbox 2379 4576 2523 4640; x_wconf 88' lang='lat' dir='ltr'><strong>offi-</strong></span> 
     </span>
     <span class='ocr_line' id='line_1_49' title="bbox 578 4657 2524 4746; baseline 0.002 -22"><span class='ocrx_word' id='word_1_357' title='bbox 578 4661 770 4724; x_wconf 90' lang='lat' dir='ltr'><strong>cium.</strong></span> <span class='ocrx_word' id='word_1_358' title='bbox 862 4658 1156 4723; x_wconf 90' lang='lat' dir='ltr'><strong>Verbum</strong></span> <span class='ocrx_word' id='word_1_359' title='bbox 1222 4672 1347 4726; x_wconf 61' lang='lat' dir='ltr'><strong>nv*</strong></span> <span class='ocrx_word' id='word_1_360' title='bbox 1379 4657 1426 4746; x_wconf 86' lang='lat'><strong>¹)</strong></span> <span class='ocrx_word' id='word_1_361' title='bbox 1493 4680 1620 4741; x_wconf 91' lang='lat' dir='ltr'><strong>quo</strong></span> <span class='ocrx_word' id='word_1_362' title='bbox 1689 4660 1901 4724; x_wconf 86' lang='lat' dir='ltr'><strong>utitur</strong></span> <span class='ocrx_word' id='word_1_363' title='bbox 1956 4662 2205 4739; x_wconf 86' lang='lat' dir='ltr'><strong>Moses,</strong></span> <span class='ocrx_word' id='word_1_364' title='bbox 2263 4662 2524 4744; x_wconf 89' lang='lat' dir='ltr'><strong>proprie</strong></span> 
     </span>
     <span class='ocr_line' id='line_1_50' title="bbox 579 4745 2522 4830; baseline 0.001 -20"><span class='ocrx_word' id='word_1_365' title='bbox 579 4745 910 4829; x_wconf 88' lang='lat' dir='ltr'><strong>significat</strong></span> <span class='ocrx_word' id='word_1_366' title='bbox 966 4763 1223 4808; x_wconf 89' lang='lat' dir='ltr'><strong>acuere:</strong></span> <span class='ocrx_word' id='word_1_367' title='bbox 1292 4745 1684 4828; x_wconf 89' lang='lat' dir='ltr'><strong>interpretes</strong></span> <span class='ocrx_word' id='word_1_368' title='bbox 1738 4745 2181 4830; x_wconf 85' lang='lat' dir='ltr'><strong>metaphorice</strong></span> <span class='ocrx_word' id='word_1_369' title='bbox 2241 4749 2522 4830; x_wconf 89' lang='lat' dir='ltr'><strong>positum</strong></span> 
     </span>
     <span class='ocr_line' id='line_1_51' title="bbox 579 4830 2525 4917; baseline 0.002 -22"><span class='ocrx_word' id='word_1_370' title='bbox 579 4831 962 4896; x_wconf 88' lang='lat' dir='ltr'><strong>existimant</strong></span> <span class='ocrx_word' id='word_1_371' title='bbox 984 4851 1100 4912; x_wconf 92' lang='lat' dir='ltr'><strong>pro</strong></span> <span class='ocrx_word' id='word_1_372' title='bbox 1126 4830 1382 4907; x_wconf 89' lang='lat' dir='ltr'><strong>iterare,</strong></span> <span class='ocrx_word' id='word_1_373' title='bbox 1429 4831 1536 4896; x_wconf 87' lang='lat' dir='ltr'><strong>vel</strong></span> <span class='ocrx_word' id='word_1_374' title='bbox 1571 4831 1813 4915; x_wconf 89' lang='lat' dir='ltr'><strong>iugiter</strong></span> <span class='ocrx_word' id='word_1_375' title='bbox 1856 4853 2154 4898; x_wconf 88' lang='lat' dir='ltr'><strong>narrare:</strong></span> <span class='ocrx_word' id='word_1_376' title='bbox 2193 4834 2346 4917; x_wconf 89' lang='lat' dir='ltr'><strong>quia</strong></span> <span class='ocrx_word' id='word_1_377' title='bbox 2366 4834 2525 4899; x_wconf 91' lang='lat' dir='ltr'><strong>dum</strong></span> 
     </span>
     <span class='ocr_line' id='line_1_52' title="bbox 578 4916 2528 5003; baseline 0.002 -22"><span class='ocrx_word' id='word_1_378' title='bbox 578 4916 944 4983; x_wconf 87' lang='lat' dir='ltr'><strong>inculcatur</strong></span> <span class='ocrx_word' id='word_1_379' title='bbox 984 4916 1281 4982; x_wconf 88' lang='lat' dir='ltr'><strong>coelestis</strong></span> <span class='ocrx_word' id='word_1_380' title='bbox 1317 4916 1633 4995; x_wconf 87' lang='lat' dir='ltr'><strong>doctrina,</strong></span> <span class='ocrx_word' id='word_1_381' title='bbox 1672 4918 1788 4982; x_wconf 84' lang='lat' dir='ltr'><strong>vix</strong></span> <span class='ocrx_word' id='word_1_382' title='bbox 1834 4928 1992 4985; x_wconf 87' lang='lat' dir='ltr'><strong>tunc</strong></span> <span class='ocrx_word' id='word_1_383' title='bbox 2029 4940 2284 5001; x_wconf 89' lang='lat' dir='ltr'><strong>quoque</strong></span> <span class='ocrx_word' id='word_1_384' title='bbox 2326 4920 2528 5003; x_wconf 88' lang='lat' dir='ltr'><strong>probe</strong></span> 
     </span>
     <span class='ocr_line' id='line_1_53' title="bbox 578 5000 2526 5086; baseline 0.001 -18"><span class='ocrx_word' id='word_1_385' title='bbox 578 5002 885 5069; x_wconf 85' lang='lat' dir='ltr'><strong>cordibus</strong></span> <span class='ocrx_word' id='word_1_386' title='bbox 929 5000 1192 5067; x_wconf 89' lang='lat' dir='ltr'><strong>insidet.</strong></span> <span class='ocrx_word' id='word_1_387' title='bbox 1223 5005 1238 5014; x_wconf 84' lang='lat'><strong><em>‘</em></strong></span> <span class='ocrx_word' id='word_1_388' title='bbox 1286 5001 1542 5067; x_wconf 88' lang='lat' dir='ltr'><strong>Verum</strong></span> <span class='ocrx_word' id='word_1_389' title='bbox 1586 5004 1740 5086; x_wconf 90' lang='lat' dir='ltr'><strong>quia</strong></span> <span class='ocrx_word' id='word_1_390' title='bbox 1789 5005 1892 5069; x_wconf 93' lang='lat' dir='ltr'><strong>hic</strong></span> <span class='ocrx_word' id='word_1_391' title='bbox 1934 5006 2219 5070; x_wconf 88' lang='lat' dir='ltr'><strong>sumitur</strong></span> <span class='ocrx_word' id='word_1_392' title='bbox 2260 5007 2331 5071; x_wconf 92' lang='lat' dir='ltr'><strong>in</strong></span> <span class='ocrx_word' id='word_1_393' title='bbox 2375 5028 2526 5073; x_wconf 90' lang='lat' dir='ltr'><strong>con-</strong></span> 
     </span>
    </p>
   </div>
   <div class='ocr_carea' id='block_1_3' title="bbox 579 5142 991 5156">
    <p class='ocr_par' dir='ltr' id='par_1_3' title="bbox 579 5142 991 5156">
     <span class='ocr_line' id='line_1_54' title="bbox 579 5142 991 5156; baseline 0 994"><span class='ocrx_word' id='word_1_394' title='bbox 579 5142 991 5156; x_wconf 95' lang='lat' dir='ltr'><strong> </strong></span> 
     </span>
    </p>
   </div>
   <div class='ocr_carea' id='block_1_4' title="bbox 578 5224 2529 5434">
    <p class='ocr_par' dir='ltr' id='par_1_4' title="bbox 578 5224 2529 5434">
     <span class='ocr_line' id='line_1_55' title="bbox 720 5224 2529 5294; baseline 0.002 -15"><span class='ocrx_word' id='word_1_395' title='bbox 720 5225 778 5292; x_wconf 93' lang='lat'><strong>1)</strong></span> <span class='ocrx_word' id='word_1_396' title='bbox 816 5224 907 5280; x_wconf 76' lang='lat' dir='ltr'><strong>Sic</strong></span> <span class='ocrx_word' id='word_1_397' title='bbox 958 5224 1248 5291; x_wconf 71' lang='lat' dir='ltr'><strong>editiones,</strong></span> <span class='ocrx_word' id='word_1_398' title='bbox 1291 5225 1474 5278; x_wconf 71' lang='lat' dir='ltr'><strong>nescio</strong></span> <span class='ocrx_word' id='word_1_399' title='bbox 1510 5232 1694 5278; x_wconf 71' lang='lat' dir='ltr'><strong>utrum</strong></span> <span class='ocrx_word' id='word_1_400' title='bbox 1739 5227 1901 5294; x_wconf 76' lang='lat' dir='ltr'><strong>lapsu</strong></span> <span class='ocrx_word' id='word_1_401' title='bbox 1953 5229 2155 5282; x_wconf 80' lang='lat' dir='ltr'><strong>calami</strong></span> <span class='ocrx_word' id='word_1_402' title='bbox 2205 5230 2418 5283; x_wconf 76' lang='lat' dir='ltr'><strong>autoris</strong></span> <span class='ocrx_word' id='word_1_403' title='bbox 2454 5245 2529 5282; x_wconf 81' lang='lat' dir='ltr'><strong>an</strong></span> 
     </span>
     <span class='ocr_line' id='line_1_56' title="bbox 578 5293 2527 5366; baseline 0.002 -17"><span class='ocrx_word' id='word_1_404' title='bbox 578 5295 696 5349; x_wconf 72' lang='lat' dir='ltr'><strong>alia</strong></span> <span class='ocrx_word' id='word_1_405' title='bbox 733 5297 800 5349; x_wconf 73' lang='lat' dir='ltr'><strong>de</strong></span> <span class='ocrx_word' id='word_1_406' title='bbox 834 5311 1021 5348; x_wconf 74' lang='lat' dir='ltr'><strong>causa.</strong></span> <span class='ocrx_word' id='word_1_407' title='bbox 1078 5294 1151 5347; x_wconf 78' lang='lat' dir='ltr'><strong>In</strong></span> <span class='ocrx_word' id='word_1_408' title='bbox 1187 5294 1414 5348; x_wconf 76' lang='lat' dir='ltr'><strong>hebraeo</strong></span> <span class='ocrx_word' id='word_1_409' title='bbox 1450 5293 1610 5347; x_wconf 78' lang='lat' dir='ltr'><strong>aliud</strong></span> <span class='ocrx_word' id='word_1_410' title='bbox 1644 5301 1820 5348; x_wconf 72' lang='lat' dir='ltr'><strong>exstat</strong></span> <span class='ocrx_word' id='word_1_411' title='bbox 1859 5297 2092 5364; x_wconf 80' lang='lat' dir='ltr'><strong>verbum,</strong></span> <span class='ocrx_word' id='word_1_412' title='bbox 2131 5313 2230 5355; x_wconf 75' lang='lat' dir='ltr'><strong>nec</strong></span> <span class='ocrx_word' id='word_1_413' title='bbox 2261 5312 2387 5366; x_wconf 56' lang='lat' dir='ltr'><strong>nm:</strong></span> <span class='ocrx_word' id='word_1_414' title='bbox 2422 5315 2527 5353; x_wconf 74' lang='lat' dir='ltr'><strong>un-</strong></span> 
     </span>
     <span class='ocr_line' id='line_1_57' title="bbox 578 5364 1478 5434; baseline -0.001 -17"><span class='ocrx_word' id='word_1_415' title='bbox 578 5380 743 5434; x_wconf 70' lang='lat' dir='ltr'><strong>quam</strong></span> <span class='ocrx_word' id='word_1_416' title='bbox 777 5365 1014 5419; x_wconf 71' lang='lat' dir='ltr'><strong>acuendi</strong></span> <span class='ocrx_word' id='word_1_417' title='bbox 1045 5364 1213 5430; x_wconf 77' lang='lat' dir='ltr'><strong>refert</strong></span> <span class='ocrx_word' id='word_1_418' title='bbox 1246 5379 1478 5417; x_wconf 73' lang='lat' dir='ltr'><strong>sensum.</strong></span> 
     </span>
    </p>
   </div>
   <div class='ocr_carea' id='block_1_5' title="bbox 2027 426 3104 492">
    <p class='ocr_par' dir='ltr' id='par_1_5' title="bbox 2027 426 3104 492">
     <span class='ocr_line' id='line_1_58' title="bbox 2027 426 3104 492; baseline 0 0"><span class='ocrx_word' id='word_1_419' title='bbox 2027 426 2563 492; x_wconf 79' lang='lat' dir='ltr'>PRAEFATIO</span> <span class='ocrx_word' id='word_1_420' title='bbox 2609 426 2706 492; x_wconf 92' lang='lat' dir='ltr'><strong>IN</strong></span> <span class='ocrx_word' id='word_1_421' title='bbox 2756 426 3104 492; x_wconf 72' lang='lat' dir='ltr'><strong>LEGEM.</strong></span> 
     </span>
    </p>
   </div>
   <div class='ocr_carea' id='block_1_6' title="bbox 2557 630 2598 5413">
    <p class='ocr_par' dir='ltr' id='par_1_6' title="bbox 2557 630 2598 5413">
     <span class='ocr_line' id='line_1_59' title="bbox 2557 630 2598 5413; baseline 0 0"><span class='ocrx_word' id='word_1_422' title='bbox 2557 630 2598 5413; x_wconf 95' lang='lat' dir='ltr'><strong> </strong></span> 
     </span>
    </p>
   </div>
   <div class='ocr_carea' id='block_1_7' title="bbox 4434 423 4539 490">
    <p class='ocr_par' dir='ltr' id='par_1_7' title="bbox 4434 423 4539 490">
     <span class='ocr_line' id='line_1_60' title="bbox 4434 423 4539 490; baseline 0.038 -4"><span class='ocrx_word' id='word_1_423' title='bbox 4434 423 4539 490; x_wconf 85' lang='lat'><strong>228</strong></span> 
     </span>
    </p>
   </div>
   <div class='ocr_carea' id='block_1_8' title="bbox 2620 600 4594 5433">
    <p class='ocr_par' dir='ltr' id='par_1_8' title="bbox 2620 600 4587 5089">
     <span class='ocr_line' id='line_1_61' title="bbox 2624 600 4545 698; baseline -0.001 -19"><span class='ocrx_word' id='word_1_424' title='bbox 2624 615 2959 698; x_wconf 74' lang='lat' dir='ltr'><strong>ing-atione</strong></span> <span class='ocrx_word' id='word_1_425' title='bbox 3024 600 3198 695; x_wconf 83' lang='lat' dir='ltr'><strong>Piel,</strong></span> <span class='ocrx_word' id='word_1_426' title='bbox 3264 624 3481 697; x_wconf 82' lang='lat' dir='ltr'><strong>posset</strong></span> <span class='ocrx_word' id='word_1_427' title='bbox 3545 613 3898 678; x_wconf 86' lang='lat' dir='ltr'><strong>transitiva</strong></span> <span class='ocrx_word' id='word_1_428' title='bbox 3960 633 4103 678; x_wconf 88' lang='lat' dir='ltr'><strong>esse</strong></span> <span class='ocrx_word' id='word_1_429' title='bbox 4160 612 4545 696; x_wconf 86' lang='lat' dir='ltr'><strong>significatio,</strong></span> 
     </span>
     <span class='ocr_line' id='line_1_62' title="bbox 2624 698 4543 784; baseline -0.001 -18"><span class='ocrx_word' id='word_1_430' title='bbox 2624 722 2859 784; x_wconf 88' lang='lat' dir='ltr'><strong>nempe</strong></span> <span class='ocrx_word' id='word_1_431' title='bbox 2905 711 2977 765; x_wconf 90' lang='lat' dir='ltr'><strong>ut</strong></span> <span class='ocrx_word' id='word_1_432' title='bbox 3042 721 3187 764; x_wconf 87' lang='lat' dir='ltr'><strong>eam</strong></span> <span class='ocrx_word' id='word_1_433' title='bbox 3244 708 3593 782; x_wconf 88' lang='lat' dir='ltr'><strong>penetrare</strong></span> <span class='ocrx_word' id='word_1_434' title='bbox 3634 698 3881 765; x_wconf 84' lang='lat' dir='ltr'><strong>faciant</strong></span> <span class='ocrx_word' id='word_1_435' title='bbox 3923 699 3996 763; x_wconf 90' lang='lat' dir='ltr'><strong>in</strong></span> <span class='ocrx_word' id='word_1_436' title='bbox 4040 700 4328 776; x_wconf 89' lang='lat' dir='ltr'><strong>animos,</strong></span> <span class='ocrx_word' id='word_1_437' title='bbox 4392 721 4458 764; x_wconf 90' lang='lat' dir='ltr'><strong>ac</strong></span> <span class='ocrx_word' id='word_1_438' title='bbox 4495 703 4543 765; x_wconf 87' lang='lat' dir='ltr'><strong>si</strong></span> 
     </span>
     <span class='ocr_line' id='line_1_63' title="bbox 2624 785 4542 870; baseline -0.001 -18"><span class='ocrx_word' id='word_1_439' title='bbox 2624 808 2733 852; x_wconf 92' lang='lat' dir='ltr'><strong>eos</strong></span> <span class='ocrx_word' id='word_1_440' title='bbox 2793 796 3160 870; x_wconf 89' lang='lat' dir='ltr'><strong>pungerent</strong></span> <span class='ocrx_word' id='word_1_441' title='bbox 3213 786 3517 850; x_wconf 83' lang='lat' dir='ltr'><strong>acumine</strong></span> <span class='ocrx_word' id='word_1_442' title='bbox 3574 785 3794 868; x_wconf 84' lang='lat' dir='ltr'><strong>gladii.</strong></span> <span class='ocrx_word' id='word_1_443' title='bbox 3902 785 4129 868; x_wconf 88' lang='lat' dir='ltr'><strong>Neque</strong></span> <span class='ocrx_word' id='word_1_444' title='bbox 4187 785 4358 850; x_wconf 91' lang='lat' dir='ltr'><strong>enim</strong></span> <span class='ocrx_word' id='word_1_445' title='bbox 4412 808 4542 851; x_wconf 90' lang='lat' dir='ltr'><strong>con·</strong></span> 
     </span>
     <span class='ocr_line' id='line_1_64' title="bbox 2623 871 4545 953; baseline 0 -16"><span class='ocrx_word' id='word_1_446' title='bbox 2623 884 2939 938; x_wconf 85' lang='lat' dir='ltr'><strong>sentanea</strong></span> <span class='ocrx_word' id='word_1_447' title='bbox 3005 871 3268 936; x_wconf 89' lang='lat' dir='ltr'><strong>videtur</strong></span> <span class='ocrx_word' id='word_1_448' title='bbox 3333 872 3447 935; x_wconf 84' lang='lat' dir='ltr'><strong>illa</strong></span> <span class='ocrx_word' id='word_1_449' title='bbox 3494 871 3855 936; x_wconf 80' lang='lat' dir='ltr'><strong>translatiO.</strong></span> <span class='ocrx_word' id='word_1_450' title='bbox 3955 871 4053 936; x_wconf 93' lang='lat' dir='ltr'><strong>Ne</strong></span> <span class='ocrx_word' id='word_1_451' title='bbox 4100 892 4291 953; x_wconf 89' lang='lat' dir='ltr'><strong>quem</strong></span> <span class='ocrx_word' id='word_1_452' title='bbox 4347 880 4545 937; x_wconf 88' lang='lat' dir='ltr'><strong>tamen</strong></span> 
     </span>
     <span class='ocr_line' id='line_1_65' title="bbox 2624 957 4545 1041; baseline -0.001 -17"><span class='ocrx_word' id='word_1_453' title='bbox 2624 958 2986 1024; x_wconf 87' lang='lat' dir='ltr'><strong>offenderet</strong></span> <span class='ocrx_word' id='word_1_454' title='bbox 3054 960 3325 1036; x_wconf 87' lang='lat' dir='ltr'><strong>novitas,</strong></span> <span class='ocrx_word' id='word_1_455' title='bbox 3396 957 3561 1022; x_wconf 90' lang='lat' dir='ltr'><strong>mihi</strong></span> <span class='ocrx_word' id='word_1_456' title='bbox 3627 959 3784 1023; x_wconf 90' lang='lat' dir='ltr'><strong>satis</strong></span> <span class='ocrx_word' id='word_1_457' title='bbox 3850 957 3973 1023; x_wconf 84' lang='lat' dir='ltr'><strong>fuit</strong></span> <span class='ocrx_word' id='word_1_458' title='bbox 4037 957 4190 1041; x_wconf 92' lang='lat' dir='ltr'><strong>quid</strong></span> <span class='ocrx_word' id='word_1_459' title='bbox 4258 957 4545 1023; x_wconf 88' lang='lat' dir='ltr'><strong>sentirem</strong></span> 
     </span>
     <span class='ocr_line' id='line_1_66' title="bbox 2625 1043 4547 1127; baseline -0.001 -18"><span class='ocrx_word' id='word_1_460' title='bbox 2625 1066 2971 1127; x_wconf 77' lang='lat' dir='ltr'><strong>exponere.</strong></span> <span class='ocrx_word' id='word_1_461' title='bbox 3030 1043 3287 1108; x_wconf 88' lang='lat' dir='ltr'><strong>Deinde</strong></span> <span class='ocrx_word' id='word_1_462' title='bbox 3331 1054 3407 1109; x_wconf 92' lang='lat' dir='ltr'><strong>ut</strong></span> <span class='ocrx_word' id='word_1_463' title='bbox 3450 1044 3671 1126; x_wconf 92' lang='lat' dir='ltr'><strong>populi</strong></span> <span class='ocrx_word' id='word_1_464' title='bbox 3718 1043 4064 1126; x_wconf 84' lang='lat' dir='ltr'><strong>segnitiem</strong></span> <span class='ocrx_word' id='word_1_465' title='bbox 4112 1045 4368 1119; x_wconf 86' lang='lat' dir='ltr'><strong>excitet,</strong></span> <span class='ocrx_word' id='word_1_466' title='bbox 4414 1044 4547 1108; x_wconf 89' lang='lat' dir='ltr'><strong>hor-</strong></span> 
     </span>
     <span class='ocr_line' id='line_1_67' title="bbox 2625 1128 4549 1213; baseline 0.001 -19"><span class='ocrx_word' id='word_1_467' title='bbox 2625 1141 2805 1196; x_wconf 81' lang='lat' dir='ltr'><strong>tatur</strong></span> <span class='ocrx_word' id='word_1_468' title='bbox 2850 1143 2924 1195; x_wconf 90' lang='lat' dir='ltr'><strong>ut</strong></span> <span class='ocrx_word' id='word_1_469' title='bbox 2967 1153 3035 1197; x_wconf 92' lang='lat' dir='ltr'><strong>se</strong></span> <span class='ocrx_word' id='word_1_470' title='bbox 3080 1129 3341 1213; x_wconf 89' lang='lat' dir='ltr'><strong>publice</strong></span> <span class='ocrx_word' id='word_1_471' title='bbox 3387 1138 3455 1195; x_wconf 92' lang='lat' dir='ltr'><strong>et</strong></span> <span class='ocrx_word' id='word_1_472' title='bbox 3490 1130 3799 1212; x_wconf 86' lang='lat' dir='ltr'><strong>privatim</strong></span> <span class='ocrx_word' id='word_1_473' title='bbox 3838 1131 3905 1194; x_wconf 94' lang='lat' dir='ltr'><strong>in</strong></span> <span class='ocrx_word' id='word_1_474' title='bbox 3957 1131 4101 1195; x_wconf 90' lang='lat' dir='ltr'><strong>eius</strong></span> <span class='ocrx_word' id='word_1_475' title='bbox 4150 1128 4549 1195; x_wconf 89' lang='lat' dir='ltr'><strong>meditatione</strong></span> 
     </span>
     <span class='ocr_line' id='line_1_68' title="bbox 2623 1215 4552 1300; baseline -0.002 -17"><span class='ocrx_word' id='word_1_476' title='bbox 2623 1228 2945 1283; x_wconf 82' lang='lat' dir='ltr'><strong>exerceat.</strong></span> <span class='ocrx_word' id='word_1_477' title='bbox 3027 1217 3175 1282; x_wconf 87' lang='lat' dir='ltr'><strong>Etsi</strong></span> <span class='ocrx_word' id='word_1_478' title='bbox 3221 1226 3442 1281; x_wconf 87' lang='lat' dir='ltr'><strong>autem</strong></span> <span class='ocrx_word' id='word_1_479' title='bbox 3488 1215 3750 1281; x_wconf 84' lang='lat' dir='ltr'><strong>videtur</strong></span> <span class='ocrx_word' id='word_1_480' title='bbox 3806 1216 4221 1300; x_wconf 85' lang='lat' dir='ltr'><strong>hyperbolice</strong></span> <span class='ocrx_word' id='word_1_481' title='bbox 4268 1216 4463 1297; x_wconf 89' lang='lat' dir='ltr'><strong>loqui,</strong></span> <span class='ocrx_word' id='word_1_482' title='bbox 4502 1218 4552 1282; x_wconf 90' lang='lat' dir='ltr'><strong>si</strong></span> 
     </span>
     <span class='ocr_line' id='line_1_69' title="bbox 2624 1301 4551 1386; baseline 0.001 -19"><span class='ocrx_word' id='word_1_483' title='bbox 2624 1305 2770 1386; x_wconf 89' lang='lat' dir='ltr'><strong>quis</strong></span> <span class='ocrx_word' id='word_1_484' title='bbox 2817 1314 3039 1367; x_wconf 90' lang='lat' dir='ltr'><strong>tamen</strong></span> <span class='ocrx_word' id='word_1_485' title='bbox 3084 1303 3439 1386; x_wconf 83' lang='lat' dir='ltr'><strong>prudenter</strong></span> <span class='ocrx_word' id='word_1_486' title='bbox 3484 1301 3811 1385; x_wconf 84' lang='lat' dir='ltr'><strong>expendat</strong></span> <span class='ocrx_word' id='word_1_487' title='bbox 3852 1325 4045 1386; x_wconf 87' lang='lat' dir='ltr'><strong>quam</strong></span> <span class='ocrx_word' id='word_1_488' title='bbox 4100 1302 4268 1367; x_wconf 92' lang='lat' dir='ltr'><strong>tardi</strong></span> <span class='ocrx_word' id='word_1_489' title='bbox 4317 1303 4447 1366; x_wconf 88' lang='lat' dir='ltr'><strong>sint</strong></span> <span class='ocrx_word' id='word_1_490' title='bbox 4487 1324 4551 1368; x_wconf 89' lang='lat' dir='ltr'><strong>ac</strong></span> 
     </span>
     <span class='ocr_line' id='line_1_70' title="bbox 2622 1387 4553 1472; baseline -0.001 -19"><span class='ocrx_word' id='word_1_491' title='bbox 2622 1390 2849 1472; x_wconf 85' lang='lat' dir='ltr'><strong>frigidi</strong></span> <span class='ocrx_word' id='word_1_492' title='bbox 2898 1389 3196 1453; x_wconf 89' lang='lat' dir='ltr'><strong>homines</strong></span> <span class='ocrx_word' id='word_1_493' title='bbox 3240 1388 3318 1453; x_wconf 87' lang='lat' dir='ltr'><strong>ad</strong></span> <span class='ocrx_word' id='word_1_494' title='bbox 3367 1387 3772 1466; x_wconf 88' lang='lat' dir='ltr'><strong>discendum,</strong></span> <span class='ocrx_word' id='word_1_495' title='bbox 3818 1402 3882 1452; x_wconf 92' lang='lat' dir='ltr'><strong>et</strong></span> <span class='ocrx_word' id='word_1_496' title='bbox 3920 1389 4031 1454; x_wconf 90' lang='lat' dir='ltr'><strong>ubi</strong></span> <span class='ocrx_word' id='word_1_497' title='bbox 4058 1389 4178 1452; x_wconf 88' lang='lat' dir='ltr'><strong>visi</strong></span> <span class='ocrx_word' id='word_1_498' title='bbox 4213 1398 4370 1452; x_wconf 89' lang='lat' dir='ltr'><strong>sunt</strong></span> <span class='ocrx_word' id='word_1_499' title='bbox 4405 1410 4553 1452; x_wconf 92' lang='lat' dir='ltr'><strong>non·</strong></span> 
     </span>
     <span class='ocr_line' id='line_1_71' title="bbox 2624 1475 4555 1559; baseline -0.002 -19"><span class='ocrx_word' id='word_1_500' title='bbox 2624 1476 2791 1540; x_wconf 89' lang='lat' dir='ltr'><strong>nihil</strong></span> <span class='ocrx_word' id='word_1_501' title='bbox 2838 1475 3208 1559; x_wconf 84' lang='lat' dir='ltr'><strong>profecisse,</strong></span> <span class='ocrx_word' id='word_1_502' title='bbox 3250 1494 3443 1556; x_wconf 90' lang='lat' dir='ltr'><strong>quam</strong></span> <span class='ocrx_word' id='word_1_503' title='bbox 3491 1476 3623 1538; x_wconf 90' lang='lat' dir='ltr'><strong>sint</strong></span> <span class='ocrx_word' id='word_1_504' title='bbox 3669 1475 3987 1552; x_wconf 84' lang='lat' dir='ltr'><strong>obliviosi,</strong></span> <span class='ocrx_word' id='word_1_505' title='bbox 4032 1475 4219 1541; x_wconf 80' lang='lat' dir='ltr'><strong>facile</strong></span> <span class='ocrx_word' id='word_1_506' title='bbox 4263 1484 4555 1557; x_wconf 84' lang='lat' dir='ltr'><strong>agnoscet</strong></span> 
     </span>
     <span class='ocr_line' id='line_1_72' title="bbox 2625 1560 4557 1626; baseline -0.001 -1"><span class='ocrx_word' id='word_1_507' title='bbox 2625 1562 2853 1626; x_wconf 86' lang='lat' dir='ltr'><strong>Mosen</strong></span> <span class='ocrx_word' id='word_1_508' title='bbox 2899 1583 3034 1626; x_wconf 93' lang='lat' dir='ltr'><strong>non</strong></span> <span class='ocrx_word' id='word_1_509' title='bbox 3071 1561 3185 1625; x_wconf 88' lang='lat' dir='ltr'><strong>abs</strong></span> <span class='ocrx_word' id='word_1_510' title='bbox 3223 1582 3294 1624; x_wconf 89' lang='lat' dir='ltr'><strong>re</strong></span> <span class='ocrx_word' id='word_1_511' title='bbox 3331 1570 3464 1625; x_wconf 89' lang='lat' dir='ltr'><strong>tam</strong></span> <span class='ocrx_word' id='word_1_512' title='bbox 3512 1561 3749 1626; x_wconf 88' lang='lat' dir='ltr'><strong>acriter</strong></span> <span class='ocrx_word' id='word_1_513' title='bbox 3782 1562 4119 1626; x_wconf 87' lang='lat' dir='ltr'><strong>insistere:</strong></span> <span class='ocrx_word' id='word_1_514' title='bbox 4165 1560 4279 1626; x_wconf 90' lang='lat' dir='ltr'><strong>sed</strong></span> <span class='ocrx_word' id='word_1_515' title='bbox 4317 1582 4557 1625; x_wconf 86' lang='lat' dir='ltr'><strong>summa</strong></span> 
     </span>
     <span class='ocr_line' id='line_1_73' title="bbox 2623 1645 4554 1728; baseline -0.001 -17"><span class='ocrx_word' id='word_1_516' title='bbox 2623 1650 3009 1713; x_wconf 87' lang='lat' dir='ltr'><strong>necessitate</strong></span> <span class='ocrx_word' id='word_1_517' title='bbox 3052 1648 3253 1712; x_wconf 86' lang='lat' dir='ltr'><strong>fuisse</strong></span> <span class='ocrx_word' id='word_1_518' title='bbox 3298 1645 3598 1712; x_wconf 87' lang='lat' dir='ltr'><strong>adactum</strong></span> <span class='ocrx_word' id='word_1_519' title='bbox 3648 1658 3721 1711; x_wconf 90' lang='lat' dir='ltr'><strong>ut</strong></span> <span class='ocrx_word' id='word_1_520' title='bbox 3765 1656 3896 1711; x_wconf 86' lang='lat' dir='ltr'><strong>tam</strong></span> <span class='ocrx_word' id='word_1_521' title='bbox 3943 1647 4194 1728; x_wconf 85' lang='lat' dir='ltr'><strong>rigidus</strong></span> <span class='ocrx_word' id='word_1_522' title='bbox 4238 1657 4411 1711; x_wconf 89' lang='lat' dir='ltr'><strong>esset</strong></span> <span class='ocrx_word' id='word_1_523' title='bbox 4452 1668 4554 1709; x_wconf 78' lang='lat' dir='ltr'><strong>cx·</strong></span> 
     </span>
     <span class='ocr_line' id='line_1_74' title="bbox 2624 1732 4556 1816; baseline -0.001 -19"><span class='ocrx_word' id='word_1_524' title='bbox 2624 1748 2818 1801; x_wconf 89' lang='lat' dir='ltr'><strong>actor.</strong></span> <span class='ocrx_word' id='word_1_525' title='bbox 2889 1733 3037 1798; x_wconf 88' lang='lat' dir='ltr'><strong>Hac</strong></span> <span class='ocrx_word' id='word_1_526' title='bbox 3072 1734 3324 1798; x_wconf 89' lang='lat' dir='ltr'><strong>ratione</strong></span> <span class='ocrx_word' id='word_1_527' title='bbox 3360 1733 3677 1816; x_wconf 86' lang='lat' dir='ltr'><strong>propheta</strong></span> <span class='ocrx_word' id='word_1_528' title='bbox 3703 1734 3967 1798; x_wconf 90' lang='lat' dir='ltr'><strong>Psalmo</strong></span> <span class='ocrx_word' id='word_1_529' title='bbox 4007 1734 4063 1810; x_wconf 89' lang='lat'><strong>1,</strong></span> <span class='ocrx_word' id='word_1_530' title='bbox 4102 1734 4142 1797; x_wconf 84' lang='lat'><strong><em>2</em></strong></span> <span class='ocrx_word' id='word_1_531' title='bbox 4178 1732 4396 1797; x_wconf 86' lang='lat' dir='ltr'><strong>felices</strong></span> <span class='ocrx_word' id='word_1_532' title='bbox 4429 1754 4556 1796; x_wconf 79' lang='lat' dir='ltr'><strong>csse</strong></span> 
     </span>
     <span class='ocr_line' id='line_1_75' title="bbox 2625 1819 4556 1902; baseline 0 -19"><span class='ocrx_word' id='word_1_533' title='bbox 2625 1820 2956 1902; x_wconf 83' lang='lat' dir='ltr'><strong>praedicat</strong></span> <span class='ocrx_word' id='word_1_534' title='bbox 2999 1820 3110 1901; x_wconf 91' lang='lat' dir='ltr'><strong>qui</strong></span> <span class='ocrx_word' id='word_1_535' title='bbox 3169 1819 3236 1883; x_wconf 93' lang='lat' dir='ltr'><strong>in</strong></span> <span class='ocrx_word' id='word_1_536' title='bbox 3284 1819 3429 1902; x_wconf 92' lang='lat' dir='ltr'><strong>lege</strong></span> <span class='ocrx_word' id='word_1_537' title='bbox 3472 1820 3599 1884; x_wconf 90' lang='lat' dir='ltr'><strong>Dei</strong></span> <span class='ocrx_word' id='word_1_538' title='bbox 3644 1819 4045 1885; x_wconf 89' lang='lat' dir='ltr'><strong>meditantur</strong></span> <span class='ocrx_word' id='word_1_539' title='bbox 4091 1819 4194 1884; x_wconf 90' lang='lat' dir='ltr'><strong>die</strong></span> <span class='ocrx_word' id='word_1_540' title='bbox 4239 1841 4315 1884; x_wconf 90' lang='lat' dir='ltr'><strong>ac</strong></span> <span class='ocrx_word' id='word_1_541' title='bbox 4368 1832 4556 1883; x_wconf 79' lang='lat' dir='ltr'><strong>nocte.</strong></span> 
     </span>
     <span class='ocr_line' id='line_1_76' title="bbox 2624 1905 4557 1991; baseline -0.001 -20"><span class='ocrx_word' id='word_1_542' title='bbox 2624 1906 2895 1971; x_wconf 91' lang='lat' dir='ltr'><strong>Nullum</strong></span> <span class='ocrx_word' id='word_1_543' title='bbox 2944 1925 3101 1991; x_wconf 89' lang='lat' dir='ltr'><strong>ergo</strong></span> <span class='ocrx_word' id='word_1_544' title='bbox 3147 1914 3407 1987; x_wconf 90' lang='lat' dir='ltr'><strong>tempus</strong></span> <span class='ocrx_word' id='word_1_545' title='bbox 3453 1926 3729 1971; x_wconf 89' lang='lat' dir='ltr'><strong>vacuum</strong></span> <span class='ocrx_word' id='word_1_546' title='bbox 3777 1905 4085 1988; x_wconf 90' lang='lat' dir='ltr'><strong>relinquit</strong></span> <span class='ocrx_word' id='word_1_547' title='bbox 4133 1927 4172 1970; x_wconf 89' lang='lat' dir='ltr'><strong>a</strong></span> <span class='ocrx_word' id='word_1_548' title='bbox 4229 1905 4393 1988; x_wconf 80' lang='lat' dir='ltr'><strong>legis</strong></span> <span class='ocrx_word' id='word_1_549' title='bbox 4437 1926 4557 1969; x_wconf 86' lang='lat' dir='ltr'><strong>me-</strong></span> 
     </span>
     <span class='ocr_line' id='line_1_77' title="bbox 2625 1989 4560 2076; baseline -0.001 -19"><span class='ocrx_word' id='word_1_550' title='bbox 2625 1993 2970 2071; x_wconf 85' lang='lat' dir='ltr'><strong>ditatione,</strong></span> <span class='ocrx_word' id='word_1_551' title='bbox 3027 1992 3165 2056; x_wconf 86' lang='lat' dir='ltr'><strong>sive</strong></span> <span class='ocrx_word' id='word_1_552' title='bbox 3210 1992 3342 2055; x_wconf 89' lang='lat' dir='ltr'><strong>sint</strong></span> <span class='ocrx_word' id='word_1_553' title='bbox 3388 1989 3589 2070; x_wconf 91' lang='lat' dir='ltr'><strong>domi,</strong></span> <span class='ocrx_word' id='word_1_554' title='bbox 3651 1993 3791 2056; x_wconf 87' lang='lat' dir='ltr'><strong>sive</strong></span> <span class='ocrx_word' id='word_1_555' title='bbox 3837 1994 4378 2076; x_wconf 87' lang='lat' dir='ltr'><strong>peregrinentur,</strong></span> <span class='ocrx_word' id='word_1_556' title='bbox 4433 1992 4560 2057; x_wconf 88' lang='lat' dir='ltr'><strong>sive</strong></span> 
     </span>
     <span class='ocr_line' id='line_1_78' title="bbox 2623 2078 4552 2162; baseline -0.001 -20"><span class='ocrx_word' id='word_1_557' title='bbox 2623 2079 2778 2142; x_wconf 90' lang='lat' dir='ltr'><strong>dum</strong></span> <span class='ocrx_word' id='word_1_558' title='bbox 2825 2078 3117 2145; x_wconf 88' lang='lat' dir='ltr'><strong>cubitum</strong></span> <span class='ocrx_word' id='word_1_559' title='bbox 3166 2090 3343 2154; x_wconf 91' lang='lat' dir='ltr'><strong>eunt,</strong></span> <span class='ocrx_word' id='word_1_560' title='bbox 3409 2078 3513 2142; x_wconf 86' lang='lat' dir='ltr'><strong>vel</strong></span> <span class='ocrx_word' id='word_1_561' title='bbox 3558 2098 3751 2142; x_wconf 90' lang='lat' dir='ltr'><strong>mane</strong></span> <span class='ocrx_word' id='word_1_562' title='bbox 3785 2089 4068 2162; x_wconf 83' lang='lat' dir='ltr'><strong>surgunt</strong></span> <span class='ocrx_word' id='word_1_563' title='bbox 4111 2101 4147 2143; x_wconf 91' lang='lat' dir='ltr'><strong>e</strong></span> <span class='ocrx_word' id='word_1_564' title='bbox 4184 2079 4374 2144; x_wconf 92' lang='lat' dir='ltr'><strong>lecto.</strong></span> <span class='ocrx_word' id='word_1_565' title='bbox 4445 2083 4552 2140; x_wconf 85' lang='lat' dir='ltr'><strong>At-</strong></span> 
     </span>
     <span class='ocr_line' id='line_1_79' title="bbox 2622 2162 4557 2247; baseline -0.001 -18"><span class='ocrx_word' id='word_1_566' title='bbox 2622 2186 2747 2245; x_wconf 87' lang='lat' dir='ltr'><strong>que</strong></span> <span class='ocrx_word' id='word_1_567' title='bbox 2792 2164 2874 2229; x_wconf 89' lang='lat' dir='ltr'><strong>ad</strong></span> <span class='ocrx_word' id='word_1_568' title='bbox 2921 2165 3044 2229; x_wconf 91' lang='lat' dir='ltr'><strong>hoc</strong></span> <span class='ocrx_word' id='word_1_569' title='bbox 3091 2172 3505 2246; x_wconf 90' lang='lat' dir='ltr'><strong>praeceptum</strong></span> <span class='ocrx_word' id='word_1_570' title='bbox 3576 2162 3839 2228; x_wconf 84' lang='lat' dir='ltr'><strong>videtur</strong></span> <span class='ocrx_word' id='word_1_571' title='bbox 3904 2165 4194 2229; x_wconf 82' lang='lat' dir='ltr'><strong>alludere</strong></span> <span class='ocrx_word' id='word_1_572' title='bbox 4243 2164 4557 2247; x_wconf 89' lang='lat' dir='ltr'><strong>propbeta</strong></span> 
     </span>
     <span class='ocr_line' id='line_1_80' title="bbox 2623 2248 4553 2331; baseline -0.002 -16"><span class='ocrx_word' id='word_1_573' title='bbox 2623 2251 2887 2315; x_wconf 90' lang='lat' dir='ltr'><strong>Psalmo</strong></span> <span class='ocrx_word' id='word_1_574' title='bbox 2937 2250 3080 2325; x_wconf 87' lang='lat'><strong>119,</strong></span> <span class='ocrx_word' id='word_1_575' title='bbox 3126 2250 3211 2315; x_wconf 90' lang='grc'><strong>62</strong></span> <span class='ocrx_word' id='word_1_576' title='bbox 3255 2250 3365 2314; x_wconf 91' lang='lat' dir='ltr'><strong>ubi</strong></span> <span class='ocrx_word' id='word_1_577' title='bbox 3412 2248 3596 2314; x_wconf 88' lang='lat' dir='ltr'><strong>dicit:</strong></span> <span class='ocrx_word' id='word_1_578' title='bbox 3669 2251 3892 2315; x_wconf 86' lang='lat' dir='ltr'><strong>Media</strong></span> <span class='ocrx_word' id='word_1_579' title='bbox 3937 2264 4125 2317; x_wconf 90' lang='lat' dir='ltr'><strong>nocte</strong></span> <span class='ocrx_word' id='word_1_580' title='bbox 4169 2271 4435 2331; x_wconf 89' lang='lat' dir='ltr'><strong>surgam</strong></span> <span class='ocrx_word' id='word_1_581' title='bbox 4481 2249 4553 2312; x_wconf 89' lang='lat' dir='ltr'><strong>ad</strong></span> 
     </span>
     <span class='ocr_line' id='line_1_81' title="bbox 2621 2334 4558 2425; baseline -0.001 -23"><span class='ocrx_word' id='word_1_582' title='bbox 2621 2336 3061 2403; x_wconf 90' lang='lat' dir='ltr'><strong>confitendum</strong></span> <span class='ocrx_word' id='word_1_583' title='bbox 3112 2336 3232 2399; x_wconf 89' lang='lat' dir='ltr'><strong>tibi</strong></span> <span class='ocrx_word' id='word_1_584' title='bbox 3275 2357 3474 2417; x_wconf 90' lang='lat' dir='ltr'><strong>super</strong></span> <span class='ocrx_word' id='word_1_585' title='bbox 3517 2335 3773 2400; x_wconf 88' lang='lat' dir='ltr'><strong>iudiciis</strong></span> <span class='ocrx_word' id='word_1_586' title='bbox 3819 2338 3968 2402; x_wconf 88' lang='lat' dir='ltr'><strong>tuis.</strong></span> <span class='ocrx_word' id='word_1_587' title='bbox 4036 2337 4224 2410; x_wconf 89' lang='lat' dir='ltr'><strong>Item,</strong></span> <span class='ocrx_word' id='word_1_588' title='bbox 4273 2336 4366 2425; x_wconf 81' lang='lat' dir='ltr'><strong>(v,</strong></span> <span class='ocrx_word' id='word_1_589' title='bbox 4417 2334 4558 2420; x_wconf 88' lang='grc'>148)</span> 
     </span>
     <span class='ocr_line' id='line_1_82' title="bbox 2622 2421 4560 2506; baseline 0 -20"><span class='ocrx_word' id='word_1_590' title='bbox 2622 2432 3111 2505; x_wconf 87' lang='lat' dir='ltr'><strong>praevenerunt</strong></span> <span class='ocrx_word' id='word_1_591' title='bbox 3133 2421 3303 2487; x_wconf 88' lang='lat' dir='ltr'><strong>oculi</strong></span> <span class='ocrx_word' id='word_1_592' title='bbox 3327 2422 3457 2485; x_wconf 89' lang='lat' dir='ltr'><strong>mei</strong></span> <span class='ocrx_word' id='word_1_593' title='bbox 3482 2421 3762 2504; x_wconf 86' lang='lat' dir='ltr'><strong>vigilias,</strong></span> <span class='ocrx_word' id='word_1_594' title='bbox 3786 2434 3863 2487; x_wconf 89' lang='lat' dir='ltr'><strong>ut</strong></span> <span class='ocrx_word' id='word_1_595' title='bbox 3885 2425 4187 2506; x_wconf 89' lang='lat' dir='ltr'><strong>loquerer</strong></span> <span class='ocrx_word' id='word_1_596' title='bbox 4211 2424 4293 2488; x_wconf 91' lang='lat' dir='ltr'><strong>de</strong></span> <span class='ocrx_word' id='word_1_597' title='bbox 4317 2443 4560 2488; x_wconf 89' lang='lat' dir='ltr'><strong>sermo·</strong></span> 
     </span>
     <span class='ocr_line' id='line_1_83' title="bbox 2620 2508 4559 2592; baseline -0.001 -20"><span class='ocrx_word' id='word_1_598' title='bbox 2620 2508 2818 2573; x_wconf 92' lang='lat' dir='ltr'><strong>nibus</strong></span> <span class='ocrx_word' id='word_1_599' title='bbox 2863 2508 3011 2573; x_wconf 90' lang='lat' dir='ltr'><strong>tuis.</strong></span> <span class='ocrx_word' id='word_1_600' title='bbox 3097 2508 3323 2590; x_wconf 90' lang='lat' dir='ltr'><strong>Neque</strong></span> <span class='ocrx_word' id='word_1_601' title='bbox 3369 2509 3542 2573; x_wconf 89' lang='lat' dir='ltr'><strong>enim</strong></span> <span class='ocrx_word' id='word_1_602' title='bbox 3592 2509 3893 2592; x_wconf 88' lang='lat' dir='ltr'><strong>loquendi</strong></span> <span class='ocrx_word' id='word_1_603' title='bbox 3942 2511 4139 2575; x_wconf 84' lang='lat' dir='ltr'><strong>verbo</strong></span> <span class='ocrx_word' id='word_1_604' title='bbox 4182 2508 4264 2574; x_wconf 90' lang='lat' dir='ltr'><strong>ad</strong></span> <span class='ocrx_word' id='word_1_605' title='bbox 4331 2529 4559 2574; x_wconf 85' lang='lat' dir='ltr'><strong>vanam</strong></span> 
     </span>
     <span class='ocr_line' id='line_1_84' title="bbox 2622 2594 4562 2679; baseline 0 -22"><span class='ocrx_word' id='word_1_606' title='bbox 2622 2594 3106 2677; x_wconf 88' lang='lat' dir='ltr'><strong>loquacitatem,</strong></span> <span class='ocrx_word' id='word_1_607' title='bbox 3169 2595 3247 2658; x_wconf 88' lang='lat' dir='ltr'><strong>ad</strong></span> <span class='ocrx_word' id='word_1_608' title='bbox 3310 2615 3502 2675; x_wconf 87' lang='lat' dir='ltr'><strong>quam</strong></span> <span class='ocrx_word' id='word_1_609' title='bbox 3551 2594 3699 2677; x_wconf 89' lang='lat' dir='ltr'><strong>plus</strong></span> <span class='ocrx_word' id='word_1_610' title='bbox 3743 2616 3950 2678; x_wconf 89' lang='lat' dir='ltr'><strong>aequo</strong></span> <span class='ocrx_word' id='word_1_611' title='bbox 4007 2596 4196 2661; x_wconf 89' lang='lat' dir='ltr'><strong>multi</strong></span> <span class='ocrx_word' id='word_1_612' title='bbox 4241 2595 4562 2679; x_wconf 78' lang='lat' dir='ltr'><strong>proclives</strong></span> 
     </span>
     <span class='ocr_line' id='line_1_85' title="bbox 2622 2679 4564 2763; baseline -0.001 -18"><span class='ocrx_word' id='word_1_613' title='bbox 2622 2693 2793 2760; x_wconf 90' lang='lat' dir='ltr'><strong>sunt,</strong></span> <span class='ocrx_word' id='word_1_614' title='bbox 2852 2679 3164 2763; x_wconf 90' lang='lat' dir='ltr'><strong>populum</strong></span> <span class='ocrx_word' id='word_1_615' title='bbox 3226 2679 3612 2744; x_wconf 85' lang='lat' dir='ltr'><strong>exstimulat</strong></span> <span class='ocrx_word' id='word_1_616' title='bbox 3651 2682 3899 2746; x_wconf 88' lang='lat' dir='ltr'><strong>Moses:</strong></span> <span class='ocrx_word' id='word_1_617' title='bbox 3963 2682 4077 2747; x_wconf 92' lang='lat' dir='ltr'><strong>sed</strong></span> <span class='ocrx_word' id='word_1_618' title='bbox 4135 2696 4206 2747; x_wconf 86' lang='lat' dir='ltr'><strong>ut</strong></span> <span class='ocrx_word' id='word_1_619' title='bbox 4268 2703 4342 2746; x_wconf 88' lang='lat' dir='ltr'><strong>se</strong></span> <span class='ocrx_word' id='word_1_620' title='bbox 4398 2682 4564 2762; x_wconf 82' lang='lat' dir='ltr'><strong>ipsos</strong></span> 
     </span>
     <span class='ocr_line' id='line_1_86' title="bbox 2623 2766 4561 2849; baseline -0.002 -18"><span class='ocrx_word' id='word_1_621' title='bbox 2623 2767 2865 2849; x_wconf 88' lang='lat' dir='ltr'><strong>singuli</strong></span> <span class='ocrx_word' id='word_1_622' title='bbox 2912 2768 3334 2844; x_wconf 88' lang='lat' dir='ltr'><strong>confirment,</strong></span> <span class='ocrx_word' id='word_1_623' title='bbox 3394 2779 3459 2830; x_wconf 87' lang='lat' dir='ltr'><strong>et</strong></span> <span class='ocrx_word' id='word_1_624' title='bbox 3516 2766 3624 2830; x_wconf 88' lang='lat' dir='ltr'><strong>alii</strong></span> <span class='ocrx_word' id='word_1_625' title='bbox 3670 2769 3815 2832; x_wconf 90' lang='lat' dir='ltr'><strong>aliis</strong></span> <span class='ocrx_word' id='word_1_626' title='bbox 3858 2768 3994 2833; x_wconf 89' lang='lat' dir='ltr'><strong>sint</strong></span> <span class='ocrx_word' id='word_1_627' title='bbox 4037 2768 4358 2833; x_wconf 90' lang='lat' dir='ltr'><strong>doctores.</strong></span> <span class='ocrx_word' id='word_1_628' title='bbox 4452 2767 4561 2830; x_wconf 85' lang='lat' dir='ltr'><strong>Di·</strong></span> 
     </span>
     <span class='ocr_line' id='line_1_87' title="bbox 2624 2853 4566 2937; baseline -0.001 -21"><span class='ocrx_word' id='word_1_629' title='bbox 2624 2874 2855 2937; x_wconf 31' lang='lat' dir='ltr'><strong>versas·</strong></span> <span class='ocrx_word' id='word_1_630' title='bbox 2891 2863 3111 2917; x_wconf 88' lang='lat' dir='ltr'><strong>autem</strong></span> <span class='ocrx_word' id='word_1_631' title='bbox 3157 2853 3446 2917; x_wconf 88' lang='lat' dir='ltr'><strong>actiones</strong></span> <span class='ocrx_word' id='word_1_632' title='bbox 3490 2863 3858 2932; x_wconf 88' lang='lat' dir='ltr'><strong>enumerat,</strong></span> <span class='ocrx_word' id='word_1_633' title='bbox 3923 2877 4006 2919; x_wconf 89' lang='lat' dir='ltr'><strong>ne</strong></span> <span class='ocrx_word' id='word_1_634' title='bbox 4068 2855 4227 2920; x_wconf 87' lang='lat' dir='ltr'><strong>haec</strong></span> <span class='ocrx_word' id='word_1_635' title='bbox 4286 2854 4566 2917; x_wconf 86' lang='lat' dir='ltr'><strong>varietas</strong></span> 
     </span>
     <span class='ocr_line' id='line_1_88' title="bbox 2623 2937 4567 3023; baseline 0 -21"><span class='ocrx_word' id='word_1_636' title='bbox 2623 2961 2752 3022; x_wconf 89' lang='lat' dir='ltr'><strong>qua</strong></span> <span class='ocrx_word' id='word_1_637' title='bbox 2796 2937 3082 3003; x_wconf 81' lang='lat' dir='ltr'><strong>distrahi.</strong></span> <span class='ocrx_word' id='word_1_638' title='bbox 3116 2938 3332 3004; x_wconf 90' lang='lat' dir='ltr'><strong>solent</strong></span> <span class='ocrx_word' id='word_1_639' title='bbox 3375 2939 3657 3022; x_wconf 87' lang='lat' dir='ltr'><strong>ingenia,</strong></span> <span class='ocrx_word' id='word_1_640' title='bbox 3722 2960 3761 3004; x_wconf 88' lang='lat' dir='ltr'><strong>a</strong></span> <span class='ocrx_word' id='word_1_641' title='bbox 3805 2954 3980 3005; x_wconf 84' lang='lat' dir='ltr'><strong>recto</strong></span> <span class='ocrx_word' id='word_1_642' title='bbox 4024 2962 4219 3006; x_wconf 88' lang='lat' dir='ltr'><strong>cursu</strong></span> <span class='ocrx_word' id='word_1_643' title='bbox 4264 2941 4417 3023; x_wconf 88' lang='lat' dir='ltr'><strong>pios</strong></span> <span class='ocrx_word' id='word_1_644' title='bbox 4462 2938 4567 3003; x_wconf 89' lang='lat' dir='ltr'><strong>ab·</strong></span> 
     </span>
     <span class='ocr_line' id='line_1_89' title="bbox 2623 3024 4567 3111; baseline -0.001 -22"><span class='ocrx_word' id='word_1_645' title='bbox 2623 3025 2847 3090; x_wconf 91' lang='lat' dir='ltr'><strong>ducat:</strong></span> <span class='ocrx_word' id='word_1_646' title='bbox 2906 3045 2980 3091; x_wconf 90' lang='lat' dir='ltr'><strong>ac</strong></span> <span class='ocrx_word' id='word_1_647' title='bbox 3037 3025 3093 3091; x_wconf 91' lang='lat' dir='ltr'><strong>si</strong></span> <span class='ocrx_word' id='word_1_648' title='bbox 3151 3024 3435 3104; x_wconf 86' lang='lat' dir='ltr'><strong>iuberet,</strong></span> <span class='ocrx_word' id='word_1_649' title='bbox 3491 3025 3806 3110; x_wconf 89' lang='lat' dir='ltr'><strong>quidquid</strong></span> <span class='ocrx_word' id='word_1_650' title='bbox 3853 3028 4268 3111; x_wconf 87' lang='lat' dir='ltr'><strong>negotiorum</strong></span> <span class='ocrx_word' id='word_1_651' title='bbox 4314 3034 4567 3110; x_wconf 83' lang='lat' dir='ltr'><strong>gerant,</strong></span> 
     </span>
     <span class='ocr_line' id='line_1_90' title="bbox 2620 3112 4568 3198; baseline -0.001 -22"><span class='ocrx_word' id='word_1_652' title='bbox 2620 3112 2688 3176; x_wconf 89' lang='lat' dir='ltr'><strong>in</strong></span> <span class='ocrx_word' id='word_1_653' title='bbox 2738 3112 2911 3177; x_wconf 89' lang='lat' dir='ltr'><strong>bunc</strong></span> <span class='ocrx_word' id='word_1_654' title='bbox 2955 3133 3163 3175; x_wconf 90' lang='lat' dir='ltr'><strong>unum</strong></span> <span class='ocrx_word' id='word_1_655' title='bbox 3209 3132 3474 3193; x_wconf 88' lang='lat' dir='ltr'><strong>scopum</strong></span> <span class='ocrx_word' id='word_1_656' title='bbox 3520 3115 3865 3198; x_wconf 89' lang='lat' dir='ltr'><strong>praecipue</strong></span> <span class='ocrx_word' id='word_1_657' title='bbox 3908 3113 4271 3179; x_wconf 89' lang='lat' dir='ltr'><strong>intendere.</strong></span> <span class='ocrx_word' id='word_1_658' title='bbox 4319 3112 4568 3177; x_wconf 88' lang='lat' dir='ltr'><strong>Eadem</strong></span> 
     </span>
     <span class='ocr_line' id='line_1_91' title="bbox 2623 3198 4572 3284; baseline 0.001 -23"><span class='ocrx_word' id='word_1_659' title='bbox 2623 3200 2875 3262; x_wconf 90' lang='lat' dir='ltr'><strong>ratione</strong></span> <span class='ocrx_word' id='word_1_660' title='bbox 2920 3199 3103 3262; x_wconf 93' lang='lat' dir='ltr'><strong>iubet</strong></span> <span class='ocrx_word' id='word_1_661' title='bbox 3148 3198 3502 3263; x_wconf 86' lang='lat' dir='ltr'><strong>brachialia</strong></span> <span class='ocrx_word' id='word_1_662' title='bbox 3546 3221 3628 3263; x_wconf 85' lang='lat' dir='ltr'><strong>ex</strong></span> <span class='ocrx_word' id='word_1_663' title='bbox 3673 3199 3836 3284; x_wconf 88' lang='lat' dir='ltr'><strong>legis</strong></span> <span class='ocrx_word' id='word_1_664' title='bbox 3881 3201 4246 3283; x_wconf 87' lang='lat' dir='ltr'><strong>praeceptis</strong></span> <span class='ocrx_word' id='word_1_665' title='bbox 4293 3211 4364 3263; x_wconf 90' lang='lat' dir='ltr'><strong>et</strong></span> <span class='ocrx_word' id='word_1_666' title='bbox 4409 3200 4572 3263; x_wconf 82' lang='lat' dir='ltr'><strong>fron-</strong></span> 
     </span>
     <span class='ocr_line' id='line_1_92' title="bbox 2625 3284 4570 3369; baseline 0.001 -23"><span class='ocrx_word' id='word_1_667' title='bbox 2625 3284 2781 3348; x_wconf 84' lang='lat' dir='ltr'><strong>talia</strong></span> <span class='ocrx_word' id='word_1_668' title='bbox 2824 3285 3082 3350; x_wconf 90' lang='lat' dir='ltr'><strong>confici:</strong></span> <span class='ocrx_word' id='word_1_669' title='bbox 3132 3284 3307 3348; x_wconf 90' lang='lat' dir='ltr'><strong>haud</strong></span> <span class='ocrx_word' id='word_1_670' title='bbox 3354 3284 3549 3350; x_wconf 88' lang='lat' dir='ltr'><strong>dubie</strong></span> <span class='ocrx_word' id='word_1_671' title='bbox 3595 3298 3898 3351; x_wconf 87' lang='lat' dir='ltr'><strong>ornatum</strong></span> <span class='ocrx_word' id='word_1_672' title='bbox 3947 3287 4123 3350; x_wconf 91' lang='lat' dir='ltr'><strong>hunc</strong></span> <span class='ocrx_word' id='word_1_673' title='bbox 4157 3285 4570 3369; x_wconf 86' lang='lat' dir='ltr'><strong>spiritualem</strong></span> 
     </span>
     <span class='ocr_line' id='line_1_93' title="bbox 2624 3369 4571 3453; baseline -0.001 -19"><span class='ocrx_word' id='word_1_674' title='bbox 2624 3370 2844 3435; x_wconf 88' lang='lat' dir='ltr'><strong>aureis</strong></span> <span class='ocrx_word' id='word_1_675' title='bbox 2902 3369 3256 3435; x_wconf 91' lang='lat' dir='ltr'><strong>monilibus</strong></span> <span class='ocrx_word' id='word_1_676' title='bbox 3311 3390 3676 3452; x_wconf 91' lang='lat' dir='ltr'><strong>opponens:</strong></span> <span class='ocrx_word' id='word_1_677' title='bbox 3741 3394 3814 3438; x_wconf 90' lang='lat' dir='ltr'><strong>ac</strong></span> <span class='ocrx_word' id='word_1_678' title='bbox 3873 3375 3929 3439; x_wconf 89' lang='lat' dir='ltr'><strong>si</strong></span> <span class='ocrx_word' id='word_1_679' title='bbox 3986 3373 4261 3448; x_wconf 88' lang='lat' dir='ltr'><strong>diceret,</strong></span> <span class='ocrx_word' id='word_1_680' title='bbox 4324 3394 4413 3436; x_wconf 83' lang='lat' dir='ltr'><strong>ex</strong></span> <span class='ocrx_word' id='word_1_681' title='bbox 4468 3371 4571 3453; x_wconf 91' lang='lat' dir='ltr'><strong>pia</strong></span> 
     </span>
     <span class='ocr_line' id='line_1_94' title="bbox 2624 3455 4574 3541; baseline 0.002 -23"><span class='ocrx_word' id='word_1_682' title='bbox 2624 3455 2786 3538; x_wconf 79' lang='lat' dir='ltr'><strong>legis</strong></span> <span class='ocrx_word' id='word_1_683' title='bbox 2851 3457 3298 3521; x_wconf 89' lang='lat' dir='ltr'><strong>recordatione</strong></span> <span class='ocrx_word' id='word_1_684' title='bbox 3375 3459 3618 3522; x_wconf 90' lang='lat' dir='ltr'><strong>rectius</strong></span> <span class='ocrx_word' id='word_1_685' title='bbox 3692 3457 4184 3524; x_wconf 80' lang='lat' dir='ltr'><strong>oblectationem</strong></span> <span class='ocrx_word' id='word_1_686' title='bbox 4268 3469 4574 3541; x_wconf 86' lang='lat' dir='ltr'><strong>capturos</strong></span> 
     </span>
     <span class='ocr_line' id='line_1_95' title="bbox 2624 3544 4573 3627; baseline 0.001 -22"><span class='ocrx_word' id='word_1_687' title='bbox 2624 3564 2818 3623; x_wconf 87' lang='lat' dir='ltr'><strong>quam</strong></span> <span class='ocrx_word' id='word_1_688' title='bbox 2867 3565 2948 3605; x_wconf 88' lang='lat' dir='ltr'><strong>ex</strong></span> <span class='ocrx_word' id='word_1_689' title='bbox 2997 3564 3379 3626; x_wconf 87' lang='lat' dir='ltr'><strong>pomparum</strong></span> <span class='ocrx_word' id='word_1_690' title='bbox 3420 3544 3647 3626; x_wconf 91' lang='lat' dir='ltr'><strong>nugis,</strong></span> <span class='ocrx_word' id='word_1_691' title='bbox 3710 3565 3876 3627; x_wconf 86' lang='lat' dir='ltr'><strong>quae</strong></span> <span class='ocrx_word' id='word_1_692' title='bbox 3930 3544 4272 3608; x_wconf 88' lang='lat' dir='ltr'><strong>hominum</strong></span> <span class='ocrx_word' id='word_1_693' title='bbox 4344 3563 4573 3607; x_wconf 84' lang='lat' dir='ltr'><strong>sensus</strong></span> 
     </span>
     <span class='ocr_line' id='line_1_96' title="bbox 2624 3628 4571 3713; baseline -0.002 -21"><span class='ocrx_word' id='word_1_694' title='bbox 2624 3628 2703 3692; x_wconf 90' lang='lat' dir='ltr'><strong>ad</strong></span> <span class='ocrx_word' id='word_1_695' title='bbox 2751 3648 2822 3693; x_wconf 90' lang='lat' dir='ltr'><strong>se</strong></span> <span class='ocrx_word' id='word_1_696' title='bbox 2865 3629 3145 3710; x_wconf 90' lang='lat' dir='ltr'><strong>rapiunt.</strong></span> <span class='ocrx_word' id='word_1_697' title='bbox 3236 3629 3385 3695; x_wconf 89' lang='lat' dir='ltr'><strong>Hoc</strong></span> <span class='ocrx_word' id='word_1_698' title='bbox 3427 3628 3582 3693; x_wconf 91' lang='lat' dir='ltr'><strong>dum</strong></span> <span class='ocrx_word' id='word_1_699' title='bbox 3630 3650 3844 3697; x_wconf 89' lang='lat' dir='ltr'><strong>crasse</strong></span> <span class='ocrx_word' id='word_1_700' title='bbox 3888 3631 4276 3713; x_wconf 90' lang='lat' dir='ltr'><strong>intelligunt</strong></span> <span class='ocrx_word' id='word_1_701' title='bbox 4322 3629 4571 3700; x_wconf 82' lang='lat' dir='ltr'><strong>Iudaei,</strong></span> 
     </span>
     <span class='ocr_line' id='line_1_97' title="bbox 2621 3714 4572 3797; baseline -0.001 -19"><span class='ocrx_word' id='word_1_702' title='bbox 2621 3714 3095 3779; x_wconf 79' lang='lat' dir='ltr'><strong>sanctimoniae</strong></span> <span class='ocrx_word' id='word_1_703' title='bbox 3161 3726 3409 3797; x_wconf 90' lang='lat' dir='ltr'><strong>partem</strong></span> <span class='ocrx_word' id='word_1_704' title='bbox 3477 3715 3547 3778; x_wconf 92' lang='lat' dir='ltr'><strong>in</strong></span> <span class='ocrx_word' id='word_1_705' title='bbox 3610 3727 3888 3781; x_wconf 89' lang='lat' dir='ltr'><strong>externa</strong></span> <span class='ocrx_word' id='word_1_706' title='bbox 3954 3717 4066 3780; x_wconf 88' lang='lat' dir='ltr'><strong>illa</strong></span> <span class='ocrx_word' id='word_1_707' title='bbox 4131 3717 4572 3779; x_wconf 87' lang='lat' dir='ltr'><strong>ostentatione</strong></span> 
     </span>
     <span class='ocr_line' id='line_1_98' title="bbox 2622 3798 4573 3885; baseline 0 -22"><span class='ocrx_word' id='word_1_708' title='bbox 2622 3798 2940 3875; x_wconf 89' lang='lat' dir='ltr'><strong>locarunt,</strong></span> <span class='ocrx_word' id='word_1_709' title='bbox 2988 3812 3063 3864; x_wconf 89' lang='lat' dir='ltr'><strong>ut</strong></span> <span class='ocrx_word' id='word_1_710' title='bbox 3106 3813 3414 3883; x_wconf 87' lang='lat' dir='ltr'><strong>putarent</strong></span> <span class='ocrx_word' id='word_1_711' title='bbox 3455 3823 3526 3866; x_wconf 90' lang='lat' dir='ltr'><strong>se</strong></span> <span class='ocrx_word' id='word_1_712' title='bbox 3573 3802 3704 3868; x_wconf 84' lang='lat' dir='ltr'><strong>fere</strong></span> <span class='ocrx_word' id='word_1_713' title='bbox 3746 3802 4082 3869; x_wconf 80' lang='lat' dir='ltr'><strong>defunctos</strong></span> <span class='ocrx_word' id='word_1_714' title='bbox 4125 3802 4183 3868; x_wconf 91' lang='lat' dir='ltr'><strong>si</strong></span> <span class='ocrx_word' id='word_1_715' title='bbox 4230 3803 4453 3885; x_wconf 89' lang='lat' dir='ltr'><strong>legem</strong></span> <span class='ocrx_word' id='word_1_716' title='bbox 4508 3800 4573 3863; x_wconf 90' lang='lat' dir='ltr'><strong>in</strong></span> 
     </span>
     <span class='ocr_line' id='line_1_99' title="bbox 2623 3885 4574 3971; baseline -0.001 -22"><span class='ocrx_word' id='word_1_717' title='bbox 2623 3885 2950 3950; x_wconf 84' lang='lat' dir='ltr'><strong>frontibus</strong></span> <span class='ocrx_word' id='word_1_718' title='bbox 3017 3899 3084 3949; x_wconf 89' lang='lat' dir='ltr'><strong>et</strong></span> <span class='ocrx_word' id='word_1_719' title='bbox 3154 3886 3431 3953; x_wconf 88' lang='lat' dir='ltr'><strong>brachiis</strong></span> <span class='ocrx_word' id='word_1_720' title='bbox 3502 3899 3859 3971; x_wconf 85' lang='lat' dir='ltr'><strong>gestarent.</strong></span> <span class='ocrx_word' id='word_1_721' title='bbox 3981 3888 4244 3954; x_wconf 90' lang='lat' dir='ltr'><strong>Deinde</strong></span> <span class='ocrx_word' id='word_1_722' title='bbox 4313 3887 4574 3971; x_wconf 90' lang='lat' dir='ltr'><strong>longius</strong></span> 
     </span>
     <span class='ocr_line' id='line_1_100' title="bbox 2624 3972 4574 4058; baseline 0 -22"><span class='ocrx_word' id='word_1_723' title='bbox 2624 3972 2823 4036; x_wconf 87' lang='lat' dir='ltr'><strong>etiam</strong></span> <span class='ocrx_word' id='word_1_724' title='bbox 2869 3993 3213 4055; x_wconf 78' lang='lat' dir='ltr'><strong>progressa</strong></span> <span class='ocrx_word' id='word_1_725' title='bbox 3258 3986 3358 4037; x_wconf 86' lang='lat' dir='ltr'><strong>est</strong></span> <span class='ocrx_word' id='word_1_726' title='bbox 3399 3974 3748 4050; x_wconf 84' lang='lat' dir='ltr'><strong>cacozelia,</strong></span> <span class='ocrx_word' id='word_1_727' title='bbox 3810 3984 3883 4039; x_wconf 91' lang='lat' dir='ltr'><strong>ut</strong></span> <span class='ocrx_word' id='word_1_728' title='bbox 3926 3996 4051 4058; x_wconf 91' lang='lat' dir='ltr'><strong>quo</strong></span> <span class='ocrx_word' id='word_1_729' title='bbox 4096 3976 4384 4058; x_wconf 90' lang='lat' dir='ltr'><strong>quisque</strong></span> <span class='ocrx_word' id='word_1_730' title='bbox 4428 3994 4574 4037; x_wconf 89' lang='lat' dir='ltr'><strong>cen-</strong></span> 
     </span>
     <span class='ocr_line' id='line_1_101' title="bbox 2626 4058 4576 4143; baseline -0.002 -20"><span class='ocrx_word' id='word_1_731' title='bbox 2626 4060 2753 4123; x_wconf 88' lang='lat' dir='ltr'><strong>seri</strong></span> <span class='ocrx_word' id='word_1_732' title='bbox 2800 4058 3060 4122; x_wconf 83' lang='lat' dir='ltr'><strong>volebat</strong></span> <span class='ocrx_word' id='word_1_733' title='bbox 3118 4059 3263 4124; x_wconf 86' lang='lat' dir='ltr'><strong>aliis</strong></span> <span class='ocrx_word' id='word_1_734' title='bbox 3320 4062 3772 4143; x_wconf 89' lang='lat' dir='ltr'><strong>praestantior,</strong></span> <span class='ocrx_word' id='word_1_735' title='bbox 3833 4062 4032 4127; x_wconf 88' lang='lat' dir='ltr'><strong>latius</strong></span> <span class='ocrx_word' id='word_1_736' title='bbox 4090 4060 4406 4125; x_wconf 89' lang='lat' dir='ltr'><strong>dilataret</strong></span> <span class='ocrx_word' id='word_1_737' title='bbox 4463 4078 4576 4122; x_wconf 88' lang='lat' dir='ltr'><strong>sua</strong></span> 
     </span>
     <span class='ocr_line' id='line_1_102' title="bbox 2624 4143 4575 4228; baseline 0 -21"><span class='ocrx_word' id='word_1_738' title='bbox 2624 4144 3052 4228; x_wconf 82' lang='lat' dir='ltr'><strong>phylacteria.</strong></span> <span class='ocrx_word' id='word_1_739' title='bbox 3146 4143 3257 4210; x_wconf 84' lang='lat' dir='ltr'><strong>Sic</strong></span> <span class='ocrx_word' id='word_1_740' title='bbox 3312 4147 3484 4210; x_wconf 91' lang='lat' dir='ltr'><strong>enim</strong></span> <span class='ocrx_word' id='word_1_741' title='bbox 3544 4147 3835 4213; x_wconf 88' lang='lat' dir='ltr'><strong>fimbrias</strong></span> <span class='ocrx_word' id='word_1_742' title='bbox 3895 4147 4179 4212; x_wconf 83' lang='lat' dir='ltr'><strong>vestium</strong></span> <span class='ocrx_word' id='word_1_743' title='bbox 4229 4146 4575 4220; x_wconf 83' lang='lat' dir='ltr'><strong>vocabant,</strong></span> 
     </span>
     <span class='ocr_line' id='line_1_103' title="bbox 2625 4231 4577 4314; baseline -0.001 -19"><span class='ocrx_word' id='word_1_744' title='bbox 2625 4233 2693 4295; x_wconf 93' lang='lat' dir='ltr'><strong>in</strong></span> <span class='ocrx_word' id='word_1_745' title='bbox 2739 4231 2974 4313; x_wconf 91' lang='lat' dir='ltr'><strong>quibus</strong></span> <span class='ocrx_word' id='word_1_746' title='bbox 3018 4231 3415 4313; x_wconf 89' lang='lat' dir='ltr'><strong>perscriptae</strong></span> <span class='ocrx_word' id='word_1_747' title='bbox 3461 4245 3645 4297; x_wconf 88' lang='lat' dir='ltr'><strong>erant</strong></span> <span class='ocrx_word' id='word_1_748' title='bbox 3688 4233 4054 4298; x_wconf 87' lang='lat' dir='ltr'><strong>sententiae</strong></span> <span class='ocrx_word' id='word_1_749' title='bbox 4084 4233 4353 4314; x_wconf 87' lang='lat' dir='ltr'><strong>aliquae</strong></span> <span class='ocrx_word' id='word_1_750' title='bbox 4399 4232 4577 4314; x_wconf 88' lang='lat' dir='ltr'><strong>legis,</strong></span> 
     </span>
     <span class='ocr_line' id='line_1_104' title="bbox 2624 4316 4574 4399; baseline 0 -18"><span class='ocrx_word' id='word_1_751' title='bbox 2624 4319 2807 4399; x_wconf 89' lang='lat' dir='ltr'><strong>quasi</strong></span> <span class='ocrx_word' id='word_1_752' title='bbox 2852 4316 3201 4382; x_wconf 89' lang='lat' dir='ltr'><strong>custodias.</strong></span> <span class='ocrx_word' id='word_1_753' title='bbox 3292 4318 3487 4398; x_wconf 78' lang='lat' dir='ltr'><strong>Quod</strong></span> <span class='ocrx_word' id='word_1_754' title='bbox 3534 4319 3762 4382; x_wconf 83' lang='lat' dir='ltr'><strong>vitium</strong></span> <span class='ocrx_word' id='word_1_755' title='bbox 3811 4318 4117 4384; x_wconf 85' lang='lat' dir='ltr'><strong>Christus</strong></span> <span class='ocrx_word' id='word_1_756' title='bbox 4161 4339 4402 4385; x_wconf 82' lang='lat' dir='ltr'><strong>severe</strong></span> <span class='ocrx_word' id='word_1_757' title='bbox 4466 4338 4574 4381; x_wconf 85' lang='lat' dir='ltr'><strong>ex-</strong></span> 
     </span>
     <span class='ocr_line' id='line_1_105' title="bbox 2627 4401 4577 4491; baseline -0.001 -24"><span class='ocrx_word' id='word_1_758' title='bbox 2627 4403 2833 4487; x_wconf 85' lang='lat' dir='ltr'><strong>agitat</strong></span> <span class='ocrx_word' id='word_1_759' title='bbox 2876 4406 2943 4466; x_wconf 93' lang='lat' dir='ltr'><strong>in</strong></span> <span class='ocrx_word' id='word_1_760' title='bbox 2990 4401 3219 4468; x_wconf 88' lang='lat' dir='ltr'><strong>scribis</strong></span> <span class='ocrx_word' id='word_1_761' title='bbox 3273 4413 3339 4469; x_wconf 85' lang='lat' dir='ltr'><strong>et</strong></span> <span class='ocrx_word' id='word_1_762' title='bbox 3382 4404 3756 4470; x_wconf 87' lang='lat' dir='ltr'><strong>Pharisaeis</strong></span> <span class='ocrx_word' id='word_1_763' title='bbox 3813 4403 4079 4491; x_wconf 87' lang='lat' dir='ltr'><strong>(Matth.</strong></span> <span class='ocrx_word' id='word_1_764' title='bbox 4121 4404 4226 4484; x_wconf 87' lang='grc'><strong>23,</strong></span> <span class='ocrx_word' id='word_1_765' title='bbox 4270 4404 4372 4491; x_wconf 84' lang='lat'><strong>5):</strong></span> <span class='ocrx_word' id='word_1_766' title='bbox 4432 4403 4577 4487; x_wconf 85' lang='lat' dir='ltr'><strong>quia</strong></span> 
     </span>
     <span class='ocr_line' id='line_1_106' title="bbox 2627 4487 4576 4567; baseline 0.001 -14"><span class='ocrx_word' id='word_1_767' title='bbox 2627 4510 2880 4553; x_wconf 88' lang='lat' dir='ltr'><strong>merum</strong></span> <span class='ocrx_word' id='word_1_768' title='bbox 2927 4501 3069 4553; x_wconf 88' lang='lat' dir='ltr'><strong>erat</strong></span> <span class='ocrx_word' id='word_1_769' title='bbox 3110 4487 3466 4554; x_wconf 90' lang='lat' dir='ltr'><strong>ludibrium</strong></span> <span class='ocrx_word' id='word_1_770' title='bbox 3508 4491 3704 4555; x_wconf 91' lang='lat' dir='ltr'><strong>huius</strong></span> <span class='ocrx_word' id='word_1_771' title='bbox 3748 4491 4251 4567; x_wconf 88' lang='lat' dir='ltr'><strong>admonitionis,</strong></span> <span class='ocrx_word' id='word_1_772' title='bbox 4315 4500 4387 4557; x_wconf 90' lang='lat' dir='ltr'><strong>et</strong></span> <span class='ocrx_word' id='word_1_773' title='bbox 4432 4491 4576 4554; x_wconf 91' lang='lat' dir='ltr'><strong>doc-</strong></span> 
     </span>
     <span class='ocr_line' id='line_1_107' title="bbox 2626 4575 4579 4659; baseline -0.002 -19"><span class='ocrx_word' id='word_1_774' title='bbox 2626 4576 2838 4640; x_wconf 87' lang='lat' dir='ltr'><strong>trinae</strong></span> <span class='ocrx_word' id='word_1_775' title='bbox 2883 4575 3265 4657; x_wconf 87' lang='lat' dir='ltr'><strong>profanatio.</strong></span> <span class='ocrx_word' id='word_1_776' title='bbox 3356 4578 3446 4641; x_wconf 86' lang='lat' dir='ltr'><strong>Et</strong></span> <span class='ocrx_word' id='word_1_777' title='bbox 3487 4599 3569 4641; x_wconf 82' lang='lat' dir='ltr'><strong>ex</strong></span> <span class='ocrx_word' id='word_1_778' title='bbox 3614 4577 3754 4642; x_wconf 93' lang='lat' dir='ltr'><strong>loco</strong></span> <span class='ocrx_word' id='word_1_779' title='bbox 3802 4578 4013 4642; x_wconf 83' lang='lat' dir='ltr'><strong>Exodi</strong></span> <span class='ocrx_word' id='word_1_780' title='bbox 4056 4598 4250 4659; x_wconf 89' lang='lat' dir='ltr'><strong>quem</strong></span> <span class='ocrx_word' id='word_1_781' title='bbox 4313 4575 4579 4646; x_wconf 88' lang='lat' dir='ltr'><strong>subieci,</strong></span> 
     </span>
     <span class='ocr_line' id='line_1_108' title="bbox 2629 4660 4581 4746; baseline -0.003 -18"><span class='ocrx_word' id='word_1_782' title='bbox 2629 4662 2787 4728; x_wconf 90' lang='lat' dir='ltr'><strong>satis</strong></span> <span class='ocrx_word' id='word_1_783' title='bbox 2832 4671 3015 4744; x_wconf 89' lang='lat' dir='ltr'><strong>patet</strong></span> <span class='ocrx_word' id='word_1_784' title='bbox 3056 4660 3184 4726; x_wconf 89' lang='lat' dir='ltr'><strong>Dei</strong></span> <span class='ocrx_word' id='word_1_785' title='bbox 3228 4662 3591 4740; x_wconf 87' lang='lat' dir='ltr'><strong>consilium,</strong></span> <span class='ocrx_word' id='word_1_786' title='bbox 3652 4661 3762 4728; x_wconf 91' lang='lat' dir='ltr'><strong>ubi</strong></span> <span class='ocrx_word' id='word_1_787' title='bbox 3807 4663 4193 4746; x_wconf 88' lang='lat' dir='ltr'><strong>simpliciter</strong></span> <span class='ocrx_word' id='word_1_788' title='bbox 4234 4661 4581 4728; x_wconf 87' lang='lat' dir='ltr'><strong>attendere</strong></span> 
     </span>
     <span class='ocr_line' id='line_1_109' title="bbox 2629 4747 4580 4831; baseline 0 -20"><span class='ocrx_word' id='word_1_789' title='bbox 2629 4748 2939 4812; x_wconf 89' lang='lat' dir='ltr'><strong>iubentur</strong></span> <span class='ocrx_word' id='word_1_790' title='bbox 2994 4747 3074 4811; x_wconf 87' lang='lat' dir='ltr'><strong>ad</strong></span> <span class='ocrx_word' id='word_1_791' title='bbox 3133 4747 3297 4831; x_wconf 85' lang='lat' dir='ltr'><strong>legis</strong></span> <span class='ocrx_word' id='word_1_792' title='bbox 3341 4747 3885 4814; x_wconf 87' lang='lat' dir='ltr'><strong>observationem.</strong></span> <span class='ocrx_word' id='word_1_793' title='bbox 3976 4749 4316 4815; x_wconf 79' lang='lat' dir='ltr'><strong>Sedulitas</strong></span> <span class='ocrx_word' id='word_1_794' title='bbox 4364 4760 4580 4813; x_wconf 90' lang='lat' dir='ltr'><strong>autem</strong></span> 
     </span>
     <span class='ocr_line' id='line_1_110' title="bbox 2630 4833 4584 4916; baseline -0.002 -18"><span class='ocrx_word' id='word_1_795' title='bbox 2630 4834 2864 4899; x_wconf 89' lang='lat' dir='ltr'><strong>merito</strong></span> <span class='ocrx_word' id='word_1_796' title='bbox 2927 4833 3305 4916; x_wconf 89' lang='lat' dir='ltr'><strong>requiritur,</strong></span> <span class='ocrx_word' id='word_1_797' title='bbox 3369 4856 3502 4900; x_wconf 93' lang='lat' dir='ltr'><strong>non</strong></span> <span class='ocrx_word' id='word_1_798' title='bbox 3563 4844 3816 4898; x_wconf 87' lang='lat' dir='ltr'><strong>tantum</strong></span> <span class='ocrx_word' id='word_1_799' title='bbox 3887 4843 3961 4899; x_wconf 88' lang='lat' dir='ltr'><strong>ut</strong></span> <span class='ocrx_word' id='word_1_800' title='bbox 4023 4834 4095 4898; x_wconf 91' lang='lat' dir='ltr'><strong>in</strong></span> <span class='ocrx_word' id='word_1_801' title='bbox 4157 4857 4228 4899; x_wconf 91' lang='lat' dir='ltr'><strong>re</strong></span> <span class='ocrx_word' id='word_1_802' title='bbox 4290 4833 4584 4900; x_wconf 81' lang='lat' dir='ltr'><strong>maxime</strong></span> 
     </span>
     <span class='ocr_line' id='line_1_111' title="bbox 2629 4919 4587 5004; baseline -0.003 -18"><span class='ocrx_word' id='word_1_803' title='bbox 2629 4919 2821 4999; x_wconf 84' lang='lat' dir='ltr'><strong>seria,</strong></span> <span class='ocrx_word' id='word_1_804' title='bbox 2866 4920 2979 4984; x_wconf 90' lang='lat' dir='ltr'><strong>sed</strong></span> <span class='ocrx_word' id='word_1_805' title='bbox 3025 4919 3180 5001; x_wconf 87' lang='lat' dir='ltr'><strong>quia</strong></span> <span class='ocrx_word' id='word_1_806' title='bbox 3222 4941 3341 5002; x_wconf 90' lang='lat' dir='ltr'><strong>pro</strong></span> <span class='ocrx_word' id='word_1_807' title='bbox 3378 4931 3604 4986; x_wconf 89' lang='lat' dir='ltr'><strong>nostra</strong></span> <span class='ocrx_word' id='word_1_808' title='bbox 3646 4920 3939 4985; x_wconf 81' lang='lat' dir='ltr'><strong>vanitate</strong></span> <span class='ocrx_word' id='word_1_809' title='bbox 3983 4920 4272 5004; x_wconf 82' lang='lat' dir='ltr'><strong>proclive</strong></span> <span class='ocrx_word' id='word_1_810' title='bbox 4321 4928 4430 4986; x_wconf 83' lang='lat' dir='ltr'><strong>est.</strong></span> <span class='ocrx_word' id='word_1_811' title='bbox 4464 4920 4587 4984; x_wconf 91' lang='lat' dir='ltr'><strong>alio</strong></span> 
     </span>
     <span class='ocr_line' id='line_1_112' title="bbox 2632 5005 4046 5089; baseline 0 -18"><span class='ocrx_word' id='word_1_812' title='bbox 2632 5005 2863 5082; x_wconf 90' lang='lat' dir='ltr'><strong>delabi,</strong></span> <span class='ocrx_word' id='word_1_813' title='bbox 2909 5006 3033 5069; x_wconf 87' lang='lat' dir='ltr'><strong>nisi</strong></span> <span class='ocrx_word' id='word_1_814' title='bbox 3082 5007 3403 5071; x_wconf 85' lang='lat' dir='ltr'><strong>excitetur</strong></span> <span class='ocrx_word' id='word_1_815' title='bbox 3444 5018 3669 5071; x_wconf 88' lang='lat' dir='ltr'><strong>nostra</strong></span> <span class='ocrx_word' id='word_1_816' title='bbox 3712 5007 4046 5089; x_wconf 86' lang='lat' dir='ltr'><strong>segnities.</strong></span> 
     </span>
    </p>

    <p class='ocr_par' dir='ltr' id='par_1_9' title="bbox 2631 5091 4594 5433">
     <span class='ocr_line' id='line_1_113' title="bbox 2804 5091 4581 5169; baseline 0 -15"><span class='ocrx_word' id='word_1_817' title='bbox 2804 5091 2996 5155; x_wconf 87' lang='lat' dir='ltr'><strong>Dent.</strong></span> <span class='ocrx_word' id='word_1_818' title='bbox 3053 5092 3152 5169; x_wconf 94' lang='lat'><strong>11,</strong></span> <span class='ocrx_word' id='word_1_819' title='bbox 3205 5091 3304 5157; x_wconf 88' lang='grc'><strong>18.</strong></span> <span class='ocrx_word' id='word_1_820' title='bbox 3399 5091 3616 5158; x_wconf 78' lang='lat' dir='ltr'><strong>Ponite</strong></span> <span class='ocrx_word' id='word_1_821' title='bbox 3655 5092 3842 5158; x_wconf 84' lang='lat' dir='ltr'><strong>verba</strong></span> <span class='ocrx_word' id='word_1_822' title='bbox 3884 5113 4024 5157; x_wconf 84' lang='lat' dir='ltr'><strong>mea</strong></span> <span class='ocrx_word' id='word_1_823' title='bbox 4064 5092 4229 5157; x_wconf 75' lang='lat' dir='ltr'><strong>haec.</strong></span> <span class='ocrx_word' id='word_1_824' title='bbox 4327 5092 4581 5156; x_wconf 84' lang='lat' dir='ltr'><strong>Iterum</strong></span> 
     </span>
     <span class='ocr_line' id='line_1_114' title="bbox 2631 5177 4589 5262; baseline -0.003 -19"><span class='ocrx_word' id='word_1_825' title='bbox 2631 5177 2869 5243; x_wconf 88' lang='lat' dir='ltr'><strong>seriam</strong></span> <span class='ocrx_word' id='word_1_826' title='bbox 2907 5178 3337 5242; x_wconf 88' lang='lat' dir='ltr'><strong>attentionem</strong></span> <span class='ocrx_word' id='word_1_827' title='bbox 3382 5178 3675 5262; x_wconf 86' lang='lat' dir='ltr'><strong>requirit,</strong></span> <span class='ocrx_word' id='word_1_828' title='bbox 3712 5199 3796 5242; x_wconf 91' lang='lat' dir='ltr'><strong>ne</strong></span> <span class='ocrx_word' id='word_1_829' title='bbox 3834 5180 3887 5243; x_wconf 91' lang='lat' dir='ltr'><strong>si</strong></span> <span class='ocrx_word' id='word_1_830' title='bbox 3935 5179 4171 5243; x_wconf 84' lang='lat' dir='ltr'><strong>leviter</strong></span> <span class='ocrx_word' id='word_1_831' title='bbox 4212 5188 4487 5242; x_wconf 88' lang='lat' dir='ltr'><strong>tantum</strong></span> <span class='ocrx_word' id='word_1_832' title='bbox 4522 5187 4589 5238; x_wconf 90' lang='lat' dir='ltr'><strong>et</strong></span> 
     </span>
     <span class='ocr_line' id='line_1_115' title="bbox 2634 5263 4588 5348; baseline -0.001 -21"><span class='ocrx_word' id='word_1_833' title='bbox 2634 5263 2983 5347; x_wconf 88' lang='lat' dir='ltr'><strong>neglectim</strong></span> <span class='ocrx_word' id='word_1_834' title='bbox 3042 5274 3315 5345; x_wconf 82' lang='lat' dir='ltr'><strong>excepta</strong></span> <span class='ocrx_word' id='word_1_835' title='bbox 3370 5264 3568 5329; x_wconf 83' lang='lat' dir='ltr'><strong>fuerit</strong></span> <span class='ocrx_word' id='word_1_836' title='bbox 3623 5286 3818 5348; x_wconf 88' lang='lat' dir='ltr'><strong>quam</strong></span> <span class='ocrx_word' id='word_1_837' title='bbox 3889 5266 4192 5348; x_wconf 90' lang='lat' dir='ltr'><strong>proponit</strong></span> <span class='ocrx_word' id='word_1_838' title='bbox 4259 5263 4588 5336; x_wconf 81' lang='lat' dir='ltr'><strong>doctrina,</strong></span> 
     </span>
     <span class='ocr_line' id='line_1_116' title="bbox 2633 5349 4594 5433; baseline -0.002 -20"><span class='ocrx_word' id='word_1_839' title='bbox 2633 5349 2827 5433; x_wconf 89' lang='lat' dir='ltr'><strong>paulo</strong></span> <span class='ocrx_word' id='word_1_840' title='bbox 2873 5358 3021 5430; x_wconf 89' lang='lat' dir='ltr'><strong>post</strong></span> <span class='ocrx_word' id='word_1_841' title='bbox 3064 5350 3305 5414; x_wconf 86' lang='lat' dir='ltr'><strong>effluat.</strong></span> <span class='ocrx_word' id='word_1_842' title='bbox 3375 5351 3626 5416; x_wconf 91' lang='lat' dir='ltr'><strong>Ponere</strong></span> <span class='ocrx_word' id='word_1_843' title='bbox 3669 5351 3844 5415; x_wconf 88' lang='lat' dir='ltr'><strong>enim</strong></span> <span class='ocrx_word' id='word_1_844' title='bbox 3886 5352 3957 5415; x_wconf 93' lang='lat' dir='ltr'><strong>in</strong></span> <span class='ocrx_word' id='word_1_845' title='bbox 4001 5350 4192 5416; x_wconf 91' lang='lat' dir='ltr'><strong>corde</strong></span> <span class='ocrx_word' id='word_1_846' title='bbox 4229 5350 4344 5415; x_wconf 85' lang='lat' dir='ltr'><strong>vel</strong></span> <span class='ocrx_word' id='word_1_847' title='bbox 4392 5368 4594 5431; x_wconf 88' lang='lat' dir='ltr'><strong>super</strong></span> 
     </span>
    </p>
   </div>
   <div class='ocr_carea' id='block_1_9' title="bbox 4806 1136 4851 6094">
    <p class='ocr_par' dir='ltr' id='par_1_10' title="bbox 4806 1136 4851 6094">
     <span class='ocr_line' id='line_1_117' title="bbox 4806 1136 4851 6094; baseline 0 0"><span class='ocrx_word' id='word_1_848' title='bbox 4806 1136 4851 6094; x_wconf 95' lang='lat' dir='ltr'><strong> </strong></span> 
     </span>
    </p>
   </div>
  </div>
 </body>
</html>
