4867 6150
344 464 464 531 357

344 653 620 737 improbi
673 654 917 736 alioqui
974 654 1305 734 homines,
1373 653 1609 738 quibus
1667 655 1927 721 videtur
1970 655 2287 722 absimilis

345 753 564 806 nostra
602 740 892 806 conditio
949 740 1070 806 sub
1126 740 1497 825 evangelio,
1557 763 1753 824 quam
1800 742 2001 808 fuerit
2044 742 2288 809 veteris

343 827 561 910 populi
602 829 724 891 sub
769 826 946 910 lege:
1006 847 1137 892 000
1197 836 1453 893 10011110
1514 828 1666 911 quia
1712 850 1989 912 regnum
2035 827 2290 894 Christi

344 935 472 978 non
540 923 639 978 est
704 935 786 978 ex
855 912 979 978 hoc
1044 913 1311 989 mundo,
1377 911 1490 978 sed
1549 914 1702 997 quia
1767 913 2035 980 exordia
2100 915 2290 997 regni

343 999 444 1064 sui
518 997 821 1064 Christus
892 998 1105 1063 noluit
1164 999 1381 1083 gladio
1446 997 1762 1065 adiuvari.
1862 1001 2068 1085 Atqui
2134 999 2290 1066 dum

341 1084 778 1168 promovendo
822 1083 1074 1150 Christi
1116 1104 1321 1169 regno
1365 1095 1750 1152 consecrant
1791 1107 1977 1152 suam
2024 1106 2290 1170 operam

343 1171 588 1236 terreni
633 1170 911 1247 iudices,
972 1191 1140 1255 nego
1195 1183 1543 1254 propterea
1603 1172 1744 1238 eius
1794 1183 2099 1238 naturam
2145 1194 2291 1237 mu-

341 1258 487 1323 tari.
592 1255 982 1339 Quanquam
1043 1268 1267 1322 autem
1332 1257 1727 1333 adversante
1793 1260 1993 1326 totius
2058 1257 2290 1323 mundi

343 1343 638 1428 potentia
717 1342 1132 1427 evangelium
1213 1364 1404 1409 suum
1485 1344 1700 1409 voluit
1763 1343 2073 1410 Christus
2139 1366 2291 1429 pro-

340 1428 624 1513 mulgari
662 1450 702 1494 a
745 1430 880 1495 suis
927 1429 1285 1511 discipulis,
1330 1450 1570 1514 eosque
1615 1430 1753 1495 sola
1796 1451 1956 1497 voce
2004 1440 2291 1496 armatos

339 1514 642 1599 exposuit
686 1527 997 1599 tanquam
1042 1536 1197 1581 oves
1240 1514 1444 1599 lupis:
1493 1538 1622 1581 non
1671 1516 1887 1599 posuit
1921 1517 2292 1583 0111100101-

340 1623 495 1666 nam
546 1601 772 1684 legem,
818 1601 977 1684 quin
1023 1600 1286 1667 taudem
1334 1622 1521 1686 reges
1567 1603 1746 1686 ipsos
1790 1602 1862 1666 in
1904 1603 2292 1687 obsequium

341 1697 620 1772 cogeret,
673 1708 749 1752 ac
792 1689 1308 1753 mansuefaceret
1353 1708 1583 1753 eorum
1632 1687 2042 1769 violentiam,
2100 1699 2294 1773 atque

339 1795 426 1838 ex
485 1772 739 1837 infestis
795 1771 1369 1856 persequutoribus
1424 1775 1714 1841 efficeret
1769 1774 2081 1840 ecclesiae
2137 1795 2295 1840 suae

341 1872 648 1943 patronos
670 1870 738 1923 et
758 1859 1077 1924 custodes.
1137 1858 1588 1943 Tyrannidem
1622 1870 2066 1926 exercuerunt
2103 1859 2295 1926 initio

338 1947 768 2029 magistratus
832 1945 1152 2011 adversus
1206 1946 1578 2025 ecclesiam,
1633 1967 1871 2030 nempe
1926 1946 2079 2030 quia
2133 1969 2295 2012 non·-

340 2033 498 2097 dum
557 2040 835 2096 venerat
892 2042 1153 2115 tempus
1210 2053 1338 2113 quo
1396 2032 1607 2097 filium
1651 2033 1779 2098 Dei
1823 2032 2295 2112 oscularentur,

339 2129 406 2182 et
456 2117 748 2200 deposita
795 2117 1123 2191 violentia,
1168 2117 1480 2184 ecclesiae
1525 2139 1724 2202 quam
1753 2127 2297 2203 oppugnaverant

341 2205 582 2268 fierent
626 2202 909 2280 nutritii,
946 2202 1304 2269 secundum
1341 2204 1726 2271 vaticinium
1765 2203 1978 2270 Isaiae
2008 2205 2114 2286 49,
2142 2205 2183 2270 6
2211 2203 2294 2291 ¹):

341 2289 514 2374 quod
553 2302 728 2356 certe
762 2289 845 2355 ad
881 2287 1132 2354 Christi
1178 2289 1538 2355 adventum
1584 2291 1881 2356 refertur.
1961 2290 2102 2357 Nec
2137 2311 2296 2357 vero

338 2376 589 2441 frustra
612 2375 878 2451 Paulus,
927 2374 1081 2440 dum
1117 2376 1373 2459 precari
1399 2376 1582 2441 iubet
1603 2398 1723 2461 pro
1745 2377 2010 2462 regibus
2046 2384 2114 2442 et
2147 2376 2295 2441 aliis

342 2460 575 2526 mundi
619 2461 968 2538 iudicibus,
1030 2482 1292 2528 causam
1340 2461 1538 2541 addit,
1602 2473 1677 2528 ut
1720 2463 1839 2529 sub
1893 2463 2052 2547 ipsis
2114 2460 2310 2529 tran-'

338 2547 615 2630 quillam
663 2547 865 2612 vitam
910 2568 1183 2632 agamus
1225 2568 1374 2613 cum
1422 2550 1600 2613 omni
1659 2550 1903 2632 pietate
1947 2558 2014 2614 et
2057 2548 2294 2615 hones-

340 2645 482 2698 tate
541 2630 629 2719 (1.
674 2633 845 2699 Tim.
876 2633 937 2709 2,
983 2632 1069 2720 2).
1160 2632 1469 2700 Christus
1512 2634 1793 2719 quidem,
1853 2644 1926 2700 ut
1956 2636 2135 2701 mitis
2170 2641 2293 2712 est,

338 2720 442 2785 ita
485 2719 837 2803 discipulos
881 2740 1039 2784 suos
1075 2717 1335 2807 (fateor)
1383 2720 1525 2785 vult
1559 2742 1701 2787 esse
1736 2720 2101 2786 imitatores
2136 2740 2296 2786 suae

337 2806 668 2871 lenitatis:
731 2827 956 2870 verum
1015 2806 1080 2870 id
1144 2827 1278 2871 non
1320 2806 1538 2873 obstat
1581 2808 1926 2890 quominus
1986 2806 2297 2873 ecclesiae

337 2892 544 2958 saluti
610 2900 678 2956 et
743 2891 1206 2974 tranquillitati
1273 2893 1343 2957 in
1404 2893 1662 2976 pietatis
1724 2891 2096 2959 defensione
2150 2914 2299 2959 0011-

338 2976 577 3044 001001
620 2977 712 3061 pii
758 2977 1215 3062 magistratus:
1262 2980 1415 3061 quia
1460 2979 1634 3044 hanc
1668 2989 1922 3062 partem
1961 2978 2299 3064 negligere

338 3086 606 3132 summa
651 3076 826 3131 esset
869 3064 1145 3147 perfidia
1201 3075 1269 3130 et
1312 3063 1684 3132 crudelitas.
1772 3065 1865 3131 Et
1907 3077 2083 3131 certe
2128 3063 2297 3130 nihil

339 3150 707 3234 indignius,
750 3171 945 3234 quam
992 3153 1148 3217 dum
1186 3151 1488 3217 videmus
1533 3154 1805 3218 miseras
1842 3152 2095 3218 animas
2120 3152 2297 3217 trahi

342 3238 409 3301 in
458 3251 803 3303 aeternum
848 3237 1190 3302 interitum
1236 3237 1318 3303 ab
1363 3237 1582 3321 impiis
1627 3248 1690 3302 et
1735 3239 2067 3305 sceleratis
2109 3259 2299 3322 prae-

342 3322 700 3406 fractisque
754 3322 1250 3406 impostoribus,
1308 3324 1702 3407 impunitate
1755 3345 2094 3403 concessa,
2153 3323 2297 3390 illa-

345 3430 499 3474 rum
574 3407 854 3474 salutem
931 3430 1052 3494 pro
1138 3409 1345 3475 nihilo
1426 3410 1682 3476 ducere.
1792 3409 1986 3492 Quod
2053 3409 2112 3475 si
2175 3409 2300 3475 hoc

343 3507 700 3579 praetextu
743 3495 1024 3580 grassati
1068 3510 1223 3561 sunt
1267 3496 1702 3579 superstitiosi
1747 3496 1831 3562 ad
1887 3494 2299 3562 fundendum

343 3582 694 3646 innoxium
759 3583 1182 3664 sanguinem:
1251 3581 1612 3665 respondeo
1677 3603 1813 3648 1100
1873 3579 2108 3647 debere
2162 3581 2298 3647 ullo

344 3667 560 3732 abusu
621 3666 725 3732 vel
784 3668 1152 3751 corruptela
1208 3668 1551 3734 hominum
1611 3670 1680 3733 in
1748 3668 2029 3734 nihilum
2089 3667 2299 3751 redigi

344 3750 523 3836 quod
590 3751 794 3817 semel
864 3754 1043 3819 Deus
1110 3754 1464 3820 mandavit.
1578 3753 1747 3819 Nam
1815 3755 1985 3821 sicut
2044 3753 2299 3820 Christi

344 3853 680 3924 martyres
746 3860 787 3905 a
851 3840 1164 3906 maleficis
1227 3840 1296 3905 in
1355 3861 1605 3925 poenae
1671 3840 2103 3907 similitudine
2158 3840 2298 3906 sola

344 3944 547 3991 causa
612 3924 773 3990 satis
839 3946 1164 4009 superque
1228 3925 1570 3993 discernit:
1652 3927 1749 3992 ita
1811 3947 1945 3991 11011
2011 3926 2300 3992 efficient

343 4031 560 4095 papae
602 4013 939 4077 carnifices
982 4013 1228 4077 iniusta
1269 4014 1560 4090 saevitia,
1605 4014 1762 4096 quin
1805 4013 1983 4078 zelus
2039 4012 2297 4097 piorum

344 4096 859 4181 magistratuum
904 4098 971 4162 in
1030 4099 1383 4182 puniendis
1426 4098 1607 4165 falsis
1651 4109 1717 4164 01
1760 4100 1975 4164 noxiis
2020 4098 2301 4163 doctori-

345 4182 473 4249 bus
512 4181 656 4248 Deo
691 4184 962 4267 placeat.
996 4184 1204 4266 quue
1230 4185 1435 4251 Mosis
1471 4185 1687 4251 vorbis
1719 4185 1966 4268 optime
1988 4184 2300 4267 exprimi-

345 4278 478 4346 tur,
526 4270 679 4334 dum
726 4290 808 4335 ex
875 4268 1019 4353 lege
1063 4269 1190 4335 Dei
1237 4269 1576 4335 ferendum
1624 4291 1767 4336 0000
1827 4271 2138 4336 1011101010
2185 4269 2300 4335 ad-

346 4365 593 4420 monet.
705 4355 846 4421 Iam
916 4356 1054 4422 dixi
1116 4359 1402 4441 rigorem
1472 4356 1649 4422 hunc
1719 4378 1849 4422 11011
1923 4354 2158 4422 debere
2216 4355 2298 4420 ad

345 4440 777 4524 particulares
831 4463 1084 4508 errores
1139 4442 1438 4520 extendi,
1506 4441 1621 4508 sed
1680 4442 1794 4507 ubi
1857 4441 2161 4525 impietas
2216 4441 2299 4507 ad

346 4525 777 4592 defectionem
838 4549 1045 4612 usque
1099 4531 1489 4612 prorumpit.
1579 4528 1788 4593 Porro
1846 4528 1956 4593 ubi
2001 4527 2296 4594 additur:

344 4611 445 4678 Ut
505 4624 570 4677 te
629 4611 915 4696 depellat
965 4636 1002 4679 e
1057 4615 1165 4680 via
1220 4635 1417 4697 quam
1475 4624 1540 4680 te
1600 4615 1816 4680 docuit
1869 4614 2084 4695 Deus,
2143 4614 2300 4679 hinc

344 4698 749 4782 colligimus,
818 4700 1032 4766 nullos
1076 4700 1159 4766 ad
1204 4720 1479 4783 poenam
1526 4699 1887 4766 trahendos
1929 4721 2107 4779 esse,
2170 4699 2300 4765 nisi

346 4784 464 4867 qui
520 4785 865 4851 manifesto
924 4786 1053 4851 Dei
1113 4786 1311 4852 verbo
1367 4787 1654 4854 convicti
1699 4785 1977 4864 fuerint,
2037 4807 2122 4852 ne
2181 4806 2301 4852 suo

343 4870 620 4935 arbitrio
665 4872 954 4937 iudicent
990 4872 1311 4939 homines.
1391 4872 1587 4939 Unde
1628 4872 1830 4939 etiam
1873 4872 2095 4956 liquet,
2151 4892 2300 4956 per-

345 4976 574 5039 peram
614 4957 826 5023 zelum
865 4957 1095 5023 ardere
1138 4961 1206 5024 in
1253 4959 1613 5025 exserendo
1658 4959 1893 5044 gladio,
1938 4958 2067 5025 nisi
2111 4978 2299 5042 prae·

346 5044 622 5108 cesserit
663 5043 1035 5128 legitimum
1081 5066 1381 5111 examen.

347 5402 430 5456 aa
465 5333 825 5458 mnlgrarqo
877 5336 1072 5392 laudat
1124 5336 1232 5391 ιω.
1285 5333 1384 5405 40,
1434 5336 1485 5391 0.
1562 5337 1827 5407 amaa
1867 5338 2056 5406 poam
2101 5336 2307 5392 Nom·

1800 466 2179 534 PRIMUM
2228 465 2784 534 PRAEOEP'I'U
2788 467 2878 534 M.

4219 472 4351 540 358

3011 653 3146 720 Ex
3191 655 3460 723 DEUT.
3497 655 3729 724 XVII.

2567 826 2667 892 12.
2741 827 2860 893 Vir
2926 832 3132 893 autem
3184 828 3295 909 qui
3360 829 3553 911 eqert‘t
3606 829 3680 894 in
3735 829 4035 911 superbia
4092 836 4164 897 ut
4225 852 4351 898 non

2392 913 2622 979 audiat
2663 914 3036 980 sacerdotem
3090 915 3202 996 qui
3255 918 3380 980 stat
3434 918 3505 979 ut
3545 912 3679 980 illie
3728 916 4042 981 ministret
4085 916 4351 1005 101101)ᾳο

2396 999 2531 1065 Deo
2569 1004 2693 1077 tu0,
2730 1004 2845 1066 aut
2883 1000 3168 1077 iudicem,
3213 1001 3514 1066 morietur
3545 1001 3650 1066 vir
3690 1000 3814 1081 ille,
3876 1006 3931 1066 et
3980 1004 4353 1070 mmmm

2392 1085 2492 1151 bis
2549 1085 2789 1151 malum
2855 1104 2933 1149 ex
2992 1082 3249 1151 Israele.
3353 1084 3453 1153 13.
3510 1086 3721 1168 Atque
3783 1107 3994 1154 omnes
4050 1109 4082 1154 0
4117 1089 4350 1171 populo

2393 1172 2679 1251 audiant,
2718 1176 2790 1237 ut
2833 1171 3109 1251 timeant,
3154 1192 3351 1255 neque
3392 1173 3465 1237 in
3495 1177 3819 1255 postorum
3860 1174 4247 1258 superbiant.

2571 1339 2824 1408 Similis
2868 1361 3077 1424 poena
3119 1342 3187 1406 in
3234 1363 3343 1408 eos
3388 1342 3683 1424 edicitur,
3728 1344 3839 1427 qui
3876 1347 4351 1413 contumaciter

2393 1430 2769 1511 respuerint
2811 1427 3228 1493 sacerdotum
3271 1428 3604 1495 iudicium.
3703 1430 3899 1496 Prius
3944 1431 4160 1497 visum
4203 1432 4348 1512 fuit,

2396 1514 2757 1580 sacerdotio
2828 1513 3249 1581 coniunctum
3304 1513 3528 1590 fuisse,
3564 1537 3809 1582 munus
3910 1516 4349 1600 ropheticum:

2396 1600 2660 1684 quando
2702 1598 2898 1686 (teste
2942 1599 3273 1667 Malachia
3315 1601 3389 1681 2,
3433 1601 3504 1689 4)
3563 1600 3791 1667 foedus
3905 1603 3965 1667 ei
4022 1602 4145 1669 fuit
4200 1625 4352 1671 cum

2396 1686 2590 1766 Levi,
2637 1696 2709 1751 ut
2753 1685 3054 1752 custodes
3098 1686 3410 1753 scientiae
3467 1697 3687 1754 essent
3743 1688 3881 1754 eius
3947 1690 4224 1772 posteri,
4284 1697 4353 1755 01

2398 1773 2564 1857 legis
2622 1773 3047 1857 interpretes:
3120 1794 3316 1857 saepe
3375 1780 3595 1839 tamen
3652 1774 3905 1840 inflicta
3960 1774 4085 1840 fuit
4141 1797 4354 1861 poena

2399 1857 2810 1924 sacerdotum
2870 1856 3182 1937 desidiae,
3239 1880 3441 1943 quum
3500 1860 3666 1926 alios
3731 1860 3968 1944 populo
4023 1881 4144 1927 suo
4201 1861 4352 1928 doc-

2398 1954 2575 2011 tores
2621 1944 2927 2028 praefecit
2964 1945 3162 2011 Deus.
3210 1943 3549 2029 Quidquid
3592 1946 3697 2026 sit,
3744 1947 4009 2029 utrique
4050 1968 4173 2030 pro
4209 1948 4354 2030 ipso

2398 2030 2727 2114 legatione
2781 2029 2989 2095 functi
3047 2039 3221 2096 sunt.
3325 2031 3508 2118 Ergo
3566 2032 3759 2098 sicuti
3827 2053 4038 2116 nuper
4102 2034 4358 2100 sancita

2397 2117 2524 2182 fuit
2568 2115 3036 2200 prophetarum
3074 2117 3410 2196 autoritas,
3456 2116 3628 2183 idem
3667 2139 3844 2184 nunc
3867 2118 3951 2183 ad
3987 2118 4357 2188 sacerdotes

2399 2202 2504 2268 ius
2540 2203 2964 2268 transfertur:
3011 2222 3133 2267 nec
3175 2203 3438 2284 mirum,
3483 2205 3640 2287 quia
3661 2202 3879 2269 Deum
3926 2205 4065 2270 eius
4107 2205 4357 2273 ordinis

2400 2298 2701 2354 autorem
2756 2308 3100 2371 spernere,
3160 2311 3287 2354 non
3348 2288 3493 2355 leve
3551 2289 3801 2356 crimen
3867 2290 4005 2355 fuit.
4095 2292 4358 2357 Tenen-

2402 2377 2557 2439 dum
2605 2384 2827 2439 tamen
2873 2375 3189 2440 memoria
3232 2373 3403 2458 quod
3449 2374 3605 2442 alibi
3660 2375 4004 2456 admonui,
4059 2397 4193 2443 000
4252 2399 4356 2444 01·-

2401 2460 2569 2526 mari
2628 2461 2980 2545 tyrannica
3036 2469 3356 2543 potestate
3415 2459 3821 2540 sacerdotes,
3888 2470 3965 2527 ut
4040 2463 4356 2547 quidquid

2398 2568 2520 2630 pro
2563 2545 2833 2612 libidine
2874 2567 2993 2613 sua
3036 2545 3464 2628 decreverint,
3509 2548 3775 2614 reiicere
3815 2549 3998 2614 nefas
4042 2549 4147 2613 sit.
4228 2549 4359 2616 Ne·

2400 2654 2527 2716 que
2582 2634 2757 2698 enim
2826 2631 2933 2698 vel
2995 2653 3067 2697 00
3132 2634 3584 2699 exauctoravit
3644 2635 3862 2712 Deus,
3932 2654 4136 2717 quum
4205 2635 4355 2703 illos

2400 2728 2672 2797 crearet,
2734 2717 2841 2783 vel
2886 2716 3285 2802 quibuslibet
3328 2718 3587 2803 placitis
3631 2721 3775 2785 sine
3820 2718 4196 2787 discrimine
4240 2721 4355 2786 ob-

2398 2805 2672 2872 strinxit
2713 2804 3177 2885 conscientias,
3234 2806 3347 2871 sed
3406 2812 3664 2871 tantum
3725 2805 3988 2871 iniicere
4052 2806 4355 2874 fraenum

2402 2890 2617 2957 voluit
2671 2910 2896 2956 eorum
2956 2891 3346 2972 proterviae,
3416 2891 3650 2974 quibus
3714 2891 3899 2956 nulla
3963 2892 4191 2976 religio
4256 2903 4358 2961 est

2404 2975 2807 3060 vilipendere
2853 2977 3216 3061 legitimum
3263 2976 3572 3044 ecclesiae
3624 2979 3938 3061 regimen.
4027 2976 4203 3045 Nam
4261 2980 4357 3048 sic

2403 3061 2779 3129 habendum
2840 3075 2972 3130 est:
3042 3063 3097 3129 si
3162 3063 3530 3146 promiscue
3589 3062 3783 3129 liceat
3840 3062 4108 3132 reiicere
4168 3064 4358 3149 quid-

2405 3149 2563 3233 quid
2606 3150 2957 3228 statuerint
2997 3149 3310 3216 ecclesiae
3354 3149 3681 3236 praefecti,
3726 3149 3985 3215 foedam
4029 3159 4097 3216 et
4140 3151 4359 3217 horri-

2402 3235 2599 3301 bilem
2656 3234 2796 3301 fore
2855 3235 3366 3319 dissipationem.
3469 3237 3571 3302 Ac
3630 3235 3982 3302 ridiculum
4040 3245 4215 3303 esset
4272 3235 4357 3303 ad

2404 3321 2907 3407 gubernandum
2966 3321 3184 3387 vocari
3240 3321 3480 3405 quibus
3537 3320 3724 3387 nulla
3780 3329 4159 3408 suppeteret
4212 3322 4357 3409 dig-

2377 3411 2613 3473 ·nitas:
2657 3407 2934 3490 ideoque
2977 3407 3418 3474 reverentiam
3462 3428 3629 3491 quae
3671 3407 3782 3473 hic
3826 3409 4145 3492 exigitur,
4197 3409 4357 3495 legi·

2404 3494 2586 3560 timis
2628 3492 2932 3560 omnibus
2973 3494 3269 3578 imperiis
3305 3491 3544 3574 deberi,
3589 3491 3876 3560 ostendit
3909 3494 4050 3577 ipse
4076 3504 4357 3564 naturae

2403 3602 2635 3647 sensus
2680 3601 2756 3647 ac
2800 3578 3018 3646 dictat.
3088 3584 3301 3646 Autor
3343 3579 3687 3647 sacerdotii
3731 3588 3876 3645 erat
3915 3580 4132 3647 Deus:
4178 3579 4356 3648 idem

2402 3667 2648 3733 iudices
2734 3668 3016 3732 creabat.
3142 3665 3321 3748 Quid
3412 3667 3629 3750 magis
3722 3663 4078 3732 absurdum
4157 3687 4356 3751 quam

2403 3754 2675 3836 impune
2717 3751 3052 3818 contemni
3094 3773 3171 3819 00
3216 3751 3415 3818 rideri
3459 3753 3572 3836 qui
3595 3752 3725 3817 Dei
3768 3753 4033 3817 nomine
4068 3762 4135 3818 et
4167 3775 4356 3819 man-

2402 3838 2556 3904 dato
2591 3836 3100 3923 praesidebant?
3191 3839 3445 3904 Verum
3505 3859 3846 3922 nunquam
3902 3858 4187 3922 eousque
4244 3862 4356 3908 ex-

2403 3926 2558 3990 tulit
2623 3924 2966 3990 mortalem
3025 3923 3361 3990 hominem
3407 3932 3481 3990 ut
3525 3946 3597 3990 00
3638 3925 3782 3989 iure
3826 3944 3947 3989 suo
3991 3925 4349 3991 abdicaret:

2402 4013 2536 4076 imo
2578 4030 2772 4093 saepe
2808 4030 3074 4077 necesse
3111 4011 3254 4090 fuit,
3290 4009 3619 4094 intrepide
3655 4009 3923 4075 reiicerc
3956 4009 4128 4094 quod
4163 4033 4354 4077 man-

2403 4095 2651 4162 dabant
2704 4096 3090 4163 sacerdotes.
3190 4096 3553 4162 Profanum
3615 4095 3821 4162 altare
3877 4094 3960 4161 ad
4016 4098 4357 4181 exemplar

2404 4183 2818 4261 Damasceni,
2864 4183 3036 4266 quod
3084 4182 3306 4248 Achaz
3350 4182 3639 4266 miserat,
3676 4183 3889 4247 erexit
3910 4181 4110 4249 Urias
4145 4204 4358 4251 sacer-

2404 4267 2540 4347 dos,
2585 4278 2651 4333 et
2685 4268 2822 4335 illic
2865 4269 3258 4336 sacrificium
3304 4268 3543 4334 obtulit
3573 4266 3661 4355 (2.
3706 4267 3875 4352 Reg.
3924 4267 4025 4346 16,
4074 4267 4217 4355 12):
4265 4292 4355 4337 011

2404 4374 2670 4421 11000000
2714 4354 2838 4419 fuit
2857 4354 3073 4420 Isaiae
3108 4353 3563 4421 subscribere?
3607 4355 3754 4420 Imo
3791 4353 4195 4421 detestabilis
4232 4357 4356 4422 fuit

2403 4442 2700 4506 omnium
2746 4438 3052 4518 adulatio,
3094 4440 3206 4524 qui
3250 4438 3508 4506 decreto
3550 4439 3812 4506 scelesti
3855 4461 3930 4506 ac
3975 4440 4209 4524 perfidi
4254 4462 4355 4508 sa-

2404 4526 2683 4593 cerdotis
2719 4527 2969 4593 assensi
3004 4533 3177 4592 sunt.
3227 4525 3407 4608 Quin
3444 4526 3642 4592 etiam
3680 4525 3975 4593 videmus
3996 4528 4354 4611 prophetas

2404 4622 2479 4679 ut
2519 4613 2879 4698 plurimum
2924 4613 3087 4679 adeo
3133 4633 3265 4678 000
3322 4612 3522 4679 fuisse
3565 4611 3958 4695 suffragatos
4002 4613 4356 4681 sacerdoti-

2402 4700 2559 4780 bus,
2624 4707 2699 4765 ut
2754 4707 3056 4783 apertum
3110 4719 3265 4765 cum
3317 4698 3449 4764 illis
3499 4697 3743 4764 bellum
3808 4699 4151 4783 gesserint.
4254 4704 4355 4767 Ac

2404 4794 2542 4851 tota
2594 4785 2755 4852 haec
2799 4806 2999 4851 causa
3041 4784 3366 4850 deciditur
3405 4805 3487 4849 ex
3531 4784 3754 4851 verbis
3799 4784 4035 4851 Mosis:
4085 4786 4351 4868 quando

2405 4893 2536 4937 non
2582 4871 2876 4938 absolute
2922 4869 3193 4937 damnat
3234 4870 3602 4954 quicunque
3648 4891 3775 4935 000
3820 4871 4190 4953 paruerint,
4235 4871 4353 4938 sed

2405 4956 2632 5022 addita
2674 4956 2942 5040 speciali
2985 4966 3142 5022 nota
3190 4955 3401 5041 legem
3448 4977 3635 5023 suam
3681 4959 4056 5043 restringit:
4112 4978 4351 5041 nempe

2406 5044 2460 5110 si
2507 5052 2921 5126 contemptus
2965 5064 3051 5107 ex
3095 5043 3402 5126 superbia
3441 5042 3551 5109 vel
3590 5044 3964 5128 arrogantia
3985 5043 4351 5126 proveniat.

2407 5127 2709 5212 Capitale
2767 5150 2923 5213 ergo
2976 5150 3108 5194 000
3164 5128 3357 5195 aliter
3412 5129 3541 5195 fuit
3598 5130 3919 5197 sacerdoti
3976 5127 4084 5195 vel
4149 5128 4352 5196 iudici

2407 5237 2535 5280 non
2581 5236 2846 5298 parere,
2906 5237 3100 5298 quam
3160 5216 3217 5281 si
3272 5215 3420 5299 quis
3476 5236 3595 5299 per
3648 5216 3897 5281 fastum
3960 5224 4189 5280 contra
4244 5236 4351 5280 or-

2407 5301 2626 5366 dinem
2671 5323 2710 5367 a
2755 5300 2902 5366 Deo
2945 5302 3228 5385 positum
3272 5302 3706 5368 insolesceret.
3795 5300 4059 5384 Alioqui
4100 5300 4354 5368 frustra

2403 5388 2703 5471 exceptio
2747 5388 2910 5454 haec
2951 5387 3183 5456 fuisset
3223 5388 3632 5472 interposita.
3696 5385 4002 5469 Denique
4043 5385 4352 5455 obedien·

3834 5487 3936 5543 23*
