4867 6150
585 460 715 527 551

589 658 863 715 nostrae
910 670 1064 715 vero
1125 649 1488 716 calumniae
1545 659 1610 715 et
1652 648 2157 716 obtrectationes
2211 650 2277 715 in
2334 647 2555 732 capita

594 748 827 801 nostra
870 736 1181 801 recident.
1229 736 1557 801 Funditus
1603 733 1871 819 perdere
1915 736 2109 801 iussit
2153 746 2402 821 septem
2440 755 2553 817 po·

595 822 825 905 pulos:
865 843 1099 904 nempe
1138 831 1475 904 postquam
1514 822 2015 906 quadringentis
2051 822 2242 887 annis
2285 818 2553 886 addide-

599 916 755 972 rant
789 917 1054 991 peccata
1087 907 1390 990 peccatis,
1428 920 1503 972 ut
1525 910 1848 973 immensa
1884 918 2058 973 esset
2094 908 2453 992 congeries,
2489 914 2557 971 et

602 994 1015 1076 experientia
1074 993 1381 1067 docuerat
1437 995 1794 1060 obstinatos
1838 1015 1980 1060 esse
2026 1003 2091 1058 et
2132 991 2554 1059 insanabiles.

605 1078 839 1161 Itaque
885 1079 1040 1144 alibi
1086 1079 1329 1145 dicitur
1375 1097 1551 1144 terra
1595 1079 1739 1145 illos
1784 1080 2185 1146 evomuisse:
2235 1100 2309 1144 ac
2352 1078 2410 1143 si
2447 1098 2552 1143 eo-

606 1182 755 1229 rum
801 1164 1045 1230 foetore
1090 1176 1366 1248 gravata
1409 1187 1478 1230 se
1521 1166 1811 1231 levasset
1855 1163 2097 1251 (Levit.
2140 1166 2238 1243 18,
2275 1163 2406 1251 28).
2476 1161 2554 1230 Si

579 1260 865 1337 ‘mortuo
927 1251 1252 1316 elemento
1322 1252 1751 1318 intolerabilis
1818 1266 1917 1317 est
1983 1252 2316 1334 impietas,
2398 1247 2556 1333 quid

602 1337 923 1401 miramur
969 1335 1186 1401 Deum
1206 1358 1348 1420 ,pro
1393 1336 1626 1403 iudicis
1668 1339 1879 1403 officio
1926 1339 2297 1404 exercuisse
2342 1347 2556 1401 extre-

603 1443 782 1486 mum
826 1421 1154 1507 rigorem?
1199 1423 1277 1489 Si
1327 1445 1479 1489 vero
1515 1425 1687 1489 iusta
1722 1424 1847 1488 fuit
1881 1424 1982 1488 ira
2018 1422 2165 1502 Dei,
2203 1432 2378 1487 certe
2415 1423 2555 1487 eius

602 1508 939 1573 ministros
984 1520 1052 1573 et
1091 1519 1559 1592 exsequutores
1603 1531 1763 1593 quos
1812 1508 2087 1589 volebat,
2155 1510 2396 1593 eligere
2439 1527 2552 1591 po-

604 1594 753 1659 tuit.
842 1594 986 1659 Has
1033 1605 1251 1676 partes
1296 1617 1495 1678 quum
1542 1596 1905 1660 iniunxerit
1953 1595 2192 1678 populo
2237 1615 2374 1672 sue,
2423 1615 2551 1657 non

603 1679 720 1745 abs
765 1702 836 1744 re
881 1680 1090 1745 vetnit
1134 1682 1428 1746 misereri
1475 1702 1698 1746 eorum
1744 1702 1904 1764 quos
1947 1681 2147 1746 exitio
2190 1678 2552 1745 addixerat.

605 1764 786 1846 Quid
821 1769 995 1830 enim
1033 1768 1244 1852 magis
1281 1776 1767 1850 praeposterum
1804 1788 2000 1849 quam
2046 1767 2343 1832 homines
2381 1787 2552 1830 mor-

605 1851 771 1917 tales
831 1871 981 1916 cum
1043 1852 1186 1916 Deo
1232 1866 1481 1918 certare
1541 1852 1936 1919 clementia?
1996 1863 2064 1918 et
2117 1850 2228 1918 ubi
2286 1852 2553 1916 domino

656 1936 823 2002 lacet
866 1938 1082 2021 rigor,
1142 1961 1367 2004 servos
1412 1940 1511 2004 ius
1568 1938 1821 2003 dandae
1878 1940 2105 2004 veniae
2164 1938 2245 2003 ad
2293 1960 2362 2003 se
2418 1946 2549 2001 tra—

608 1959 813 2088 iiere?
912 2024 1141 2107 Itaque
1219 2025 1477 2109 saepius
1558 2024 1913 2107 exprobrat
1979 2026 2162 2090 Deus
2227 2023 2553 2089 Israelitis

2059 2111 2151 2176 Et
2209 2109 2365 2175 hinc
2424 2111 2553 2174 fac-

610 2206 749 2258 tum
793 2205 911 2274 est,
958 2208 1031 2260 ut
1066 2197 1285 2278 populi
1322 2219 1485 2280 quos
1519 2196 1790 2280 perdere
1829 2196 2191 2262 debuerant
2222 2205 2553 2277 tanquam,

605 2280 836 2363 spinae
881 2290 949 2346 et
994 2282 1201 2348 aculei
1245 2283 1488 2347 fuerint
1531 2283 1614 2347 ad
1660 2283 1834 2365 ipsos
1878 2279 2293 2365 configendos
2336 2279 2557 2367 (Iosue

605 2365 711 2446 23,
758 2367 840 2432 13
880 2375 948 2432 et
999 2387 1120 2449 per
1178 2378 1386 2432 totum
1432 2368 1668 2435 librum
1715 2366 1969 2454 Iudic.).
2060 2369 2241 2452 Ergo
2288 2388 2370 2431 ne
2414 2388 2555 2432 ma-

605 2453 784 2536 ligne
853 2455 1290 2538 restringatur
1350 2452 1476 2519 Dei
1545 2455 1830 2537 potentia
1897 2453 1977 2518 ad
2046 2474 2277 2519 sensus
2347 2452 2556 2517 nostri

611 2537 980 2619 modulum,
1061 2539 1341 2604 facessat
1419 2541 1630 2605 omnis
1709 2540 2062 2605 temeritas.
2176 2543 2273 2604 Ac
2337 2542 2557 2622 potius

610 2623 936 2689 discamus
980 2632 1358 2690 reverenter
1402 2628 1728 2709 suspicere
1784 2627 1923 2691 eius
1982 2646 2213 2709 opera,
2273 2644 2553 2709 quorum

610 2731 728 2774 nos
773 2710 933 2774 latet
975 2710 1161 2788 ratio,
1206 2732 1402 2794 quam
1438 2720 1742 2795 proterve
1786 2711 2065 2794 obloqui.
2151 2709 2554 2776 Praesertim

607 2816 769 2861 vero
813 2795 923 2861 ubi
968 2796 1176 2862 iustas
1221 2795 1547 2863 vindictae
1606 2819 1762 2864 suae
1818 2817 2046 2863 causas
2093 2797 2276 2862 nobis
2322 2817 2555 2880 propo-

607 2880 724 2960 nit,
782 2904 912 2965 qua
956 2880 1140 2948 decet
1182 2882 1556 2948 humilitate
1614 2894 1677 2948 et
1724 2883 2067 2962 modestia,
2127 2883 2345 2967 potius
2403 2880 2555 2948 sub·

606 2967 892 3033 scribere
951 2966 1275 3033 discamus
1335 2970 1475 3035 eius
1530 2969 1840 3048 decretis,
1907 2990 2099 3052 quam
2144 2967 2423 3047 frustra,
2492 2975 2559 3033 et

605 3052 868 3137 quidem
913 3053 985 3120 in
1029 3068 1323 3120 nostram
1371 3057 1743 3139 perniciem,
1788 3054 2211 3122 intercedere.

608 2109 778 2192 qnod
824 2131 1165 2193 perperam
1211 2110 1457 2175 fuerint
1500 2112 1967 2176 misericordes.

1263 3396 1392 3462 EX
1439 3397 1710 3465 DEUT.
1757 3395 1917 3463 VII.

787 3568 887 3633 16.
935 3566 1361 3650 Absumesque
1396 3588 1604 3635 omnes
1626 3568 1903 3652 populos
1938 3589 2091 3651 quos
2131 3568 2358 3633 Iehova
2380 3567 2566 3635 Deus

610 3660 760 3719 tuus
800 3656 909 3721 dat
951 3654 1096 3719 tibi:
1149 3675 1274 3718 non
1315 3661 1536 3738 parcet
1592 3655 1805 3721 oculus
1863 3660 2011 3720 tuus
2063 3655 2186 3734 eis,
2243 3674 2349 3719 nec
2406 3655 2564 3721 coles

611 3742 756 3806 deos
798 3760 1036 3819 eorum,
1094 3742 1248 3821 quia
1291 3740 1553 3822 laqueus
1594 3747 1778 3807 erunt
1817 3740 1948 3807 tibi.
2063 3741 2163 3806 17.
2217 3741 2422 3822 Qwum
2463 3741 2563 3806 di-

613 3826 789 3891 xeris
853 3826 926 3891 in
990 3826 1167 3891 corde
1222 3832 1356 3891 tuo:
1419 3826 1652 3892 Plures
1704 3833 1854 3892 sunt
1903 3831 2112 3911 yentes
2163 3826 2315 3892 illae
2371 3846 2562 3907 quam

613 3932 754 3995 eqo:
806 3912 1108 3994 quomodo
1158 3917 1368 3992 potero
1421 3912 1719 3995 expellere
1769 3913 1925 3978 eas?
2016 3913 2117 3979 18.
2182 3913 2282 3978 Ne
2336 3914 2561 3978 timeas

611 3998 729 4064 tibi
772 3997 851 4063 ab
893 3998 1010 4062 eis:
1073 3998 1454 4063 recordando
1496 3998 1835 4064 recorderis
1873 4019 2033 4081 quae
2071 4000 2285 4082 fecerit
2327 3998 2561 4064 Iehova

614 4083 795 4151 Deus
872 4089 1018 4149 tuus
1077 4083 1210 4165 ipsi
1277 4082 1645 4163 Pharaoni,
1728 4089 1785 4150 et
1860 4085 2143 4151 omnibus
2208 4085 2559 4168 Aeyyptiis.

614 4171 714 4236 19.
764 4168 1215 4236 Probationum
1269 4190 1644 4253 maynarum
1696 4189 1856 4253 quas
1909 4171 2198 4235 viderunt
2238 4171 2400 4236 oculi
2442 4172 2556 4249 tui,

611 4261 668 4321 et
719 4258 1072 4339 siynorum,
1126 4260 1684 4340 portentorumque,
1737 4262 1795 4320 et
1834 4275 2063 4322 manus
2104 4258 2372 4333 validae,
2418 4255 2558 4321 bra-

610 4341 853 4423 chiique
894 4342 1120 4406 extenti
1185 4361 1308 4423 quo
1349 4341 1563 4406 eduxit
1614 4346 1671 4407 te
1730 4341 1961 4407 Iebova
2018 4341 2195 4409 Deus
2237 4347 2414 4408 tuus.-
2465 4344 2559 4408 sic

608 4427 800 4510 faciet
859 4427 1091 4491 Iehova
1133 4427 1314 4491 Deus
1356 4434 1506 4492 tuus
1558 4428 1842 4493 omnibus
1887 4429 2143 4511 populis
2199 4450 2240 4493 a
2295 4448 2559 4510 quorum

609 4518 934 4592 conspectu
989 4514 1169 4578 times
1224 4513 1353 4577 tibi.
1454 4513 1557 4579 20.
1621 4512 1954 4579 Praeterea
2016 4514 2373 4580 crabronem
2441 4515 2558 4578 im-

613 4599 811 4663 mittet
866 4597 1095 4664 Iehova
1139 4598 1319 4665 Deus
1374 4604 1521 4664 tuus
1576 4601 1645 4664 in
1700 4621 1827 4676 cos,
1871 4600 2089 4666 'donec
2130 4602 2396 4681 pereant
2449 4602 2559 4682 qui

611 4684 1054 4766 superfuerint,
1091 4690 1150 4747 et
1183 4686 1295 4765 qui
1331 4684 1762 4752 absconderint
1790 4707 1855 4751 se
1889 4707 1932 4750 a
1962 4686 2126 4768 facie
2150 4692 2279 4751 tua.
2328 4685 2429 4751 21.
2462 4685 2561 4751 Ne

599 4789 843 4855 paveas
899 4788 942 4832 a
992 4769 1159 4852 facie
1227 4790 1468 4837 eorum.-
1533 4773 1687 4853 quia
1747 4772 1976 4837 Iehova
2036 4772 2219 4839 Deus
2270 4778 2418 4836 tuus
2473 4776 2561 4835 est

612 4858 685 4922 in
728 4856 931 4921 medio
973 4855 1098 4931 tui,
1155 4854 1333 4920 Deus
1386 4860 1704 4922 maximus
1762 4864 1819 4922 et
1872 4857 2190 4923 terribilis.
2279 4857 2381 4923 22.
2428 4857 2561 4922 Esc-

601 4942 907 5025 pelletque
951 4939 1182 5005 Iehova
1242 4942 1416 5007 Deus
1468 4948 1613 5007 tuus
1664 4949 1872 5026 yentes
1926 4944 2081 5010 illas
2138 4965 2179 5008 a
2227 4943 2395 5026 facie
2449 4950 2561 5008 tua

601 5029 926 5113 paulatim
956 5026 1308 5110 paulatim.-
1348 5049 1471 5094 non
1501 5031 1740 5111 poteris
1781 5029 2100 5096 absumere
2142 5049 2250 5095 eas
2292 5031 2438 5108 cito,
2486 5051 2561 5094 ne

615 5115 1056 5196 multiplicetur
1090 5118 1300 5177 contra
1341 5119 1397 5178 te
1439 5115 1634 5181 bestia
1668 5117 1828 5199 ayri.
1916 5115 2017 5182 23.
2081 5116 2372 5180 Attamen
2432 5122 2560 5180 tra-

615 5202 716 5267 det
757 5221 866 5265 eas
923 5198 1151 5264 Iehova
1193 5198 1374 5265 Deus
1436 5207 1586 5266 tuus
1627 5222 1834 5266 coram
1879 5207 1966 5280 te,
2026 5206 2081 5267 et
2141 5207 2398 5267 conteret
2450 5222 2558 5266 eas

613 5287 969 5352 contritione
1008 5286 1312 5362 maxima,
1357 5286 1543 5352 donec
1571 5288 1930 5368 perdantur
1960 5290 2156 5369 ipsae.
2245 5287 2346 5353 24.
2399 5287 2559 5352 Tra-

607 5373 828 5454 ἀείραο
871 5392 1043 5454 reyes
1085 5393 1302 5438 earum
1346 5373 1417 5437 in
1452 5393 1709 5439 manum
1750 5378 1942 5454 tuam,
1989 5380 2046 5439 et
2075 5374 2303 5455 perdes
2336 5393 2558 5439 nomen

1984 459 2499 532 SECUNDUM
2542 458 3191 528 PRAEOEP‘I'UM'.

4451 462 4554 531 552

2658 664 2879 711 earum
2899 645 3108 712 desub
3127 645 3316 713 coelo:
3346 667 3477 712 non
3499 647 3779 713 consistet
3798 647 4134 730 quisquam
4156 666 4362 713 coram
4378 653 4442 727 te,
4471 650 4558 718 do·

2654 751 2767 797 nec
2796 730 3038 815 perdas
3082 751 3199 797 eos.
3289 732 3394 799 25.
3445 731 3781 815 Sculptilia
3823 732 4076 798 deorum
4117 733 4393 817 ipsorum
4428 754 4559 801 ωηι-

2656 817 2841 883 bures
2881 817 3050 901 iyni:
3107 838 3232 883 non
3271 820 3663 900 concupisces
3705 824 4031 904 arpentum
4077 823 4134 882 et
4174 840 4395 884 aurum
4431 841 4563 903 quae

2655 909 2804 970 sunt
2845 923 3035 985 super
3077 923 3168 983 ea,
3214 908 3272 969 et
3312 905 3535 987 capias
3575 905 3719 970 tibi:
3788 927 3864 970 ne
3905 905 4203 987 illaquees
4244 910 4300 970 te
4340 906 4403 971 in
4440 906 4562 972 illo:

2656 990 3030 1056 abominatio
3073 990 3237 1054 enim
3281 990 3547 1056 Iehovae
3587 990 3718 1056 Dei
3758 992 3854 1057 tui
3895 997 4000 1055 est.
4089 991 4193 1056 26.
4245 990 4445 1073 Neque
4483 994 4565 1058 in·

2656 1076 2934 1142 troduces
2976 1074 3492 1142 abominationem
3532 1077 3605 1141 in
3646 1077 3897 1142 domum
3937 1081 4143 1152 tuam,
4198 1082 4254 1143 et
4303 1078 4390 1142 sis
4436 1099 4566 1144 ana-

2657 1161 2861 1228 thema
2929 1161 3091 1227 sicut
3156 1161 3353 1228 illud.-
3418 1162 3768 1228 detestando
3831 1163 4222 1228 detestaberis
4273 1162 4451 1238 illud.
4521 1168 4568 1229 et

2657 1247 3074 1313 abominando
3108 1246 3562 1314 abominaberis
3602 1248 3782 1329 illud,
3827 1249 3983 1332 quia
4034 1253 4123 1314 est
4164 1248 4494 1315 anathema.

2831 1419 2932 1486 16.
2977 1418 3416 1501 Absumesque.
3479 1419 3806 1501 Quorsum
3852 1419 4076 1485 iubeat
4117 1420 4386 1505 populos
4417 1420 4569 1488 cha-

2657 1525 2827 1569 naan
2875 1505 3170 1584 interfici,
3227 1527 3311 1571 ex
3368 1506 3656 1572 secunda
3699 1512 3883 1589 parte
3928 1528 4156 1572 versus
4199 1506 4426 1590 liquet:
4477 1507 4573 1574 ubi

2659 1601 2840 1655 vetat
2882 1611 3107 1655 eorum
3154 1588 3309 1656 deos
3354 1592 3494 1657 coli.
3556 1591 3701 1656 Hoc
3738 1592 3946 1675 igitur
3987 1604 4406 1678 praeceptum
4447 1592 4575 1660 aliis

2656 1677 3023 1759 respondet,
3071 1677 3182 1741 ubi
3225 1677 3531 1744 similiter
3574 1679 3846 1764 populos
3891 1678 4037 1743 illos
4080 1677 4165 1744 ad
4213 1679 4573 1745 internecio-

2656 1784 2809 1827 nem
2886 1761 3190 1828 destinat.
3298 1762 3492 1845 Quod
3559 1776 3775 1829 autem
3845 1764 4001 1829 alibi
4068 1765 4359 1849 exposui,
4422 1787 4578 1833 nunc

2658 1859 3024 1931 praetereo:
3087 1850 3398 1916 saevitiae
3443 1871 3573 1914 non
3620 1871 3808 1933 posse
3853 1849 4131 1915 adscribi
4187 1872 4384 1934 quam
4439 1872 4577 1934 erga

2657 1935 3018 1999 obstinatos
3063 1945 3132 1997 et
3185 1932 3397 2001 decies
3457 1935 3742 2019 perditos
3789 1936 4141 2001 vindictam
4188 1939 4372 2003 Deus
4413 1958 4580 2002 exer-

2657 2021 2811 2085 cuit.
2923 2021 3091 2086 Nam
3138 2041 3336 2103 quum
3380 2020 3879 2105 quadringentis
3922 2032 4075 2086 ante
4120 2024 4314 2088 annis
4356 2022 4581 2088 dictum

2655 2106 2889 2172 fnisset
2951 2105 3297 2184 Abrahae,
3379 2108 3669 2172 nondum
3746 2106 4106 2191 completas
4171 2129 4317 2175 esse
4380 2129 4585 2175 eorum

2657 2193 3055 2276 iniquitates,
3103 2211 3233 2257 non
3281 2204 3639 2276 potuerunt
3680 2195 3839 2259 satis
3875 2195 4184 2259 atrociter
4219 2215 4340 2277 pro
4374 2196 4585 2260 merito

2658 2283 2960 2356 tractari,
3022 2280 3132 2361 qui
3193 2292 3326 2343 tam
3385 2279 3726 2345 licentiose
3786 2289 3852 2344 et
3895 2280 4189 2363 improbe
4234 2280 4433 2366 longa
4471 2278 4586 2346 Dei

2659 2365 3005 2429 tolerantia
3069 2363 3255 2430 abusi
3335 2366 3619 2431 fuerant.
3729 2364 3863 2431 Sed
3943 2365 4429 2432 observandum
4502 2376 4589 2432 est

2660 2450 2787 2516 Dei
2833 2450 3206 2527 consilium,
3272 2473 3388 2517 eur
3434 2461 3563 2516 tam
3612 2453 3902 2536 praecise
3946 2451 4268 2518 Israelitis
4310 2453 4587 2518 iniunxe-

2661 2537 2780 2613 rit,
2864 2546 2939 2600 ut
3002 2536 3268 2619 penitus
3335 2538 3627 2602 delerent
3692 2537 4001 2620 quidquid
4070 2539 4205 2604 illie
4274 2550 4587 2622 repertum

2661 2631 2850 2687 esset.
2897 2624 3370 2705 Praeterquam
3416 2623 3591 2687 enim
3639 2624 3808 2707 quod
3857 2644 3967 2689 eos
4002 2645 4230 2690 omnes
4268 2626 4485 2704 semel,
4525 2636 4589 2688 ut

2663 2709 2845 2791 digni
2891 2720 3097 2787 erant,
3144 2709 3346 2773 exitio
3391 2710 3749 2786 addixerat,
3796 2721 4040 2775 terram
4072 2731 4332 2794 quoqne
4376 2712 4443 2775 in
4479 2728 4591 2793 qua

2660 2793 3098 2860 invocandum
3144 2807 3285 2859 erat
3328 2795 3471 2861 eius
3506 2816 3766 2874 nomen,
3812 2795 4018 2860 voluit
4050 2796 4361 2862 omnibus
4398 2797 4589 2879 inqui-

2666 2882 2987 2946 namentis
3030 2881 3318 2964 purgari.
3430 2882 3570 2946 Iam
3616 2883 3671 2945 si
3716 2882 3829 2964 qui
3869 2901 3953 2946 ex
4000 2881 4336 2947 veteribus
4379 2882 4591 2948 incolis

2664 2967 2942 3031 fuissent
2984 2966 3387 3049 superstites,
3435 2967 3653 3033 conati
3693 2967 3975 3032 fuissent
4016 2989 4168 3033 suas
4203 2968 4590 3052 corruptelas

2663 3052 2940 3119 subinde
2984 3073 3329 3119 renovare:
3377 3062 3441 3119 et
3483 3075 3682 3137 quum
3721 3053 3965 3136 alioqui
4002 3053 4147 3137 plus
4182 3055 4349 3121 satis
4384 3053 4465 3120 ad
4498 3077 4590 3120 su·

2666 3140 3083 3222 perstitiones
3136 3140 3449 3223 propensi
3497 3149 3717 3206 essent
3769 3140 4120 3218 Israelitae,
4181 3141 4375 3208 facile
4418 3141 4592 3206 tracti

2665 3235 2886 3290 essent
2928 3224 3010 3289 ad
3055 3227 3327 3291 colenda
3371 3224 3564 3291 idola.
3662 3225 3846 3290 Haec
3888 3225 4090 3309 igitur
4133 3229 4307 3292 ratio
4352 3236 4454 3293 est
4492 3245 4595 3291 cnr

2666 3310 2850 3376 Deus
2884 3311 3233 3394 quidquam
3261 3311 3691 3377 humanitatis
3725 3312 3829 3378 vel
3866 3312 4252 3379 clementiae
4272 3314 4410 3380 illis
4432 3332 4593 3396 prae-

2665 3396 2829 3462 stari
2876 3406 3069 3475 vetet,
3100 3398 3308 3463 'sicuti
3345 3418 3427 3462 ex
3463 3406 3776 3465 contextu
3814 3407 4035 3480 patere
4070 3399 4415 3465 admonui:
4451 3398 4595 3464 haec

2663 3484 2838 3547 enim
2885 3483 3080 3548 simul
3139 3484 3521 3562 cohaerent,
3589 3506 3674 3549 ne
3714 3494 3992 3567 parcant
4030 3485 4361 3569 gentibus,
4418 3495 4484 3551 et
4522 3504 4596 3549 ne

2663 3569 2882 3635 colant
2921 3589 3145 3634 earum
3194 3569 3367 3636 deos.
3456 3571 3651 3635 Ratio
3709 3590 3873 3653 quae
3928 3569 4222 3637 additur:
4279 3570 4457 3653 Quia
4509 3570 4594 3635 la-

2664 3676 2867 3738 queus
2922 3655 3027 3721 vel
3087 3655 3552 3721 offendiculum
3609 3656 3736 3720 erit
3797 3654 3949 3736 tibi,
4011 3656 4092 3722 ad
4158 3668 4375 3723 totum
4435 3676 4596 3724 com-

2661 3742 2931 3825 plexum
3008 3741 3278 3806 extendi
3355 3742 3574 3806 debet:
3659 3763 3893 3826 nempe
3962 3742 4227 3808 exitiale
4290 3744 4432 3810 fore
4494 3742 4590 3806 In-

2662 3827 2857 3976 dfieis,
2900 3828 2956 3891 si
3002 3827 3306 3910 gentibus
3350 3836 3627 3912 parcant
3668 3849 3833 3911 quae
3868 3829 4043 3913 ipsos
4078 3829 4162 3894 ad
4196 3829 4593 3915 impietatem

2660 3934 2700 3977 a
2751 3913 2968 3978 ieient.

2835 3999 2936 4064 17.
2989 3999 3195 4081 Quum
3250 4000 3497 4065 dixeris
3555 4000 3626 4067 in
3666 3999 3843 4065 corde
3876 4004 3998 4066 tuo.
4086 3999 4265 4081 Quia
4309 4024 4417 4068 res
4461 4001 4595 4085 plns

2660 4104 2855 4168 quam
2905 4082 3189 4151 difficilis
3237 4097 3378 4151 erat
3433 4095 3681 4150 tantam
3731 4084 4071 4151 hominnm
4117 4087 4594 4153 multitudinem

2660 4171 2894 4248 delere,
2932 4180 2998 4237 et
3032 4174 3177 4256 ipsa
3213 4170 3578 4255 desperatio
3612 4192 3721 4238 eos
3758 4174 3823 4235 in
3862 4170 4107 4237 rabiem
4142 4173 4411 4258 adigere
4432 4187 4594 4257 pote-

2660 4265 2792 4333 rat,
2847 4267 2922 4321 ut
2977 4258 3412 4339 periculosum
3469 4267 3641 4323 esset
3694 4257 4014 4324 Israelitis
4067 4279 4331 4324 omnem
4380 4261 4595 4325 veniae

2660 4357 2842 4427 spem
2900 4342 3301 4425 praecidere,
3356 4344 3635 4410 occurrit
3694 4342 3879 4409 Deus
3923 4346 4172 4424 timori,
4232 4358 4302 4412 et
4357 4367 4469 4412 eos
4522 4341 4593 4408 ad

2659 4437 2995 4494 strenuam
3039 4428 3261 4496 iudicii
3306 4430 3408 4495 sui
3454 4430 3992 4512 exsequutionem
4037 4429 4361 4497 hortatur.
4415 4428 4594 4499 Unde

2657 4514 2991 4599 colligitur
3035 4516 3216 4580 utilis
3255 4514 3578 4581 doctrina:
3616 4515 3874 4598 quoties
3909 4517 4092 4582 Deus
4126 4516 4405 4584 mandat
4436 4513 4594 4601 qnod

2659 4601 2833 4665 vires
2878 4611 3133 4667 nostras
3192 4611 3490 4686 superat,
3541 4601 3901 4685 parendum
3955 4603 4392 4669 nihilominus
4446 4620 4594 4679 esse,

2661 4695 2730 4751 et
2772 4706 3198 4770 quaecunque
3242 4687 3325 4753 ad
3370 4709 3491 4752 nos
3536 4684 3980 4772 impediendos
4025 4711 4096 4755 se
4138 4690 4454 4774 ingerant
4492 4687 4594 4752 ob-

2660 4774 2928 4853 stacula,
2971 4773 3282 4840 audacter
3326 4772 3905 4859 perrumpendum.
3994 4776 4225 4858 Itaque
4267 4778 4342 4840 in
4387 4773 4595 4842 arduis

2660 4860 2962 4924 omnibus
3007 4860 3289 4944 negotiis
3333 4871 3668 4925 succurrat
3710 4858 3873 4924 haec
3915 4858 4231 4940 doctrina,
4292 4857 4595 4946 quidquid

2664 4945 2784 5008 Dei
2832 4946 3103 5027 imperio
3146 4947 3545 5012 contrarium
3594 4954 3710 5023 est,
3760 4945 4086 5013 immensa
4128 4948 4268 5013 eius
4314 4946 4595 5030 potentia

2658 5031 2848 5096 facile
2893 5052 3080 5114 posse
3125 5031 3385 5097 aboleri.
3474 5030 3727 5096 Verum
3787 5034 3941 5114 quia
3983 5042 4195 5099 terror
4235 5034 4446 5099 oculis
4501 5033 4592 5095 in-

2658 5117 2867 5181 iectus
2912 5118 3132 5183 statim
3178 5118 3275 5182 ita
3316 5127 3584 5200 occupat
3620 5138 3853 5184 sensus
3886 5140 4133 5198 omnes,
4179 5129 4252 5183 ut
4289 5128 4590 5203 tanquam

2659 5201 2897 5287 torpidi
2943 5204 3300 5281 iaceamus,
3355 5204 3424 5268 in
3479 5204 3856 5268 memoriam
3904 5205 4087 5270 Deus
4130 5205 4454 5271 Israelitis
4505 5221 4590 5268 re-

2660 5299 2849 5354 vocat
2889 5309 3084 5370 quam
3129 5288 3554 5372 multiplicem
3598 5289 3875 5355 fiduciae
3912 5294 4247 5357 materiam
4284 5290 4416 5356 illis
4449 5310 4589 5372 sug-

2659 5374 2952 5458 gesserit.
3033 5374 3201 5440 Nam
3249 5384 3564 5460 quotquot
3607 5374 3905 5443 ediderat
3947 5376 4281 5457 miracula,
4328 5374 4586 5442 totidem
