4867 6150
341 452 429 519 85
868 540 881 567 θ
1509 455 2254 524 COMMENTARIUS
2301 457 2399 523 IN
2445 458 2747 526 EXODI
2795 460 2993 528 OAP.
3039 461 3199 530 VII.
4270 467 4362 534 86

342 643 571 709 tudine
616 645 883 710 territus
927 644 1294 711 iniunctam
1338 645 1464 711 sibi
1508 644 1913 730 legationem
1952 666 2144 730 saepe
2181 646 2294 712 de-

330 741 740 814 precaretur.
784 730 851 795 Ν
853 751 956 796 am
1002 733 1070 795 in
1118 733 1249 797 fine
1278 731 1528 815 capitis,
1576 732 1768 797 tertio
1804 734 2293 799 excusationem

338 814 524 883 illam
569 818 824 899 repetit,
862 816 1032 901 quod
1079 839 1210 881 non
1258 828 1431 883 esset
1474 816 1788 896 disertus,
1848 817 1962 884 sed
2024 818 2293 903 linguae

338 901 566 967 tardae
613 913 682 966 et
725 902 1092 987 impeditae.
1161 904 1239 969 In
1287 904 1464 970 hunc
1507 925 1663 988 ergo
1700 926 1967 988 scopum
2006 905 2293 970 tendunt

336 989 578 1069 omnia,
616 996 690 1053 ut
718 989 856 1054 Deo
891 989 1193 1055 vendicet
1231 990 1526 1055 beneficii
1561 991 1661 1056 sui
1701 990 1981 1069 laudem,
2025 993 2294 1074 eiusque

337 1073 619 1156 gloriam
666 1075 1039 1159 amplificet.
1129 1075 1212 1140 In
1271 1098 1466 1142 versu
1526 1075 1631 1143 28.
1678 1076 1897 1159 aliqua
1940 1085 2039 1142 est
2086 1075 2290 1141 ambi·

336 1161 577 1245 guitas.
638 1161 870 1227 Posset
894 1163 1068 1226 enim
1097 1183 1394 1228 seorsum
1420 1163 1548 1247 legi
1576 1162 1696 1228 hoc
1726 1183 1946 1241 sensu,
1987 1183 2117 1228 non
2145 1174 2289 1228 tan-

336 1255 482 1312 tum
540 1247 607 1311 in
671 1246 928 1313 deserto
991 1247 1256 1314 Madian
1316 1249 1659 1332 loquutum
1701 1248 1903 1314 fuisse
1950 1247 2168 1314 Deum
2216 1256 2294 1313 ut

334 1332 573 1398 Mosen
610 1332 986 1398 redimendo
1020 1334 1258 1417 populo
1293 1335 1689 1418 praeficeret,
1726 1333 1839 1401 sed
1864 1335 2060 1399 etiam
2085 1336 2289 1399 inter-

333 1419 549 1502 posito
587 1420 897 1503 temporis
952 1440 1299 1504 progressu
1361 1423 1427 1485 in
1493 1424 1812 1504 Aegypto.
1902 1419 2009 1486 Ita
2066 1420 2134 1485 in
2182 1420 2286 1485 die

336 1505 725 1570 tantundem
772 1506 1023 1571 valeret
1065 1516 1257 1589 atque
1301 1517 1447 1589 post
1484 1505 1747 1589 aliquod
1790 1516 2081 1589 tempus:
2125 1506 2287 1570 mihi

333 1600 562 1656 tamen
604 1592 848 1658 rectius
893 1591 1158 1657 videtur
1203 1600 1332 1658 uno
1377 1601 1691 1660 contextu
1737 1602 1869 1658 tres
1913 1613 2148 1658 versus
2194 1592 2286 1657 si-

330 1676 477 1743 mul
509 1678 747 1762 legere.

1062 2018 1365 2087 CAPUT
1414 2018 1568 2085 VII.

328 2226 343 2245 ι
508 2193 563 2259 1.
613 2188 704 2257 Et
744 2192 912 2258 dixit
952 2190 1182 2258 Iehova
1218 2192 1303 2257 ad
1328 2189 1578 2256 Mosen.-
1622 2189 1795 2270 Eece,
1830 2191 2285 2258 dediteDeum

329 2280 696 2355 Pharaoni,
747 2279 982 2361 eritque
1016 2277 1283 2343 Aharon
1322 2276 1522 2359 frater
1565 2282 1711 2342 tuus
1757 2272 2069 2359 Propheta
2116 2283 2278 2344 tuae.

322 2368 392 2433 2.
443 2366 544 2430 Tu
586 2365 860 2447 loqueris
900 2364 1114 2430 omnia
1154 2383 1316 2445 quae
1358 2364 1736 2429 mandavero
1756 2361 1887 2442 tibi,
1930 2369 1987 2429 et
2015 2362 2281 2430 Aharon

315 2454 528 2536 frater
569 2450 848 2535 loquetur
888 2451 975 2517 ad
1006 2449 1419 2526 Pharaonem,
1461 2454 1532 2514 ut
1572 2450 1845 2515 dimittat
1877 2448 2047 2530 filios
2069 2450 2282 2535 Israel

317 2562 356 2606 e
400 2544 572 2605 terra
613 2558 752 2602 sua.
841 2536 902 2602 3.
948 2535 1086 2620 Eyo
1137 2539 1343 2601 autem
1384 2535 1692 2600 indurabo
1735 2554 1838 2599 cor
1898 2534 2277 2615 Pharaoni-9,

319 2629 386 2691 et
424 2623 846 2705 multiplicabo
886 2623 1071 2707 siqna
1112 2641 1268 2702 mea,
1314 2625 1495 2702 atque
1530 2626 1814 2703 portenta
1855 2641 1997 2686 mea
2017 2622 2090 2687 in
2110 2627 2279 2687 terra

318 2710 615 2796 Aeyypti.
661 2710 722 2775 4.
773 2707 859 2772 Et
899 2729 1026 2773 non
1067 2707 1283 2773 audiet
1320 2727 1431 2772 vos
1478 2705 1768 2771 Pharao:
1810 2707 1920 2772 sed
1954 2708 2278 2773 extendam

313 2817 585 2864 manum
643 2815 844 2860 meam
899 2814 1090 2879 super
1145 2796 1517 2877 Aeyyptum‚
1578 2798 1634 2858 et
1675 2792 1933 2857 educam
1973 2796 2276 2859 exercitus

312 2903 505 2964 meos,
571 2887 627 2947 et
659 2881 969 2965 populum
1001 2900 1205 2945 meum
1244 2879 1413 2961 filios
1457 2878 1669 2945 Israel
1722 2899 1753 2943 e
1796 2883 1966 2945 terra
2008 2881 2277 2963 Aeyypti

314 2972 398 3035 in
440 2969 701 3034 iudiciis
741 2968 1010 3052 magmis,
1099 2965 1159 3031 5.
1217 2964 1306 3029 Et
1357 2968 1703 3049 cognoscent
1758 2967 2058 3048 Aegyptii
2110 2966 2274 3049 quod

312 3077 429 3141 eqo
470 3055 596 3122 sim
638 3053 884 3134 ΙεΙιουα,
929 3073 1124 3136 quum
1167 3052 1488 3118 extendero
1528 3070 1788 3116 manum
1830 3070 2032 3117 meam
2084 3073 2275 3136 super

310 3144 704 3227 Aegyptum,
766 3145 821 3205 et
886 3140 1155 3205 eduxero
1215 3138 1383 3221 filios
1442 3137 1651 3203 Israel
1704 3159 1737 3203 e
1791 3137 1994 3203 medio
2037 3159 2268 3205 eorum.

310 3231 383 3296 6.
425 3227 603 3294 Fecit
641 3247 781 3312 erqo
827 3225 1039 3291 Moses
1078 3230 1136 3290 et
1175 3223 1475 3290 Aharon:
1517 3224 1704 3289 sicuti
1736 3230 2142 3307 praeceperat
2174 3226 2274 3291 Ie-

307 3315 481 3381 hova
522 3314 702 3396 ips-ic,
741 3313 834 3378 sic
871 3312 1161 3393 fecerunt.
1253 3309 1311 3374 7.
1360 3307 1571 3375 Moses
1625 3315 1829 3375 autem
1881 3308 2064 3391 filias
2116 3315 2271 3377 octo·

302 3402 497 3489 yinta
537 3420 849 3466 armorum
887 3398 1040 3480 fuit,
1106 3401 1161 3461 et
1217 3395 1482 3462 Aharo‘n
1519 3396 1699 3478 filius
1735 3397 2035 3480 octoginta
2078 3397 2272 3463 trium

307 3508 650 3567 annorum
693 3505 886 3568 quam
928 3483 1316 3566 loquerentur
1357 3482 1445 3548 ad
1490 3481 1908 3547 Pharaonem.

498 3658 555 3724 1.
602 3656 689 3722 Et
742 3657 906 3721 dixit
958 3653 1187 3720 Iehova
1251 3653 1336 3718 ad
1395 3651 1631 3719 Mosen.
1720 3654 1982 3720 Recitat
2024 3655 2265 3721 iterum

310 3745 544 3812 Moses
588 3742 905 3808 anxietati
965 3762 1121 3805 suae
1186 3740 1526 3816 solatium,
1595 3747 1661 3803 et
1718 3739 2120 3807 diffidentiae
2160 3763 2264 3808 re-

310 3831 609 3897 medium
647 3828 1011 3894 adhibitum
1057 3827 1286 3891 fuisse:
1338 3824 1490 3908 quia
1534 3834 1602 3890 et
1644 3828 1783 3909 ipse
1819 3825 2043 3891 divina
2077 3837 2262 3893 auto·

311 3920 516 3984 ritate
557 3929 827 3981 ornatus
868 3914 1010 3990 fuit,
1052 3922 1120 3977 et
1162 3911 1354 3977 datus
1389 3921 1491 3976 est
1525 3911 1796 3977 Aharon
1834 3932 2049 3978 comes
2071 3924 2266 3997 atque

308 4004 597 4070 adiutor.
644 4002 815 4067 Nam
851 3999 1159 4065 constitui
1182 3998 1513 4064 Pharaoni
1535 3998 1600 4062 in
1633 3998 1845 4062 Deum
1871 3999 2263 4066 tantundem

310 4091 499 4155 valet
543 4099 735 4170 atque
779 4087 1014 4151 instrui
1040 4105 1298 4150 summo
1334 4085 1608 4166 imperio
1647 4097 1714 4149 et
1752 4094 2092 4167 potestate,
2132 4108 2261 4169 qua

309 4175 590 4262 tyranni
634 4173 1005 4256 superbiam
1053 4170 1329 4237 deiiciat.
1419 4169 1558 4236 Nec
1594 4191 1751 4233 vero
1786 4170 2135 4253 quidquam
2173 4174 2260 4238 si-

308 4264 381 4329 bi
440 4260 727 4327 detraxit
772 4259 951 4323 Deus
1009 4255 1180 4339 quod
1237 4256 1305 4321 in
1351 4256 1587 4321 Mosen
1633 4257 2051 4321 transferret:
2109 4260 2260 4340 quia

304 4350 409 4415 sic
453 4346 896 4413 communicat
939 4364 1084 4408 cum
1107 4343 1316 4407 servis
1361 4342 1499 4407 suis
1544 4341 1715 4425 quod
1762 4342 1884 4407 sibi
1921 4345 2258 4428 proprium

304 4444 415 4501 est
461 4443 534 4499 ut
576 4444 837 4496 maneat
878 4449 1139 4512 semper
1171 4429 1447 4512 integer.
1515 4428 1660 4492 Imo
1705 4428 1960 4510 quoties
2004 4441 2257 4512 partem

356 4520 562 4585 loriae
585 4538 741 4584 suae
776 4515 1038 4581 videtur
1073 4514 1396 4579 ministris
1433 4515 1569 4579 suis
1599 4513 1952 4598 resignare,
1994 4525 2254 4582 tantum

300 4544 497 4673 docet
556 4604 871 4670 virtutem
930 4610 1122 4684 atque
1190 4601 1543 4666 efficaciam
1611 4601 1883 4683 spiritus
1941 4603 2044 4666 sui
2101 4623 2253 4667 cum

298 4693 571 4758 illorum
626 4688 848 4754 labore
907 4687 1046 4753 fore
1101 4688 1547 4763 coniunctam,
1606 4707 1693 4750 ne
1749 4687 1836 4751 sit
1893 4687 2253 4755 infructuo-

298 4800 439 4846 sus.
528 4775 687 4841 Fuit
729 4776 933 4860 igitur
956 4774 1176 4839 Moses
1220 4775 1287 4836 in
1311 4770 1529 4837 Deum
1565 4771 1924 4838 Pharaoni:
1986 4776 2138 4856 quia
2181 4776 2250 4839 in

297 4866 447 4949 ipso
474 4863 661 4929 Deus
686 4861 1044 4944 potentiam
1088 4879 1274 4934 suam
1310 4859 1619 4937 exseruit,
1667 4867 1741 4923 ut
1763 4859 2058 4941 superior
2080 4870 2252 4925 esset

299 4972 377 5017 re
429 4951 491 5016 'a
535 4947 901 5014 altitudine.
993 4946 1314 5012 Hebraeis
1370 4945 1597 5008 tritum
1655 4956 1755 5010 est
1812 4965 2075 5010 omnem
2135 4968 2249 5010 ex·

295 4973 678 5104 ceffentiam
721 5033 846 5097 Dei
894 5031 1081 5096 titulo
1124 5052 1377 5109 ornare,
1416 5030 1526 5114 qui
1562 5029 1740 5097 solus
1770 5030 2016 5098 eminet
2051 5051 2249 5114 supra

300 5124 559 5190 coelum
606 5129 674 5185 et
709 5130 971 5196 terram,
1017 5129 1083 5182 et
1118 5139 1236 5183 suo
1271 5116 1544 5183 arbitrio
1580 5125 1714 5181 tam
1752 5117 2017 5202 angelos
2052 5139 2247 5200 quam

302 5210 609 5274 homines
658 5204 945 5284 extollit,
1015 5203 1118 5269 vel
1192 5203 1514 5268 humiliat.
1626 5202 1772 5270 Hoc
1816 5202 2078 5280 solatio,
2147 5203 2248 5291 (ut

302 5293 470 5381 dixi)
505 5302 795 5360 correcta
828 5291 955 5355 fuit
977 5290 1181 5354 Mosis
1215 5289 1585 5367 infirmitas,
1633 5297 1709 5354 ut
1735 5289 1859 5354 Dei
1896 5291 2247 5356 autoritate

303 5384 509 5447 fretus
544 5377 868 5461 intrepide
903 5376 1077 5462 regis
1112 5377 1417 5442 ferociam
1445 5376 1823 5459 despiceret.
1863 5374 2242 5443 Subsidium

2400 649 2601 714 etiam
2660 650 2927 716 additur
2991 653 3059 716 in
3127 653 3362 732 fratre,
3432 674 3514 718 ne
3569 651 3724 736 quid
3784 654 3953 720 obsit
4008 655 4360 725 balbuties,

2398 735 2579 800 Ante
2624 745 2843 803 autem
2892 738 3138 803 dictum
3199 738 3354 817 fuit,
3416 739 3619 804 Mosis
3679 739 4154 824 ingratitudine
4218 742 4362 810 fac-

2402 832 2539 885 tum
2580 842 2722 887 esse
2767 832 2844 887 ut
2879 822 3147 887 dimidia
3182 845 3333 905 pars
3378 823 3645 889 honoris
3690 825 3773 890 ad
3817 826 4088 891 fratrem
4137 827 4360 893 trans-

2396 907 2542 971 iret.
2634 906 3026 992 Quanquam
3066 909 3268 990 Deus‚
3314 912 3561 975 socium
3604 915 3661 975 ei
3698 910 4086 996 adiungens,
4134 914 4357 999 digni-

2398 1003 2600 1057 tatem
2660 995 2754 1059 sic
2811 994 3148 1059 imminuit
3201 1004 3275 1059 ut
3340 999 3845 1080 primogenitum
3895 1019 4086 1064 suum
4133 1001 4357 1067 minor

2397 1088 2554 1143 natu
2598 1080 3036 1146 antecederet.
3122 1081 3496 1164 Prophetae
3541 1103 3782 1148 nomen
3822 1083 3928 1149 hic
3980 1105 4099 1167 pro
4140 1085 4353 1151 inter-

2396 1175 2582 1246 prete
2625 1167 2918 1248 capitur:
2964 1166 3120 1248 quia
3163 1167 3615 1250 propheticum
3662 1189 3904 1233 munus
3951 1171 4215 1237 nonnisi
4264 1172 4352 1239 ab

2394 1271 2529 1314 uno
2575 1251 2716 1316 Deo
2761 1263 3007 1317 manat.
3079 1249 3212 1318 Sed
3258 1255 3411 1335 quia
3446 1254 3626 1319 Deus
3672 1275 3791 1339 per
3835 1257 4031 1323 unius
4078 1279 4352 1324 manum

2395 1335 2698 1402 tradebat
2741 1337 2930 1402 alteri
2974 1336 3144 1420 quod
3192 1337 3319 1403 dici
3367 1349 3481 1403 aut
3524 1339 3665 1404 fieri
3713 1341 3992 1419 volebat,
4064 1364 4194 1407 non
4243 1365 4350 1410 se-

2394 1439 2512 1486 cus
2553 1444 2626 1488 ac
2672 1422 2816 1488 Deo
2861 1424 3203 1489 subiicitur
3248 1423 3517 1489 Aharon
3566 1425 3769 1491 Mosi:
3817 1428 4007 1493 sicuti
4062 1450 4350 1512 aequum

2393 1516 2495 1571 est
2560 1508 2803 1592 absque
2847 1509 3293 1576 controversia
3349 1532 3460 1575 eos
3516 1510 3726 1577 audiri
3772 1514 3883 1594 qui
3941 1513 4067 1578 Dei
4125 1535 4349 1597 perso-

2393 1614 2548 1658 nam
2593 1596 2938 1660 sustinent.
3009 1594 3203 1676 Quod
3243 1595 3439 1660 etiam
3478 1596 3714 1661 melius
3759 1608 3940 1679 patet
3982 1621 4068 1663 ex
4111 1622 4350 1666 sccun-

2394 1678 2475 1744 do
2527 1701 2738 1759 versu,
2784 1682 2894 1746 ubi
2920 1680 3104 1745 Deus
3141 1682 3494 1766 imperium
3529 1680 3691 1748 illud
3717 1684 3889 1748 Mosi
3928 1683 4151 1749 datum
4180 1695 4349 1751 tem-

2394 1775 2600 1848 perat,
2647 1788 2721 1834 ac
2764 1768 2901 1831 suis
2943 1766 3183 1833 finibus
3225 1769 3717 1834 circumscribit.
3806 1768 3979 1834 Nam
4017 1770 4129 1836 ubi
4166 1771 4346 1856 loqui

2393 1850 2578 1917 iubet
2643 1872 3075 1935 quaecunque
3144 1853 3586 1929 mandaverit,
3661 1855 3730 1919 in
3796 1855 4095 1921 ordinem
4172 1859 4350 1944 cogit

2391 1938 2772 2003 ministrum
2819 1959 3033 2016 suum,
3098 1950 3165 2003 et
3206 1941 3495 2006 continet
3539 1940 3609 2004 in
3654 1939 3994 2025 obsequi0,
4062 1964 4145 2009 no
4189 1942 4350 2027 quid

2389 2022 2519 2087 iuri
2563 2043 2682 2089 suo
2732 2024 3018 2090 decedat.

2562 2110 2622 2175 3.
2681 2109 2820 2194 Eyo
2863 2115 3072 2199 autem
3115 2109 3443 2177 indurabo,
3534 2112 3860 2193 Quoniam
3908 2113 4201 2195 asperior
4244 2123 4348 2181 est

2387 2194 2702 2279 loquutio,
2744 2197 2814 2260 in
2850 2217 2928 2261 ea
2965 2195 3322 2281 mitiganda
3358 2198 3657 2262 laborant
3700 2198 3889 2262 multi
3926 2202 4342 2282 interpretes,

2388 2293 2461 2345 ut
2504 2290 2658 2346 ante
2704 2281 2862 2348 dixi.
2951 2283 3132 2348 Hinc
3188 2284 3432 2349 factum
3492 2292 3591 2349 est
3648 2292 3720 2348 ut
3769 2283 3883 2348 alii
3940 2285 4342 2352 coniunctim

2385 2367 2708 2451 legerent:
2768 2366 3106 2433 Indurabo
3140 2388 3253 2434 cor
3284 2369 3655 2435 Pharaonis
3690 2369 4181 2453 multiplicando
4205 2373 4341 2458 sig-

2386 2474 2500 2519 na:
2561 2474 2637 2520 ac
2694 2455 2751 2519 si
2809 2462 3116 2520 externas
3160 2454 3617 2521 obstinationis
3653 2476 3885 2521 causas
3930 2458 4114 2522 Deus
4158 2466 4342 2524 nota-

2382 2548 2502 2606 ret.
2584 2539 2721 2606 sed
2764 2540 2920 2604 alibi
2954 2540 3085 2605 iam
3127 2535 3348 2605 docuit
3382 2541 3620 2621 Moses,
3666 2562 3740 2605 ac
3765 2550 4011 2624 postea
4047 2551 4339 2626 repetet:

2384 2626 2532 2691 aliis
2577 2625 2788 2691 modis
2828 2647 3024 2710 quam
3062 2626 3376 2693 miracula
3412 2627 3663 2692 edendo
3708 2627 4098 2693 obduratum
4136 2630 4341 2697 fuisse

2383 2731 2423 2775 a
2472 2713 2610 2777 Deo
2655 2712 2829 2796 regis
2873 2713 3189 2783 animum.
3282 2712 3624 2793 Quantum
3675 2713 3755 2777 ad
3806 2715 4006 2779 verba
4064 2725 4335 2802 spectat,

2382 2819 2512 2862 non
2561 2798 2786 2864 dubito
2831 2799 2989 2881 quin
3014 2794 3202 2864 Deus
3236 2799 3456 2883 priore
3499 2799 3795 2865 membro
3831 2820 4102 2865 servum
4136 2823 4336 2867 suum

2381 2893 2597 2949 armet
2639 2883 2718 2948 ad
2765 2885 3221 2962 constantiam,
3268 2906 3399 2968 qua
3442 2884 3699 2950 fortiter
3742 2886 4011 2951 resistat
4061 2888 4336 2972 tyranni

2380 2971 2847 3048 contumaciae,
2894 2970 3129 3035 deinde
3159 2970 3519 3036 remedium
3566 2969 3688 3036 sibi
3733 2972 3801 3035 in
3845 2985 4152 3055 promptu
4189 2995 4332 3040 esse

2380 3057 2749 3138 admoneat.
2840 3055 2953 3123 Sic
3010 3056 3217 3141 igitur
3273 3055 3660 3122 vertendum
3718 3055 3898 3122 hunc
3956 3056 4168 3124 locum
4214 3080 4333 3126 ex-

2377 3144 2627 3208 istimo:
2688 3144 2831 3228 Ego
2885 3142 3147 3226 quidem
3209 3141 3530 3207 indurabo
3594 3163 3705 3208 cor
3750 3142 4156 3225 Pharaonis,
4215 3148 4329 3212 sed
4387 3173 4398 3186 =

2377 3229 2830 3312 multiplicabo
2874 3229 3095 3312 signa:
3145 3230 3329 3312 quasi
3377 3229 3624 3294 diceret
3667 3227 4002 3294 obstaculo
4036 3230 4159 3295 sibi
4197 3252 4332 3297 non

2375 3314 2513 3381 fore
2557 3314 2864 3381 duritiem
2908 3315 3118 3393 illam,
3165 3315 3268 3379 cui
3313 3313 3714 3399 frangendae
3758 3315 4087 3380 sufficient
4127 3318 4329 3383 mira-

2374 3401 2542 3466 cula.
2631 3401 2881 3466 Eodem
2919 3422 3114 3466 sensu
3162 3401 3469 3467 continuo
3513 3409 3661 3485 post
3711 3400 3921 3470 addit:
4005 3401 4328 3482 Quamvis

2374 3508 2509 3552 non
2558 3487 2783 3552 audiat
2827 3508 2943 3553 vos
2996 3487 3290 3563 PharaO,
3357 3486 3709 3552 extendam
3777 3495 4000 3553 tamen
4058 3509 4327 3555 manum

2375 3594 2608 3639 meam.
2700 3573 2812 3639 Sic
2858 3573 3030 3637 enim
3078 3573 3348 3656 copulae
3392 3571 3566 3657 (meo
3610 3570 3877 3659 iudicio)
3914 3574 3981 3637 in
4019 3573 4328 3641 adversa-

2374 3662 2544 3724 tivae
2589 3659 2828 3724 resolvi
2878 3658 3136 3725 debent.
3227 3658 3419 3739 Quod
3456 3659 3563 3722 alii
3611 3667 3907 3724 vertunt:
3986 3659 4325 3727 Indurabo

2371 3764 2486 3810 cor
2529 3745 2895 3811 Pharaonis
2939 3752 3015 3809 ut
3058 3744 3486 3826 multiplicem
3534 3745 3753 3828 signa:
3805 3747 3994 3824 item,
4027 3767 4158 3810 non
4205 3767 4321 3812 au-

2372 3828 2508 3894 diet
2552 3851 2673 3896 vos
2717 3840 2796 3895 ut
2838 3831 3189 3896 extendam
3233 3851 3502 3896 manum
3550 3851 3798 3910 meam,
3856 3853 3984 3896 nou
4052 3852 4321 3914 prorsus

2370 3917 2609 3982 reiicio.
2676 3917 2768 3981 Et
2803 3925 2978 3982 certe
3018 3916 3088 3981 in
3136 3917 3313 3981 hunc
3350 3918 3545 3981 finem
3587 3916 3799 3981 voluit
3822 3916 4005 3980 Deus
4029 3918 4320 3984 Pharao-

2370 4023 2520 4067 nem
2567 4003 2992 4086 pertinaciter
3035 4003 3208 4068 Mosi
3253 4004 3575 4082 resistere,
3622 4023 3750 4084 quo
3786 4002 4109 4068 illustrior
4146 4013 4321 4070 esset

2367 4089 2587 4171 populi
2657 4088 3032 4171 redemptio.
3144 4087 3488 4170 Quomodo
3555 4100 3771 4153 autem
3842 4089 4026 4153 Deus
4090 4109 4315 4173 repro-

2366 4175 2485 4240 bos
2533 4174 2837 4253 obduret,
2896 4195 3029 4238 non
3086 4184 3185 4238 est
3232 4195 3491 4240 necesse
3535 4174 3746 4258 fusius
3791 4173 4111 4239 disserere
4154 4198 4312 4260 quo-

2366 4261 2486 4325 ties
2541 4259 2825 4326 occurrit
2881 4260 3043 4326 haec
3108 4260 3419 4343 loquutio.
3525 4259 3914 4325 Tenendum
3973 4270 4074 4324 est
4141 4263 4313 4344 quod

2362 4346 2495 4411 iam
2539 4346 2870 4422 admonui,
2917 4345 3191 4429 frigidos
3235 4367 3377 4411 esse
3421 4347 3862 4429 speculatores
3951 4345 4019 4409 ui
4070 4345 4142 4410 in
4189 4368 4312 4413 nu-

2362 4431 2510 4497 dam
2556 4432 3051 4516 permissionem
3097 4431 3220 4496 hoc
3262 4432 3601 4496 reiiciunt:
3648 4432 3803 4514 quia
3826 4432 3879 4496 si
3973 4453 4086 4497 eus
4134 4454 4313 4499 men-

2362 4527 2461 4583 tes
2506 4517 2934 4596 excaecando,
2985 4518 3082 4581 vel
3132 4516 3324 4583 corda
3368 4515 3767 4597 obdurando,
3835 4519 4039 4582 iustas
4085 4541 4307 4603 repro-

2358 4603 2461 4668 bis
2509 4625 2750 4687 poenas
2793 4604 3054 4688 infligit,
3100 4624 3230 4667 non
3278 4613 3535 4667 tantum
3583 4604 3829 4687 patitur
3866 4602 4165 4669 homines
4210 4608 4306 4671 fa-

2356 4711 2504 4756 cere
2549 4689 2716 4773 quod
2762 4690 2919 4773 ipsis
2961 4689 3222 4754 libitum
3268 4699 3397 4767 est,
3445 4687 3559 4752 sed
3595 4689 3905 4754 iudicium
3954 4689 4123 4770 quod
4164 4713 4303 4758 rec-

2356 4785 2501 4842 tum
2545 4798 2685 4843 esse
2734 4778 2918 4841 novit
2959 4796 3031 4839 re
3074 4776 3216 4857 ipsa
3250 4784 3530 4840 exercet.
3620 4773 3813 4840 Unde
3852 4775 4046 4839 etiam
4085 4778 4302 4860 sequi-

2354 4871 2485 4942 tur,
2529 4883 2660 4928 non
2709 4862 2900 4927 modo
2943 4862 3224 4945 gratiam
3270 4861 3538 4943 spiritus
3585 4863 3684 4926 sui
3731 4882 3883 4924 eum
3921 4859 4301 4944 subducere,

2353 4947 2468 5013 sed
2517 4947 2803 5015 Satanae
2847 4948 3147 5012 addicere
3192 4968 3352 5030 quos
3396 4945 3706 5012 caecitate
3750 4948 3990 5010 mentis
4049 4956 4115 5010 et
4160 4968 4300 5012 cor-

2352 5034 2455 5099 dis
2500 5033 2933 5099 obstinatione
2978 5033 3210 5116 dignos
3255 5054 3395 5098 esse
3439 5034 3781 5115 cognoscit.
3870 5033 4135 5096 Interea
4200 5036 4300 5099 fa-

2352 5129 2493 5184 teor
2535 5121 2876 5203 utriusque
2914 5119 3070 5184 mali
3104 5119 3365 5203 culpam
3389 5117 3671 5183 residere
3706 5120 3775 5182 in
3812 5119 3972 5200 ipsis
4009 5117 4300 5184 homini-

2351 5206 2493 5283 bus,
2538 5207 2651 5289 qui
2689 5215 2921 5288 sponte
2964 5208 3365 5283 caecutiunt,
3431 5215 3499 5270 et
3541 5218 3774 5289 sponte
3818 5224 4022 5286 usque
4065 5202 4147 5268 ad
4193 5205 4310 5269 inm

2349 5292 2602 5357 saniam
2649 5290 2954 5356 feruntur
2999 5291 3081 5356 ad
3126 5290 3390 5369 malum,
3433 5290 3536 5355 vel
3587 5299 3803 5356 ruunt.
3876 5289 4092 5370 Quam
4138 5311 4324 5358 veroa

2347 5376 2563 5461 putidi
2580 5378 2712 5443 sint
2728 5378 3230 5443 calumniatores
3253 5380 3362 5461 qui
3387 5376 3678 5442 invidiae
3699 5374 4079 5442 conflandae
4093 5393 4302 5444 causa

3911 5472 3981 5530 6*
