4867 6150
550 404 679 471 219

552 600 816 679 gentem
861 610 898 656 e
941 589 1154 655 medio
1206 590 1452 676 gentis:
1508 611 1685 656 nunc
1743 589 1953 669 addit,
2015 611 2148 656 non
2214 591 2342 656 alia
2410 592 2491 657 de

551 698 747 744 causa
785 676 851 741 id
895 676 1160 754 factum,
1207 677 1333 742 nisi
1378 675 1534 759 quia
1557 676 1741 741 Deus
1786 697 2007 741 amore
2051 698 2168 743 suo
2209 678 2492 761 comple-

551 786 678 830 xus
715 763 905 828 fuerit
928 762 1283 839 Abraham,
1321 762 1523 839 Isaac,
1562 771 1627 826 et
1660 761 1874 843 Iacob,
1911 773 1979 826 et
2000 764 2282 828 eundem
2320 785 2494 829 amo-

552 870 694 917 rem
749 869 908 934 erga
962 857 1254 931 posteros
1311 856 1742 930 prosequutus
1810 848 2025 913 fuerit.
2115 848 2491 915 Notandum

553 957 710 1002 vero
752 945 886 1013 est,
944 934 1185 998 amoris
1243 934 1501 998 nomine
1567 935 1847 1017 exprimi
1892 936 2182 1000 favorem
2239 937 2346 1019 qui
2408 958 2493 1001 ex

554 1041 731 1088 mera
767 1020 1156 1086 liberalitate
1189 1019 1353 1096 fluit,
1399 1027 1475 1084 ut
1511 1020 1897 1085 excludatur
1931 1020 2144 1086 omnis
2179 1041 2493 1106 personae

555 1108 869 1192 dignitas:
934 1106 1127 1171 sicuti
1171 1126 1255 1170 ex
1302 1106 1445 1169 aliis
1491 1105 1646 1171 locis
1691 1108 1980 1187 apertius
2023 1106 2371 1191 colligitur,
2418 1117 2495 1172 ut

554 1214 694 1277 cap.
743 1193 801 1270 7,
848 1214 908 1257 v.
953 1191 1014 1267 8,
1060 1199 1126 1255 et
1170 1191 1415 1256 Psalm.
1465 1192 1565 1271 78,
1610 1214 1670 1257 v.
1718 1192 1820 1257 68.
1908 1192 2113 1275 quue
2160 1194 2347 1258 facile
2384 1214 2494 1276 pa·

555 1289 652 1345 tet
706 1300 791 1345 ex
850 1278 1191 1344 verborum
1254 1286 1593 1356 contextu,
1661 1276 1772 1342 ubi
1829 1278 2206 1344 electionem
2267 1278 2494 1361 populi

555 1365 816 1430 deducit
873 1385 956 1428 ex
1016 1384 1237 1429 amore
1281 1384 1406 1445 quo
1450 1363 1634 1428 Deus
1677 1374 1898 1447 patres
1942 1365 2115 1448 ipsos
2181 1365 2493 1448 dignatus

552 1452 781 1516 fuerat.
872 1448 948 1515 Si
992 1449 1139 1531 quis
1182 1447 1460 1528 obiiciat,
1506 1448 1886 1515 electionem
1931 1449 2060 1514 Dei
2103 1472 2245 1516 esse
2290 1461 2495 1515 aeter-

553 1558 727 1616 nam,
770 1534 1007 1600 solutio
1049 1535 1120 1599 in
1158 1543 1462 1617 promptu
1497 1544 1616 1612 est,
1662 1556 1883 1601 semen
1927 1535 2233 1601 Abrahae
2272 1557 2492 1619 segre-

556 1633 784 1707 gatum
831 1621 1030 1685 fuisse
1075 1641 1115 1685 a
1169 1622 1422 1685 eunctis
1467 1620 1793 1704 gentibue,
1851 1623 2005 1705 quia
2046 1622 2231 1687 Deus
2288 1623 2493 1705 gratis

551 1718 806 1791 patrem
849 1705 1294 1789 adoptaverat.
1383 1706 1708 1771 Tenemus
1746 1728 1923 1772 nunc
1965 1708 2309 1773 consilium
2348 1708 2491 1772 Mo-

553 1794 678 1872 sis,
742 1790 1193 1857 liberationem
1258 1792 1484 1874 populi
1539 1792 1800 1858 nonnisi
1857 1793 1983 1858 Dei
2044 1794 2316 1859 bonitati
2377 1793 2492 1858 ad-

552 1878 750 1944 scribi
795 1899 997 1961 posse.
1088 1877 1241 1942 Alia
1298 1876 1531 1943 deinde
1591 1879 2081 1945 circumstantia
2140 1880 2495 1962 amplificat

551 1964 675 2029 hoc
720 1964 1121 2042 beneficium,
1168 1964 1337 2046 quod
1379 1964 1559 2029 Deus
1603 1966 1877 2048 magnis·
1905 1977 1971 2029 et
2007 1965 2292 2031 robustis
2328 1986 2490 2049 gen·

555 2050 729 2115 tibus
751 2049 1138 2132 praetulerit
1173 2048 1524 2131 ignobilem
1548 2050 1879 2134 populum,
1922 2053 2026 2116 cui
2058 2073 2188 2116 non
2232 2061 2492 2134 poterat

554 2136 689 2214 ulla
724 2136 986 2219 propria
1029 2135 1316 2219 dignitas
1359 2134 1656 2201 favorem
1701 2136 2052 2219 acquirere.

725 2221 826 2287 39.
875 2220 1101 2303 Itaque
1142 2222 1293 2287 scito
1349 2220 1546 2287 hodie.
1649 2222 1943 2287 Inculcat
1997 2244 2259 2288 rursum
2319 2222 2491 2305 quod

553 2328 763 2389 nuper
820 2307 1138 2386 diximus,
1200 2307 1532 2372 miraculis
1588 2307 1920 2390 probatam
1968 2308 2169 2373 fuisse
2215 2309 2491 2392 gloriam

553 2396 747 2458 unius
783 2393 923 2457 veri
947 2393 1094 2469 Dei,
1130 2393 1244 2457 sed
1281 2414 1398 2476 per
1433 2392 1694 2457 modum
1742 2394 2228 2459 exhortationis.
2296 2392 2491 2474 Quod

553 2479 728 2543 enim
774 2478 958 2543 Deus
1004 2479 1409 2557 monstravit,
1455 2479 1679 2544 sedulo
1720 2491 1787 2544 et
1828 2489 2077 2545 attente
2123 2480 2493 2564 expendere

554 2564 762 2629 iubet:
828 2564 981 2647 quia
1035 2565 1105 2628 in
1164 2586 1236 2628 re
1286 2573 1417 2627 tam
1475 2566 1820 2630 manifesta
1877 2566 2062 2631 nulla
2126 2568 2212 2630 sit
2254 2567 2493 2631 erroris

554 2648 658 2715 vel
699 2650 995 2714 inscitiae
1037 2651 1387 2715 excusatio.
1457 2649 1673 2714 Infert
1713 2673 1868 2735 ergo
1902 2672 1984 2717 ex
2030 2651 2497 2734 superioribus,

551 2735 914 2800 cavendum
973 2755 1117 2801 esse
1174 2757 1260 2800 ne
1315 2736 1598 2819 populus
1656 2736 1736 2801 ad
1792 2737 2002 2802 claras
2057 2739 2318 2804 virtutis
2367 2736 2493 2802 Dei

553 2820 957 2886 ostensiones
1000 2822 1373 2887 conniveat:
1440 2821 1712 2905 ideoque
1774 2822 1955 2888 iubet
2019 2838 2313 2906 repetere
2355 2843 2494 2888 me-

555 2907 790 2984 moria,
857 2906 1007 2989 quia
1052 2906 1133 2971 ad
1159 2906 1576 2972 ,oblivionem
1621 2909 1815 2973 nimis
1869 2929 2195 2993 propensa
2236 2918 2337 2974 est
2379 2910 2494 2973 ho-

551 2993 807 3056 minum
850 2992 1270 3075 ingratitudo
1345 2993 1585 3058 Postea
1629 2993 1937 3059 admonet
1979 3015 2290 3078 quorsum
2337 2995 2494 3060 velit

551 3079 852 3162 cognosci
921 3080 1134 3144 Deus:
1202 3100 1436 3161 nempe
1505 3087 1578 3145 ut
1649 3080 1859 3164 legem
1928 3082 2066 3147 eius
2123 3083 2491 3161 observent,

550 3174 618 3229 et
658 3173 935 3246 pareant
960 3164 1238 3230 statutis.
1329 3164 1608 3230 Summa
1652 3180 1770 3246 est,
1813 3167 2291 3233 inexcusabiles
2333 3167 2490 3244 fore,

551 3250 678 3313 nisi
744 3247 1124 3315 obedienter
1182 3250 1392 3333 legem
1450 3252 1771 3335 recipiant
1827 3274 2021 3336 quam
2080 3255 2295 3318 sciunt
2351 3276 2492 3319 esse

551 3354 592 3398 a
613 3334 753 3399 Deo
797 3337 1181 3417 profectam:
1229 3337 1383 3417 quia
1417 3337 1761 3419 plusquam
1799 3338 2091 3423 stupidos
2127 3361 2268 3405 esse
2303 3360 2491 3421 opor-

552 3427 665 3495 tet,
732 3419 859 3484 nisi
926 3421 1096 3505 apud
1165 3441 1273 3485 eos
1329 3425 1762 3488 reverentiam
1822 3424 1945 3490 sibi
2004 3426 2306 3490 conciliet
2365 3425 2492 3490 Dei

553 3504 882 3585 maiestas,
931 3517 1026 3572 tot
1071 3507 1479 3573 documentis
1523 3511 1782 3592 cognita
1825 3524 1890 3576 et
1933 3525 2288 3594 perspecta.
2378 3515 2495 3589 Ae,

552 3611 639 3655 ue
704 3593 973 3658 minoris
1039 3592 1404 3658 doctrinam
1465 3596 1809 3660 aestiment
1865 3618 2029 3678 quae
2090 3597 2172 3662 ab
2227 3597 2495 3663 homine

551 3676 810 3741 mortali
867 3679 1265 3760 producitur,
1329 3678 1573 3744 fatetur
1615 3681 1875 3763 quidem
1938 3683 2179 3748 diserte
2238 3706 2306 3748 se
2351 3704 2494 3748 esse

553 3762 962 3860 ministrum,
1024 3764 1137 3830 sed
1198 3765 1365 3829 nihil
1427 3786 1786 3849 proponere
1845 3770 1971 3834 nisi
2026 3769 2199 3851 quod
2267 3791 2306 3835 a
2350 3768 2495 3834 Deo

553 3858 817 3930 accepit.

1202 4194 1330 4258 EX
1368 4193 1637 4260 DEUT.
1686 4194 1842 4260 VII.

724 4360 782 4425 6.
834 4362 1004 4427 Nam
1037 4365 1315 4445 populus
1355 4370 1611 4431 sanctus
1652 4388 1717 4432 es·
1761 4368 2022 4434 Iehovae
2065 4368 2203 4434 Deo
2247 4375 2380 4434 tuo:
2435 4375 2493 4434 tc

549 4444 726 4527 elegit
751 4446 984 4514 Iehova
1009 4449 1185 4516 Deus
1209 4457 1371 4528 tuuc,
1408 4457 1481 4517 ut
1514 4453 1608 4516 sis
1629 4453 1729 4517 illi
1751 4455 2032 4536 populus
2042 4455 2394 4537 peculiaris
2415 4476 2492 4520 ex

548 4531 832 4596 omnibus
836 4535 1090 4616 populis
1104 4539 1376 4617 quisunt
1398 4540 1465 4603 in
1489 4538 1816 4620 superficie
1838 4547 2055 4606 terrae.
2084 4542 2141 4605 7.
2172 4541 2315 4606 Non
2336 4543 2490 4623 quia

537 4615 761 4698 plures
780 4621 990 4685 essetis
1005 4641 1163 4703 prae
1182 4625 1465 4689 omnibus
1474 4625 1753 4708 Ροραῖἰε,
1778 4629 2015 4692 amavit
2035 4648 2142 4692 vos
2164 4627 2414 4706 Iehova,
2437 4633 2497 4692 et

546 4702 726 4786 eleyit
768 4725 907 4770 vos.-
946 4728 1054 4774 vos
1094 4710 1261 4773 enim
1301 4712 1494 4775 eratis
1526 4713 1858 4791 pauciores
1900 4713 2182 4779 omnibus
2209 4715 2485 4794 populi-5.

548 4788 607 4853 8.
655 4788 780 4855 Sed
821 4794 974 4871 quia
1017 4794 1311 4877 diliyebat
1351 4817 1459 4861 vos
1503 4796 1750 4882 Iehova,
1810 4805 1866 4863 et
1907 4799 2213 4865 custodire
2255 4800 2489 4866 volebat

544 4876 963 4941 iuramentum
1019 4882 1182 4961 quod
1238 4882 1560 4947 iuraverat
1605 4885 1903 4964 patribus
1963 4885 2186 4950 vestris
2201 4934 2216 4962 ,
2273 4887 2489 4952 eduxit

542 4981 649 5025 vos
675 4959 904 5026 Iehova
936 4964 1006 5027 in
1039 4987 1235 5030 manu
1273 4968 1444 5049 forti,
1484 4974 1541 5034 et
1580 4971 1836 5035 redemit
1869 4991 1976 5035 vos
2011 4993 2043 5035 e
2077 4971 2254 5037 domo
2282 4992 2485 5038 servo-

540 5066 688 5111 rum
720 5068 753 5112 e
787 5068 981 5113 manu
1009 5049 1368 5118 Pharaonis
1399 5055 1568 5138 regis
1609 5058 1897 5140 Aeyypti.

2010 403 2547 472 PRAEFATIO
2591 402 2691 469 ΙΝ
2734 404 3084 472 LEGEM.

3289 593 3408 660 EX
3453 594 3723 663 DEU'P.
3761 593 3850 661 X.

2769 765 2870 831 14.
2897 764 3068 844 Ecce,
3086 765 3349 832 Iehovae
3371 766 3498 833 Dei
3518 767 3613 832 tui
3632 772 3781 833 sunt
3798 766 3955 834 coeli
3974 771 4031 832 et
4050 766 4201 834 coeli
4217 767 4517 850 coelorum,

2594 855 2764 916 terra
2819 857 2877 916 et
2931 852 3146 917 omnia
3202 873 3361 934 quae
3415 854 3486 918 in
3539 874 3614 920 ea
3676 858 3840 918 sunt.
3932 852 4032 919 15.
4085 853 4520 922 Tantummodo

2593 937 2665 1002 in
2696 937 3009 1019 patribvs.
3031 939 3161 1004 tuis
3201 938 3645 1019 beneplacitum
3685 943 3775 1005 est
3818 938 4098 1019 Iehovae,
4140 942 4211 1003 ut
4254 938 4521 1023 diliyerd

2593 1043 2725 1089 eos:
2781 1029 2839 1089 οι
2880 1024 3057 1108 eleqit
3098 1045 3306 1090 semen
3347 1044 3558 1090 eorum
3602 1029 3747 1106 post
3799 1044 3926 1102 eoa,
3997 1045 4236 1106 nempe
4278 1045 4413 1106 vos,
4453 1046 4523 1091 em

2595 1109 2883 1174 omnibus
2913 1109 3191 1191 papalia,
3236 1110 3398 1176 sicut
3437 1110 3632 1176 hodie.
3724 1111 3823 1176 16.
3875 1109 4312 1176 Circumcidite
4345 1112 4524 1194 ἐρίων

2583 1197 2996 1276 praeputium
3037 1196 3242 1260 cordis
3297 1198 3491 1261 ves-bri
3508 1246 3524 1277 ,
3589 1201 3645 1261 et
3685 1197 3973 1261 cervicem
4014 1202 4285 1262 vestram
4325 1216 4399 1262 ne
4436 1200 4528 1262 ia·

2594 1282 2834 1345 duretis
2877 1281 3066 1346 ultra.
3160 1281 3260 1346 17.
3300 1281 3529 1347 Iehova
3570 1283 3736 1348 enim
3756 1281 3937 1349 Deus
3975 1288 4189 1361 vester,
4234 1287 4323 1346 est
4356 1282 4523 1348 Deus

2596 1366 2970 1517 deor-ambulet
2991 1365 3307 1434 Dominus
3337 1368 3745 1447 dominorum,
3790 1367 3970 1434 Deus
4002 1387 4291 1452 moyam,
4316 1374 4527 1449 potens

2599 1456 2653 1517 et
2686 1457 2814 1517 terr
2829 1454 2842 1466 ⁹
2893 1453 2906 1466 ⁶
2928 1453 3007 1517 is.

2769 1623 2966 1688 Deut.
3017 1623 3073 1699 7,
3119 1625 3179 1689 6.
3259 1624 3433 1689 Nam
3465 1624 3740 1706 populus
3781 1629 4050 1691 sanctus.
4143 1625 4532 1693 Distinctius

2596 1709 2884 1793 explicat
2947 1709 3116 1792 quod
3183 1730 3398 1792 nuper
3465 1710 3751 1775 vidimus
3816 1709 3896 1775 de
3953 1712 4240 1794 gratuito
4297 1732 4528 1779 amore.

2598 1797 2766 1860 Nam
2814 1815 3169 1877 paucorum
3216 1795 3553 1860 hominum
3594 1795 3992 1878 comparatio
4027 1817 4176 1862 cum
4215 1806 4352 1861 toto
4386 1799 4533 1865 orbe

2596 1892 2663 1947 et
2704 1882 2959 1947 cunctis
3002 1882 3325 1965 gentibus,
3383 1882 3906 1965 magnitudinem
3952 1883 4204 1966 gratiae
4247 1904 4382 1948 non
4426 1905 4532 1967 pa·

2599 1988 2740 2032 rum
2808 1967 3125 2047 illustrat,
3179 1967 3283 2033 cui
3348 1967 3602 2033 accedit
3654 1969 3862 2033 maior
3920 1967 4268 2034 verborum
4337 1971 4532 2053 copia.

2597 2051 2844 2118 Eadem
2910 2054 3045 2117 fere
3102 2053 3431 2118 sententia
3474 2063 3810 2135 repetetur
3863 2062 3929 2119 et
3985 2054 4178 2136 paulo
4237 2066 4417 2137 post,
4477 2065 4539 2121 et

2596 2138 2857 2203 demum
2902 2139 2976 2203 in
3018 2139 3303 2205 cantico:
3363 2139 3476 2204 sed
3536 2139 3669 2204 illic
3704 2159 3823 2221 per
3867 2139 4133 2204 modum
4178 2142 4538 2223 exprobra-

2597 2225 2828 2304 tionis,
2879 2223 2986 2290 hic
3049 2238 3269 2290 autem
3314 2225 3384 2288 in
3433 2225 3637 2289 alium
3682 2246 3946 2308 scopum
3992 2225 4324 2309 dirigitur,
4371 2228 4542 2293 sicut

2596 2332 2678 2375 ex
2715 2320 3024 2376 contextu
3062 2320 3262 2393 patet:
3312 2331 3546 2392 nempe
3592 2319 3666 2375 ut
3690 2322 3874 2376 tanto
3897 2312 4209 2377 beneficio
4234 2311 4539 2390 devincti,

2597 2418 2668 2462 se
2732 2406 2799 2460 et
2862 2417 2982 2461 sua
3044 2397 3350 2480 obsequia
3416 2397 3558 2461 Deo
3627 2397 3951 2462 addicant.
4056 2397 4401 2482 Principio
4465 2398 4542 2464 de

2597 2481 2932 2548 electionis
2975 2484 3104 2547 fine
3147 2481 3428 2561 disserit,
3472 2482 3645 2565 quod
3675 2484 3855 2547 Deus
3899 2504 4007 2548 eos
4037 2492 4172 2547 tam
4219 2485 4545 2569 singulari

2597 2569 2844 2633 honore
2869 2567 3175 2651 dignatus
3197 2568 3286 2633 sit
3321 2578 3396 2633 ut
3438 2569 3560 2633 sibi
3598 2568 3910 2651 populum
3947 2570 4317 2651 acquireret
4355 2592 4543 2635 sanc-

2597 2668 2741 2719 tum
2795 2663 2862 2719 et
2920 2675 3154 2736 purum
3216 2655 3297 2719 ab
3341 2655 3857 2737 inquinamentis
3900 2655 4237 2735 omnibus,
4306 2656 4544 2722 deinde

2597 2739 2818 2805 addita
2872 2762 3066 2822 quam
3123 2739 3256 2804 dixi
3318 2740 3811 2805 circumstantia
3855 2740 4151 2806 beneficii
4197 2753 4545 2824 praestan·

2597 2829 2753 2891 tiam
2800 2825 3078 2890 extollit.
3151 2826 3343 2906 Quod
3390 2848 3428 2890 a
3473 2825 3791 2908 dignitate
3839 2827 4270 2892 ratiocinatur
4317 2828 4545 2893 decere

2598 2933 2706 2977 eos
2771 2912 3099 2977 sanctitati
3164 2911 3318 2977 dare
3372 2932 3671 2994 operam,
3738 2911 3891 2978 hinc
3958 2912 4351 2996 colligimus,
4421 2933 4546 2997 quo

2598 2998 2893 3080 uberiore
2950 2998 3225 3081 quisque
3281 2999 3493 3083 gratia
3557 3006 3829 3063 ornatus
3896 3006 4039 3078 est,
4102 3019 4179 3063 eo
4244 3001 4546 3066 sanctius

2596 3084 2916 3168 obstringi
2972 3083 3055 3148 ad
3112 3085 3215 3166 pie
3272 3086 3568 3168 iusteque
3630 3084 3999 3149 vivendum.
4089 3085 4324 3169 Neque
4370 3089 4548 3152 enim

2596 3170 2766 3235 dona
2809 3190 2975 3252 quae
3020 3170 3191 3253 apud
3238 3193 3353 3235 nos
3399 3171 3566 3236 locat
3591 3171 3790 3247 Deus,
3834 3170 4098 3235 inutilia
4141 3173 4361 3237 iacere
4385 3173 4544 3252 vult,

2595 3256 2709 3321 sed
2753 3255 3003 3321 fructus
3039 3278 3189 3321 suos
3228 3256 3547 3339 proferre:
3593 3256 3977 3338 praesertim
4014 3256 4385 3323 tenendum
4432 3267 4548 3338 est,

2596 3341 2750 3407 dum
2809 3362 2929 3406 nos
2974 3342 3098 3407 sibi
3144 3340 3414 3424 adoptat
3462 3353 3528 3406 et
3574 3341 3645 3406 in
3706 3340 4043 3407 ecclesiam
4088 3342 4367 3426 colligit,
4418 3364 4549 3409 nou

2597 3427 2678 3492 ad
2721 3426 3204 3492 immunditiem
3249 3449 3367 3492 nos
3406 3428 3636 3506 vocari,
3682 3425 3797 3493 sed
3832 3428 3911 3492 ad
3952 3429 4122 3494 vitae
4158 3430 4549 3511 puritatem,

2598 3525 2793 3596 atque
2838 3523 2914 3577 ut
2966 3515 3243 3578 virtutes
3287 3535 3673 3579 enarremus
3717 3516 3856 3578 eius
3899 3514 4010 3596 qui
4055 3535 4175 3579 nos
4220 3538 4309 3580 ex
4366 3526 4551 3581 tene-

2597 3600 2731 3664 bris
2780 3600 3034 3664 vocavit
3077 3599 3147 3662 in
3194 3600 3576 3664 admirabile
3619 3600 3844 3664 lumen
3868 3598 3916 3687 ¹)
3959 3622 4148 3665 suum
4195 3598 4286 3686 (1.
4314 3602 4551 3668 Thess.

2596 3687 2656 3764 4,
2703 3686 2761 3752 7.
2830 3686 2886 3750 1.
2935 3686 3078 3750 Pet.
3126 3687 3186 3764 2,
3231 3683 3316 3772 9).
3386 3685 3639 3750 Nomen
3686 3685 4084 3751 Hominum
4129 3672 4297 3755 abac
4353 3685 4554 3774 (quod

2599 3793 2719 3835 nos
2769 3771 3160 3854 peculiarem
3207 3769 3554 3858 vertimus)
3605 3771 3870 3853 quidam
3918 3793 4035 3853 pro
4080 3772 4404 3839 thesauro
4449 3794 4555 3839 ac-

2597 3858 2865 3940 cipiunt,
2913 3857 3013 3921 vel
3060 3879 3129 3921 re
3173 3858 3456 3940 pretiosa
3490 3870 3558 3921 et
3601 3857 4041 3924 desiderabili:
4086 3859 4257 3923 sicut
4294 3859 4555 3925 dictum

2599 3944 2722 4008 fuit
2769 3942 2984 4007 Exodi
3024 3943 3124 4008 19.
3214 3943 3410 4008 Certe
3456 3965 3538 4007 ex
3583 3943 3878 4026 pluribus
3923 3944 4080 4009 locis
4123 3955 4394 4010 constat
4431 3946 4556 4011 hac

2601 4051 2755 4095 voce
2821 4027 3149 4110 designari
3210 4050 3479 4106 aurum,
3553 4038 3919 4112 argentum,
3988 4033 4423 4113 margaritas,
4488 4039 4555 4096 et

2597 4115 2854 4179 similia.
2945 4115 3046 4179 De
3106 4116 3200 4179 rei
3246 4124 3465 4180 tamen
3509 4136 3768 4180 summa
3824 4117 4165 4196 convenit,
4228 4117 4359 4183 hoc
4420 4117 4555 4183 elo·

2596 4204 2777 4286 gium
2822 4201 3029 4265 electo
3072 4199 3310 4284 populo
3355 4199 3572 4280 tribui,
3637 4200 3807 4283 quod
3856 4201 4039 4266 Deus
4081 4202 4152 4265 in
4199 4224 4277 4267 eo
4327 4226 4405 4269 se
4450 4202 4559 4268 ob-

2595 4287 2821 4353 lectet:
2878 4287 2946 4350 in
3014 4308 3139 4370 quo
3186 4287 3464 4370 refulget
3504 4285 4033 4368 incomparabilis
4073 4288 4213 4353 eius
4262 4289 4554 4366 bonitas,

2593 4372 2762 4455 quod
2829 4373 3104 4438 miseros
3169 4383 3235 4437 et
3280 4373 3521 4438 nullius
3579 4374 3766 4455 pretii
3838 4374 4310 4441 homunciones
4384 4373 4556 4440 tanti

2594 4462 2913 4524 aestimat.
3007 4458 3198 4526 Unde
3256 4458 3452 4523 etiam
3509 4467 3813 4541 apparet,
3881 4469 4111 4525 sancta
4164 4480 4290 4524 sua
4356 4481 4555 4527 voca·

2594 4547 2770 4610 tione
2813 4546 3031 4627 ipsum
3077 4547 3261 4628 quasi
3320 4566 3401 4610 ex
3462 4544 3666 4608 nihilo
3711 4565 3931 4609 creare
3975 4565 4142 4627 quae
4185 4566 4328 4611 non
4377 4560 4555 4625 sunt,

2593 4640 2670 4695 ut
2712 4652 2973 4696 omnem
3018 4640 3348 4696 terrenam
3394 4633 3748 4696 essentiam
3792 4641 4123 4713 superent.

2765 4718 2823 4783 7.
2874 4717 3016 4782 Non
3072 4719 3228 4799 quia
3274 4718 3500 4800 plures
3556 4717 3791 4782 essetis.
3919 4716 4216 4782 Gratuiti
4302 4718 4557 4784 favoris

2591 4825 2732 4869 esse
2798 4804 3028 4885 probat
3093 4803 3262 4886 quod
3329 4803 3501 4868 illos‘
3540 4802 3849 4868 extulerit
3895 4803 4076 4868 Deus
4143 4804 4212 4866 in
4279 4815 4554 4869 tantum

2590 4890 2938 4956 honorem:
3016 4889 3170 4971 quia
3237 4889 3610 4971 praeteritis
3681 4887 3935 4954 cunctis
4001 4890 4354 4972 gentibus,
4444 4911 4556 4956 eos

2586 4977 2757 5042 solos
2779 4974 3084 5058 amplecti
3123 4974 3432 5059 dignatus
3467 4974 3571 5039 sit.
3620 4973 3787 5039 Nam
3826 4973 4000 5039 dona
4025 4975 4149 5038 Dei
4185 4977 4331 5040 fere
4373 4976 4552 5059 apud

2589 5083 2704 5128 nos
2748 5062 3053 5127 obscurat
3098 5060 3386 5143 aequalis
3432 5060 3720 5145 largitio:
3768 5060 4331 5142 quemadmodum
4394 5062 4556 5128 solis

2588 5148 2837 5225 lumen,
2905 5147 3270 5212 communis
3316 5146 3552 5226 victus,
3609 5157 3675 5211 et
3731 5145 3863 5212 alia
3920 5146 4154 5229 quibus
4199 5168 4288 5211 ex
4339 5169 4554 5233 aequo

2758 5331 2816 5400 1)
2857 5334 3148 5402 Princeps.-
3184 5349 3397 5388 nomen.
