4867 6150
565 449 694 514 607
1443 450 1448 455 ’
2003 443 2434 526 QUINTUM
2478 443 3131 512 PRAEOEPTUM.
4428 446 4533 512 608

565 638 690 702 lari
733 636 877 702 sine
921 634 1207 699 maximo
1250 632 1512 700 scelere.
1603 630 1867 700 Scimus
1925 632 2302 716 parricidas,
2371 645 2522 696 tan-

566 744 765 808 quam
787 721 1084 786 omnium
1106 720 1393 785 maxime
1416 718 1852 797 detestabiles,
1896 718 2052 784 olim
2091 718 2277 785 culeo
2312 717 2520 783 fuisse

564 813 839 884 insutos,
908 816 974 871 et
1016 807 1335 890 proiectos
1378 806 1450 870 in
1496 824 1767 888 aquam:
1835 806 2012 870 Deus
2057 826 2215 871 vero
2257 805 2519 889 longius

567 894 1005 982 progreditur,
1063 892 1220 957 dum
1281 913 1317 957 e
1375 890 1623 956 mundo
1681 891 2111 956 exterminari
2156 891 2338 957 iubet
2381 892 2522 974 qui-

567 1001 826 1065 cunque
875 978 1189 1045 violentas
1246 998 1485 1042 manus
1539 978 1923 1061 parentibus
1976 976 2351 1057 attulerint,
2410 977 2518 1041 vel

565 1068 809 1134 fuerint
874 1067 941 1129 in
1010 1086 1120 1130 eos
1185 1063 1655 1129 contumeliosi.
1746 1064 2090 1130 Percussio
2147 1064 2325 1129 enim
2383 1082 2519 1127 non

566 1163 821 1220 tantum
866 1171 985 1235 pro
1028 1151 1225 1216 caede
1268 1150 1556 1233 capitur,
1624 1147 1739 1215 sed
1784 1170 1900 1232 pro
1945 1149 2264 1215 violentia
2307 1148 2519 1233 quali-

565 1241 710 1319 bet,
775 1236 1079 1321 quamvis
1138 1237 1394 1302 nullum
1456 1236 1698 1300 vulnus
1757 1235 1953 1314 fuerit
2011 1237 2349 1301 inflictum.
2444 1234 2517 1301 Si

565 1326 713 1410 quis
756 1345 913 1408 ergo
959 1323 1129 1389 fuste
1180 1323 1284 1387 vel
1332 1342 1553 1406 pugno
1598 1329 1850 1406 patrem
1898 1322 2002 1387 vel
2048 1330 2322 1387 matrem
2370 1341 2517 1405 per·

565 1420 874 1488 eusserat,
921 1418 1058 1474 tam
1106 1409 1330 1474 vesani
1374 1408 1616 1473 furoris
1660 1407 1884 1473 eadem
1933 1408 2055 1473 fuit
2096 1428 2260 1491 quae
2306 1407 2517 1472 homi-

563 1497 719 1563 cidii
765 1516 992 1581 poena.
1041 1496 1132 1561 Et
1166 1501 1343 1559 certe
1378 1493 1813 1559 abominabile
1850 1502 1951 1559 est
1988 1505 2363 1577 portentum
2405 1493 2518 1558 ubi

565 1585 747 1649 filius
805 1591 1036 1648 contra
1089 1602 1199 1646 eos
1256 1601 1295 1645 a
1353 1579 1586 1663 quibus
1632 1580 1834 1645 vitam
1879 1581 2128 1663 accepit
2171 1581 2517 1663 insurgere

565 1691 702 1736 non
748 1668 1038 1734 dubitat:
1085 1687 1202 1732 nec
1248 1668 1391 1731 fleri
1436 1674 1649 1749 potest
1692 1667 1854 1748 quin
1901 1680 2034 1730 tam
2077 1665 2252 1731 foedi
2295 1666 2516 1732 crimi-

564 1758 670 1822 nis
726 1755 1085 1837 impunitas
1142 1753 1500 1818 immanem
1557 1753 1780 1817 statim
1837 1751 2204 1818 barbariem
2262 1753 2513 1835 gignat.

570 1841 876 1910 Secunda
912 1841 1024 1906 lex
1080 1860 1212 1903 non
1274 1839 1410 1903 vim
1456 1836 1646 1902 modo
1691 1838 2074 1922 parentibus
2118 1837 2368 1903 illatam
2415 1838 2515 1901 ul·

566 1928 852 2006 ciscitur,
898 1926 1012 1992 sed
1059 1925 1407 1991 verborum
1454 1925 1651 1988 etiam
1687 1925 1945 2008 probra,
1990 1945 2154 2007 quae
2192 1945 2399 2007 usque
2435 1921 2515 1987 ad

566 2013 931 2080 insultandi
980 2009 1410 2095 petulantiam
1456 2018 1524 2075 et
1557 2019 1844 2076 atrocem
1881 2020 2328 2094 contemptum
2367 2029 2516 2093 pro-

568 2100 817 2167 siliunt.
922 2099 1148 2181 Neque
1208 2097 1385 2161 enim
1445 2095 1502 2161 si
1556 2095 1661 2162 cui
1716 2095 1990 2161 futiliter
2047 2096 2193 2160 leve
2257 2093 2520 2179 aliquod

566 2185 930 2254 convicium
1000 2183 1318 2249 exciderit
1375 2180 1480 2268 (ut
1546 2203 1739 2265 saepe
1785 2182 2167 2267 contingere
2229 2181 2396 2247 solet
2451 2182 2518 2245 in

566 2271 740 2358 rixa)
808 2270 888 2336 ad
957 2269 1127 2334 hanc
1185 2266 1736 2333 inconsideratam
1790 2269 2192 2351 proterviam
2251 2266 2520 2333 extendi

567 2359 762 2424 debet
805 2378 1051 2440 poenae
1098 2355 1446 2420 severitas:
1505 2362 1572 2419 et
1609 2338 1744 2445 ¹2⁸7?
1814 2354 1989 2420 unde
2035 2367 2370 2438 sumptum
2417 2363 2521 2419 est

565 2443 987 2529 participium
1047 2439 1215 2523 quod
1261 2441 1443 2524 ponit
1488 2440 1742 2519 Moses,
1811 2462 1942 2505 non
1989 2450 2245 2505 tantum
2293 2439 2517 2505 convi-

566 2531 726 2598 ciari
758 2528 1103 2612 significat,
1148 2525 1261 2591 sed
1286 2527 1481 2591 etiam
1507 2525 1866 2591 exsecrari:
1906 2527 2076 2592 sicut
2116 2526 2519 2608 vilipendere

569 2637 645 2682 ac
679 2635 1009 2699 spernere.
1052 2612 1263 2679 Sicuti
1299 2633 1457 2695 ergo
1496 2632 1623 2675 non
1660 2610 1988 2694 quaelibet
2025 2612 2354 2697 protervia
2389 2632 2520 2695 qua

565 2703 749 2768 laesa
792 2709 936 2765 erat
989 2706 1338 2783 parentum
1395 2698 1760 2774 veneratiO,
1828 2705 2039 2763 morte
2084 2699 2314 2781 punita
2359 2697 2514 2762 fuit:

567 2788 665 2855 sic
729 2786 941 2853 voluit
1004 2787 1189 2851 Deus
1244 2784 1514 2866 impiam
1581 2781 1952 2865 superbiam
2021 2805 2184 2867 quae
2245 2792 2520 2849 naturae

566 2873 887 2961 principia
911 2870 1329 2949 convelleret,
1367 2869 1622 2935 horrori
1652 2889 1814 2934 esse.
1871 2871 2078 2935 Porro
2102 2870 2256 2954 quia
2279 2870 2519 2935 durum

567 2960 779 3027 videri
823 2968 1098 3041 poterat,
1163 2975 1426 3033 vocem,
1485 2955 1789 3039 quamvis
1853 2956 2058 3039 probo
2120 2955 2252 3021 filio
2309 2956 2521 3039 indig-

569 3066 745 3125 nam,
791 3045 1019 3111 mortis
1064 3053 1283 3109 tamen
1329 3062 1589 3108 causam
1635 3059 1811 3107 esse:
1879 3042 2031 3109 talis
2089 3063 2343 3126 quoque
2403 3064 2518 3108 ex-

568 3133 778 3217 ceptio
840 3132 1304 3213 compescitur,
1377 3129 1486 3193 ubi
1552 3129 1622 3192 in
1692 3128 1989 3194 Levitico
2058 3128 2243 3195 Deus
2306 3129 2520 3194 addit:

569 3219 861 3302 Sanguis
904 3218 1045 3283 eius
1088 3238 1284 3299 super
1326 3235 1495 3294 eum,
1543 3215 1693 3298 quia
1739 3215 1910 3297 patri
1947 3215 2051 3280 vel
2088 3215 2285 3280 matri
2320 3215 2524 3280 male·

569 3303 768 3370 dixit:
831 3325 907 3370 ac
967 3303 1024 3368 si
1080 3302 1334 3368 iuberet
1391 3301 1709 3366 facessere
1769 3300 2085 3385 quidquid
2133 3301 2372 3384 alioqui
2414 3300 2525 3366 ob-

569 3400 865 3473 strepere
925 3388 1170 3454 vellent
1218 3387 1517 3452 homines
1575 3384 1658 3451 ad
1721 3387 2208 3454 extenuandam
2277 3408 2524 3470 poenae

570 3478 985 3562 gravitatem.

1209 3818 1338 3883 EX
1384 3817 1656 3884 DEUT.
1703 3816 1899 3884 XXI.

747 3989 847 4058 18.
903 3990 1105 4073 Quum
1147 3990 1293 4071 quis
1335 3988 1623 4054 habuerit
1675 3988 1882 4071 filium
1913 4008 2288 4072 perversum
2330 3993 2385 4054 et
2429 4011 2525 4055 re-

571 4077 802 4148 bellem.
849 4097 972 4142 non
1017 4075 1387 4141 obedientem
1429 4076 1567 4141 voci
1601 4076 1814 4157 patris
1847 4076 1951 4140 sui
1995 4080 2052 4139 et
2091 4075 2316 4140 matris
2349 4096 2522 4152 suae,

570 4169 627 4229 et
668 4163 1106 4248 castiqaverint
1159 4161 1369 4239 illum,
1426 4181 1533 4225 nee
1581 4162 1875 4242 paruerit
1926 4161 2095 4226 illis:
2183 4161 2281 4225 19.
2351 4161 2526 4226 Tunc

572 4249 1029 4330 apprehendent
1071 4267 1213 4313 eum
1249 4252 1435 4328 pater
1473 4248 1609 4312 eius
1651 4252 1705 4312 et
1738 4252 1937 4311 mater
1970 4248 2123 4326 eius,
2161 4247 2525 4328 educentque

571 4335 659 4400 ad
700 4337 974 4400 seniores
1018 4334 1200 4399 urbis
1232 4354 1387 4398 suae
1428 4338 1484 4398 et
1515 4337 1771 4415 portam
1814 4332 1930 4399 loci
1963 4334 2101 4397 sui.-
2144 4333 2246 4398 20.
2269 4332 2527 4398 Dicent·

570 4441 691 4501 que
742 4420 1095 4486 senioribus
1153 4420 1364 4485 urbis:
1430 4417 1647 4484 Fe'lius
1689 4419 1804 4485 iste
1845 4423 2054 4484 noster
2087 4440 2428 4500 perversus
2470 4423 2526 4484 et

569 4505 820 4572 rebellis
862 4511 980 4582 est,
1035 4527 1160 4571 non
1220 4504 1507 4570 obediens
1559 4505 1692 4570 voci
1747 4509 2025 4583 nostrae,
2084 4505 2263 4586 epulo
2320 4510 2409 4570 est
2450 4524 2526 4570 ac

566 4596 961 4658 comessator.
1048 4592 1153 4656 21.
1207 4592 1381 4657 Tune
1418 4590 1788 4675 lapidabunt
1828 4610 1967 4656 eum
2002 4611 2212 4658 omnes
2246 4591 2526 4656 homines

568 4678 750 4743 urbis
790 4698 946 4743 suae
988 4677 1336 4760 lapidibus,
1393 4682 1450 4741 et
1500 4677 1830 4742 morietur.-
1886 4681 2068 4759 atque
2126 4678 2218 4742 ita
2276 4678 2525 4759 auferes

567 4765 813 4914 maltgm
871 4783 903 4827 e
961 4764 1163 4828 medio
1218 4764 1345 4842 tui,
1407 4766 1859 4845 universusque
1906 4763 2115 4828 Israel
2168 4764 2410 4842 audiet,
2471 4767 2527 4828 et

569 4853 717 4916 time
760 4850 822 4915 it.

747 5022 848 5088 18.
924 5021 1127 5102 Quum
1191 5020 1336 5102 quis
1394 5019 1679 5086 habuerit
1740 5020 1965 5101 filium.
2079 5019 2272 5102 Quod
2343 5022 2526 5086 Deus

572 5121 727 5172 ante
771 5107 891 5173 sub
939 5107 1189 5171 duobus
1234 5106 1548 5171 membris
1594 5107 1934 5189 attigerat,
1998 5125 2174 5171 nunc
2233 5107 2526 5190 generali

572 5194 718 5279 lege
775 5194 1248 5277 complectitur.
1352 5191 1581 5275 Neque
1648 5194 1824 5256 enim
1880 5192 2150 5258 dubium
2213 5202 2312 5258 est
2364 5193 2526 5276 quin

574 5302 692 5364 per
735 5280 901 5346 filios
937 5279 1392 5364 immorigeros
1428 5275 1854 5362 designentur
1889 5300 2117 5345 omnes
2153 5279 2265 5361 qui
2304 5278 2527 5343 iniurii

574 5375 732 5432 sunt
778 5367 882 5432 vol
928 5364 1382 5438 contumeliosi
1426 5364 1496 5429 in
1554 5375 1810 5448 patrem
1855 5377 1920 5430 et
1965 5375 2260 5431 matrem.
2351 5364 2527 5429 Nam
2575 5349 2582 5436 l

2621 634 2677 699 si
2722 633 2970 698 crimen
3016 632 3293 718 capitale
3336 640 3438 700 est
3482 655 3609 699 non
3667 634 3933 700 obedire
3990 634 4391 719 parentibus:
4443 651 4571 704 cos·

2619 720 2882 803 pulsare
2924 728 2991 784 et
3032 720 3419 786 verberibus
3463 720 3721 785 afficere
3740 771 3755 798 ‚
3814 728 3881 785 et
3938 722 4194 805 probris
4236 723 4539 803 insectari,

2619 805 2834 871 multo
2879 805 3108 890 magis.
3195 804 3278 870 In
3338 827 3595 871 summa
3651 809 4045 890 pronunciat
4085 808 4304 874 Moses
4357 818 4543 876 morte

2620 892 2854 975 dignos
2876 893 2988 975 qui
3023 892 3119 957 ita
3154 893 3521 975 praefracto
3557 901 3624 957 et
3658 893 4058 958 intractabili
4094 904 4250 960 sunt
4284 894 4544 978 ingenio,

2618 987 2696 1042 ut
2738 978 2945 1061 patris
2989 987 3058 1043 et
3100 978 3330 1044 matris
3375 978 3720 1061 imperium
3757 989 4073 1062 respuant
4101 1001 4177 1045 ac
4211 1002 4328 1064 pro
4361 980 4546 1046 nihilo

2620 1063 2885 1130 ducant.
2971 1063 3167 1130 Unde
3234 1065 3431 1130 etiam
3499 1064 3826 1148 colligitur
3890 1064 4047 1149 quid
4115 1068 4202 1131 sit
4246 1066 4549 1133 honorare

2618 1157 2872 1232 patrem
2939 1158 3002 1214 et
3068 1157 3380 1215 matrem:
3448 1172 3659 1233 neque
3727 1152 3903 1216 enim
3969 1152 4301 1237 irrogatur
4361 1173 4551 1236 poena

2620 1237 2747 1302 nisi
2827 1236 2910 1301 ob
2990 1238 3577 1320 transgressionem
3662 1238 4013 1320 praecepti.
4124 1237 4347 1320 Quum
4411 1260 4553 1324 ergo

2619 1323 2817 1386 morti
2863 1322 2974 1387 lex
3018 1320 3276 1388 addicat
3318 1343 3546 1388 omnes
3590 1324 3696 1405 qui
3743 1331 4090 1407 parentum
4156 1324 4553 1406 disciplinam

2619 1409 3092 1474 contumaciter
3126 1409 3488 1485 excutiunt,
3535 1410 3829 1491 sequitur
3864 1431 3976 1474 eos
4014 1407 4302 1476 debitum
4342 1432 4557 1493 paren-

2618 1494 2796 1560 tibus
2862 1495 3175 1559 honorem
3236 1496 3508 1577 eripere.
3620 1495 3891 1577 Optima
3958 1505 4174 1561 autem
4257 1498 4557 1562 statuitur

2623 1579 2998 1657 moderatio,
3040 1580 3148 1645 ubi
3185 1602 3265 1646 ex
3304 1580 3513 1664 patris
3549 1580 3809 1663 quidem
3847 1591 3915 1645 et
3948 1583 4178 1647 matris
4200 1584 4561 1648 testimonio

2621 1665 2806 1731 Deus
2851 1666 3003 1731 vult
3044 1666 3362 1733 iudicium
3408 1666 3704 1732 decerni:
3750 1687 4015 1733 causam
4052 1678 4275 1733 tamen
4320 1668 4559 1751 publice

2619 1753 2923 1835 cognosci
2968 1752 3164 1829 iubet,
3212 1773 3295 1817 ne
3338 1753 3486 1836 quis
3530 1756 3785 1836 privato
3822 1754 4090 1819 arbitrio
4125 1754 4559 1820 interficiatur.

2620 1838 2775 1903 Iure
2820 1858 3092 1903 romano
3136 1839 3457 1922 permissa
3505 1839 3628 1904 fuit
3686 1839 3855 1923 patri
3901 1839 3973 1903 in
4014 1839 4252 1905 liberos
4301 1842 4467 1905 vitae
4503 1852 4563 1905 et

2621 1925 2801 1990 necis
2846 1932 3166 2007 potestas:
3229 1926 3385 2008 quia
3429 1924 3761 2006 probabile
3807 1946 3934 1989 non
3983 1938 4126 1990 erat
4169 1934 4395 2010 patres
4437 1935 4558 1991 tam

2620 2010 2868 2075 furiosa
2910 2010 3323 2075 immanitate
3367 2032 3555 2093 posse
3599 2010 3839 2095 abripi,
3897 2020 3973 2076 ut
4014 2011 4084 2075 in
4132 2013 4401 2096 propria
4445 2014 4563 2078 vis-

2620 2117 2769 2163 cera
2828 2097 3188 2162 saevirent:
3258 2118 3486 2162 verum
3554 2098 3706 2179 quia
3765 2098 4188 2180 reperiuntur
4246 2098 4561 2164 interdum

2622 2191 2841 2266 patres
2868 2202 2999 2247 non
3037 2181 3368 2249 absimiles
3405 2183 3561 2248 feris
3597 2182 3843 2264 bestiis,
3881 2193 3946 2248 et
3980 2183 4287 2267 exempla
4325 2184 4561 2262 docent,

2621 2268 2864 2333 multos
2910 2268 3056 2333 odio
3100 2267 3207 2333 vcl
3251 2269 3532 2334 avaritia
3576 2280 3990 2349 excaecatos,
4054 2270 4213 2334 filiis
4261 2270 4404 2336 suis
4447 2291 4562 2335 non

2623 2354 3022 2437 pepercisse:
3079 2355 3344 2420 licentia
3400 2354 3516 2419 illa
3572 2357 3824 2420 romani
3879 2356 4044 2420 iuris
4102 2357 4345 2421 merito
4391 2377 4567 2440 repu-

2619 2439 2862 2504 dianda
2906 2453 3023 2506 est.
3094 2441 3339 2506 Fateor
3430 2440 3666 2521 uidem,
3714 2442 3821 2524 qui
3870 2441 3951 2505 de
3998 2441 4219 2507 liberis
4268 2442 4562 2507 volebant

2624 2546 2903 2608 poenam
2970 2527 3263 2611 exigere,
3333 2548 3368 2591 a
3418 2526 3706 2592 hibuisse
3765 2528 4007 2592 amicos
4068 2531 4133 2590 in
4194 2528 4563 2594 consilium:

2623 2611 2737 2677 sed
2759 2613 2914 2695 quia
2938 2612 3276 2678 domestici
3315 2613 3595 2698 parietes
3633 2611 3950 2679 dedecora
3986 2613 4195 2679 multa
4229 2614 4565 2691 occultant,

2624 2699 2816 2783 longe
2862 2698 3098 2765 melius
3141 2698 3441 2764 fraenum
3487 2697 3672 2765 Deus
3732 2699 3955 2764 iniecit
4011 2699 4436 2784 parentibus,
4493 2721 4566 2765 ne

2625 2785 2801 2850 ultra
2869 2785 3344 2867 querimoniam
3422 2794 3489 2849 et
3547 2786 3993 2851 testimonium
4055 2785 4364 2870 progredi
4422 2785 4566 2869 ipsis

2623 2869 2871 2937 liceret.
2984 2871 3190 2937 Porro
3256 2871 3559 2954 quamvis
3625 2892 3851 2936 eorum
3936 2872 4317 2937 testimonio
4388 2872 4567 2937 fidem

2625 2957 2854 3022 haberi
2902 2958 3073 3035 velit,
3121 2978 3323 3040 quum
3361 2966 3580 3022 tamen
3618 2957 3701 3022 ad
3736 2958 4025 3024 iudicum
4063 2958 4359 3023 tribunal
4395 2962 4565 3023 siste·

2627 3053 2860 3108 rentur
2906 3041 3112 3125 liberi,
3155 3043 3439 3128 cognitio
3483 3042 3660 3109 haud
3706 3042 3901 3110 dubie
3937 3044 4332 3111 intercessit.
4398 3044 4567 3111 Haec

2627 3131 2800 3194 enim
2848 3130 3121 3195 actionis
3164 3130 3373 3196 forma
3407 3130 3894 3213 praescribitur,
3940 3137 4015 3196 ut
4048 3131 4262 3196 filium
4299 3131 4569 3198 educant

2630 3224 2819 3300 pater
2883 3229 2949 3281 et
3006 3229 3250 3294 mater,
3318 3226 3385 3281 et
3443 3219 3524 3281 de
3582 3215 3969 3283 indomabili
4028 3217 4151 3281 filii
4208 3217 4569 3301 pervicacia

2675 3311 2989 3367 uerantur
3023 3300 3199 3384 apud
3232 3301 3498 3369 iudices.
3599 3303 3747 3368 Etsi
3784 3313 4001 3368 autem
4040 3322 4194 3369 mox
4233 3304 4571 3371 subiicitur

2675 3388 2996 3465 amnatio,
3060 3387 3418 3453 tenendum
3477 3397 3581 3455 est
3635 3388 4070 3455 nihilominus
4122 3387 4381 3457 iudices
4432 3398 4569 3454 ante

2628 3474 3100 3559 pronunciasse
3153 3495 3350 3557 quam
3416 3473 3820 3558 lapidaretur
3875 3495 4058 3541 reus:
4127 3475 4373 3559 alioqui
4426 3475 4568 3541 ridi·

2627 3560 2850 3627 culum
2894 3561 3127 3626 fuisset
3168 3559 3394 3626 sedere
3437 3559 3570 3627 illic
3616 3569 3928 3644 tanquam
3972 3561 4261 3627 umbras.
4353 3561 4567 3647 Ipsum

2631 3667 2787 3731 ergo
2809 3644 3033 3712 iudicii
3054 3667 3294 3710 nomen
3325 3645 3735 3712 domonstrat
3768 3645 3979 3711 filium
4016 3646 4225 3712 fuisse
4263 3646 4567 3725 auditum,

2632 3745 2706 3798 ut
2750 3732 2806 3798 si
2862 3752 2994 3796 non
3055 3742 3227 3798 esset
3283 3731 3406 3797 sibi
3466 3732 3635 3797 male
3692 3733 4022 3813 conscius,
4090 3754 4161 3798 se
4205 3754 4247 3798 a
4310 3733 4570 3799 crimine

2633 3829 2962 3902 purgaret.
3032 3816 3211 3899 Quid
3247 3819 3421 3883 enim
3458 3818 3515 3884 si
3549 3818 3757 3901 patris
3802 3827 3870 3884 et
3911 3818 4143 3884 matris
4186 3819 4397 3904 vulgo
4432 3829 4571 3884 nota

2630 3917 2802 3969 esset
2856 3902 3245 3969 morositas?
3317 3903 3471 3987 quid
3539 3905 3594 3969 si
3661 3914 3849 3987 pater
3912 3904 4197 3987 impulsu
4267 3923 4569 3971 novercae

2628 3991 2843 4056 filium
2868 3989 3249 4057 accusaret?
3290 3990 3446 4073 quid
3469 3991 3525 4055 si
3548 3990 3850 4074 iniquum
3875 3990 4097 4055 odium
4122 3987 4567 4078 detegeretur?

2628 4076 2784 4159 quid
2830 4077 2886 4142 si
2930 4075 3147 4142 subito
3191 4076 3438 4158 impetu
3494 4078 3978 4159 conspirassent
4031 4087 4217 4160 pater
4264 4091 4334 4142 et
4379 4086 4569 4142 mater

2628 4163 2699 4226 in
2743 4173 3025 4227 mortem
3072 4160 3235 4226 filii?
3305 4162 3484 4246 Ergo
3538 4162 3659 4228 sub
3705 4162 4012 4228 adverbio
4058 4164 4248 4231 Tunc
4296 4183 4570 4246 compre-

2630 4248 2942 4313 henditur
3009 4249 3102 4312 rei
3164 4247 3485 4313 defensio:
3532 4250 3686 4331 quia
3750 4249 3899 4332 plus
3956 4270 4153 4332 quam
4222 4249 4566 4315 absurdum

2627 4333 2858 4399 fuisset-
2903 4334 3273 4398 inauditum
3322 4333 3637 4398 damnari.
3727 4335 4128 4401 Praesertim
4175 4356 4385 4419 quum
4429 4334 4566 4418 lapi-

2628 4418 2882 4485 dandus
2942 4429 3116 4486 esset
3159 4441 3196 4484 a
3257 4428 3392 4485 toto
3451 4420 3716 4503 populo,
3769 4421 3949 4503 prius
4009 4442 4152 4487 esse
4208 4422 4566 4488 convictum

2628 4506 2941 4591 oportuit:
3001 4515 3065 4571 et
3123 4506 3248 4572 hac
3294 4506 3544 4572 ratione
3588 4506 3942 4590 productus
3987 4507 4109 4572 fuit
4153 4508 4224 4571 in
4270 4507 4565 4583 medium,

2628 4602 2705 4660 ut
2772 4591 3232 4658 admitteretur
3294 4592 3376 4656 ad
3441 4612 3702 4657 causam
3766 4592 4126 4658 dicendam.
4231 4594 4566 4659 Caeterum

2628 4677 2928 4762 quamvis
2986 4676 3279 4743 damnati
3321 4679 3566 4743 fuerint
3610 4677 3754 4744 aliis
3809 4700 4064 4763 quoque
4124 4680 4307 4746 vitiis
4353 4677 4566 4745 dediti:

2630 4764 2849 4830 Moses
2894 4775 3113 4830 tamen
3159 4765 3449 4830 ebriosos
3493 4775 3559 4830 et
3611 4765 4120 4847 intemperantes
4181 4765 4424 4832 diserte
4464 4786 4566 4829 ex-

2627 4851 2872 4932 primit,
2921 4860 2993 4915 ut
3035 4848 3339 4917 ostendat
3382 4852 3685 4933 quamvis
3724 4850 3982 4916 nullum
4021 4851 4271 4918 crimen
4308 4848 4562 4935 capitale

2629 4936 3000 5019 proferatur
3044 4938 3117 5000 in
3177 4937 3501 5016 medium,
3559 4939 3859 5002 sufficere
3917 4947 4139 5003 tamen
4195 4938 4564 5004 dissolutam

2628 5022 2997 5104 luxuriem,
3062 5023 3116 5088 si
3182 5022 3421 5105 corrigi
3489 5043 3528 5088 a
3594 5024 3974 5106 parentibus
4038 5033 4349 5107 nequeat:
4426 5021 4565 5106 qnia

2628 5108 2905 5192 perditis
2965 5108 3257 5173 moribus
3314 5129 3457 5174 esse
3517 5119 3772 5174 certum
3832 5119 3965 5190 est,
4025 5110 4134 5194 qui
4194 5109 4559 5175 modestiam

2630 5194 2827 5259 simul
2875 5216 3023 5261 cum
3073 5194 3465 5259 verecundia
3509 5195 3601 5262 sic
3644 5195 3910 5276 abiecit,
3964 5206 4037 5261 ut
4099 5196 4266 5260 nihil
4329 5193 4559 5278 prosint

2631 5279 3111 5345 admonitiones
3172 5289 3503 5363 paternae.
3604 5283 3712 5347 Ex
3771 5281 3906 5347 fine
3962 5304 4194 5348 versus
4249 5283 4558 5365 colligitur

2633 5364 2877 5450 duplex
2917 5366 3069 5432 finis
3104 5387 3483 5450 poenarum,
3525 5379 3594 5432 ut
3631 5380 3808 5433 terra
3853 5369 4206 5435 sceleribus
4241 5375 4557 5453 purgetur,

4798 714 4801 819 l
