4867 6150
349 437 461 502 261

1804 440 2179 508 PRIMUM
2227 410 2891 510 PRAEOEPTUM.

4225 449 4357 515 262

2187 853 2485 953 LEX.

1695 1112 1845 1194 PR
1856 1111 2447 1194 AEGEPTUM
2500 1111 2982 1196 PRIMUM.

969 1405 1103 1471 EX
1147 1403 1447 1470 EXODI
1489 1403 1649 1470 XX.

504 1578 565 1643 3.
615 1578 768 1644 Non
808 1582 992 1644 erunt
1033 1577 1147 1643 tibi
1189 1577 1288 1642 dii
1329 1575 1525 1643 alieni
1569 1595 1779 1642 coram
1818 1575 1985 1657 facie
2026 1595 2183 1641 mea.

813 1866 1317 1935 REPE'I'I'I'IO
1364 1865 1809 1934 EIUSDEM.

1015 2005 1149 2070 EX
1193 2003 1467 2071 DEU'I'.
1510 2002 1587 2071 V.

504 2179 563 2244 7.
613 2178 762 2244 Non
803 2181 983 2242 erunt
1024 2175 1137 2242 aba·
1178 2176 1276 2242 dii
1317 2176 1517 2242 alieni
1559 2196 1767 2243 eoram
1806 2175 1971 2257 facie
2011 2194 2168 2239 mea.

500 2350 562 2416 3.
614 2349 761 2416 Non
800 2353 999 2415 erunt.
1102 2347 1251 2415 Hoc
1318 2358 1663 2431 praecepto
1721 2347 1902 2413 iubet
1956 2344 2142 2411 Deus
2208 2365 2280 2410 se

326 2457 534 2502 unum
577 2436 902 2502 duntaxat
944 2433 1099 2501 coli:
1167 2443 1235 2501 et
1291 2455 1528 2517 purum
1589 2434 1771 2498 omni
1814 2431 2279 2516 superstitione

322 2523 577 2588 cultum
623 2522 914 2605 requirit.
1015 2519 1162 2586 Etsi
1206 2521 1382 2585 enim
1426 2518 1689 2585 videtur
1732 2517 2013 2601 simplex
2056 2517 2279 2601 prohi-

323 2609 505 2688 bitio,
549 2618 771 2673 tamen
808 2607 1265 2672 affirmativam
1301 2627 1382 2671 ex
1419 2606 1727 2688 negativa
1751 2606 1987 2671 elicere
2007 2611 2278 2687 oportet,

320 2694 873 2778 quemadmodum
910 2715 993 2758 ex
1029 2691 1450 2776 sequentibus
1487 2691 1723 2759 melius
1758 2689 2023 2774 patebit.
2112 2689 2277 2754 Pro-

322 2781 420 2846 dit
479 2802 639 2864 ergo
694 2781 765 2851 in
823 2779 1147 2862 medium,
1210 2787 1288 2843 ut
1338 2778 1404 2842 in
1459 2799 1612 2843 eum
1670 2779 1880 2843 solum
1925 2775 2277 2858 respiciant

317 2867 672 2933 Israelitae
715 2866 967 2948 sibique
1007 2867 1111 2929 ius
1148 2885 1340 2930 suum
1385 2864 1705 2943 vendicat,
1749 2885 1834 2928 ne
1877 2861 2004 2927 alio
2062 2874 2274 2926 trans·

319 2954 594 3019 feratur.
674 2951 757 3017 In
805 2952 1152 3017 verborum
1198 2951 1601 3033 expositione
1646 2970 1779 3014 non
1835 2969 2065 3014 omnes
2119 2967 2275 3014 con-

318 3041 643 3108 sentiunt.
722 3037 1006 3121 Quidam
1054 3037 1230 3102 enim
1303 3049 1443 3105 ΜΒ
1503 3036 1830 3120 accipiunt
1874 3055 1990 3118 pro
2032 3034 2153 3113 ira,
2200 3055 2275 3100 ae

320 3130 375 3193 si
398 3127 653 3194 dictum
688 3134 894 3190 esset:
942 3124 1043 3188 Ne
1067 3124 1316 3189 alienos
1351 3123 1504 3189 deos
1540 3123 1659 3187 tibi
1682 3142 1978 3187 accersas
2000 3120 2082 3186 ad
2105 3121 2273 3186 iram

321 3234 536 3280 meam
587 3207 1085 3297 provocandam.
1174 3209 1267 3275 Et
1320 3208 1527 3273 fateor
1587 3230 1826 3274 nomen
1893 3207 2273 3273 hebraicum

321 3320 517 3384 saepe
564 3299 686 3364 hoc
730 3318 927 3364 sensu
991 3294 1164 3380 poni.
1252 3294 1427 3360 Illud
1487 3307 1710 3359 tamen
1768 3294 2047 3359 alterum
2109 3293 2274 3357 mihi

320 3388 567 3451 rectius
601 3384 893 3450 videtur:
938 3383 1042 3448 Ne
1070 3381 1272 3447 facias
1307 3381 1427 3446 tibi
1463 3380 1619 3447 deos
1655 3400 1870 3446 coram
1910 3379 2072 3446 facie
2106 3399 2270 3445 mea.

322 3473 459 3539 Sed
499 3470 717 3538 adhuc
759 3470 977 3553 aliqua
1021 3477 1122 3534 est
1163 3468 1468 3542 varietas,
1514 3468 1668 3550 quia
1712 3464 1792 3531 de
1836 3464 2157 3548 particula
2193 3449 2273 3542 ὃν

319 3579 452 3623 non
500 3556 832 3624 convenit.
926 3553 1101 3623 Sunt
1144 3554 1320 3619 enim
1365 3556 1474 3637 qui
1511 3566 1873 3636 exponant:
1926 3551 2026 3616 Ne
2071 3551 2272 3616 facias

317 3646 436 3711 tibi
486 3644 644 3709 deos
685 3663 845 3728 prae
890 3663 1011 3718 me,
1055 3639 1162 3707 vel
1196 3660 1360 3723 quos
1401 3639 1566 3703 mihi
1612 3640 1957 3723 praeferas.
2047 3637 2274 3703 Gitant

317 3731 538 3795 locum
585 3728 785 3795 Deut.
833 3728 914 3793 21
939 3778 954 3802 ‚
1013 3727 1122 3792 ubi
1175 3736 1347 3790 vetat
1394 3727 1608 3804 Deus,
1673 3726 1729 3789 si
1773 3726 1880 3789 cui
1923 3725 2058 3788 sint
2101 3723 2271 3789 duae

312 3837 581 3890 uxores,
628 3824 693 3880 et
736 3835 819 3879 ex
865 3827 1141 3897 utraque
1183 3813 1390 3892 liberi,
1434 3834 1516 3876 ne
1560 3810 2147 3894 primogenituram
2186 3810 2267 3875 ad

313 3901 676 3968 mcundum
722 3901 1079 3966 transferat
1123 3918 1342 3964 coram
1386 3897 1555 3964 facie
1603 3896 2042 3981 primogeniti.
2132 3894 2267 3961 Ve-

310 4009 461 4054 rum
509 3997 586 4052 ut
629 3986 858 4052 demus
899 3984 1036 4052 illic
1078 3984 1223 4050 fieri
1266 3984 1818 4068 comparationem
1863 3982 2137 4047 minoris
2203 3991 2269 4046 et

311 4075 605 4153 maioris,
674 4073 868 4137 nimis
911 4070 1221 4155 frigidum
1267 4080 1472 4147 esset,
1527 4070 1654 4136 hoc
1696 4070 1837 4133 loco
1895 4089 2031 4133 non
2085 4067 2263 4134 aliud

308 4158 536 4225 Deum
597 4158 930 4242 postulare
988 4177 1181 4241 quam
1240 4177 1326 4221 ne
1369 4156 1769 4240 superiorem
1822 4153 2101 4238 gradum
2150 4154 2263 4220 ob-

308 4246 576 4311 tineant
615 4244 703 4310 dii
742 4245 969 4309 alieni:
1036 4242 1297 4327 quando
1343 4262 1463 4307 nec
1507 4240 1632 4306 sibi
1674 4240 1943 4323 aequari
1995 4241 2261 4323 patitur,

308 4333 417 4399 vel
464 4333 667 4399 etiam
711 4332 981 4397 comites
1023 4330 1313 4413 adiungi.
1361 4328 1655 4392 Vitiatur
1697 4328 1872 4392 enim
1909 4337 1976 4392 et
2009 4327 2262 4392 adulte-

306 4431 502 4484 ratur
523 4418 775 4502 religio,
809 4415 1008 4481 simul
1042 4434 1117 4480 ac
1138 4414 1484 4479 minimum
1519 4413 1766 4496 aliquid
1790 4413 2156 4478 detrahitur
2178 4433 2261 4479 ex

307 4505 440 4570 Dei
483 4504 716 4591 gloria.
797 4503 889 4568 Et
930 4501 1191 4576 seimus,
1237 4522 1437 4585 quum
1476 4520 1630 4566 suos
1675 4499 1930 4564 Baalim
1978 4500 2264 4564 colerent

303 4590 656 4657 Israelitae
714 4610 844 4654 non
903 4590 997 4653 ita
1049 4588 1229 4670 ipsos
1282 4585 1671 4671 subrogasse
1726 4586 1797 4649 in
1853 4585 2065 4652 locum
2112 4586 2259 4665 Dei,

307 4689 385 4743 ut
429 4697 516 4743 eo
558 4674 929 4761 posthabito
964 4674 1326 4741 tribuerent
1354 4672 1488 4739 illis
1531 4692 1860 4738 summum
1885 4672 2257 4754 imperium.

304 4763 475 4828 Fuit
522 4771 745 4827 tamen
790 4762 952 4828 haec
995 4759 1265 4825 minime
1314 4759 1668 4824 tolerabilis
1712 4758 2076 4841 profanatio
2120 4758 2258 4823 cul-

305 4859 417 4915 tus
463 4848 626 4926 Dei,
679 4869 758 4915 ac
814 4845 1087 4931 proinde
1140 4845 1344 4929 impia
1398 4845 1595 4910 huius
1650 4844 1983 4928 praecepti
2040 4853 2257 4909 trans·

305 4936 593 5016 gressio,
655 4944 963 5018 patronos
1017 4932 1140 4998 sibi
1202 4932 1486 5015 deligere
1546 4951 1751 5014 penes
1791 4950 1952 5013 quos
1994 4929 2259 4996 deitatis

305 5040 467 5104 pars
513 5022 732 5104 aliqua
774 5018 1117 5086 resideret:
1178 5018 1333 5101 quia
1390 5016 1520 5082 nisi
1563 5017 1813 5081 eminet
1855 5016 2033 5082 solus
2073 5014 2257 5082 Deus

303 5105 700 5172 tantundem
721 5106 1109 5172 obscuratur
1129 5106 1270 5170 eius
1305 5103 1633 5169 maiestas.
1694 5103 2078 5168 Genuinum
2116 5123 2258 5168 esse

301 5212 469 5277 ergo
516 5213 780 5260 sensum
825 5190 1148 5272 existimo,
1190 5211 1275 5255 ne
1320 5211 1483 5274 quos
1517 5189 1644 5254 sibi
1679 5187 1835 5254 deos
1868 5189 2126 5272 fingant
2158 5187 2257 5256 Is·

302 5279 615 5360 raelitae,
676 5300 838 5363 quos
889 5298 1047 5345 vero
1102 5285 1169 5342 et
1222 5277 1413 5342 unico
1456 5273 1601 5340 Deo
1644 5285 1995 5358 opponant.
2083 5273 2256 5340 Nam

302 5364 639 5433 Hebraeis
681 5365 923 5431 Coram
967 5362 1155 5444 facie,
1197 5371 1273 5428 ut
1317 5362 1673 5445 plurimum
1716 5361 2043 5446 significat
2078 5381 2115 5426 e
2158 5381 2259 5426 re-

2389 1401 2603 1486 gione.
2692 1402 2843 1469 Non
2887 1404 3031 1469 vult
3066 1404 3270 1488 igitur
3314 1404 3496 1470 Deus
3538 1403 3665 1470 sibi
3704 1404 3965 1471 obtrudi
4000 1406 4230 1486 socios,
4275 1416 4344 1473 et

2390 1497 2704 1570 tanquam
2749 1488 2820 1554 in
2865 1499 3217 1572 conspectu
3252 1511 3373 1557 suo
3409 1489 3626 1557 locari.
3670 1491 3940 1556 Interea
3983 1492 4149 1557 mihi
4189 1513 4342 1577 pro-

2388 1573 2606 1639 babile
2648 1582 2765 1655 est,
2808 1575 3025 1658 ipsum
3071 1575 3360 1642 alludere
3397 1577 3477 1641 ad
3516 1577 4135 1657 manifestationem,
4173 1599 4343 1663 quae

2392 1659 2707 1743 populum
2765 1660 2836 1725 in
2891 1661 3145 1727 sincera
3188 1663 3432 1745 pietate
3476 1663 3760 1728 retinere
3806 1663 4134 1729 debuerat.
4225 1664 4339 1731 Sic

2390 1746 2569 1810 enim
2613 1746 2857 1811 tradita
2899 1747 2971 1811 in
3017 1748 3160 1831 lege
3206 1750 3418 1813 fuerat
3445 1769 3608 1814 vera
3642 1769 3938 1832 puraque
3977 1750 4226 1834 religio,
4262 1759 4339 1816 ut

2388 1831 2525 1895 illic
2568 1830 3044 1914 quodammodo
3088 1834 3335 1899 luceret
3371 1834 3497 1900 Dei
3540 1835 3757 1901 facies.
3848 1834 4002 1903 Alia
4044 1838 4338 1919 gentium

2388 1917 2587 1997 ratio,
2645 1939 2812 2000 quae
2870 1920 3134 1984 tametsi
3192 1920 3392 1986 falsos
3451 1919 3606 1986 deos
3671 1920 3794 1986 sibi
3840 1931 4089 1986 temere
4130 1923 4336 2006 finge·

2386 2002 2580 2080 bant,
2640 2024 2775 2068 non
2821 2014 3043 2070 tamen
3085 2026 3302 2071 coram
3361 2006 3527 2071 facie
3577 2004 3725 2087 Dei,
3780 2027 3948 2091 quae
4002 2006 4138 2073 illis
4197 2017 4339 2073 erat

2382 2088 2731 2173 incognita.
2824 2088 3126 2165 Sciamus
3183 2113 3340 2176 ergo
3382 2091 3505 2158 hos
3550 2091 3818 2158 demum
3863 2093 4116 2159 censeri
4174 2093 4339 2179 legi-

2382 2175 2577 2240 timos
2623 2174 2750 2241 Dei
2815 2177 3133 2255 cultores,
3196 2180 3303 2262 qui
3360 2179 3694 2263 figmentis
3749 2179 4057 2245 omnibus
4116 2180 4335 2246 valere

2382 2260 2611 2340 iussis,
2669 2262 2794 2344 ipsi
2842 2262 2959 2327 uni
3000 2262 3420 2330 adhaereant.
3533 2264 3671 2331 Nec
3714 2284 3874 2329 vero
3918 2262 4186 2331 dubium
4234 2274 4335 2331 est

2381 2345 2542 2429 quin
2588 2347 2690 2413 his
2750 2347 2968 2414 verbis
3028 2349 3619 2433 comprehendatur
3673 2350 3949 2416 interior
4005 2352 4133 2417 Dei
4193 2351 4330 2418 cul-

2381 2441 2511 2509 tus,
2558 2431 2818 2516 quando
2865 2445 3281 2518 praeceptum
3328 2436 3451 2503 hoc
3505 2436 3728 2501 differt
3769 2458 3809 2501 a
3851 2437 4169 2520 proximo,
4216 2437 4331 2502 ubi

2379 2528 2654 2584 externa
2710 2517 3081 2586 idololatria
3138 2521 3576 2588 damnabitur.
3677 2522 3772 2587 Et
3844 2522 4139 2589 homines
4205 2523 4332 2589 sibi

2379 2604 2527 2669 aliis
2569 2604 2779 2670 modis
2824 2605 2977 2672 deos
3020 2607 3233 2673 facere
3276 2629 3473 2690 quam
3518 2610 3589 2672 in
3631 2609 3899 2688 statuis,
3958 2617 4073 2674 aut
4116 2610 4330 2692 pictu-

2380 2692 2495 2770 ris,
2539 2699 2653 2756 aut
2695 2691 2830 2756 ulla
2874 2693 3117 2759 visibili
3163 2695 3392 2776 specie,
3439 2695 3601 2759 satis
3647 2705 3874 2759 notum
3919 2707 4037 2760 est.
4104 2695 4330 2780 Ange-

2379 2776 2483 2841 los
2529 2777 2586 2841 si
2629 2778 2777 2860 quis
2820 2777 3046 2843 adoret
3089 2779 3228 2844 loco
3276 2781 3418 2853 Dei,
3479 2781 3584 2845 vel
3631 2800 3938 2845 arcanum
3978 2780 4157 2846 aliud
4205 2803 4328 2846 nu·

2379 2883 2533 2928 men
2578 2862 2781 2928 stulte
2824 2864 3255 2948 imaginetur,
3323 2865 3445 2930 hae
3499 2866 3644 2950 lege
3686 2887 3871 2930 reum
3918 2868 4126 2932 teneri
4184 2868 4331 2932 nul-

2381 2949 2483 3014 lus
2532 2948 2819 3033 negabit.
2910 2949 3238 3016 Vendicat
3291 2972 3449 3036 ergo
3506 2952 3689 3017 Deus
3747 2950 3870 3016 sibi
3926 2955 4127 3018 etiam
4183 2973 4328 3019 cor·-

2380 3034 2560 3101 dium
2606 3035 2895 3114 affectus,
2942 3045 3016 3102 ut
3055 3037 3487 3120 spiritualiter
3528 3038 3705 3104 solus
3748 3036 4018 3105 colatur.
4104 3042 4327 3122 Atque

2377 3121 2509 3189 huc
2551 3143 2684 3187 non
2721 3123 2940 3205 inepte
2984 3124 3215 3188 referri
3256 3132 3470 3208 potest
3511 3125 3835 3208 particula
3879 3125 4117 3191 Coram
4163 3126 4327 3192 facie

2379 3228 2552 3273 mea:
2621 3208 2773 3291 quia
2833 3210 2953 3273 etsi
3012 3208 3354 3275 hominum
3408 3210 3630 3276 oculos
3696 3209 3857 3275 latet
3925 3231 4149 3276 eorum
4205 3211 4326 3276 im-

2377 3295 2589 3377 pietas
2633 3295 2745 3377 qui
2789 3294 2870 3359 ad
2914 3315 3258 3377 perversos
3303 3295 3514 3362 cultus
3557 3296 3725 3363 clam
3771 3295 4206 3381 degenerant,
4259 3304 4328 3363 et

2376 3379 2561 3445 intus
2607 3379 2835 3446 fovent
2879 3401 3034 3446 suos
3076 3402 3350 3462 errores,
3417 3381 3544 3447 Dei
3603 3392 3826 3448 tamen
3885 3383 4326 3467 cognitionem

2377 3485 2509 3531 non
2576 3466 2849 3550 effugiet
2913 3488 3137 3533 eorum
3204 3468 3570 3552 hypocrisis
3619 3477 3685 3533 et
3749 3469 4041 3552 perfidia.
4144 3470 4326 3536 Hinc

2376 3552 2573 3616 etiam
2642 3554 2963 3636 sequitur,
3032 3575 3165 3619 non
3227 3557 3352 3619 rite
3417 3554 3540 3620 coli
3605 3554 3872 3621 unicum
3918 3552 4140 3620 Deum
4196 3555 4324 3621 nisi

2374 3645 2718 3721 separetur
2762 3637 2845 3705 ab
2879 3640 3185 3706 omnibus
3229 3642 3580 3725 figmentis.
3639 3640 3861 3721 Quare
3906 3661 4038 3705 non
4084 3641 4325 3706 sufficit

2374 3724 2517 3789 eius
2562 3746 2796 3790 nomen
2844 3725 3232 3805 obtendere,
3277 3726 3407 3791 nisi
3451 3725 3858 3809 corruptelae
3902 3746 4128 3792 omnes
4171 3748 4324 3792 ver-

2372 3810 2455 3875 bo
2501 3811 2638 3876 eius
2679 3810 2994 3877 adversae
3032 3812 3375 3878 facessant.
3421 3812 3615 3879 Unde
3659 3813 3936 3896 emergit
3969 3811 4322 3878 discrimen

2374 3917 2567 3962 verae
2612 3897 2950 3981 religionis
2993 3919 3034 3963 a
3071 3898 3293 3980 pravis
3334 3897 3930 3980 superstitionibus.
4034 3896 4320 3979 Quando

2369 3983 2548 4047 enim
2596 3983 3020 4067 praescripsit
3067 3985 3249 4049 Deus
3291 3983 3612 4068 quomodo
3659 3983 3818 4048 velit
3857 4003 3897 4047 a
3940 3983 4129 4049 nobis
4179 3984 4324 4063 coli,

2367 4068 2480 4133 ubi
2528 4068 2632 4133 vel
2679 4069 3012 4135 tantillum
3061 4070 3465 4136 deflectimus
3525 4070 3605 4134 ab
3653 4069 3776 4134 hac
3836 4069 4100 4153 regula,
4169 4069 4324 4136 deos

2365 4154 2616 4219 alienos
2671 4155 2859 4221 nobis
2916 4157 3288 4236 statuimus,
3345 4155 3632 4220 illumin
3680 4153 3973 4221 ordinem
4013 4154 4325 4241 cogendo.

2864 4446 3087 4514 LOCI
3134 4448 3260 4512 AD
3306 4445 3833 4512 PRAEGEP'DI

2478 4530 2769 4600 HUIUS
2828 4530 3542 4600 EXPOSI'PIONEM
3588 4529 4206 4600 SPECTANTES.

3036 4653 3169 4718 EX
3205 4651 3475 4719 DEU'l'.
3525 4649 3647 4718 VI.

2537 4808 2597 4873 4.
2647 4807 2828 4875 Audi
2851 4806 3080 4886 Israel,
3128 4805 3360 4873 lehova
3379 4806 3561 4873 Deus
3594 4811 3801 4873 noster
3821 4804 4001 4873 Deus
4020 4827 4190 4874 unus
4209 4813 4317 4876 est.

3030 5099 3162 5165 EX
3211 5098 3476 5166 DEU'I'.
3525 5097 3645 5164 VI.

2536 5273 2639 5338 13.
2687 5271 2983 5339 Iehovam
3024 5270 3233 5338 Deum
3285 5277 3465 5337 tuum
3518 5269 3795 5350 timebis,
3855 5273 3913 5333 et
3951 5268 4165 5350 ipsum
4217 5288 4313 5336 30-

2359 5358 2494 5425 lum
2533 5359 2707 5425 coles.

3797 5451 3904 5511 17·
