4867 6150
527 421 667 486 703

540 616 651 678 aut
702 608 881 692 lilius
923 608 1153 690 patrui
1204 607 1342 672 eius
1396 606 1654 673 redimet
1703 625 1845 671 eum
1860 653 1877 684 ,
1935 609 2051 671 aut
2093 604 2502 687 propinquus

537 695 756 765 carnis
797 695 935 760 eius
969 714 1000 758 e
1037 692 1296 775 familia
1338 692 1477 759 eius
1517 691 1783 757 redimet
1825 711 1999 757 eum.-
2042 694 2155 756 aut
2187 690 2249 755 si
2284 709 2504 771 appre-

538 781 819 848 henderit
859 799 1087 844 manus
1131 779 1267 844 eius
1284 829 1299 856 ‚
1359 782 1504 843 tunc
1544 778 1803 843 redimet
1844 799 1909 843 se
1941 778 2172 858 ipsum.
2264 775 2368 839 50.
2413 774 2504 840 Et

538 866 908 952 supputabit
954 885 1096 930 cum
1150 885 1218 930 eo
1270 864 1381 946 qui
1432 865 1578 930 emit
1631 864 1877 945 ipsum,
1943 862 2022 928 ab
2065 882 2229 927 anno
2272 881 2391 942 quo
2437 880 2505 926 se

540 954 820 1021 vendidit
850 952 966 1027 illi,
1010 972 1209 1034 usque
1243 951 1329 1016 ad
1363 970 1602 1015 annum
1626 949 1916 1029 Iubilaei,
1952 948 2503 1029 aestimabiturque

530 1041 805 1124 pecunia
845 1038 1222 1105 venditionis
1255 1037 1394 1101 eius
1426 1037 1766 1101 secundum
1799 1055 2127 1101 numerum
2160 1053 2504 1100 annorum.-

540 1132 597 1193 et
628 1125 965 1193 seeundum
996 1124 1133 1188 dies
1164 1122 1537 1189 mercenarii
1574 1122 1850 1203 fiet'cum
1883 1142 1966 1186 eo.
2036 1120 2140 1185 51.
2190 1119 2267 1184 Si
2300 1119 2503 1185 adhue

540 1212 723 1278 multi
776 1210 1016 1292 fuerint
1071 1210 1255 1284 anni,
1309 1208 1647 1273 secundum
1690 1228 1789 1272 eos
1830 1208 2108 1272 restituet
2146 1204 2505 1286 redemptio-

542 1318 684 1364 nem
725 1318 910 1362 suam
949 1297 1024 1361 de
1065 1299 1317 1379 arqento
1373 1294 1746 1359 venditionis
1802 1313 1973 1359 suae.
2062 1292 2165 1357 52.
2221 1291 2396 1372 Quod
2441 1291 2503 1354 si

527 1404 778 1467 parum
831 1384 1150 1464 reliquum
1207 1382 1293 1445 sit
1348 1401 1425 1444 eso
1485 1380 1679 1446 annis
1736 1400 1932 1461 usque
1974 1379 2060 1444 ad
2105 1398 2345 1443 annum
2390 1375 2506 1439 Iu-

544 1470 768 1547 bilaei,
826 1475 971 1534 tunc
1022 1466 1386 1548 supputabit
1442 1485 1581 1530 oum
1639 1485 1737 1530 eo.-
1793 1471 1850 1531 et
1908 1465 2246 1530 seeundum
2304 1482 2504 1527 annos

544 1576 695 1622 suos
771 1556 1048 1621 restituet
1123 1551 1601 1634 redemptionem
1662 1572 1866 1617 suam.
1979 1550 2082 1616 53.
2170 1550 2505 1630 Tanquam

546 1642 970 1708 mercenarius
1006 1660 1261 1705 annuus
1294 1638 1413 1703 erit
1453 1659 1595 1703 cum
1636 1637 1781 1703 illo.-
1822 1658 1944 1703 non
1985 1634 2411 1701 dominabitur
2446 1634 2504 1698 ei

547 1730 703 1794 dure
744 1729 815 1792 in
856 1726 1052 1792 oeulis
1094 1725 1242 1789 tuis.
1332 1724 1435 1789 54.
1487 1724 1562 1788 Si
1605 1743 1732 1788 non
1773 1744 1840 1790 se
1878 1723 2209 1788 redemerit
2245 1722 2316 1785 in
2350 1719 2502 1797 illis,

546 1814 890 1897 eyredietwr
924 1813 995 1877 in
1029 1831 1195 1876 anno
1219 1810 1494 1875 Iubilaei
1528 1811 1666 1892 ipse
1694 1815 1750 1875 et
1780 1809 1907 1889 filii
1942 1810 2108 1873 eius.-
2186 1806 2290 1872 55.
2336 1806 2504 1887 Quia

547 1900 706 1965 mihi
741 1903 887 1964 sunt
923 1897 1051 1979 filii
1088 1894 1296 1962 Israel
1330 1897 1514 1972 servi,
1560 1896 1730 1961 servi
1763 1896 1888 1960 mei
1929 1900 2076 1960 sunt
2116 1913 2271 1976 quos
2313 1892 2505 1959 eduxi

548 2006 582 2052 e
625 1992 797 2051 terra
839 1984 1147 2068 Aegypti:
1191 2004 1296 2066 eqo
1338 1981 1568 2047 Iehova
1611 1979 1792 2047 Deus
1832 1986 2048 2047 vester.

721 2154 825 2222 39.
876 2154 952 2219 Si
995 2158 1350 2220 attenuatus
1390 2153 1601 2235 suerit.
1674 2152 1977 2236 Longius
2023 2173 2198 2216 nunc
2237 2171 2503 2233 progre-

550 2242 746 2320 ditur,
793 2248 886 2319 ut,
932 2243 1041 2323 qui
1079 2241 1349 2304 fratrem
1387 2260 1580 2303 suum
1618 2239 1870 2315 emerit,
1917 2260 2065 2303 eum
2104 2247 2344 2303 tractet
2378 2237 2503 2300 hu·

549 2329 851 2402 maniter,
897 2348 1026 2391 non
1070 2346 1257 2391 880118
1302 2344 1377 2389 80
1423 2327 1918 2391 mercenarium.
2006 2323 2315 2388 Vidimus
2358 2322 2502 2405 qui-

552 2414 700 2480 dem
745 2413 946 2499 paulo
991 2420 1144 2476 ante
1186 2412 1517 2477 aestimari
1563 2412 1739 2477 servi
1785 2410 2070 2476 laborem
2121 2407 2318 2491 duplo
2362 2430 2501 2473 am·

548 2502 758 2585 plius,
818 2498 973 2582 quia
1016 2518 1352 2580 nunquam
1396 2517 1473 2561 eo
1515 2498 1857 2581 perveniet
1901 2495 2146 2561 domini
2190 2495 2499 2560 humani-

550 2599 674 2661 tas,
718 2594 792 2651 ut
836 2605 1029 2651 servo
1072 2604 1191 2648 suo
1232 2580 1502 2668 perinde
1545 2582 1920 2666 indulgeat,
1966 2580 2072 2646 vel
2118 2593 2376 2665 parcat,
2425 2602 2500 2646 ac

547 2674 608 2738 si
654 2678 829 2736 esset
872 2671 1066 2735 homo
1109 2668 1564 2735 conductitius.
1644 2669 1792 2734 Non
1840 2688 1995 2751 ergo
2038 2668 2283 2732 frustra
2316 2666 2504 2731 Deus

551 2768 878 2840 temperat
943 2756 1291 2839 imperium
1357 2753 1552 2833 illud,
1634 2753 1804 2838 quod
1883 2753 2187 2835 exempla
2267 2752 2504 2819 docent

550 2844 757 2909 fuisse
799 2843 1240 2927 tyrannicum.
1332 2841 1422 2906 Et
1474 2850 1698 2905 tamen
1760 2862 1893 2906 non
1958 2839 2138 2905 aliud
2184 2840 2503 2922 praecipit

551 2950 750 3014 quam
783 2928 1041 3011 profani
1077 2928 1466 3011 philosophi,
1512 2936 1586 2992 ut
1622 2928 1829 2993 servis
1865 2928 2002 2991 suis
2039 2926 2182 2991 heri
2229 2934 2501 2990 utantur

554 3027 866 3099 tanquam
901 3015 1343 3081 mercenariis.
1411 3013 1630 3098 Atque
1668 3014 1830 3080 haec
1866 3012 2160 3097 aequitas
2204 3011 2349 3077 sine
2384 3032 2500 3077 ex-

547 3105 846 3186 ceptione
911 3123 1068 3186 erga
1133 3122 1361 3166 omnes
1428 3101 1646 3165 valere
1713 3100 1970 3165 debuit:
2051 3120 2283 3163 verum
2350 3099 2506 3182 quia

553 3187 819 3255 difficile
883 3187 1011 3252 fuit
1073 3186 1156 3251 de
1214 3186 1459 3251 exteris
1515 3185 1694 3251 idem
1760 3187 2134 3270 praecipere
2193 3184 2367 3267 quod
2425 3183 2504 3249 de

549 3273 882 3350 fratribus,
926 3272 1035 3338 lex
1072 3274 1371 3356 specialis
1405 3273 1539 3337 lata
1575 3282 1694 3352 881,
1729 3285 1803 3337 111
1837 3273 2074 3337 saltem
2110 3272 2502 3335 moderatio-

551 3382 707 3426 nem
771 3371 1112 3425 servarent
1168 3381 1327 3441 erga
1382 3357 1618 3423 fratres
1678 3380 1862 3437 suos,
1930 3357 2311 3440 quibuscum
2372 3356 2507 3421 illis

550 3445 923 3513 communis
960 3456 1101 3509 erat
1135 3444 1503 3510 haereditas
1539 3457 1606 3509 et
1645 3443 1946 3510 conditio,
2015 3445 2312 3508 Primum
2350 3463 2507 3527 ergo

552 3532 764 3599 servis
805 3530 1131 3597 Hebraeis
1175 3531 1543 3596 consulitur
1585 3552 1671 3595 ne
1715 3530 2177 3597 contumeliose
2221 3538 2288 3594 et
2332 3529 2509 3593 duri-

554 3631 658 3684 ter
696 3626 1067 3683 tractentur
1125 3618 1310 3700 quasi
1366 3617 1723 3701 mancipia:
1787 3614 2024 3681 deinde
2082 3625 2159 3681 ut
2216 3618 2508 3680 servitus

549 3707 753 3771 finem
820 3703 1098 3785 accipiat
1163 3723 1336 3766 anno
1400 3702 1697 3768 Iubilaei.
1811 3701 1945 3767 Sed
2027 3702 2132 3767 hic
2210 3703 2509 3766 exoritur

551 3788 880 3875 quaestiO,
938 3810 1136 3872 quum
1194 3799 1345 3853 ante
1390 3790 1666 3872 septimo
1713 3811 1885 3853 anno
1931 3787 2084 3853 data
2127 3787 2331 3852 fuerit
2373 3787 2507 3852 illis

551 3876 838 3956 libertas,
883 3897 1001 3941 cur
1045 3896 1222 3940 nunc
1269 3874 1612 3940 differatur
1653 3876 1724 3939 in
1761 3896 2008 3940 annum
2044 3875 2506 3958 quinquagesi-

551 3983 758 4028 mum.
824 3960 1112 4043 Quidam
1162 3960 1340 4027 hunc
1383 3960 1630 4026 nodum
1678 3960 1966 4041 solvunt,
2011 3962 2066 4025 si
2110 3961 2183 4024 in
2225 3981 2344 4025 sex
2390 3981 2507 4024 811-

553 4070 676 4114 nos
720 4049 1011 4114 incurrat
1045 4046 1413 4126 Iubilaeus,
1459 4054 1617 4114 tunc
1651 4046 1932 4112 liberum
1970 4045 2232 4124 dimitti,
2279 4066 2507 4129 quam·

555 4137 660 4200 vis
718 4134 1051 4217 integrum
1107 4143 1370 4216 tempus
1428 4154 1562 4198 non
1623 4132 2010 4198 absolverit:
2079 4131 2251 4215 quod
2307 4131 2509 4197 1111818

554 4229 856 4286 0080111111
916 4231 1032 4284 881.
1121 4220 1296 4285 Mihi
1358 4221 1581 4302 itaque
1639 4220 1848 4303 magis
1908 4218 2221 4301 probatur
2281 4239 2508 4284 vocem

558 4291 660 4374 ¹2:1³
699 4305 961 4390 longius
1000 4304 1266 4371 extendi
1329 4305 1411 4370 ad
1471 4306 1876 4388 septenarios
1931 4326 2219 4388 quosque
2279 4324 2507 4383 annos,

558 4399 675 4456 aut
753 4405 928 4457 certe
1008 4391 1401 4457 nominatim
1469 4391 1982 4456 moderationem
2050 4411 2210 4474 erga
2286 4412 2512 4457 servos

557 4476 883 4562 praecipi,
928 4479 1037 4559 qui
1072 4479 1285 4560 magis
1328 4479 1592 4543 obnoxii
1635 4489 1824 4542 erant
1869 4477 2216 4543 violentiae
2260 4484 2328 4542 et
2369 4497 2511 4542 0111-

560 4565 755 4629 nibus
810 4562 1089 4629 iniuriis.
1178 4564 1410 4647 Neque
1469 4564 1646 4629 enim
1692 4564 1834 4630 ausi
1877 4564 2160 4629 fuissent
2197 4585 2316 4647 pro
2362 4563 2512 4627 libi-

560 4648 714 4715 dine
758 4668 983 4714 servos
1042 4650 1412 4732 opprimere
1469 4651 1579 4733 qui
1635 4651 1830 4734 paulo
1880 4659 2029 4734 post
2072 4650 2276 4715 futuri
2319 4659 2513 4714 erant

557 4735 770 4801 liberi.
863 4732 993 4800 Sed
1055 4736 1167 4816 qui
1231 4758 1390 4802 aure
1450 4738 1780 4820 perforata
1842 4757 1912 4802 se
1977 4735 2371 4802 addixerant
2439 4736 2513 4800 in

560 4821 830 4906 longum
907 4828 1196 4902 tempus,
1271 4823 1549 4889 fuissent
1627 4821 2027 4907 petulantius
2093 4822 2314 4888 vexati
2382 4823 2512 4887 11181

559 4908 746 4974 Deus
791 4907 1283 4972 intercessisset.
1376 4910 1595 4993 Atque
1639 4909 1813 4975 hanc
1857 4909 2253 4975 sententiam
2300 4908 2512 4973 liben-

560 5002 667 5060 ter
711 4993 1093 5077 amplector,
1161 4996 1462 5075 quamvis
1518 4995 1599 5060 ad
1660 5016 1908 5061 annum
1968 5016 2176 5080 usque
2231 4993 2512 5061 Iubilaei

564 5078 837 5145 duraret
901 5080 1216 5156 servitus,
1298 5081 1635 5146 moderate
1700 5092 1923 5146 tamen
1988 5088 2055 5147 et
2133 5080 2514 5146 humaniter

565 5165 995 5232 exercendam
1021 5167 1090 5230 in
1115 5187 1225 5231 eos
1247 5165 1780 5233 dominationem.
1840 5165 2046 5250 quue
2080 5169 2515 5233 confirmatur

564 5252 862 5336 proximo
884 5263 1217 5332 contextu,
1254 5251 1364 5318 ubi
1402 5251 1649 5335 prolem
1685 5255 1867 5320 iubet
1899 5253 2170 5319 liberam
2208 5273 2512 5319 unacum

565 5345 751 5422 patre
796 5336 1071 5403 dimitti:
1118 5338 1290 5422 quod
1334 5340 1612 5422 septimo
1656 5360 1830 5404 anno
1872 5340 2017 5405 fieri
2064 5359 2197 5405 non
2242 5339 2511 5406 solebat.

1971 413 2423 482 OCTAVUM
2469 415 3123 484 PRAECEPTUM.

4419 419 4529 486 704

2773 603 2878 671 42.
2930 603 3095 670 Sunt
3126 605 3296 669 enim
3335 604 3503 669 servi
3541 605 3683 670 mei.
3774 605 3907 670 Hic
3951 607 4337 688 pronunciat
4367 608 4528 677 Deus

2602 690 2708 757 ius
2748 712 2943 756 81111111
2987 689 3112 756 81111
3154 690 3340 773 eripi,
3385 691 3497 755 ubi
3542 693 3893 773 rapiuntur
3925 692 3994 755 in
4031 692 4313 757 alienum
4347 694 4528 762 domi-

2602 778 2790 842 nium
2836 797 2996 860 quos
3039 774 3163 841 sibi
3206 777 3276 841 in
3319 777 3652 860 peculium
3687 775 4012 843 vendicat.
4102 778 4280 844 Dicit
4335 794 4529 848 8111818

2599 884 2672 929 88
2728 863 3049 946 populum
3108 863 3519 945 acquisiisse,
3584 864 3847 945 quando
3914 883 4066 928 eum
4132 864 4404 930 redemit
4457 888 4529 934 ex

2607 950 2930 1033 Aegypto.
2998 947 3193 1014 Unde
3228 948 3481 1031 colligit
3523 949 3625 1013 ius
3668 970 3863 1014 suum
3909 949 4165 1029 violari,
4208 952 4267 1016 81
4306 952 4442 1035 quis
4471 954 4530 1019 in

2603 1034 2904 1100 homines
2948 1034 3290 1099 Hebraeos
3343 1047 3733 1116 perpetuum
3791 1035 4152 1101 dominium
4198 1038 4323 1102 sibi
4363 1060 4531 1104 usur-

2604 1132 2734 1207 pet.
2824 1122 2900 1187 Si
2944 1122 3090 1204 quie
3133 1120 3422 1197 obiiciat,
3490 1121 3613 1184 1100
3653 1120 3832 1184 idem
3877 1121 4097 1187 valere
4139 1123 4252 1188 ubi
4293 1125 4534 1190 nonnisi

2605 1207 2690 1273 ad
2734 1218 2994 1290 tempus
3038 1205 3371 1272 serviunt:
3427 1204 3817 1290 respondeo,
3860 1209 4161 1289 quamvis
4206 1208 4385 1274 Deus
4425 1209 4534 1275 sibi

2606 1293 2723 1358 uni
2770 1293 3004 1358 merito
3061 1292 3409 1374 imperium
3457 1313 3751 1357 asserere
3789 1294 4108 1374 potuerit,
4170 1294 4293 1359 hoc
4336 1303 4534 1361 tamen

2606 1379 2904 1464 symbolo
2962 1379 3163 1444 fuisse
3220 1387 3639 1444 contentum:
3705 1378 3978 1461 ideoque
4038 1399 4155 1462 per
4207 1380 4534 1466 indulgen-

2607 1468 2767 1530 tiam
2824 1485 3093 1548 passum
3152 1464 3356 1529 fuisse
3414 1462 3648 1529 subiici
3699 1462 3782 1528 ad
3850 1466 4213 1546 praefixum
4284 1478 4534 1550 tempus,

2606 1551 2797 1617 modo
2856 1549 3197 1617 residuum
3256 1547 3516 1632 aliquod
3561 1560 3860 1614 maneret
3903 1550 4313 1617 liberationis
4354 1555 4535 1618 vesti·

2606 1638 2806 1722 gium.
2931 1635 3240 1719 Denique
3336 1636 3700 1702 remedium
3781 1636 4170 1719 simpliciter
4250 1638 4535 1703 adbibere

2608 1724 2845 1804 voluit,
2905 1745 2992 1788 ne
3035 1721 3322 1788 servitus
3362 1723 3612 1806 gratiae
3657 1743 3814 1787 81188
3858 1724 4247 1788 memoriam
4293 1745 4538 1807 prorsus

2606 1810 3091 1894 exstingueret:
3181 1809 3481 1891 quamvis
3560 1808 3932 1890 permiserit
4010 1830 4152 1874 eam
4236 1810 4535 1875 suffocari.

2606 1895 2837 1978 Itaque
2882 1916 2967 1959 ne
3011 1893 3344 1961 confidant
3388 1893 3533 1959 heri
3582 1893 3967 1972 truculenti,
4012 1895 4288 1978 impune
4342 1918 4535 1962 088811·

2608 2002 2749 2047 ram
2808 1981 2932 2047 sibi
2992 2000 3189 2062 quam
3248 1979 3665 2045 exercuerint
3728 1980 4185 2064 tyrannidem:
4256 1982 4539 2048 admonet

2608 2069 2828 2133 Moses
2868 2067 3203 2150 negotium
3240 2066 3372 2131 illis
3393 2086 3536 2131 esse
3557 2087 3708 2131 cum
3731 2067 3894 2147 Deo,
3930 2068 4040 2149 qui
4074 2067 4257 2132 ultor
4294 2068 4535 2133 tandem

2606 2152 2964 2237 apparebit.
3040 2154 3185 2217 Etsi
3222 2164 3442 2217 autem
3479 2151 3674 2217 hodie
3708 2166 3970 2218 cessant
4004 2153 4176 2236 apud
4215 2175 4337 2220 1108
4379 2155 4536 2237 leges

2607 2240 2909 2324 politicae
2956 2238 3191 2304 Mosis:
3238 2260 3534 2321 anagoge
3579 2250 3801 2303 tamen
3848 2239 4132 2304 tenenda
4167 2250 4291 2321 est,
4333 2262 4415 2305 ne
4447 2241 4539 2304 de-

2607 2327 2809 2392 terior
2865 2327 2952 2390 sit
3004 2346 3230 2390 eorum
3290 2324 3575 2390 conditio
3630 2324 3804 2407 apud
3871 2345 3991 2390 nos
4057 2327 4167 2409 qui
4237 2328 4537 2410 sanguine

2606 2412 2867 2478 Christi
2904 2410 3228 2492 redempti
3273 2420 3446 2486 sunt,
3488 2431 3685 2493 quam
3733 2410 3887 2475 olim
3926 2410 4126 2476 fuerit
4162 2417 4408 2477 veteris
4440 2432 4536 2495 po-

2606 2498 2766 2580 puli.
2867 2496 3014 2577 Quo
3074 2506 3326 2578 spectat
3381 2496 3577 2561 Pauli
3638 2495 4048 2563 exhortatio:
4112 2498 4255 2563 Vos
4315 2498 4539 2563 domini

2607 2585 2820 2648 servis
2862 2582 3180 2647 remittite
3226 2582 3458 2659 minas,
3501 2582 3784 2647 scientes
3827 2581 3998 2666 quod
4044 2595 4266 2650 vester
4309 2593 4376 2649 et
4416 2584 4537 2649 illo·

2605 2690 2759 2734 rum
2804 2667 3105 2734 dominus
3148 2678 3249 2733 est
3296 2669 3362 2732 in
3409 2668 3608 2733 coelis
3651 2666 3921 2755 (Ephes.
3968 2669 4029 2748 6,
4075 2668 4162 2756 9).

2777 2754 2881 2819 44.
2933 2754 3167 2819 Servus
3202 2759 3410 2819 autem
3451 2758 3615 2820 tuus.
3686 2753 3875 2835 Quod
3913 2754 4022 2821 hic
4047 2757 4234 2822 Deus
4269 2759 4341 2821 in
4384 2766 4539 2822 exte-

2608 2863 2716 2907 ros
2755 2840 3105 2924 permittit,
3154 2840 3399 2922 passim
3445 2841 3677 2905 tritum
3722 2854 3864 2907 erat
3908 2841 4083 2926 apud
4128 2862 4361 2909 omnes
4403 2863 4541 2926 gen·

2608 2937 2727 3005 188,
2775 2937 2851 2993 111
2895 2927 3178 2992 dominis
3214 2936 3511 2992 maneret
3554 2948 3674 2992 sua
3707 2927 3780 2991 in
3817 2948 4045 2992 servos
4082 2938 4392 3011 potestas,
4430 2948 4541 2993 non

2610 3012 2804 3079 modo
2847 3035 3056 3098 usque
3101 3011 3184 3080 ad
3243 3022 3554 3089 mortem,
3612 3011 3727 3078 sed
3784 3014 4098 3080 continua
4154 3014 4542 3082 successione

2611 3102 2679 3166 in
2727 3102 2965 3166 liberos
3009 3100 3091 3165 ab
3136 3101 3296 3183 ipsis
3334 3100 3610 3182 genitos,
3677 3097 3758 3166 Id
3796 3100 3970 3166 enim
4008 3100 4191 3166 valet
4236 3101 4541 3186 loquutio:

2610 3185 3042 3252 Possidebitis
3085 3206 3205 3269 pro
3250 3186 3405 3250 filiis
3450 3187 3720 3266 vestris,
3786 3188 3889 3252 ius
3946 3186 4226 3252 dominii
4286 3186 4542 3252 transire

2613 3271 2696 3338 ad
2741 3274 2915 3355 ipsos
2951 3271 3283 3338 haeredes.
3352 3273 3493 3338 Nec
3534 3272 3747 3337 solum
3792 3274 3862 3337 in
3906 3275 4349 3357 perpetuitate
4383 3272 4541 3358 poni·

2614 3366 2723 3423 tur
2786 3359 3168 3436 discrimen,
3235 3357 3348 3424 sed
3413 3359 3488 3422 in
3553 3360 3694 3440 ipso
3760 3362 3957 3424 etiam
4024 3360 4292 3442 imperii
4356 3356 4542 3426 modo.

2611 3444 2921 3509 Notanda
2964 3455 3065 3511 est
3109 3445 3283 3510 enim
3325 3445 3701 3510 antithesis:
3748 3446 4047 3511 Utemini
4087 3466 4292 3529 opera
4324 3465 4541 3519 eorum,

2610 3531 2799 3595 fratri
2842 3539 3063 3596 autem
3108 3551 3229 3596 suo
3273 3552 3467 3595 nemo
3513 3529 3959 3597 dominabitur
4015 3531 4290 3598 duriter.
4382 3529 4544 3598 Unde

2612 3627 2885 3699 apparet
2928 3617 3229 3682 fraenum
3274 3617 3486 3694 1111101,
3546 3638 3631 3683 118
3688 3627 3822 3683 tam
3883 3619 4234 3701 imperiose
4291 3623 4546 3703 urgeant

2612 3704 2782 3768 filios
2828 3702 3170 3780 Abrahae,
3231 3703 3387 3786 quin
3443 3701 3718 3768 dimidia
3773 3704 3907 3769 illis
3952 3714 4224 3769 maneat
4284 3704 4543 3777 libertae,

2612 3789 3098 3871 comparatione
3164 3791 3481 3872 gentium.
3587 3789 3735 3853 Non
3796 3789 3968 3872 quod
4042 3792 4399 3875 tyrannica
4458 3785 4545 3852 vel

2613 3875 2918 3940 immanis
2962 3884 3248 3959 potestas
3284 3875 3354 3939 in
3397 3885 3745 3941 extraneos
3779 3876 3960 3942 licita
3994 3876 4216 3954 fuerit,
4266 3877 4378 3943 sed
4413 3873 4545 3957 quia

2612 3961 2961 4046 privilegio
3004 3961 3286 4044 quodam
3334 3960 3517 4027 Deus
3561 3983 3769 4046 genus
3815 3962 4142 4040 Abrahae,
4196 3964 4385 4029 cuius
4427 3969 4547 4026 erat

2613 4047 2936 4126 liberator,
2988 4047 3189 4111 eximi
3234 4046 3444 4112 voluit
3487 4068 3526 4111 a
3568 4059 3744 4112 sorte
3790 4048 4067 4131 vulgari.

2784 4133 2889 4198 47.
2941 4132 3015 4197 Si
3057 4139 3262 4198 atatem
3306 4133 3797 4215 apprehenderit.
3867 4135 3998 4200 Hic
4041 4145 4321 4201 cavetur
4354 4133 4546 4198 Israe-

2610 4218 2748 4284 litis
2784 4220 2896 4302 qui
2929 4241 2999 4286 se
3033 4220 3104 4284 in
3155 4221 3541 4286 servitutem
3585 4221 3832 4286 exteris
3868 4219 4281 4287 tradiderint.
4364 4220 4546 4285 Exte-

2614 4327 2721 4371 ros
2767 4315 2988 4371 autem
3034 4327 3144 4372 eos
3186 4305 3513 4371 duntaxat
3554 4306 3854 4390 intellige
3906 4308 4020 4390 qui
4064 4306 4450 4372 habitabant
4487 4301 4545 4366 18

2615 4401 2794 4458 18118
2829 4391 3179 4457 Chanaan:
3225 4393 3381 4476 quia
3415 4394 3471 4457 si
3507 4393 3655 4475 quis
3689 4394 3761 4457 in
3797 4393 3958 4457 alias
3995 4394 4302 4477 regiones
4336 4392 4547 4457 fuisset

2617 4487 2888 4557 tractus,
2934 4479 3181 4543 frustra
3222 4479 3432 4563 legem
3479 4479 3663 4545 Deus
3707 4479 3967 4544 tulisset
4009 4479 4090 4545 de
4132 4480 4424 4562 ipsorum
4464 4495 4548 4540 18-

2616 4563 3014 4648 demptione.
3119 4565 3334 4630 Datur
3391 4586 3546 4649 ergo
3611 4563 3975 4631 redimendi
4040 4567 4215 4631 servi
4285 4570 4546 4648 potestas

2617 4652 2947 4734 cognatis,
2992 4650 3119 4729 vel,
3167 4650 3223 4716 si
3268 4651 3409 4734 ipse
3452 4661 3685 4716 nactus
3729 4652 3928 4717 fuerit
3968 4651 4253 4736 pretium
4276 4702 4293 4730 ,
4339 4649 4545 4715 eadem

2614 4737 2892 4802 facultas
2935 4737 2996 4801 ei
3040 4735 3435 4802 conceditur.
3523 4737 3945 4820 Exprimitur
4003 4737 4240 4803 deinde
4291 4737 4452 4801 ratio
4491 4741 4546 4797 81

2615 4821 2865 4900 forma,
2932 4832 3009 4887 111
3064 4832 3459 4906 supputetur
3515 4823 3688 4907 quod
3732 4824 4069 4890 residuum
4112 4835 4214 4889 est
4254 4818 4547 4906 temporis

2616 4909 2700 4974 ad
2734 4908 3105 4976 Iubilaeum
3141 4929 3364 4990 usque,
3402 4918 3467 4975 et
3502 4907 3908 4975 subducatur
3940 4932 3977 4975 e
4012 4930 4272 4975 summa
4308 4921 4546 4989 tempus

2614 4995 2785 5078 quod
2827 4995 2962 5061 iam
3005 4993 3302 5078 elapsum
3364 4995 3590 5060 fuerit:
3646 5015 3913 5079 nempe,
3978 4996 4035 5060 si
4091 4996 4545 5079 quinquaginta

2615 5082 2794 5148 siclis
2834 5092 3007 5147 esset
3066 5079 3404 5160 venditus,
3471 5101 3645 5146 anno
3701 5079 4230 5166 quadragesimo,
4302 5076 4545 5145 nonnisi

2616 5166 2839 5235 decem
2897 5167 3090 5233 siclos
3143 5167 3462 5245 solveret,
3574 5168 3684 5231 1118
3746 5168 3980 5251 quinta
4034 5174 4291 5232 tantum
4352 5165 4542 5250 portio

2618 5254 2933 5338 temporis
2978 5253 3281 5319 restabat.
3372 5250 3480 5333 Qu
3610 5254 3666 5318 81
3708 5274 3901 5318 118180
3936 5274 4019 5319 ex
4060 5251 4541 5338 consanguineis

2616 5353 3060 5419 succurreret,
3117 5359 3193 5404 ac
3238 5338 3476 5405 misero
3519 5359 3669 5424 spes
3712 5337 4018 5423 adempta
4059 5350 4231 5406 88881
4266 5339 4541 5419 redemp-
