4867 6150
359 467 484 535 473

281 676 285 680 ·
359 663 488 725 tam
520 659 597 725 de
629 657 982 725 bominibus
1014 680 1208 742 quam
1239 661 1317 727 de
1350 658 1756 740 animalibus,
1801 666 1981 727 tuum
2013 660 2162 725 erit:
2202 660 2314 727 sed

356 744 790 811 redimendum
808 744 996 812 dabis
1004 746 1495 831 primoyenitum
1513 746 1803 827 hominis,
1825 746 2315 830 primogenitum

357 850 600 915 quoque
634 832 937 898 animalis
969 832 1283 898 immundi
1315 833 1747 899 redimendum
1779 832 1978 899 dabis.
2046 831 2148 898 16.
2189 831 2313 898 Re-

357 917 737 1000 demptiones
769 922 976 984 autem
1009 920 1151 985 eius
1182 939 1225 983 a
1262 917 1401 1000 filio
1434 920 1667 985 mensis
1700 918 2105 985 redimendas
2130 917 2315 984 dabis

354 1003 694 1071 secundum
714 1005 1202 1071 aestimationem
1213 1008 1410 1081 tuam,
1420 1005 1697 1087 pecunia
1710 1006 1987 1088 quinque
2000 1004 2312 1085 siclorum

353 1089 695 1156 secundum
740 1092 966 1158 siclum
1014 1090 1385 1168 sanctuarii,
1436 1092 1550 1175 qui
1583 1092 1809 1174 viyinti
1849 1090 2168 1156 obolorum
2201 1095 2309 1157 est.

356 1176 458 1242 17.
498 1174 943 1243 Verumtamen
971 1177 1462 1262 primoqenitum
1505 1177 1693 1257 bovis,
1737 1181 1793 1242 et
1820 1177 2312 1261 primogenitum

351 1263 507 1343 ovis,
552 1267 664 1329 aut
682 1264 1174 1348 primoyenitum
1207 1284 1438 1345 caprae
1474 1283 1597 1330 non
1629 1262 1814 1329 dabis
1847 1263 2312 1330 redimendum.-

346 1353 500 1414 sunt
554 1349 721 1415 enim
764 1349 1190 1431 sanctificata.-
1242 1351 1616 1434 sanquinem
1660 1368 1876 1416 eorum
1917 1368 2181 1433 sparges
2222 1348 2309 1414 ad

348 1434 586 1512 altare,
646 1440 702 1500 et
758 1436 1010 1523 adipem
1062 1455 1274 1501 eorum
1331 1435 1637 1502 adolebis.-
1700 1434 1923 1501 oblatio
1974 1435 2181 1519 iynita
2237 1435 2307 1498 in

349 1520 599 1587 odorem
654 1523 883 1604 quietis
925 1519 1205 1587 Iehovae.
1297 1521 1397 1587 18.
1443 1520 1535 1588 Et
1572 1540 1720 1587 caro
1761 1540 1975 1587 eorum
2014 1526 2126 1586 tua
2169 1520 2307 1596 erit,
2335 1520 2352 1537 “

345 1612 420 1672 ut
427 1612 650 1689 pectus
671 1607 1054 1687 elevationis,
1100 1611 1156 1671 et
1175 1627 1400 1673 armus
1420 1608 1652 1692 dexter,
1695 1612 1806 1673 tua
1827 1607 1964 1673 erit.
2028 1606 2128 1672 19.
2162 1605 2305 1672 Om—

342 1713 456 1758 nes
495 1692 831 1760 oblationes
872 1693 1437 1774 sanctificationum
1480 1714 1641 1777 quas
1682 1692 2008 1760 obtulerint
2045 1692 2174 1774 filii
2196 1691 2304 1757 ,ls-

343 1778 484 1845 rael
528 1779 822 1859 Iehovae,
880 1780 1026 1847 dedi
1084 1779 1228 1859 tibi,
1286 1784 1344 1844 et
1391 1779 1554 1861 filiis
1607 1781 1741 1845 tuis
1783 1783 1840 1844 et
1877 1777 2134 1859 filiabus
2174 1778 2306 1843 tuis

340 1869 544 1931 tecum
577 1867 648 1931 in
680 1871 978 1931 statutum
1001 1870 1409 1947 perpetuum:
1447 1871 1706 1949 pactum
1737 1864 1898 1931 salis
1930 1868 2304 1946 perpetuum

341 1957 432 2017 est
466 1972 677 2018 coram
721 1950 954 2018 Iebova
998 1953 1114 2017 tibi
1158 1956 1213 2017 et
1253 1954 1480 2019 semini
1521 1956 1627 2018 tuo
1659 1957 1875 2019 tecum.

1004 2293 1137 2361 Ex
1182 2294 1491 2361 LEVIT.
1541 2294 1663 2360 VI.

525 2469 607 2535 16
637 2471 654 2509 ¹
687 2518 702 2534 .
756 2467 931 2551 Quod
973 2466 1357 2550 superfuerit
1398 2487 1476 2532 eoe
1518 2464 1754 2544 minba,
1798 2461 2304 2531 comedentAha-

343 2576 469 2622 ron
527 2560 585 2620 et
707 2556 763 2620 ii
819 2554 991 2620 eius.-
1051 2572 1345 2636 azymum
1401 2553 1746 2621 comedetur
1787 2552 1859 2617 in
1901 2550 2027 2618 loco
2067 2556 2299 2630 sancto,

341 2642 416 2707 in
499 2642 664 2708 atrio
739 2639 1126 2706 tabernaculi
1201 2640 1616 2705 conventionis
1719 2637 2023 2704 comedent
2116 2636 2296 2702 illud.

346 2727 450 2796 17.
484 2727 636 2793 Non
679 2731 967 2808 coquetur
1004 2726 1477 2808 fermentatum:
1505 2726 1858 2808 portionem
1900 2744 2115 2789 eorum
2154 2723 2301 2788 dedi

337 2813 514 2881 illud
545 2832 622 2879 ωε
655 2811 1066 2877 oblationibus
1096 2812 1256 2877 meis
1286 2811 1542 2895 iynitis:
1576 2810 1879 2876 sanctitas
1897 2811 2300 2877 sanctitatum

337 2905 463 2979 est,
527 2896 1421 2980 sicutoblatiopropeccato,
1472 2895 2299 2980 etsicutoblatioprode-

336 2986 504 3054 licto.
594 2984 694 3050 18.
750 2983 972 3050 Omnis
1021 2985 1343 3050 masculus
1402 2985 1475 3048 in
1526 2983 1687 3066 filiis
1731 2982 1998 3049 Abaron
2039 2982 2302 3048 comedet

334 3073 540 3153 illud,
596 3075 902 3137 statutum
1341 3074 1433 3137 est
1474 3068 1779 3136 aetatibus
1821 3069 2046 3136 vestris
2087 3069 2163 3135 de
2203 3068 2302 3135 ob—

335 3157 682 3311 ationibus
723 3157 948 3241 iynitis
990 3156 1282 3223 Iekovae:
1336 3158 1452 3240 qui
1490 3157 1760 3241 tetiqerit
1799 3176 1908 3221 eas
1950 3154 2299 3237 sanctifica-

424 3266 533 3311 ur.

875 3586 1007 3655 EX
1047 3584 1381 3653 EODEM
1428 3583 1778 3653 OAPI'I'E.

515 3760 603 3828 26
621 3759 695 3848 ²).
760 3758 1067 3827 Sacerdos
1129 3757 1490 3825 oblationem
1545 3777 1674 3840 pro
1717 3759 1967 3841 peccato
2020 3755 2299 3839 comedet,

330 3850 408 3914 in
451 3848 583 3914 loco
624 3849 840 3913 sancto
882 3845 1252 3923 comeddur,
1297 3844 1371 3909 in
1412 3844 1577 3910 atrio
1620 3842 2009 3909 tabernaculi
2050 3861 2300 3909 conven-

331 3934 553 4000 tionis.
644 3932 747 3999 27.
801 3931 926 4014 Qui
985 3929 1249 4016 tetiqerit
1301 3949 1551 3996 carnem
1597 3930 1738 3996 eius
1789 3928 2297 4012 sanctificabitur,

330 4017 1093 4099 etsidefluoeeritdes
1265 4015 2300 4099 ὐιεοίαεεαρενυεεέεηι,ἰῑῑαᾱ

328 4125 537 4190 super
593 4105 758 4189 quod
807 4103 1134 4184 defluxerit
1241 4101 1422 4168 cabis
1455 4104 1528 4168 in
1573 4102 1703 4169 loco
1743 4106 1969 4168 sancto.
2059 4102 2161 4168 28.
2209 4101 2301 4167 Et

327 4213 453 4259 vas
514 4196 843 4257 testaceum
898 4189 970 4255 in
1012 4209 1135 4271 quo
1168 4194 1488 4271 coquetur,
1534 4187 1988 4273 confrinyetur:
2030 4189 2196 4271 quod
2235 4189 2300 4254 si

328 4279 408 4344 in
466 4298 620 4344 vase
667 4296 855 4344 aeneo
906 4280 1076 4342 cocta
1130 4274 1357 4357 fuerit,
1416 4273 1830 4358 defricabitur
1884 4279 1941 4340 et
1980 4273 2299 4340 lavabitur

326 4385 531 4448 aqua.
627 4363 731 4430 29.
796 4361 1019 4428 Onmis
1066 4360 1388 4428 masculus
1441 4361 1513 4426 in
1568 4351 1989 4428 sacerdotibus
2038 4361 2303 4428 comedet

326 4450 559 4519 illam.-
596 4450 896 4516 sanctitas
936 4448 1337 4515 sanctitatum
1379 4453 1485 4513 est.

511 4622 860 4688 Numeror.
903 4619 1005 4700 18,
1052 4619 1111 4685 8.
1150 4618 1479 4702 Loquutus
1514 4617 1856 4684 estIehova
1897 4617 2291 4686 adAbaron.

323 4711 535 4778 Nunc
569 4709 780 4774 fusius
813 4726 1086 4773 narrare
1128 4706 1345 4791 pergit
1386 4703 1558 4789 quod
1604 4724 1815 4787 nuper
1856 4703 2168 4788 attigerat
2212 4705 2294 4772 de

321 4797 485 4864 iure
529 4791 961 4870 sacerdotum,
1015 4791 1227 4875 quoad
1272 4811 1494 4858 sacras
1531 4790 1914 4857 oblationes.
1975 4790 2294 4856 'Ponenda

326 4892 436 4950 est
497 4889 717 4947 autem
776 4878 892 4944 illa
949 4899 1142 4961 quam
1202 4877 1341 4942 dixi
1391 4877 1788 4961 comparatio
1845 4876 2022 4941 inter
2073 4897 2290 4943 sacer-

323 4968 525 5035 dotes
583 4965 912 5051 praecipui
972 4963 1220 5030 ordinis
1279 4971 1346 5028 et
1388 4965 1694 5029 Levitae:
1754 4963 1908 5046 quia
1952 4961 2106 5027 dum
2153 4963 2291 5028 sin-

323 5054 554 5141 gulari
613 5052 864 5117 honore
908 5049 1139 5116 domus
1186 5049 1458 5115 Aharon
1504 5061 1809 5126 ornatur,
1862 5048 2152 5133 reliquae
2197 5049 2293 5114 fa-

322 5141 558 5207 miliae
597 5137 807 5203 tribus
829 5136 998 5202 Levi
1044 5142 1371 5222 coguntur
1414 5135 1485 5200 in
1530 5135 1848 5202 ordinem.
1909 5134 2092 5220 Ergo
2136 5135 2292 5201 solis

639 5279 741 5286 -——..

511 5347 542 5400 1
602 5345 774 5399 Hebr.
809 5342 1000 5397 9-11.

601 5413 771 5469 Hebr.
807 5410 1030 5467 19-22,

1754 468 2271 538 SECUNDUM
2313 471 2962 540 PRAEGEPTUM.

4225 476 4359 542 474

2416 658 2868 725 sacerdotibus
2935 660 3235 727 attribuit
3298 659 3484 728 Deus
3549 683 3775 729 omnes
3827 662 4186 730 oblationes
4201 716 4218 745 ,
4285 666 4357 730 in

2413 746 2653 829 quibus
2684 746 2898 811 maior
2934 755 3076 812 erat
3110 748 3532 827 consecratio,
3568 770 3737 832 quae
3772 748 4012 816 dicitur
4045 752 4360 818 sanctitas

2412 832 2855 897 sanctitatum.
2933 831 3254 917 Exceptio
3298 843 3525 918 postea
3568 832 3914 917 videbitur,
3959 858 4195 922 nempe
4237 837 4359 903 ho-

2413 918 2594 985 noris
2636 938 2834 985 causa
2875 917 3239 1001 depositum
3280 920 3482 987 fuisse
3527 920 3699 1005 apud
3741 921 4139 1003 sacerdotes,
4186 920 4362 989 unde

2414 1012 2665 1086 partem
2732 1012 3081 1088 erogarent
3147 1005 3438 1086 Levitis,
3506 1007 3616 1089 qui
3683 1007 3972 1074 officium
4036 1009 4108 1073 in
4176 1009 4361 1075 cultu

2413 1090 2776 1156 sanctuarii
2810 1091 3255 1173 praestabant.
3319 1090 3399 1157 Id
3439 1092 3706 1159 honoris
3751 1092 3909 1160 dicit
3950 1115 4021 1160 se
4063 1095 4361 1161 unctioni

2413 1174 2598 1255 dare,
2658 1196 2742 1240 ne
2803 1174 2926 1242 bac
2985 1177 3323 1243 occasione
3366 1200 3442 1244 su
3528 1180 3745 1244 rbiant
3789 1179 4189 1259 sacerdotes,
4248 1178 4360 1246 vel

2412 1282 2484 1327 se
2518 1260 2816 1329 efferant.
2876 1261 3190 1328 Gratuita
3223 1263 3402 1329 enim
3495 1264 3556 1330 ei
3590 1264 3966 1346 liberalitas,
4003 1266 4360 1332 modestiae

2410 1355 2479 1413 et
2532 1347 2927 1413 humilitatis
2985 1348 3304 1433 magistra
3362 1349 3548 1416 nobis
3606 1372 3748 1416 esse
3792 1351 4002 1418 debet.
4093 1351 4241 1433 Quo
4287 1373 4354 1416 0-

2409 1433 2570 1497 tiam
2598 1446 2986 1515 argumento
3009 1433 3257 1502 Paulus
3286 1456 3550 1502 omnem
3593 1456 3977 1519 perversam
4020 1437 4359 1522 gloriatio-

2408 1540 2558 1584 nem
2618 1520 2889 1603 eorrigit
2946 1540 3022 1586 ac
3081 1519 3332 1586 domat:
3380 1520 3561 1604 Quid
3617 1523 3919 1607 gloriaris
3976 1524 4161 1607 quasi
4222 1545 4357 1589 non

2408 1606 2735 1688 acceperis
2773 1604 2861 1691 (1.
2889 1603 3037 1671 Cor.
3080 1605 3142 1686 4,
3191 1608 3228 1671 7
3269 1606 3302 1670 ⁴?
3366 1607 3572 1673 Porro
3616 1631 3749 1674 non
3794 1609 3919 1674 alio
3963 1610 4106 1675 iure
4150 1610 4359 1676 uncti-

2406 1712 2599 1756 onem
2645 1690 2864 1774 adepti
2906 1702 3095 1783 erant
3136 1693 3253 1758 filii
3297 1693 3603 1773 Aharon,
3663 1695 3790 1760 nisi
3835 1698 3990 1778 quia
4033 1694 4178 1761 Deo
4221 1695 4357 1781 pla-

2406 1785 2634 1843 cuerat
2689 1778 2866 1860 ipsos
2923 1777 3184 1863 eligere.
3272 1778 3352 1844 Id
3410 1780 3674 1864 quidem
3715 1781 3961 1848 indicat
4005 1781 4201 1846 etiam
4250 1779 4360 1847 do-

2409 1863 2618 1941 natio,
2664 1863 2777 1929 sed
2822 1863 2930 1929 hic
2974 1866 3347 1948 expressius
3393 1866 3674 1950 gratiam
3719 1888 3905 1932 suam
3949 1868 4134 1933 Deus
4178 1887 4357 1934 com-

2406 1949 2708 2015 mendat:
2777 1952 2927 2032 quia
2993 1951 3120 2017 alio
3186 1951 3457 2018 consilio
3524 1953 3924 2018 mentionem
3985 1953 4358 2019 donationis

2402 2035 2574 2116 feeit,
2617 2056 2853 2119 nempe
2891 2058 2974 2101 ne
3008 2037 3157 2120 quis
3201 2037 3384 2105 litem
3432 2038 3539 2104 vel
3583 2039 4096 2106 controversiam
4143 2059 4355 2107 sacer-

2403 2121 2667 2187 dotibus
2711 2129 3026 2188 moveret.
3376 2170 3379 2177 -

2576 2207 2637 2273 9.
2685 2207 2823 2274 Hoc
2864 2209 2985 2273 erit
3022 2213 3216 2274 tuum.
3284 2207 3552 2293 Species
3596 2208 3909 2294 quasdam
3952 2211 4355 2277 oblationum

2403 2299 2904 2373 commemorat,
2951 2316 3114 2378 quas
3159 2293 3389 2361 cedere
3437 2296 3691 2362 volebat
3731 2298 3802 2361 in
3846 2305 4097 2381 partem
4143 2318 4357 2364 sacer-

2404 2379 2662 2444 dotum:
2722 2400 2959 2463 nempe
3019 2380 3193 2463 quod
3253 2379 3586 2447 residuum
3647 2383 3958 2448 manebat
3999 2404 4085 2448 ex
4127 2382 4148 2446 i
4247 2383 4358 2448 itis

2403 2466 2769 2542 sacrifieiis,
2817 2464 3053 2532 deinde
3096 2467 3345 2547 minba,
3390 2469 3584 2534 tertio
3627 2468 3801 2551 quod
3850 2488 4158 2534 consecra
4203 2476 4356 2535 atur

2402 2553 2470 2617 in
2511 2552 2794 2618 victimis
2838 2573 2957 2635 pro
2999 2563 3265 2636 peccato
3309 2561 3375 2618 et
3421 2553 3674 2619 delicto.
3765 2553 4160 2638 Quanquam
4203 2576 4355 2638 par-

2402 2638 2608 2704 ticula
2671 2658 2842 2720 quae
2905 2641 3230 2722 sequitur:
3299 2638 3490 2720 Quod
3547 2638 3781 2705 reddet
3839 2640 4037 2722 mihi,
4092 2640 4359 2706 videtur

2403 2725 2835 2789 restrictionis
2880 2727 3022 2791 viee
3066 2724 3290 2791 addita
3333 2747 3504 2807 esse,
3558 2734 3636 2791 ut
3680 2735 3939 2792 tantum
3985 2746 4063 2791 ea
4106 2728 4356 2793 sacrifi-

2404 2811 2505 2875 cia
2562 2810 2860 2895 designet
2917 2811 3153 2894 quibus
3195 2832 3267 2877 se
3310 2831 3349 2875 a
3394 2812 3572 2877 furto
3616 2816 4018 2897 purgabant,
4073 2834 4356 2896 quorum

2403 2896 2559 2961 alibi
2615 2897 2729 2961 fiet
2787 2899 3052 2962 mentio.
3143 2897 3286 2963 Nisi
3328 2897 3497 2963 forte
3532 2898 3626 2963 ita
3668 2898 3888 2983 legere
3931 2898 4215 2983 placeat:
4262 2898 4356 2965 Ut

2403 2982 2740 3049 sacrificiis
2794 3003 2914 3066 pro
2973 2991 3237 3066 peccato
3295 2991 3364 3049 et
3422 2983 3656 3050 delicto
3713 2983 3998 3051 addatur
4053 2983 4178 3050 hoc
4223 2993 4355 3048 ter-

2405 3068 2571 3135 u‘um
2590 3122 2606 3149 ,
2667 3089 2796 3152 quo
2850 3067 3066 3135 aliena
3108 3068 3575 3152 restituebant,
3621 3092 3703 3136 ne
3745 3070 3904 3136 furti
3950 3077 4351 3136 tenerentur.

2406 3154 2646 3221 Postea
2709 3153 3013 3240 adiungit
3076 3155 3247 3220 dona
3310 3156 3711 3238 voluntaria,
3792 3178 3957 3241 quae
4021 3156 4356 3223 vovebant

2403 3240 2526 3307 filii
2562 3241 2803 3320 Israel,
2849 3249 2917 3307 et
2954 3242 3284 3325 primitias
3327 3255 3463 3308 tam
3507 3242 3635 3307 olei
3676 3264 3874 3327 quam
3921 3242 4058 3309 vini
4103 3249 4172 3308 et
4215 3241 4353 3308 fru-

2405 3327 2634 3393 menti.
2718 3326 2904 3394 Haec
2961 3336 3182 3393 autem
3226 3327 3560 3396 distinctio
3604 3329 3813 3413 posita
3855 3330 3999 3408 fuit,
4044 3350 4171 3413 quo
4212 3349 4355 3395 cer-

2406 3413 2537 3480 tius
2593 3422 2963 3480 occurreret
3006 3414 3190 3480 Deus
3232 3414 3662 3481 aemulationi
3703 3422 3771 3481 et
3813 3414 4138 3482 invidiae:
4197 3434 4353 3480 nam

2404 3500 2465 3567 si
2529 3520 2658 3583 qua
2720 3499 2953 3566 fuisset
3018 3500 3442 3584 ambiguitas,
3509 3502 3733 3566 statim
3799 3510 4068 3567 exortae
4133 3508 4355 3568 essent

2402 3586 2654 3652 multae
2703 3586 2872 3665 lites,
2922 3595 3120 3669 atque
3159 3586 3252 3651 ita
3289 3586 3681 3654 concidisset
3712 3608 4051 3656 sacrorum
4100 3587 4349 3672 religia.

2402 3671 2617 3740 Simul
2656 3685 2878 3738 tamen
2922 3672 3244 3757 praecipit
3264 3671 3452 3739 Deus
3494 3674 3961 3752 sacerdotibus,
4005 3683 4081 3738 ut
4121 3673 4351 3758 ignitis

2399 3758 2736 3825 sacrificiis
2779 3767 3132 3825 vescantur
3173 3758 3296 3824 soli
3338 3759 3631 3839 maseuli,
3676 3780 3797 3826 nec
3837 3759 3993 3826 alibi
4036 3780 4233 3844 quam
4277 3758 4353 3824 in

2400 3844 2790 3911 sanctuario,
2862 3844 3238 3910 Periculum
3284 3846 3461 3910 enim
3507 3855 3652 3912 erat
3693 3844 3796 3946 (ut
3839 3853 3995 3912 aute
4039 3844 4353 3933 diximus)

2400 3953 2486 3996 ne
2544 3929 2891 3997 vilesceret
2948 3951 3175 3997 earum
3217 3931 3622 3998 oblationum
3667 3930 3958 4018 dignitas
4000 3933 4056 3997 si
4097 3933 4170 3996 in
4214 3932 4352 4016 pri-

2399 4027 2621 4084 vatam
2673 4016 2941 4082 domum
2986 4017 3347 4083 translatae
3391 4027 3613 4084 essent
3669 4026 3738 4084 et
3780 4017 3943 4085 cibis
3987 4018 4352 4084 communi-

2400 4102 2523 4168 bus
2558 4104 2953 4186 permixtae:
3002 4101 3241 4169 deinde
3288 4104 3497 4169 noluit
3521 4105 3704 4171 Deus
3748 4103 4091 4188 indulgere
4137 4123 4352 4170 sacer-

2401 4187 2627 4255 dotum
2663 4188 2961 4273 lautitiis,
2997 4187 3113 4255 sed
3141 4189 3287 4274 ipso
3323 4191 3678 4257 sanctuarii
3713 4197 4066 4274 conspectu
4102 4209 4213 4255 eos
4247 4189 4353 4254 in·

2399 4273 2597 4340 duxit
2653 4274 2735 4341 ad
2792 4275 3109 4360 frugalem
3167 4285 3233 4341 et
3285 4276 3579 4342 sobrium
3637 4296 3844 4342 esum.
3947 4275 4114 4340 Erat
4172 4276 4350 4340 enim

2398 4360 2562 4427 haec
2621 4362 2809 4445 quasi
2868 4362 3213 4445 disciplina
3265 4361 3570 4428 militaris
3625 4359 3707 4428 ad
3765 4359 4102 4427 colendam
4150 4360 4352 4427 absti-

2399 4447 2725 4526 nentiam,
2786 4447 2868 4514 ab
2927 4467 3136 4513 uxore
3190 4455 3259 4513 et
3315 4448 3564 4513 familia
3623 4445 3956 4514 discedere
4016 4456 4090 4512 ut
4132 4448 4355 4514 cibum

2398 4543 2725 4617 caperent.
2817 4530 3152 4617 Quidquid
3209 4541 3430 4599 autem
3488 4554 3608 4617 pro
3652 4542 3807 4598 voto
3851 4530 4145 4598 oblatum
4190 4542 4353 4614 erat,

2398 4628 2468 4684 et
2509 4619 2819 4704 primitiis
2862 4619 3131 4704 frugum
3152 4671 3169 4699 ,
3216 4617 3462 4685 comedi
3507 4619 3834 4703 permittit
3878 4619 4077 4685 etiam
4125 4642 4162 4685 a
4207 4641 4355 4685 mu-

2395 4705 2699 4784 lieribus,
2752 4715 2821 4771 et
2877 4706 3056 4771 intra
3113 4706 3405 4790 privatos
3449 4704 3760 4788 parietes:
3808 4704 4002 4771 modo
4048 4727 4131 4772 ne
4175 4706 4353 4789 quis—

2396 4791 2573 4874 piam
2609 4792 2991 4858 immundus
3036 4792 3322 4877 attingat
3363 4790 3534 4874 quod
3580 4791 3781 4857 semel
3826 4791 4025 4858 fuerit
4068 4813 4350 4858 sacrum.

2574 4876 2674 4944 15.
2743 4878 3069 4961 Quidquid
3132 4878 3340 4961 aperit
3403 4877 3670 4944 vulvam.
3770 4876 3961 4944 Idem
4027 4899 4203 4943 nuno
4268 4877 4349 4943 de

2395 4963 2853 5049 primogenitis
2911 4964 3225 5030 statuitur
3243 5015 3258 5042 ‚
3321 4970 3395 5029 ut
3451 4986 3530 5030 ea
3586 4963 3834 5030 scilicet
3878 4963 4004 5029 sibi
4063 4964 4350 5029 habeant

2395 5050 2797 5116 sacerdotes:
2844 5071 3217 5134 quanquam
3263 5050 3455 5115 simul
3503 5050 3819 5116 inseritur
3863 5049 4225 5115 distinctio:
4273 5060 4349 5114 ut

2392 5136 2605 5201 foetus
2648 5135 3069 5221 primogeniti
3114 5135 3459 5202 hominum
3504 5134 3935 5201 redimantur.
4011 5132 4201 5216 Quod
4248 5142 4345 5199 at-

2395 5222 2563 5287 tinet
2619 5222 2699 5287 ad
2760 5219 3100 5287 immunda
3159 5222 3502 5304 animalia,
3555 5221 3830 5287 liberum
3879 5229 4022 5285 erat
4065 5220 4348 5286 dominis

2395 5330 2476 5374 ea
2517 5307 2841 5374 redimere
2883 5308 2993 5373 vel
3039 5306 3351 5375 occidere.
3421 5308 3674 5374 Verum
3708 5307 3861 5390 quia
3904 5327 3984 5371 ea
4028 5327 4132 5372 res
4169 5327 4347 5372 nunc

2395 5416 2479 5459 ex
2525 5394 2814 5478 professo
2862 5414 2991 5459 non
3038 5402 3378 5475 tractatur,
3421 5395 3709 5460 breviter
3752 5399 4012 5458 tantum
4055 5413 4346 5477 pronun·
