4867 6150
577 433 709 500 319

579 631 804 689 tamen
841 622 1107 690 accedit.
1191 623 1300 689 Ita
1337 622 1635 689 videmus
1671 623 2090 692 distinctione
2124 623 2327 689 fuisse
2361 646 2525 707 opus

578 710 755 776 inter
812 710 1063 792 lepram
1121 718 1190 775 et
1243 708 1553 777 scabiem:
1611 709 2160 792 quemadmodum
2220 709 2411 775 hodie
2468 709 2526 776 si

581 796 664 861 de
725 796 1062 879 prurigine
1120 794 1542 860 iudicandum
1601 797 1721 876 sit,
1779 795 1976 883 (quae
2033 797 2228 879 vulgo
2287 796 2526 862 dicitur

581 884 848 948 morbus
912 881 1121 946 sancti
1176 881 1452 947 Menani
1483 880 1527 968 ¹)
1592 883 1984 963 spectandae
2062 890 2257 946 erunt
2333 896 2527 948 notae

578 967 815 1052 quibus
851 989 891 1032 a
921 965 1108 1051 lepra
1143 966 1381 1033 differt.
1442 967 1636 1049 Quod
1662 988 1818 1032 vero
1856 967 1938 1034 ad
1976 967 2271 1034 diversas
2307 968 2528 1051 leprae

579 1056 831 1137 species
887 1055 1154 1133 attinet,
1212 1055 1426 1120 fateor
1484 1075 1589 1119 me
1649 1074 1780 1119 non
1838 1074 1982 1119 esse
2033 1053 2391 1134 medicum,
2454 1063 2529 1119 ut

579 1139 908 1207 subtiliter
943 1140 1022 1204 de
1057 1139 1190 1205 illis
1227 1137 1574 1223 disputem,
1619 1149 1686 1204 et
1721 1138 1804 1204 ab
1838 1149 2072 1206 exacta
2105 1140 2528 1222 inquisitione

578 1225 875 1294 consulto
910 1224 1202 1290 abstineo
1237 1226 1393 1309 quia
1437 1225 1598 1290 mihi
1642 1246 2025 1309 persuasum
2064 1236 2182 1302 est,
2228 1225 2529 1290 morbum

580 1311 661 1378 de
717 1329 847 1394 quo
904 1311 1011 1377 hic
1061 1332 1096 1375 a
1149 1312 1279 1376 itur
1325 1311 1637 1394 peculiari
1678 1312 1871 1376 modo
1911 1310 2051 1399 (qui
2095 1310 2288 1376 hodie
2342 1311 2528 1376 nobis

577 1398 953 1482 incognitus
1017 1411 1117 1462 est
1208 1402 1578 1481 grassatum
1643 1398 1846 1463 fuisse
1922 1396 2097 1481 apud
2174 1396 2526 1463 Israelitas.

577 1482 924 1565 Quaenam
968 1484 1144 1549 enim
1191 1482 1366 1568 apud
1411 1504 1529 1549 nos
1566 1485 1693 1549 erit
1727 1485 2012 1567 cognitio
2046 1483 2279 1549 domus
2314 1483 2530 1567 lepro-

577 1569 731 1636 sae?
779 1570 872 1635 Et
907 1568 1242 1652 probabile
1280 1578 1398 1649 est,
1437 1590 1636 1652 quum
1676 1571 1922 1636 scirent
1958 1570 2212 1653 profani
2255 1571 2528 1652 scripto·

577 1676 685 1721 res
719 1654 844 1722 hac
882 1655 1030 1721 tabe
1065 1654 1364 1720 laborare
1398 1656 1710 1739 populum
1761 1655 2122 1731 Iudaicum,
2170 1655 2328 1720 hinc
2362 1655 2526 1719 arri·

575 1743 798 1826 puisse
836 1740 1199 1806 mentiendi
1235 1741 1590 1818 licentiam,
1629 1750 1705 1806 ut
1738 1744 2069 1826 fingerent
2112 1760 2340 1807 omnes
2381 1762 2526 1824 pos·

577 1838 754 1893 teres
788 1824 1100 1892 Abrahae
1136 1828 1333 1892 fuisse
1376 1828 1719 1909 scabiosos,
1743 1837 1833 1911 „et
1875 1828 1944 1893 vi
1982 1828 2292 1910 expulsos
2330 1827 2530 1892 fuisse

579 1914 661 1979 ab
688 1917 1007 1998 Aegypte,
1056 1934 1138 1978 ne
1174 1914 1461 1995 reliquos
1494 1914 1858 1980 inficerent.
1906 1912 2114 1980 Cuius
2158 1913 2529 1978 calumniae

580 2008 873 2065 vetustos
939 1999 1139 2064 fuisse
1205 2011 1467 2065 autores
1526 2021 1609 2064 ex
1675 1999 1957 2084 Iosepho
2022 2010 2321 2083 apparet,
2391 2008 2527 2064 tam

578 2085 746 2152 libro
801 2085 844 2150 9
903 2085 1425 2169 Antiquitatum,
1496 2106 1694 2169 quam
1759 2087 2078 2151 adversus
2133 2086 2527 2168 Appionem,

579 2169 803 2237 eadem
849 2180 1072 2237 tamen
1127 2192 1168 2236 a
1226 2170 1533 2237 Cornelio
1577 2172 1804 2239 'I'acito
1861 2181 1928 2238 et
1969 2171 2231 2236 Iustino
2287 2170 2527 2254 repeti-

579 2266 705 2322 tur.
795 2257 1194 2339 Quanquam
1240 2276 1373 2321 non
1415 2255 1656 2337 dubito,
1702 2258 2088 2342 Aegyptios,
2140 2257 2527 2341 superbissi-

578 2362 756 2408 mam
814 2351 1107 2426 gentem,
1170 2351 1248 2408 ut
1312 2341 1646 2409 dedecoris
1704 2344 1803 2410 sui
1876 2354 1941 2408 et
1984 2342 2314 2408 vindictae
2357 2343 2526 2408 divi-

578 2430 762 2494 nitus
804 2429 1094 2494 inflictae
1137 2430 1516 2493 memoriam
1556 2428 1870 2506 delerent,
1918 2430 2138 2494 fucum
2175 2428 2426 2507 fecisse,
2463 2437 2531 2491 et

580 2535 801 2582 crasso
845 2514 1184 2581 mendacio
1219 2515 1493 2580 vertisse
1527 2515 1600 2580 in
1634 2516 1949 2598 populum
1986 2514 2327 2580 innoxium
2353 2512 2529 2597 quod

578 2600 744 2684 ipsis
785 2600 1167 2685 contigerat,
1212 2621 1413 2683 quum
1459 2601 1743 2683 pustulis
1785 2611 1852 2668 et
1875 2601 2200 2666 ulceribus
2237 2600 2528 2683 percussi

581 2695 758 2753 sunt.
804 2685 939 2751 Sed
974 2686 1342 2751 videbimus
1378 2697 1602 2770 postea
1636 2689 1808 2752 inter
1847 2687 1974 2752 Dei
2019 2686 2528 2764 maledictiones,

575 2794 725 2837 eum
780 2770 1011 2838 iisdem
1066 2773 1295 2855 poenis
1362 2793 1521 2856 quas
1582 2772 1662 2838 de
1727 2773 2075 2858 Aegyptiis
2138 2781 2529 2857 sumpserat,

576 2858 934 2942 castigasse
990 2857 1220 2942 populi
1284 2858 1389 2923 sui
1458 2859 1738 2925 scelera:
1814 2859 2152 2925 Percutiet
2215 2869 2281 2922 te
2349 2857 2531 2923 Deus

576 2944 798 3010 ulcere
841 2947 1155 3029 Aegypti,
1207 2943 1410 3024 sanie,
1466 2944 1717 3024 ardore,
1762 2956 1883 3013 etc.
1973 2944 2167 3011 Unde
2209 2944 2529 3028 probabili

577 3030 833 3097 ratione
854 3030 1205 3115 colligitur,
1252 3031 1468 3097 Deum
1493 3031 1942 3116 singularibus
1981 3031 2301 3114 exemplis
2335 3028 2528 3117 (quae

578 3116 775 3182 hodie
833 3117 1020 3183 nobis
1080 3117 1460 3184 abscondita
1523 3117 1706 3205 sunt)
1768 3118 1980 3183 ultum
2041 3118 2245 3182 fuisse
2302 3116 2529 3200 populi

578 3204 823 3269 veteris
867 3205 1144 3269 scelera:
1193 3204 1363 3269 sicut
1403 3214 1631 3287 postea
1665 3205 1876 3269 exorti
1912 3214 2070 3269 sunt
2105 3204 2259 3269 novi
2295 3203 2528 3279 morbi,

582 3310 622 3354 a
678 3287 914 3372 quibus
966 3290 1283 3354 immunis
1342 3290 1462 3354 fuit
1513 3290 1887 3373 antiquitas.
1991 3289 2187 3356 Certe
2246 3289 2420 3355 clara
2465 3300 2534 3355 et

580 3373 791 3440 solida
832 3374 1086 3440 ratione
1129 3374 1373 3440 refellit
1411 3375 1734 3458 Iosephus
1792 3376 1972 3442 illius
2016 3376 2365 3441 commenti
2412 3395 2530 3440 va·

577 3461 887 3541 nitatem,
943 3460 1114 3543 quod
1171 3461 1397 3527 Moses
1447 3482 1597 3527 cum
1650 3461 1847 3527 turba
1905 3460 2204 3528 exsulum
2262 3462 2532 3546 fugatus

577 3546 782 3613 fuerit
820 3568 905 3613 ex
941 3549 1265 3631 Aegypto,
1309 3568 1395 3611 ne
1437 3546 1651 3613 morbi
1695 3548 1797 3613 sui
1835 3548 1982 3614 tabe
2018 3547 2353 3632 regionem
2389 3568 2532 3612 cor-

576 3642 996 3716 rumperent:
1042 3634 1199 3716 quia
1233 3631 1291 3699 si
1328 3632 1479 3699 huic
1514 3634 1690 3699 malo
1726 3635 1971 3717 passim
2010 3635 2288 3699 fuissent
2330 3633 2533 3699 obno-

577 3719 693 3797 xii,
739 3738 1078 3801 nunquam
1114 3716 1198 3783 de
1232 3719 1394 3803 ipsis
1428 3740 1467 3784 e
1501 3719 1830 3786 communi
1874 3720 2186 3786 societate
2234 3719 2536 3785 arcendis

580 3814 720 3869 tam
756 3824 1023 3870 severas
1060 3804 1318 3871 tulisset
1353 3804 1550 3890 leges.
1610 3807 1909 3872 Primum
1945 3806 2127 3871 iubet
2150 3803 2536 3889 Deus‚quo-

578 3890 706 3956 ties
741 3890 1009 3956 suborta
1031 3890 1226 3955 fuerit
1250 3891 1535 3974 suspicio
1563 3892 1803 3976 leprae,
1830 3892 2168 3957 hominem
2204 3913 2278 3958 se
2301 3893 2540 3957 offerre

579 3976 931 4044 sacerdoti:
976 3976 1033 4042 si
1076 3975 1248 4059 quod
1291 3976 1605 4043 indicium
1652 3978 1871 4062 leprae
1916 3979 2313 4061 apparuerit,
2359 3978 2540 4044 iubet

578 4062 833 4130 occludi
877 4061 959 4128 ad
1007 4073 1264 4145 tempus
1309 4062 1391 4127 ad
1437 4075 1687 4146 septem
1733 4062 1904 4144 dies,
1949 4064 2155 4130 donec
2198 4086 2282 4130 ex
2326 4064 2539 4130 morbi

579 4168 936 4232 progressu
978 4159 1300 4233 appareat
1345 4148 1591 4232 lepram
1629 4171 1773 4216 esse
1814 4149 2264 4216 incurabilem.
2344 4149 2539 4232 Quod

582 4233 768 4300 Deus
823 4234 1216 4313 sacerdotes,
1273 4245 1341 4301 et
1396 4235 1660 4318 quidem
1719 4236 1985 4301 nonnisi
2038 4258 2123 4301 ex
2181 4238 2393 4320 primo
2433 4258 2541 4301 or-

585 4320 736 4386 dine
753 4371 769 4398 ,
826 4319 1078 4387 iudices
1121 4321 1477 4398 constituit,
1548 4320 1939 4389 documento
1983 4332 2086 4388 est
2126 4322 2540 4406 spiritualem

582 4405 713 4472 Dei
769 4407 1021 4472 cultum
1078 4408 1313 4490 respici
1371 4409 1584 4493 magis
1639 4429 1834 4490 quam
1892 4409 2111 4474 carnis
2166 4410 2538 4475 sanitatem.

588 4490 663 4559 Si
708 4492 854 4574 quis
886 4503 1076 4576 roget
1121 4514 1343 4560 annon
1399 4494 1817 4579 contagiosus
1882 4494 1970 4560 sit
2024 4496 2294 4561 morbus
2338 4496 2540 4577 lepra,

583 4576 860 4661 ideoque
924 4578 1229 4661 expediat
1293 4600 1522 4646 omnes
1587 4580 1700 4663 qui
1765 4600 1842 4646 ea
1908 4581 2063 4646 tacti
2117 4591 2276 4646 sunt
2317 4581 2540 4665 prohi-

586 4664 727 4730 beri
772 4663 855 4729 ab
899 4663 1235 4729 hominum
1296 4665 1810 4733 consuetudine:
1878 4665 2083 4733 fateor
2146 4666 2216 4732 id
2279 4665 2543 4750 quidem

586 4770 731 4816 esse
771 4769 1036 4816 verum:
1082 4750 1196 4816 sed
1243 4772 1409 4835 nego
1453 4754 1652 4818 finem
1690 4752 1869 4819 hunc
1903 4752 2252 4836 praecipue
2292 4764 2541 4837 specta-

584 4844 730 4901 tum
777 4857 937 4901 esse.
1019 4833 1338 4903 Successu
1380 4840 1555 4903 enim
1600 4839 1916 4924 temporis
1960 4848 2264 4922 poterant
2303 4839 2548 4906 rectius

588 4942 979 5008 cognoscere
1032 4920 1267 4987 medici
1325 4943 1409 4988 ex
1468 4935 1608 4990 arte
1651 4932 1720 4990 et
1762 4926 2067 4992 scientia:
2126 4925 2309 5008 atqui
2359 4923 2546 4993 Deus

588 5008 747 5075 solis
789 5006 1242 5075 sacerdotibus
1283 5009 1579 5075 iniunxit
1623 5009 1743 5076 has
1786 5019 2039 5094 partes,
2100 5019 2167 5076 et
2210 5010 2546 5078 discretio·

590 5095 693 5162 nis
736 5095 1035 5178 regulam
1077 5093 1369 5160 tradidit.
1450 5095 1589 5161 Nec
1631 5097 1944 5179 praefecit
1986 5096 2310 5180 quoslibet
2352 5098 2550 5164 Levi-

589 5193 727 5260 tae,
786 5179 902 5247 sed
968 5189 1229 5245 tantum
1272 5180 1447 5248 filios
1490 5182 1765 5248 Aharon
1816 5184 1927 5267 qui
1985 5183 2287 5267 primarii
2338 5193 2548 5264 erant,

762 5369 823 5460 1)
856 5369 1036 5424 Metui
1072 5368 1226 5425 1563.
1261 5369 1483 5425 Menaui
1517 5368 1672 5424 1617.
1713 5370 1937 5428 Gauunx
1976 5372 2153 5427 laen.

2046 435 2427 504 PRIMUM
2468 437 3115 504 PRAEOEP'I'UM.

4434 437 4546 508 320

2630 646 2758 711 quo
2814 628 3024 693 maior
3086 635 3259 693 esset
3329 627 3552 694 iudicii
3610 628 3945 693 autoritas.
4053 626 4286 710 Itaque
4353 648 4548 695 crasso

2629 735 2865 793 errore,
2931 714 3036 778 vel
3081 714 3299 797 potius
3345 713 3786 797 impudentia,
3848 715 4017 779 hanc
4060 711 4549 780 iurisdictionem

2629 799 2711 864 ad
2771 819 2841 865 se
2895 808 3248 867 traxerunt
3302 801 3577 867 sacrifici
3635 800 3918 884 papales.
4008 797 4302 864 Summis
4362 820 4553 865 sacer·

2631 884 2889 951 dotibus
2957 883 3320 971 (inquiunt)
3385 887 3507 952 sub
3571 887 3716 970 lege
3787 886 4179 968 permissum
4251 885 4375 949 fuit
4437 885 4553 951 dis-

2628 992 2896 1036 cernere
2939 972 3190 1054 lepram
3234 992 3273 1036 a
3316 972 3525 1054 lepra:
3582 994 3739 1056 ergo
3782 972 3952 1036 idem
4000 971 4164 1036 iuris
4208 970 4291 1035 ad
4333 974 4558 1053 episco-

2631 1078 2746 1140 pos
2791 1057 3181 1122 translatum
3227 1065 3347 1123 est.
3431 1061 3745 1140 Apertius
3789 1055 4024 1123 deinde
4058 1057 4312 1122 ludunt.
4378 1055 4561 1123 Sedet

2630 1142 2945 1220 officialis,
2989 1143 3275 1209 vicarius
3318 1144 3634 1228 episcopi,
3697 1154 4010 1228 tanquam
4055 1142 4386 1226 legitimus
4425 1164 4557 1227 cog·

2632 1231 2836 1295 nitor:
2906 1228 3190 1295 medicos
3254 1240 3323 1294 et
3384 1229 3730 1309 chirurgos
3793 1229 4065 1296 accersit
4088 1278 4103 1307 ,
4162 1250 4248 1292 ex
4306 1249 4559 1312 quorum

2632 1317 2962 1398 responsis
3017 1316 3410 1398 pronunciat
3466 1315 3639 1399 quod
3680 1315 3804 1381 sibi
3861 1317 4106 1380 fatetur
4162 1335 4306 1380 esse
4362 1316 4562 1398 incog-

2633 1404 2863 1469 nitum.
2974 1402 3081 1466 En
3149 1421 3344 1485 quam
3402 1403 3566 1467 scite
3625 1403 3824 1466 ritum
3880 1401 4158 1485 legalem
4216 1399 4299 1465 ad
4359 1414 4564 1465 nostra

2631 1496 2926 1569 tempora
2998 1485 3506 1553 accommodent.
3616 1489 3824 1553 Porro
3901 1485 4154 1553 foedius
4230 1485 4563 1551 ludibrium

2633 1574 2749 1637 est'
2793 1572 2962 1656 quod
3018 1572 3099 1638 ad
3156 1574 3493 1656 gregarios
3547 1574 3871 1657 quoslibet
3922 1574 4049 1638 alio
4104 1592 4304 1639 sensu
4356 1586 4563 1636 exten·

2634 1658 2798 1723 dunt
2856 1658 3026 1742 quod
3088 1659 3398 1724 dixerunt
3462 1660 3532 1724 in
3599 1660 3772 1725 solos
3817 1661 4154 1743 episcopos
4197 1672 4563 1740 competere.

2632 1745 2802 1809 Nam
2868 1745 3023 1827 quia
3090 1753 3427 1827 peccatum
3492 1767 3622 1829 quo
3687 1744 3989 1810 laborant
4051 1765 4315 1818 omnes,
4394 1743 4566 1826 spiri·

2633 1830 2833 1895 tualis
2897 1841 2996 1895 est
3060 1829 3276 1912 lepra,
3336 1831 3492 1897 hinc
3556 1832 3880 1917 colligunt
3943 1852 3982 1896 a
4048 1841 4237 1895 coetu
4296 1829 4569 1894 fidelium

2628 1937 2856 1981 omnes
2889 1914 3168 1995 excludi,
3206 1915 3410 1983 donec
3444 1918 3854 1984 absolutione
3888 1917 4188 1982 mundati
4232 1937 4311 1982 ac
4348 1915 4571 1998 recepti

2628 2003 2894 2081 fuerint,
2952 2001 3120 2084 quod
3166 2024 3406 2068 munus
3450 2004 3762 2071 sacrificis
3807 2000 4205 2088 quibuslibet
4247 2021 4574 2067 commune

2630 2109 2772 2153 esse
2818 2088 3071 2155 volunt.
3161 2089 3532 2155 Subiiciunt
3587 2100 3813 2172 postea
3864 2111 3993 2155 non
4037 2109 4226 2173 posse
4283 2088 4441 2152 ferri
4481 2087 4569 2151 iu·

2632 2174 2874 2240 dicium
2939 2174 3067 2240 nisi
3111 2194 3309 2240 causa
3373 2176 3671 2259 cognita:
3737 2175 3913 2241 unde
3972 2175 4235 2240 tandem
4294 2174 4572 2239 inferunt

2630 2260 2879 2343 requiri
2939 2258 3436 2327 confessionem.
3535 2262 3742 2344 Atqui
3800 2263 3857 2327 si
3915 2261 4217 2345 placeant
4271 2259 4571 2343 argutiae,

2630 2348 2850 2431 potius
2905 2347 2975 2410 in
3037 2349 3432 2412 contrariam
3477 2358 3729 2430 partem
3776 2350 3946 2413 ratio
3991 2368 4110 2413 nos
4156 2346 4368 2412 ducet.
4454 2344 4571 2409 Ne·

2632 2452 2760 2515 que
2846 2431 3023 2497 enim
3112 2431 3193 2497 de
3276 2431 3503 2497 morbo
3585 2433 3837 2498 occulto
3925 2431 4298 2499 sacerdotes
4375 2429 4574 2497 voluit

2635 2519 2817 2584 Deus
2875 2537 3298 2602 cognoscere,
3366 2518 3481 2583 sed
3540 2530 3884 2602 postquam
3943 2519 4295 2584 manifesta
4350 2516 4575 2582 indicia

2634 2614 3057 2669 emerserant.
3146 2603 3327 2669 Hinc
3371 2615 3677 2688 sequetur
3712 2618 4128 2689 praepostere
4162 2604 4342 2669 trahi
4373 2604 4445 2667 in
4483 2602 4572 2666 iu·

2637 2690 2880 2756 dicium
2925 2690 3178 2755 occulta
3221 2700 3501 2771 peccata,
3564 2703 3632 2755 et
3675 2704 3904 2757 contra
3947 2692 4051 2756 ius
4094 2702 4161 2754 et
4205 2690 4310 2756 fas
4354 2688 4437 2754 ad
4476 2708 4570 2752 eo·

2634 2798 2783 2842 rum
2829 2774 3305 2841 confessionem
3350 2778 3621 2843 miseros
3657 2777 3956 2842 homines
3991 2776 4186 2862 adigi.
4235 2777 4574 2841 Caeterum

2634 2862 2890 2929 cavillis
2932 2862 3156 2927 valere
3197 2862 3410 2940 iussis,
3457 2863 3742 2928 tenenda
3785 2872 3889 2928 est
3926 2862 4229 2947 analogia
4262 2863 4438 2926 inter
4470 2879 4575 2923 nos

2635 2958 2701 3013 et
2743 2955 3036 3014 veterem
3080 2948 3413 3031 populum.
3501 2948 3734 3015 Vetuit
3789 2950 3972 3015 Deus
4032 2949 4191 3014 olim
4246 2958 4576 3012 externam

2635 3035 2850 3101 carnis
2892 3033 3376 3100 immunditiem
3423 3033 3685 3101 tolerari
3725 3036 3796 3100 in
3840 3034 4098 3120 populo.
4187 3033 4443 3100 Christi
4476 3029 4576 3096 ad·

2634 3133 2840 3186 ventu
2907 3121 3191 3188 cessavit
3256 3119 3629 3187 umbratilis
3694 3124 3926 3206 figura.
4038 3123 4217 3205 Ergo
4288 3121 4579 3187 docemur

2636 3206 2860 3274 sordes
2894 3227 3140 3285 omnes,
3185 3206 3417 3289 quibus
3453 3209 3895 3291 corrumpitur
3916 3210 4167 3291 puritas
4202 3207 4424 3272 cultus
4447 3203 4579 3282 Dei,

2637 3315 2767 3358 non
2827 3313 2971 3358 esse
3026 3292 3377 3357 tolerantia
3429 3293 3606 3358 inter
3660 3315 3778 3359 nos
3837 3292 4166 3360 fovendas.
4270 3293 4366 3358 Et
4417 3299 4578 3358 certe

2638 3380 2793 3446 huic
2858 3378 3306 3445 caeremoniae
3368 3378 3725 3462 respondet
3781 3379 4408 3458 excommunicatio,
4463 3393 4581 3459 qua

2636 3474 2959 3549 purgatur
3003 3464 3291 3544 ecclesia,
3336 3484 3422 3528 ne
3463 3467 3705 3548 passim
3754 3478 4138 3550 grassentur
4166 3462 4580 3547 corruptelae,

2639 3553 2696 3617 si
2739 3549 3020 3635 improbi
3063 3559 3132 3616 et
3174 3549 3476 3616 scelerati
3517 3550 3729 3618 locum
3774 3552 3848 3617 in
3893 3573 3973 3618 ea
4015 3553 4385 3635 promiscue
4446 3566 4581 3614 cum

2637 3637 2827 3703 bonis
2862 3646 3199 3720 occupent.
3284 3635 3426 3700 Iam
3485 3638 3656 3720 quod
3701 3638 3927 3704 morbo
3961 3636 4180 3704 adhuc
4214 3638 4485 3704 obscuro
4523 3641 4583 3698 et

2641 3722 2839 3788 dubio
2880 3722 3063 3788 iubet
3106 3723 3289 3787 Deus
3334 3723 3703 3789 morbidum
3762 3725 4093 3789 hominem
4152 3735 4406 3806 septem
4458 3720 4580 3785 die·

2638 3808 2762 3875 bus
2803 3807 3082 3888 includi,
3142 3807 3655 3875 moderationem
3698 3811 4115 3876 commendat
4153 3830 4258 3887 ne,
4329 3809 4439 3892 qui
4479 3804 4580 3870 ad·

2641 3894 2771 3962 huc
2817 3894 3127 3961 sanabilis
3170 3902 3288 3972 est,
3335 3906 3488 3959 ante
3531 3905 3789 3978 tempus
3832 3896 4203 3961 damnetur.
4285 3895 4381 3960 Et
4419 3902 4580 3959 certe

2641 3980 2800 4046 haec
2857 3980 3073 4046 media
3129 3978 3298 4045 ratio
3356 3980 3770 4046 observanda
3833 3991 3936 4048 est
3977 4003 4063 4047 ne
4120 3980 4325 4046 iudex
4381 3980 4582 4063 ignos-

2640 4066 2849 4135 cendo
2895 4066 3091 4133 nimis
3133 4067 3222 4132 sit
3254 4068 3567 4133 remissus
3612 4088 3687 4134 ac
3732 4067 4007 4146 solutus,
4054 4062 4388 4133 et'tamen
4422 4064 4582 4147 rigo-

2639 4174 2784 4218 rem
2827 4154 3156 4236 aequitate
3200 4164 3549 4234 temperet:
3597 4155 3983 4236 praesertim
4019 4173 4181 4220 vero
4215 4174 4300 4219 ne
4336 4162 4583 4217 senten·

2642 4240 2799 4303 tiam
2866 4241 3080 4322 praeci
3129 4240 3250 4305 itet
3314 4238 3512 4303 nimis
3575 4238 3965 4304 festinando.
4074 4239 4207 4306 Ubi
4278 4237 4583 4305 vertimus

2643 4322 2968 4390 mundum
3005 4346 3085 4390 ve
3153 4322 3571 4389 immundum
3617 4324 3961 4403 iudicabit,
4008 4324 4315 4391 hebraice
4359 4322 4584 4406 legitur

2644 4409 2992 4476 mundabit
3035 4411 3141 4477 vel
3194 4409 3635 4475 immundabit
3689 4432 3844 4476 eum
3892 4411 4225 4478 sacerdos:
4287 4429 4416 4494 quo
4462 4425 4582 4472 me-

2645 4497 2773 4561 lius
2815 4496 3108 4562 sancitur
3140 4495 3361 4562 iudicii
3403 4497 3714 4580 gravitas,
3762 4518 3892 4563 non
3937 4518 4125 4563 secus
4167 4518 4245 4563 ac
4287 4497 4344 4561 si
4381 4517 4421 4561 a
4454 4491 4582 4557 Deo

2643 4583 2786 4667 ipso
2829 4582 3195 4665 profectum
3237 4592 3428 4648 esset.
3510 4583 3602 4647 Et
3643 4592 3822 4649 certe
3863 4582 4051 4648 nulla
4090 4582 4456 4649 medicinae
4487 4598 4582 4662 pe-

2646 4667 2800 4733 ritia
2862 4667 3109 4734 dictare
3177 4670 3389 4753 potuit
3453 4668 3735 4750 septimo
3794 4669 3900 4735 die
3952 4668 4386 4735 incurabilem
4454 4682 4583 4730 esse

2646 4754 2916 4837 lepram,
2962 4754 3044 4820 de
3088 4776 3215 4838 qua
3259 4764 3399 4820 tam
3442 4754 3681 4837 exiguo
3716 4768 3868 4821 ante
3905 4765 4199 4839 tempore
4235 4753 4585 4820 dubitatum

2648 4842 2885 4919 fuerat,
2953 4840 3082 4906 nisi
3140 4841 3328 4908 Deus
3380 4840 3864 4905 immunditiem
3936 4841 4258 4926 singulari
4318 4836 4585 4923 quodam

2648 4925 2841 4992 modo
2883 4924 3217 5012 detegeret
3233 4978 3247 5005 ,
3302 4947 3378 4993 ac
3434 4924 3851 4992 sacerdotum
3908 4927 4128 4993 oculos
4170 4934 4429 5011 regeret
4481 4940 4584 4989 suo

2647 5033 2681 5078 s
2727 5012 2905 5078 iritu.

2681 5035 2725 5097 P
2818 5097 2923 5164 29.
2973 5096 3051 5163 Si
3090 5097 3225 5164 viro
3265 5102 3379 5164 aut
3418 5099 3692 5165 mulieri.
3737 5098 3869 5164 Hic
3911 5119 4046 5164 non
4089 5097 4311 5183 agitur
4347 5094 4429 5162 de
4468 5090 4584 5160 cal·

2650 5182 2830 5262 vitie,
2876 5203 3042 5267 quae
3084 5194 3162 5250 ut
3205 5183 3567 5268 plurimum
3608 5184 3682 5249 in
3726 5183 3910 5251 senio
3950 5184 4301 5269 contingit:
4346 5180 4458 5248 sed
4491 5177 4587 5243 de-

2649 5269 2875 5352 pilatic
2920 5290 3085 5353 quae
3127 5271 3424 5337 nascitur
3466 5291 3549 5337 ex
3605 5269 3823 5355 lepra,
3864 5268 3947 5334 ab
3990 5270 4139 5337 aliis
4181 5267 4583 5336 discernitur:

2651 5375 2930 5437 quarum
2974 5357 3098 5423 etsi
3138 5357 3322 5442 origo
3364 5366 3431 5423 et
3463 5377 3666 5424 causa
3695 5363 3796 5422 est
3831 5375 3914 5421 ex
3950 5355 4172 5441 aliqua
4202 5350 4585 5437 intemperia
