4867 6150
365 459 490 527 385

363 674 434 719 se
478 649 925 715 manifestavit
968 648 1088 713 sub
1135 649 1177 713 fi
1275 648 1365 713 ris
1411 648 1793 716 visibilibus.
1864 648 2035 731 Quia
2079 673 2306 735 euper-

364 758 660 805 vacuum·
693 747 866 801 esset
922 735 1141 818 plures
1224 754 1372 800 ocos
1429 755 1816 820 congerere,
1871 736 2158 802 sufficiat
2213 737 2310 802 in—

365 825 571 908 signis
615 822 830 887 Isaiae
876 821 1040 885 visio
1106 841 1275 903 quae
1332 832 1520 887 sexto
1586 822 1799 905 capite
1855 824 2175 888 refertur:
2243 832 2310 887 et

364 908 751 983 Ezechielis,
809 928 975 992 quae
1032 907 1276 992 legitur
1330 917 1466 972 tam
1526 909 1738 991 primo
1795 929 1992 992 quam
2061 909 2308 975 decimo

365 997 593 1079 capite.
671 994 812 1059 Nec
856 1014 1012 1059 vero
1054 993 1158 1057 eui
1200 992 1440 1058 oblitus
1485 1003 1628 1059 erat
1651 993 1852 1071 Deus,
1899 994 2053 1060 dum
2100 996 2308 1062 servis

365 1083 501 1148 suis
544 1081 641 1147 ita
683 1102 756 1146 se
797 1078 1324 1162 conspiciendum
1371 1078 1691 1145 exhibuit.
1766 1079 1989 1162 Quare
2034 1103 2159 1146 non
2208 1081 2306 1145 vi-

365 1169 558 1234 detur
602 1165 819 1232 valida
863 1179 980 1231 aut
1022 1166 1214 1230 firma
1263 1187 1406 1231 esse
1462 1165 1623 1232 haec
1668 1167 1866 1246 ratio,
1926 1167 2108 1232 nefas
2166 1188 2307 1233 esee

364 1256 581 1320 Deum
627 1252 1108 1336 repraesentari
1145 1261 1421 1316 externa
1464 1253 1697 1336 effigie,
1737 1252 1888 1336 quia
1928 1252 2127 1318 semel
2175 1274 2307 1318 vox

362 1341 502 1406 eius
547 1339 772 1405 audita
815 1337 1015 1403 fuerit
1057 1337 1200 1403 sine
1245 1346 1545 1421 aspectu:
1607 1360 1810 1423 quum
1865 1361 1948 1403 ex
2006 1340 2306 1422 opposito

362 1427 661 1510 excipere
706 1434 1081 1508 promptum
1128 1424 1232 1502 sit,
1277 1425 1535 1508 saepius
1580 1425 1908 1490 exhibitae
1937 1424 2135 1490 fuisse
2178 1425 2306 1490 for-

362 1534 501 1578 mas
548 1511 855 1590 visibiles,
902 1510 1140 1593 quibus
1168 1518 1445 1576 testatus
1491 1518 1592 1575 est
1634 1532 1817 1576 suam
1846 1512 2304 1593 praesentiam.

362 1599 630 1682 Duplex
700 1597 943 1663 solutio
1020 1607 1150 1662 est:
1221 1596 1391 1679 quod
1456 1596 1720 1661 tametsi
1786 1597 1968 1661 Deus
2029 1598 2304 1662 formam

360 1685 643 1768 aliquam
689 1683 980 1748 induerit
1021 1681 1103 1747 ad
1163 1704 1232 1747 se
1276 1681 1834 1766 patefaciendum,
1891 1681 2012 1749 hoc
2071 1681 2307 1749 debere

360 1771 608 1839 censeri
653 1770 719 1833 in
767 1768 1212 1852 singularibus
1249 1769 1589 1852 exemplis,
1635 1789 1768 1833 non
1793 1779 2009 1833 autem
2057 1768 2305 1835 haben-

361 1857 514 1923 dum
572 1878 714 1923 esse
763 1856 904 1920 loco
963 1864 1317 1938 perpetuae
1371 1854 1669 1938 regulae:
1731 1853 1964 1920 deinde
2025 1855 2306 1921 visiones

360 1944 654 2027 patribus
699 1941 1047 2019 exhibitas,
1095 1940 1469 2005 testimonia
1510 1941 1713 2006 fuisse
1766 1940 2120 2007 invisibilis
2164 1943 2305 2007 eius

360 2029 624 2114 gloriae,
669 2048 834 2112 quae
880 2029 1096 2109 potius
1117 2048 1376 2093 sursum
1417 2027 1792 2092 attollerent
1811 2036 2064 2092 mentes
2094 2027 2304 2092 homi-

359 2138 519 2181 num
576 2135 768 2199 quam
829 2114 1180 2198 implicitas
1239 2120 1539 2178 tenerent
1610 2113 1890 2178 terrenis
1942 2113 2301 2179 elementis.

358 2202 655 2266 Primum
703 2201 905 2284 igitur
961 2200 1029 2265 in
1091 2199 1258 2283 legis
1315 2198 1839 2283 promulgatione
1882 2199 2304 2282 praescripsit

357 2288 543 2353 Deus
586 2286 741 2370 quid
788 2287 977 2369 sequi
1023 2285 1300 2351 debeant
1346 2285 1606 2350 fideles:
1666 2284 1819 2369 quia
1863 2285 2133 2351 videbat
2177 2286 2303 2351 hoc

358 2375 684 2457 optimum
783 2394 926 2438 esse
1009 2370 1466 2453 compendium
1557 2369 1640 2437 ad
1730 2371 2107 2437 retinendos
2192 2393 2302 2455 po-

356 2460 494 2543 puli
540 2461 794 2524 animos
838 2459 906 2522 in
950 2478 1114 2523 vera
1159 2458 1428 2539 pietate,
1476 2465 1542 2522 et
1583 2456 1906 2539 optimum
1966 2457 2161 2522 simul
2206 2479 2305 2523 re-

357 2547 644 2610 medium
688 2543 1004 2610 advereus
1047 2542 1501 2608 idololatriam.
1589 2542 1737 2608 Nisi
1781 2541 1934 2607 huic
1978 2543 2105 2608 Dei
2148 2563 2299 2608 con·

359 2632 503 2699 silio
549 2631 1072 2713 acquiescamus,
1121 2648 1255 2693 non
1314 2640 1569 2693 tantum
1629 2628 1980 2712 prodemus
2041 2629 2302 2694 rixandi

355 2717 716 2793 libidinem,
761 2715 873 2783 sed
921 2715 1106 2798 quasi
1153 2715 1328 2780 tauri
1373 2725 1804 2797 cornupetae,
1848 2715 1973 2797 ipsi
2019 2713 2165 2780 Deo
2211 2716 2304 2780 in-

350 2803 766 2871 sultabimus.
872 2802 1100 2885 Neque
1165 2801 1339 2866 enim
1421 2802 1666 2865 frustra
1736 2801 2130 2884 principium
2180 2800 2303 2867 hoc

350 2890 640 2973 sumpsit
683 2889 919 2968 Moses,
967 2908 1169 2969 quum
1215 2886 1399 2953 Deus
1444 2886 1564 2951 eibi
1623 2887 1963 2953 ecclesiam
2022 2886 2300 2971 collegit,

350 2997 555 3060 quum
603 2973 876 3039 tradidit
929 2985 1175 3038 certam
1231 2984 1299 3037 et
1356 2973 1803 3039 inviolabilem
1873 2975 1981 3057 pie
2036 2971 2303 3038 vivendi

350 3084 673 3140 normam,
720 3081 852 3127 non
906 3058 1202 3126 induisse
1256 3058 1515 3142 aliquod
1577 3080 1846 3144 corpus,
1906 3059 2021 3125 sed
2083 3060 2299 3125 vivam

349 3149 602 3234 gloriae
661 3168 816 3213 suae
871 3147 1157 3230 effigiem
1212 3145 1587 3211 exhibuisse
1654 3146 1721 3210 in
1785 3146 1931 3229 ipsa
1988 3145 2300 3212 doctrina.

349 3234 548 3303 Unde
593 3234 900 3317 colligere
941 3232 1109 3311 licet,
1156 3252 1267 3296 eos
1301 3253 1527 3297 omnes
1572 3233 1681 3315 qui
1721 3230 1935 3297 Deum
1974 3242 2303 3315 quaerunt

348 3321 423 3386 in
469 3323 513 3385 fi
564 3341 684 3386 ura
726 3319 990 3398 visibili,
1040 3339 1168 3383 non
1215 3327 1469 3382 tantum
1520 3317 1899 3396 deflectere,
1960 3319 2071 3384 sed
2119 3339 2300 3403 pror·

350 3429 469 3473 sus
560 3407 874 3472 esciscere
921 3427 960 3468 a
1003 3425 1161 3469 vero
1220 3404 1484 3488 pietatis
1528 3404 1760 3469 studio.
1850 3404 1925 3470 Si
1984 3406 2128 3488 quis
2186 3427 2299 3469 ex-

349 3493 575 3577 cipiat,
621 3493 838 3558 Deum
886 3511 1018 3555 non
1064 3511 1205 3556 esse
1246 3492 1346 3555 sui
1386 3489 1786 3570 dissimilem,
1831 3502 1898 3556 ct
1936 3500 2154 3555 tamen
2200 3489 2300 3577 (ut

351 3579 604 3645 dictum
660 3576 784 3664 est)
841 3579 1119 3641 formam
1177 3577 1461 3659 aliquam
1525 3575 1848 3641 visibilem
1909 3597 2038 3641 non
2099 3577 2297 3642 semel

350 3666 747 3748 sumpsisse:
788 3663 1075 3746 simplex
1120 3670 1187 3727 et
1229 3662 1437 3727 facilis
1483 3662 1989 3745 responsio-est,
2048 3663 2299 3746 quoties

348 3750 662 3834 apparuit
707 3750 997 3831 patribus
1054 3749 1174 3814 sub
1230 3749 1442 3813 forma
1487 3748 1763 3826 visibili,
1823 3746 2080 3813 dedisse
2136 3759 2296 3814 tem·

344 3837 574 3922 porale
617 3834 1003 3922 symbolum,
1050 3833 1218 3917 quod
1263 3843 1482 3900 tamen
1531 3835 1801 3899 minime
1837 3834 2300 3900 adversaretur

347 3924 510 3988 huic
569 3931 933 4006 praecepto.
1020 3920 1210 3984 Vidit
1254 3921 1461 3985 Isaiae
1507 3919 1723 3985 Deum
1771 3921 2182 3985 exercituum
2227 3923 2294 3984 in

348 4009 516 4075 solio
576 4007 948 4075 sedentem:
1007 4006 1189 4089 atqui
1244 4007 1497 4072 fortiter
1555 4006 1795 4071 clamat
1877 4006 1982 4086 40,
2041 4005 2154 4094 25)
2214 4027 2296 4072 ex

347 4096 559 4178 ipsius
603 4092 731 4159 Dei
775 4112 913 4158 ore:
963 4091 1090 4159 Oui
1135 4092 1417 4157 similem
1465 4114 1570 4156 me
1615 4093 1853 4158 fecistis
1949 4092 2086 4159 Nec
2131 4113 2297 4176 opus

346 4189 453 4247 est
518 4181 792 4246 recitare
849 4199 1274 4263 quaecunque
1335 4179 1648 4244 adversus
1714 4177 2092 4243 idololatrae
2144 4199 2294 4262 pro-

347 4267 640 4333 nunciat.
725 4266 922 4330 Certe
965 4263 1236 4329 liberius
1281 4284 1471 4346 quam
1519 4285 1745 4330 omnes
1789 4264 2163 4347 prophetae,
2225 4265 2295 4329 in

349 4373 580 4419 eorum
625 4351 991 4431 stultitiam,
1034 4351 1167 4415 imo
1193 4352 1567 4430 amentiam,
1613 4351 1966 4427 invehitur,
2015 4352 2124 4433 qui
2172 4351 2294 4417 eibi

349 4439 640 4520 aliquam
700 4436 830 4501 Dei
885 4437 1239 4520 imaginem
1303 4436 1650 4501 fabricant:
1710 4436 1861 4519 quia
1920 4436 2042 4502 hoc
2104 4438 2295 4501 modo

354 4526 703 4591 veritatem
750 4531 1136 4590 convertant
1181 4523 1248 4587 in
1299 4522 1741 4587 mendacium:
1797 4522 2076 4605 denique
2122 4522 2291 4587 idem

345 4631 504 4678 cum
549 4611 734 4676 Mose
777 4608 1170 4693 principium
1215 4608 1437 4686 sumit,
1483 4608 1757 4674 fallaciis
1814 4617 1880 4674 et
1924 4607 2294 4693 praestigiis

347 4696 711 4763 adulterari
759 4717 980 4760 veram
1029 4695 1153 4760 Dei
1201 4702 1523 4774 naturam,
1570 4695 1624 4760 ei
1670 4694 2109 4777 corruptibilis
2157 4715 2293 4760 ma-

345 4784 519 4847 teria
561 4794 836 4849 vocetur
868 4783 1008 4846 eius
1041 4781 1278 4864 imago.
1347 4780 1487 4845 Iam
1512 4780 1656 4864 ipsa
1691 4780 1854 4845 visio
1878 4780 2087 4863 qualis
2121 4778 2292 4844 fuit?

352 4868 709 4951 Seraphim
753 4868 865 4951 qui
910 4865 1400 4932 circumdabant
1444 4867 1677 4932 solium
1706 4865 1853 4945 Dei,
1896 4864 2097 4931 facies
2142 4887 2297 4932 suas

350 4955 477 5021 alis
519 4952 902 5039 obtegendo,
949 4954 1108 5018 satie
1162 4974 1491 5037 superque
1545 4952 1863 5018 docebant
1922 4974 2052 5017 non
2107 4972 2294 5035 posse

350 5041 498 5107 eius
547 5051 960 5123 conspectum
1021 5040 1179 5104 ferri
1235 5060 1276 5104 a
1333 5039 1733 5105 mortalibus
1824 5038 2013 5120 Quod
2075 5048 2293 5103 autem

349 5127 555 5192 refert
623 5125 923 5192 Ezechiel
984 5126 1208 5191 nullus
1264 5127 1469 5209 pictor
1512 5125 1774 5209 assequi
1832 5134 2084 5208 posset:
2143 5126 2298 5207 quia

349 5235 615 5296 semper
658 5213 958 5295 apparuit
980 5210 1165 5277 Deus
1207 5212 1346 5277 suis
1388 5212 1776 5296 insignibus,
1819 5232 1987 5294 quae
2028 5231 2297 5295 supera-

347 5312 506 5364 rent
547 5298 885 5364 hominum
929 5309 1210 5380 captum,
1258 5298 1605 5363 distinctus
1640 5298 1720 5363 ab
1756 5300 1932 5363 omni
1963 5306 2297 5363 creaturae

346 5386 583 5450 forma.
671 5385 902 5449 Firma
943 5385 1149 5468 igitur
1202 5397 1429 5449 manet
1485 5385 1646 5451 haec
1705 5385 1901 5462 ratio,
1956 5404 2087 5448 non
2143 5402 2298 5468 qua-

568 5487 788 5543 oazvtm·
820 5501 1001 5556 opera.
1086 5486 1201 5542 ναι
1242 5485 1468 5542 XXIV.

1780 459 2291 529 SECUNDUM
2337 460 2984 530 PRAEOEPTUM.

4234 466 4365 532 386

2415 649 2608 715 drare
2633 651 2776 716 Deo
2820 650 3195 737 imaginem,
3239 652 3394 736 quia
3439 652 3651 718 noluit
3694 652 3992 737 apopulo
4028 675 4150 719 suo
4172 654 4370 720 aliter

2410 737 2698 819 conspici
2740 759 2937 820 quam
2998 738 3067 802 in
3124 758 3301 805 voce.
3392 739 3600 822 Atqui
3657 747 3817 805 tunc
3881 760 4134 823 quoque
4191 741 4368 825 ignis

2411 822 2784 906 symbolum
2830 823 2958 888 fuit
2999 824 3407 907 praesentiae
3463 827 3637 903 eius,
3698 824 3811 890 sed
3869 847 3995 909 quo
4050 836 4363 893 testatum

2409 909 2654 973 faceret
2699 909 3423 994 incomprehensibilem
3483 932 3627 977 esse
3684 932 3871 976 suam
3930 912 4237 995 gloriam,
4297 920 4368 979 et

2410 994 2507 1059 ita
2563 994 2865 1061 homines
2922 1006 3173 1061 arceret
3230 1017 3269 1061 a
3335 995 3662 1080 fingendis
3716 997 3924 1064 idolis.
4042 998 4218 1079 Quid
4279 1001 4367 1065 sit

2409 1080 2742 1146 custodire
2786 1102 2856 1147 ee
2901 1103 3101 1165 super
3142 1083 3364 1147 anima
3421 1081 3573 1147 alibi
3633 1084 4076 1165 exposuimus.
4167 1083 4360 1166 Quod

2410 1187 2568 1231 vero
2613 1175 2744 1231 tam
2770 1168 3043 1233 sollicite
3067 1167 3367 1234 hortatur
3414 1178 3488 1233 ut
3529 1166 3653 1233 sibi
3693 1181 3987 1249 caveant,
4032 1170 4185 1236 hinc
4228 1171 4361 1237 col-

2411 1251 2641 1335 ligitur
2685 1264 2934 1334 quanta
2974 1254 3060 1318 sit
3104 1254 3182 1318 ad
3244 1252 3674 1319 idololatriam
3738 1254 4064 1320 humanae
4123 1258 4363 1323 mentis

2411 1340 2782 1421 propensio.
2874 1339 3027 1405 Huc
3070 1338 3282 1404 tendit
3323 1342 3707 1406 contestatio
3751 1363 3945 1424 quam
3992 1364 4074 1408 ex
4114 1341 4172 1407 8.
4219 1363 4359 1427 cap.

2412 1425 2909 1490 Deuteronomii
2953 1425 3225 1491 inserui.
3292 1425 3523 1508 Neque
3558 1427 3731 1492 enim
3772 1437 4027 1493 tantum
4071 1429 4365 1494 minatur

2413 1510 2662 1588 Moses,
2728 1511 2842 1575 sed
2912 1532 3027 1593 pro
3082 1510 3337 1577 solenni
3397 1512 3782 1578 iudiciorum
3843 1535 4023 1580 more
4080 1523 4146 1579 et
4205 1515 4361 1597 ritu,

2413 1596 2604 1679 quasi
2649 1597 3051 1681 interpositis
3096 1597 3405 1678 testibus,
3463 1597 3817 1664 denunciat
3863 1600 4223 1682 perituros,
4284 1610 4360 1667 ut

2410 1681 2534 1747 hac
2577 1682 2997 1749 vehementia
3041 1682 3189 1768 plue
3218 1683 3472 1749 timoris
3507 1686 3797 1751 incutiat.
3867 1685 4059 1751 Unde
4088 1694 4362 1771 apparet

2410 1767 2712 1833 insanam
2774 1768 2942 1836 hanc
3002 1769 3333 1835 libidinem
3396 1791 3528 1836 nou
3597 1771 3856 1855 vulgari
3918 1770 4109 1837 modo
4168 1794 4360 1856 posse

2408 1853 2716 1920 fraenari.
2807 1854 3051 1920 Eodem
3099 1856 3231 1920 fine
3276 1858 3604 1941 corrumpi
3667 1857 3771 1923 vel
3829 1877 4246 1942 corrumpere
4287 1880 4359 1925 ee

2410 1938 2570 2005 dicit
2635 1942 2742 2021 qui
2800 1940 3299 2007 similitudinem
3367 1941 3654 2024 aliquam
3709 1943 4054 2009 fabricant.
4144 1944 4360 2011 Sicuti

2408 2033 2478 2090 et
2521 2026 2769 2092 Paulus
2813 2027 3016 2093 tradit
3059 2025 3276 2113 (Rom.
3328 2029 3383 2107 1,
3427 2028 3570 2115 25),
3627 2029 3749 2095 hoc
3805 2028 3998 2094 modo
4057 2030 4355 2096 converti

2410 2112 2755 2177 veritatem
2803 2114 2872 2177 in
2915 2113 3345 2180 mendacium.
3436 2115 3750 2180 Ieremias
3793 2125 4015 2181 autem
4066 2125 4130 2181 et
4179 2118 4355 2183 Aba·

2406 2217 2528 2263 cuc
2552 2198 2861 2265 falsitatis
2885 2199 3206 2265 damnant
3249 2200 3598 2266 simulacra
3633 2200 3824 2287 (Iere.
3852 2201 3952 2281 10,
3982 2201 4081 2283 15,
4106 2203 4358 2269 Habac.

2407 2283 2468 2361 2,
2502 2282 2624 2370 18).
2682 2285 2831 2350 Non
2856 2287 3102 2351 mirum
3127 2286 3331 2370 igitur
3354 2288 3407 2351 ei
3448 2286 3787 2352 hominum
3811 2289 4141 2371 corruptio
4168 2309 4359 2356 voca-

2407 2379 2521 2434 tur
2563 2369 2827 2451 idolum,
2873 2371 3045 2456 quod
3094 2372 3219 2437 Dei
3265 2372 3517 2437 cultum
3563 2372 3909 2438 adulterat.
3980 2373 4357 2440 Iustissima

2406 2477 2663 2541 quoque
2684 2466 2785 2522 cst
2807 2478 3058 2523 merces
3094 2479 3315 2523 eorum
3353 2459 3464 2540 qui
3502 2478 3730 2524 sanam
3768 2468 3836 2523 et
3877 2460 4203 2543 integram
4227 2461 4357 2526 Dei

2406 2544 2844 2625 cognitionem
2873 2544 3128 2624 vitiant,
3174 2544 3586 2626 putredinem
3610 2542 3764 2610 inde
3787 2544 4174 2612 contrahere
4196 2566 4361 2629 quae

2408 2649 2633 2693 eorum
2681 2629 2933 2695 animas
2977 2637 3336 2696 consumat.
3412 2629 3620 2695 Porro
3666 2631 3819 2697 hinc
3862 2630 4186 2697 refellitur
4229 2644 4360 2699 eto·

2407 2713 2541 2779 lida
2580 2716 2983 2798 papistarum
3032 2715 3308 2792 inscitia,
3357 2717 3465 2799 qui
3505 2715 4012 2799 prohibitionem
4059 2717 4232 2784 hanc
4276 2718 4359 2784 ad

2406 2811 2699 2865 veterem
2744 2801 3058 2885 populum
3106 2803 3546 2886 restringunt,
3595 2810 3669 2867 ut
3715 2802 3903 2867 hodie
3949 2801 4225 2869 liberum
4273 2804 4361 2869 sit

2406 2888 2677 2971 pingere
2720 2888 2817 2952 vel
2864 2888 3178 2970 sculpere.
3249 2887 3458 2968 Quasi
3504 2908 3661 2952 vero
3686 2887 3965 2954 Iudaeos
4010 2889 4358 2973 compellet

2407 2972 2679 3050 Paulus,
2725 2973 2881 3038 dum
2929 2995 3010 3038 ex
3056 2974 3388 3039 communi
3446 2984 3722 3039 naturae
3777 2974 4097 3059 principio
4157 2977 4355 3040 ratio-

2406 3060 2698 3126 cinatur:
2747 3058 2823 3126 Si
2869 3081 3097 3125 sumus
3140 3080 3351 3145 genus
3395 3059 3554 3138 Dei,
3611 3061 3711 3126 fas
3767 3082 3895 3128 non
3951 3083 4093 3128 esse
4136 3061 4356 3127 Deum

2404 3146 2754 3230 imaginari
2802 3146 3084 3211 similem
3130 3166 3307 3224 aur0,
3351 3145 3456 3210 vel
3515 3155 3806 3230 argento,
3868 3147 3973 3213 vel
4031 3148 4353 3231 corrupti·

2405 3230 2518 3296 bili
2564 3233 2876 3297 materiae
2920 3230 3093 3318 (Act.
3143 3232 3239 3310 17,
3289 3230 3418 3319 29).
3510 3231 3694 3297 Nihil
3738 3253 3905 3316 opus
3948 3242 4051 3299 est
4093 3234 4357 3318 singula

2403 3320 2726 3401 persequi.
2795 3317 2931 3383 Sed
2978 3338 3105 3382 non
3154 3319 3375 3383 minue
3398 3327 3623 3401 aperte
3660 3318 3902 3385 clamat
3925 3319 4117 3386 hodie
4160 3320 4354 3403 spiri·

2404 3412 2532 3483 tus,
2576 3403 2938 3470 cavendum
2987 3425 3128 3469 esse
3173 3403 3256 3469 ab
3299 3402 3490 3470 idolis
3533 3425 3728 3488 quam
3751 3405 3906 3470 olim
3951 3407 4096 3479 fieri
4141 3406 4356 3472 vetuit

2403 3487 2491 3575 (1.
2539 3489 2681 3556 Ioh.
2727 3490 2798 3570 5,
2851 3488 2981 3577 21).
3073 3488 3264 3556 Adde
3320 3488 3495 3574 quod
3553 3490 3910 3557 diabolicus
3967 3493 4095 3557 fuit
4149 3493 4353 3574 furor,

2405 3577 2724 3659 abrogare
2768 3598 2974 3641 unum
3022 3598 3104 3642 ex
3165 3575 3384 3642 decem
3430 3579 3832 3659 praeceptis,
3892 3598 4019 3661 quo
4084 3579 4353 3661 impune

2403 3663 2486 3727 ad
2544 3661 2799 3727 foedam
2854 3674 2920 3727 et
2963 3661 3415 3728 detestabilem
3458 3662 3785 3729 licentiam
3835 3672 4350 3748 perrumperent.

2402 3745 2824 3826 Obtendunt,
2896 3748 3167 3814 Iudaeos
3223 3748 3544 3815 cohibitos
3601 3750 3757 3814 olim
3812 3749 4016 3814 fuisse
4074 3750 4353 3817 arctiore

2401 3834 2648 3911 fraeno,
2699 3835 2850 3918 quia
2878 3834 3157 3899 nimium
3184 3844 3403 3900 essent
3424 3834 3828 3900 idololatriae
3849 3834 4070 3900 dediti.
4140 3835 4353 3918 Quasi

2402 3942 2558 3985 vero
2603 3942 2735 3985 non
2782 3920 2987 3986 multo
3033 3921 3157 3987 hac
3208 3923 3277 3986 in
3332 3930 3518 4005 parte
3576 3922 3710 3987 sint
3767 3922 4136 3987 crassiores.
4228 3924 4347 3988 At-

2400 4028 2525 4089 que
2570 4013 2648 4071 ut
2693 4006 2813 4073 hoc
2858 4007 3181 4086 omittam,
3227 4007 3375 4090 quie
3425 4028 3557 4072 non
3626 4007 3810 4071 videt
3863 4008 4349 4091 superstitionis

2401 4093 2667 4169 vitium,
2724 4091 2892 4176 quod
2952 4094 3316 4177 ingenitum
3380 4103 3481 4158 est
3538 4092 3867 4158 humanae
3928 4095 4165 4171 menti,
4227 4094 4350 4162 hoc

2398 4178 2686 4244 remedio
2749 4179 2948 4244 fuisse
3014 4178 3428 4244 correctum?
3512 4178 3693 4263 Ergo
3759 4178 3964 4244 donec
4043 4189 4347 4245 naturam

2398 4265 2706 4338 exuerint
2742 4264 3060 4345 homines,
3104 4275 3521 4350 praeceptum
3570 4263 3688 4329 hoc
3731 4265 3862 4329 illie
3904 4267 4350 4331 necessarium

2396 4372 2538 4417 esee
2578 4351 2961 4434 colligimus.

2574 4437 2673 4503 19.
2725 4437 2892 4502 Neve
2933 4435 3195 4502 attollas.
3267 4437 3484 4501 Altius
3518 4436 3932 4521 progreditur
3975 4436 4217 4517 Moses,
4262 4458 4348 4505 ne

2398 4522 2707 4587 deitatem
2756 4524 3082 4587 somnient
3105 4521 3332 4588 Iudaei
3378 4523 3444 4587 in
3486 4521 3641 4601 sole,
3687 4530 3756 4587 et
3798 4521 3955 4587 luna
3999 4533 4064 4586 et
4109 4523 4345 4590 stellis:

2397 4629 2519 4674 nec
2564 4616 2820 4673 tantum
2865 4607 2946 4672 ab
2990 4628 3210 4674 errore
3264 4629 3375 4674 eos
3420 4620 3682 4675 revocat
3739 4630 3866 4693 quo
3925 4609 4158 4674 imbuti
4208 4612 4347 4676 fue·

2398 4702 2558 4759 runt
2602 4693 2815 4772 multi,
2862 4702 3169 4778 putantes
3211 4693 3483 4760 totidem
3546 4714 3687 4760 esee
3733 4695 3920 4760 deos:
3981 4695 4095 4760 sed
4155 4697 4346 4761 alteri

2397 4801 2653 4863 quoque
2710 4781 3159 4864 superstitioni
3217 4780 3526 4861 occurrit,
3585 4802 3670 4845 ne
3715 4789 4042 4846 astrorum
4092 4781 4346 4865 fulgore

2396 4867 2760 4949 rapiantur,
2808 4878 2883 4932 ut
2926 4867 3244 4951 imagines
3280 4866 3406 4931 Dei
3452 4886 3591 4932 esse
3638 4877 3887 4949 putent.
3960 4870 4176 4949 Atque
4213 4868 4345 4933 huc

2398 4955 2686 5036 pertinet
2743 4953 3010 5018 verbum
3069 4950 3466 5035 impellendi.
3556 4953 3733 5032 Quia
3789 4953 3979 5017 sicuti
4038 4954 4219 5018 Deus
4275 4953 4344 5017 in

2397 5039 2695 5105 exercitu
2739 5039 3000 5103 coelesti
3044 5039 3320 5123 gloriam
3368 5059 3557 5104 suam
3581 5047 4043 5121 repraesentat,
4088 5038 4178 5102 ita
4223 5038 4342 5103 fal-

2399 5124 2520 5190 laci
2569 5124 2842 5189 artificio
2886 5124 3094 5190 Satan
3141 5124 3254 5189 illo
3300 5133 3640 5207 praetextu
3688 5123 4034 5192 conturbat
4067 5131 4135 5187 et
4179 5132 4348 5189 atto-

2399 5211 2571 5275 nitas
2616 5208 2829 5275 reddit
2874 5209 3215 5275 hominum
3251 5222 3523 5288 mentes,
3570 5220 3643 5275 ut
3687 5210 3754 5274 in
3800 5210 3929 5274 illis
3986 5208 4343 5277 luminibus

2399 5295 2619 5362 Deum
2665 5294 2957 5374 adorent,
3001 5304 3198 5380 atque
3240 5297 3335 5362 ita
3356 5297 3728 5380 impingant
3760 5298 3829 5359 in
3851 5296 4095 5359 limine.
4160 5296 4344 5381 Ergo

2399 5404 2529 5466 quo
2574 5382 2810 5447 melius
2854 5393 3283 5467 agnoscerent
3326 5382 3665 5448 Israelitae
3721 5402 3918 5465 quam
3975 5391 4351 5464 praeposte-
