4867 6150
259 435 263 438 ⁴
293 420 431 487 621

303 614 598 676 mortuus
643 607 844 692 fuerit
887 610 1004 676 sub
1045 630 1246 677 mauu
1288 611 1428 677 eius
1444 662 1460 689 ,
1502 609 1880 678 vindicando
1922 607 2268 676 vindicabi-

307 702 434 762 tur.
521 695 627 761 21.
689 695 1129 763 Verumtamen
1171 698 1234 763 si
1267 718 1390 781 per
1429 696 1594 763 diem
1636 697 1731 763 vel
1768 697 1929 762 duos
1970 695 2109 762 dies
2149 699 2270 761 ste-

311 783 474 858 terit,
511 803 635 848 non
653 781 1095 861 vindicabitur,
1134 783 1289 864 quia
1296 783 1574 865 pecunia
1592 784 1730 849 eius
1763 787 1871 848 est.
1930 781 2035 847 22.
2067 782 2272 863 Quum

313 873 523 934 autem
585 868 790 933 rixati
846 867 1090 951 fuerint
1137 870 1266 935 viri
1279 919 1296 950 ,
1361 874 1417 936 et
1462 868 1893 951 percusserint
1948 867 2273 933 mulierem

299 957 764 1038 praestantem
818 958 890 1019 ut
929 955 1286 1039 eyrediatur
1325 955 1527 1037 foetus
1568 956 1736 1031 eius,
1781 974 1890 1020 nec
1931 959 2136 1020 tamen
2176 973 2273 1020 se-

313 1045 549 1123 quatur
588 1060 776 1116 more,
809 1041 1134 1122 puniendo
1163 1042 1473 1122 punietur
1515 1039 2039 1124 quemadmodum
2078 1040 2272 1122 impo-

314 1126 515 1192 suerit
575 1127 632 1191 ei
696 1127 969 1192 maritus
1010 1126 1298 1192 mulieris
1312 1178 1328 1208 ,
1406 1132 1461 1192 et
1524 1127 1712 1193 solvet
1773 1125 1951 1209 apud
2011 1125 2269 1192 iudice-9.

315 1210 423 1277 23.
498 1211 674 1293 Quod
737 1213 798 1278 si
857 1232 1029 1278 mors
1088 1213 1313 1296 fuerit,
1376 1218 1521 1279 tuuc
1578 1211 1760 1279 dabis
1816 1211 2100 1278 animam
2147 1230 2274 1293 pro

315 1299 537 1364 anima
555 1347 570 1372 ,
651 1298 755 1364 24.
832 1297 1093 1365 Oculum
1158 1317 1283 1382 pro
1347 1299 1536 1379 oculo,
1603 1298 1841 1364 dentem
1893 1318 2018 1381 pro
2079 1296 2273 1378 derue,

314 1404 579 1450 mauum
625 1405 754 1467 pro
816 1404 1044 1460 mauu,
1099 1385 1324 1467 pedem
1382 1405 1501 1468 pro
1550 1385 1743 1468 pede,
1808 1382 1911 1450 25.
1970 1381 2274 1450 Adue-tio-

315 1490 460 1536 uem
522 1490 650 1552 pro
724 1470 1079 1551 adustione,
1167 1469 1399 1536 vulnus
1464 1491 1592 1553 pro
1658 1470 1944 1550 vulnere,
2014 1468 2273 1535 livorem

304 1576 434 1639 pro
498 1555 707 1622 livore.
810 1556 914 1621 26.
982 1555 1189 1637 Quum
1250 1561 1457 1622 autem
1509 1556 1896 1638 percusserit
1949 1555 2269 1638 quispiam

319 1641 566 1707 oculum
605 1643 777 1708 servi
816 1643 953 1720 sui,
998 1642 1093 1708 vel
1133 1642 1379 1709 aeidum
1420 1641 1691 1708 ancillae
1730 1661 1913 1720 suae,
1957 1646 2017 1706 et
2055 1661 2267 1708 eorru-

305 1728 487 1810 perit
560 1747 702 1793 eum
720 1778 736 1808 ,
812 1727 1076 1794 liberum
1155 1728 1424 1795 dimittet
1487 1748 1630 1794 eum
1691 1748 1819 1811 pro
1877 1726 2046 1794 oculo
2109 1728 2264 1794 eiu-9.

317 1812 422 1878 27.
456 1813 633 1895 Quod
663 1815 727 1879 si
759 1814 997 1880 deum
1028 1815 1196 1880 servi
1229 1816 1353 1889 sui,
1396 1813 1494 1879 vel
1528 1815 1767 1881 dentem
1808 1812 2072 1880 ancillae
2112 1832 2269 1879 suae

318 1899 689 1965 excusserit:
772 1899 1033 1966 liberum
1117 1901 1383 1966 dimittet
1455 1921 1595 1966 eum
1660 1920 1785 1983 pro
1855 1900 2032 1964 deute
2107 1900 2263 1966 eius,

319 1984 426 2051 28.
474 1984 553 2051 Si
592 2004 784 2051 eomu
813 1986 1068 2068 petierit
1106 1985 1213 2052 bos
1253 1988 1464 2052 virum
1506 1991 1616 2052 aut
1655 1984 1981 2052 mdierem
2021 1990 2093 2050 ut
2134 2005 2265 2050 mo-

311 2072 527 2138 riatur
543 2121 559 2149 ,
628 2070 974 2154 lapidando
1042 2072 1432 2153 lapidabitur
1483 2073 1620 2152 boe,
1680 2091 1876 2153 neque
1927 2071 2268 2138 comedam

310 2177 460 2226 caro
479 2157 643 2223 eius.-
676 2157 970 2224 domiuus
991 2163 1197 2224 autem
1233 2158 1404 2225 bovis
1434 2159 1555 2224 erit
1584 2159 1895 2224 innocens.
1952 2155 2055 2223 29.
2086 2157 2265 2239 Quod

307 2244 373 2309 si
431 2240 538 2309 bos
593 2249 926 2325 cornupeta
979 2244 1176 2327 fuerit
1226 2243 1309 2309 ab
1361 2243 1502 2310 beri
1555 2248 1613 2309 et
1667 2242 2156 2322 nudiustertiuS,
2209 2247 2266 2308 et

306 2330 660 2396 contestatio
722 2328 893 2411 faeta
953 2331 1150 2415 fuerit
1211 2330 1459 2396 domiuo
1514 2330 1681 2410 eius,
1745 2347 1853 2394 uec
1905 2328 2266 2395 custodierit

305 2435 481 2496 mm,
536 2416 858 2482 occidendo
915 2421 1120 2482 autem
1174 2416 1465 2483 occiderit
1512 2417 1727 2482 virum
1778 2415 1876 2481 vel
1914 2414 2258 2492 mulierem,

306 2500 416 2567 tos
479 2499 899 2582 lapidabitur,
964 2507 1020 2568 et
1082 2502 1376 2568 domiuus
1438 2522 1674 2584 quoque
1737 2501 1874 2566 eius
1940 2501 2258 2567 morietur.

303 2585 412 2653 30.
441 2584 518 2652 Si
547 2588 831 2668 pretium
871 2589 1314 2672 redemptionis
1355 2588 1716 2670 impositum
1756 2586 1954 2669 fuerit
1995 2586 2071 2666 ei,
2116 2592 2261 2652 tuuc

300 2673 479 2740 dabit
530 2672 1010 2756 redemptionem
1064 2674 1317 2740 animae
1358 2693 1516 2740 suae
1558 2678 1860 2756 quantum
1891 2672 2257 2755 impositum

290 2759 499 2842 facerit
538 2759 614 2824 ei.
703 2759 806 2825 31.
855 2758 1003 2828 Sive
1040 2759 1253 2843 filium
1292 2779 1485 2826 cornu
1516 2760 1800 2841 petierit,
1854 2758 1986 2825 sive
2022 2757 2253 2840 filiam,

293 2844 637 2910 secundum
687 2845 999 2912 iudicium
1057 2845 1167 2911 hoc
1216 2846 1325 2928 fiet
1377 2847 1455 2911 ei.
1556 2845 1659 2911 32.
1715 2843 1793 2911 Si
1841 2865 2093 2910 servum
2146 2844 2255 2911 bos

294 2951 495 2997 cornu
516 2930 792 3012 petierit,
831 2931 926 2997 vel
956 2931 1275 3012 ancillam,
1318 2934 1561 3017 arqmti
1600 2931 1865 3016 triginta
1908 2931 2093 2998 siclos
2134 2929 2249 2997 da·

293 3016 390 3084 bit
429 3016 678 3085 domiuo
718 3019 876 3099 eius,
919 3023 977 3085 et
1018 3017 1123 3085 bos
1163 3017 1271 3085 ille
1312 3017 1716 3100 lapidabitur.

471 3189 691 3256 Levit.
737 3189 854 3271 24,
901 3190 1002 3255 17.
1056 3191 1180 3273 Qui
1209 3192 1611 3272 percusserit.
1700 3187 2015 3273 Sequitur
2058 3211 2250 3273 prae-

289 3276 467 3360 cepti
524 3275 935 3343 confirmatio
978 3297 1063 3342 ex
1105 3279 1251 3342 iure
1296 3275 1569 3342 forensi:
1629 3296 1704 3341 ac
1739 3278 1951 3360 primo
1986 3275 2249 3358 quidem

286 3362 532 3429 mortis
565 3384 778 3447 poena
811 3362 1127 3429 statuitur
1158 3363 1230 3427 in
1267 3362 1657 3429 homicidas:
1705 3383 1861 3427 nam
1905 3372 2247 3447 percutere

290 3449 588 3514 animam
656 3446 1046 3515 tantundem
1112 3448 1290 3515 valet
1354 3471 1429 3514 ac
1482 3447 1819 3515 lethaliter
1877 3447 2248 3530 vulnerare,

284 3542 372 3600 ut
414 3552 596 3600 mors
639 3555 895 3619 quoque
939 3543 1284 3617 sequatur:
1329 3534 1504 3601 sicut
1526 3534 1745 3600 Moses
1788 3535 1860 3599 in
1899 3533 2134 3600 Exodo
2177 3555 2250 3601 se

284 3620 537 3688 clarius
593 3621 896 3706 explicat.
999 3620 1208 3687 Porro
1265 3641 1639 3704 quanquam
1696 3619 1984 3687 breviter
2036 3619 2249 3704 loqui-

283 3715 427 3787 tur,
476 3715 554 3772 ut
589 3706 650 3772 le
702 3707 947 3787 'slator,
993 3728 1128 3773 non
1164 3706 1439 3772 dubium
1487 3719 1705 3772 tamen
1751 3715 1853 3772 est
1897 3707 2054 3789 quin
2101 3727 2251 3773 sen·

283 3793 505 3859 tentia
561 3793 628 3858 iu
678 3794 853 3859 icum
900 3793 1064 3859 velit
1105 3793 1393 3859 interfici
1437 3815 1598 3876 quos
1640 3792 1836 3858 morti
1883 3793 2248 3859 adiudicat:

283 3879 507 3963 qualis
562 3879 765 3945 fuerit
821 3877 1272 3962 exsequendae
1330 3898 1580 3964 poenae
1625 3878 1836 3944 forma
1879 3877 2249 3946 videbimus

284 3986 412 4031 suo
470 3965 630 4031 loce.
720 3965 866 4031 Etsi
924 3978 1145 4031 autem
1191 3985 1326 4030 non
1373 3964 1610 4047 ubique
1655 3964 1736 4030 ad
1781 3965 2247 4049 perfectionem

285 4051 517 4137 exegit
537 4049 723 4118 Deus
768 4073 931 4134 quas
974 4051 1224 4117 ferebat
1268 4051 1468 4136 legeS,
1515 4053 1585 4117 in
1632 4052 1981 4134 praecipuo
2027 4063 2245 4117 tamen

285 4141 509 4220 eapite
548 4137 913 4222 simplicem
950 4146 1016 4202 et
1051 4157 1289 4221 puram
1334 4137 1867 4221 approbationem
1910 4137 2012 4202 sui
2056 4158 2246 4222 prae-

283 4224 464 4307 cepti
531 4233 793 4290 exstare
858 4222 1085 4290 voluit.
1176 4225 1397 4306 Atque
1463 4223 1624 4290 haec
1690 4243 1890 4290 causa
1950 4223 2076 4289 fuit
2129 4245 2248 4291 cur

285 4308 638 4377 exordium
683 4308 969 4376 facerem
1015 4308 1098 4375 ab
1142 4309 1264 4375 hac
1308 4310 1657 4387 sententia,
1703 4309 1856 4391 quia
1901 4322 2246 4393 praecepto

283 4394 650 4479 respondet
690 4396 873 4477 quasi
916 4394 1330 4480 ἀντίστροφος.

470 4482 568 4547 19.
631 4481 752 4547 Vir
806 4483 918 4564 qui
972 4482 1271 4548 intulerit.
1361 4480 1620 4545 Poenae
1665 4480 1862 4545 etiam
1909 4501 2089 4547 nunc
2132 4501 2245 4548 eos

285 4567 558 4634 subiicit
615 4568 727 4651 qui
785 4567 1167 4634 verberibus
1229 4588 1465 4650 corpus
1508 4566 1796 4649 proximi
1841 4568 2241 4633 mutilarint:

284 4654 462 4738 quod
499 4674 766 4720 necesse
798 4654 945 4735 fuit,
986 4655 1138 4738 quia
1173 4652 1458 4736 alioquin
1503 4652 2022 4734 improbissimus
2065 4655 2242 4735 quis·

287 4762 451 4822 que,
523 4752 595 4806 ut
654 4741 902 4822 peritus
959 4741 1195 4806 fuisset
1250 4736 1529 4806 nocendi
1591 4738 1866 4818 artifex,
1926 4761 2077 4805 crus
2135 4740 2239 4806 vel

287 4827 637 4892 brachium
682 4827 985 4912 fregisset
1025 4825 1246 4904 fratri,
1286 4824 1524 4892 deinde
1569 4845 1701 4890 non
1745 4835 2002 4890 tantum
2048 4826 2242 4892 mise·

288 4934 366 4978 ro
423 4911 837 4990 insultasset,
909 4912 1023 4977 sed
1078 4912 1224 4977 Deo
1285 4932 1539 4996 quoque
1596 4922 1660 4976 et
1716 4911 1864 4995 legi.
1966 4909 2042 4979 Si
2097 4913 2242 4995 quis

289 5019 450 5083 ergo
521 4997 892 5064 membrum
950 4997 1238 5063 hominis
1300 4998 1659 5076 afflixerat,
1728 5019 1937 5082 poena
1981 4997 2244 5063 talionis

291 5083 591 5164 edicitur,
629 5105 761 5168 qua
795 5106 951 5151 usae
987 5095 1147 5149 sunt
1182 5083 1348 5149 aliae
1384 5104 1644 5167 quoque
1679 5092 1929 5168 gentes.
1989 5083 2243 5150 Verum

291 5170 390 5235 ita
434 5170 746 5238 distincte
787 5169 1104 5253 praecipit
1133 5168 1321 5234 Deus
1365 5169 1624 5253 quando
1668 5180 1733 5234 et
1779 5169 2098 5252 quomodo
2144 5193 2243 5234 re·

289 5256 590 5322 talianda
634 5257 723 5321 sit
764 5257 1032 5332 iniuria,
1094 5266 1167 5319 ut
1207 5254 1316 5320 lex
1360 5255 1633 5319 minime
1675 5254 1957 5321 obnoxia
2000 5258 2088 5322 sit
2130 5257 2245 5321 fri-

291 5342 469 5427 gidis
539 5342 825 5427 cavillis,
898 5342 1136 5426 quibus
1193 5340 1405 5425 legem
1469 5339 1813 5408 duodecim
1869 5343 2243 5410 tabularum

1774 418 2162 488 SEXTUM
2207 418 2856 488 PRAEOEPTUM.

4194 429 4324 496 622

2371 609 2668 695 exagitat
2708 607 2882 692 apud
2917 607 3211 675 Gellium
3256 607 3697 677 Phavorinus.
3769 612 3860 679 Et
3901 622 4079 681 certe
4128 616 4325 685 nimis

2370 695 2646 762 obscure
2683 693 3072 761 decemviri:
3123 693 3195 762 Si
3235 694 3600 762 membrum
3637 698 3914 783 fregeris
3957 722 4199 783 meum,
4240 726 4326 771 ex

2418 791 2564 848 acto
2625 780 2781 847 talio
2844 788 3001 846 esto.
3086 781 3271 848 Deus
3310 794 3533 848 autem
3577 802 3708 849 non
3754 797 3907 852 ante
3952 786 4132 854 iubet
4174 810 4323 856 ocu-

2399 887 2512 932 um
2570 887 2693 952 pro
2747 866 3154 955 oculolerui,
3216 867 3324 933 vel
3370 867 3632 935 dentem
3680 873 3901 937 excuti
3939 892 4059 957 pro
4105 874 4321 957 dente,

2371 973 2569 1037 quam
2606 953 2937 1037 exposuit:
2986 951 3063 1021 Si
3096 956 3241 1037 quis
3275 954 3487 1021 sciens
3531 965 3598 1020 et
3643 957 3870 1024 volens
3913 959 4175 1045 plagam
4220 963 4323 1027 in-

2372 1038 2631 1105 tulerit:
2689 1040 2785 1105 ita
2839 1037 3142 1106 fortuitos
3201 1039 3368 1107 ictus
3425 1062 3558 1106 non
3639 1052 3832 1109 vocat
3873 1044 3943 1108 in
3988 1045 4324 1131 iudicium,

2374 1122 2490 1191 sed
2535 1133 2797 1191 tantum
2839 1134 3223 1208 conceptum
3267 1125 3497 1192 scelus.
3578 1126 3861 1195 Frustra
3903 1139 4122 1197 autem
4166 1134 4323 1200 obii-

2374 1211 2563 1290 citur,
2611 1213 2727 1278 vix
2770 1209 2852 1275 ad
2897 1210 3355 1295 aequilibrium
3400 1211 3437 1276 f
3506 1213 3621 1297 ngi
3662 1234 3852 1298 posse
3897 1219 4190 1283 membra
4233 1240 4317 1286 ex

2375 1294 2655 1362 diversis
2711 1295 3119 1380 corporibus:
3177 1298 3330 1381 quia
3386 1317 3426 1362 a
3452 1298 3518 1364 io
3559 1320 3693 1365 non
3735 1300 3950 1367 tendit
3991 1304 4118 1369 Dei
4162 1326 4317 1372 con-

2374 1382 2593 1448 silium
2620 1403 2813 1466 quam
2841 1391 2918 1447 ut
2950 1403 3198 1466 poenae
3236 1384 3454 1467 rigore
3476 1386 3706 1467 territi,
3752 1407 3792 1452 a
3834 1387 4122 1455 laesione
4164 1392 4314 1459 abs-

2373 1468 2661 1535 tineant:
2707 1466 2997 1552 adeoque
3045 1469 3206 1535 haec
3240 1470 3639 1536 coniunctim
3676 1473 3887 1556 posita
3930 1484 4111 1542 sunt:
4183 1475 4318 1560 Qui

2371 1555 2707 1620 hominem
2764 1554 3097 1635 occiderit,
3159 1555 3512 1641 moriatur,
3573 1565 3641 1623 et
3684 1559 3795 1642 qui
3838 1569 4092 1644 partem
4137 1563 4321 1630 vitae

2370 1640 2735 1719 abstulerit,
2780 1643 3081 1724 privetur
3123 1639 3447 1708 similiter.
3533 1646 3752 1727 Atque
3795 1648 4022 1712 eodem
4067 1657 4320 1731 spectat

2368 1728 2786 1811 comparatio,
2820 1727 3139 1793 iacturam
3173 1727 3477 1794 animalis
3500 1730 3791 1813 percussi
3816 1733 4083 1815 rependi
4107 1754 4316 1817 posse,

2367 1811 2424 1878 si
2485 1833 2641 1879 vero
2697 1832 3047 1898 percussus
3104 1813 3301 1878 fuerit
3346 1814 3575 1893 homo,
3633 1815 3889 1883 nullum
3933 1819 4003 1883 in
4036 1822 4320 1903 pecunia

2364 1919 2507 1965 esse
2549 1898 2796 1964 iustum
2840 1900 3389 1983 compensationis
3434 1900 3736 1983 pretium.

2537 1984 2643 2050 22.
2681 1983 3005 2052 Iudicium
3046 2005 3264 2052 uuum
3329 1985 3433 2052 Ne
3474 1986 3759 2071 populus
3801 1987 4004 2055 lsrael
4047 2011 4166 2075 pro
4207 2013 4311 2059 so·

2362 2069 2484 2135 lita
2550 2071 2855 2155 superbia
2923 2071 3136 2136 solum
3192 2090 3404 2157 genus
3462 2073 3770 2140 Abrahae
3821 2086 4313 2144 sacrosanctum

2365 2176 2509 2222 esse
2575 2164 2868 2241 putaret,
2930 2156 3052 2221 ⁴lex
3116 2157 3201 2222 ad
3266 2167 3527 2224 exteros
3591 2179 3845 2243 quoque
3908 2161 4310 2231 extenditur.

2363 2244 2588 2327 Atque
2640 2244 2733 2308 ita
2790 2242 3078 2310 ostendit
3121 2242 3307 2310 Deus
3366 2244 3739 2311 societatem
3788 2247 3994 2314 totius
4035 2246 4311 2316 humani

2359 2329 2622 2412 generis
2665 2328 2789 2395 sibi
2832 2348 3033 2395 curae
3078 2349 3254 2409 esse,
3302 2340 3378 2395 ut
3420 2330 3616 2396 etiam
3665 2330 4099 2400 alienissimos
4142 2334 4309 2401 nolit

2359 2415 2691 2497 expositos
2748 2435 2890 2480 esse
2932 2415 3382 2500 improborum
3424 2414 3698 2483 libidini.
3790 2419 3958 2484 Aliis
4000 2420 4070 2486 in
4112 2421 4311 2489 rebus

2359 2501 2706 2585 privilegio
2763 2521 3062 2566 seorsum
3120 2502 3297 2568 cavit
3336 2501 3539 2567 electo
3585 2502 3853 2587 popule,
3910 2527 4083 2572 nunc
4126 2529 4309 2589 vere,

2362 2587 2516 2670 quia
2584 2588 2728 2652 sine
2785 2586 3172 2670 exceptione
3224 2596 3496 2654 cunctos
3549 2591 3861 2656 mortales
3915 2593 4166 2658 creavit
4222 2592 4305 2658 ad

2358 2672 2716 2757 imaginem
2752 2693 2958 2752 suam,
3000 2673 3146 2738 ideo
3181 2672 3248 2738 in
3293 2674 3492 2739 fidem
3535 2675 3936 2760 tutelamque
3978 2698 4164 2743 suam
4204 2700 4310 2745 re-

2360 2760 2541 2844 cipit,
2586 2780 2673 2824 ne
2715 2758 2861 2842 quis
2904 2760 3173 2842 impune
3216 2758 3349 2824 illis
3392 2774 3643 2826 noceat.

2531 2844 2742 2911 Exod.
2784 2844 2889 2923 21,
2938 2843 3038 2910 12.
3091 2844 3215 2927 Qui
3358 2846 3619 2911 cassavit
3656 2847 3887 2913 virum.
3954 2847 4084 2914 Hic
4123 2847 4307 2917 locus

2358 2930 2654 3015 singulas
2697 2940 2915 3014 partes
2958 2928 3061 3017 (ut
3106 2928 3240 2995 dixi
3313 2932 3554 2999 clarius
3597 2932 3914 3016 explicat,
3971 2956 4047 3000 ac
4091 2935 4305 3018 primo

2358 3015 2673 3084 discernit
2704 3017 2881 3084 inter
2916 3016 3358 3084 voluntarium
3397 3024 3464 3084 et
3490 3018 3831 3085 fortuitum
3862 3019 4302 3104 homicidium,

2358 3103 2514 3187 quia
2537 3105 2592 3169 si
2616 3105 2722 3170 cui
2745 3104 2914 3187 lapis
2949 3104 3057 3170 vel
3092 3103 3339 3170 securis
3374 3124 3493 3189 per
3525 3105 4020 3190 incogitantiam
4044 3106 4301 3174 excide-

2356 3191 2462 3270 rit,
2485 3209 2562 3254 ac
2596 3191 2863 3256 obvium
2902 3191 3278 3274 quempiam
3318 3190 3531 3269 feriat,
3568 3191 3844 3257 mortale
3880 3194 4125 3259 crimen
4150 3215 4303 3260 cen·

2355 3276 2487 3343 seri
2550 3295 2682 3342 non
2748 3276 2910 3342 vult.
3014 3278 3232 3359 Atque
3282 3278 3350 3342 in
3414 3276 3592 3343 hunc
3648 3298 3839 3343 usum
3903 3278 4091 3344 datae
4146 3292 4305 3347 sunt

2356 3362 2547 3428 urbes
2583 3362 2834 3447 refugii,
2879 3382 3156 3446 quarum
3197 3384 3372 3429 nunc
3407 3363 3700 3430 breviter
3740 3364 3913 3430 facta
3953 3363 4083 3429 fuit
4118 3387 4301 3432 men·

2352 3448 2475 3514 tio:
2523 3455 2589 3513 et
2633 3447 2715 3513 de
2758 3467 3039 3532 quarum
3083 3450 3226 3513 iure
3270 3470 3421 3514 mox
3469 3450 3723 3533 copiose
3765 3448 4111 3516 dicendum
4158 3452 4300 3535 erit,

2352 3533 2463 3600 ubi
2523 3535 2724 3600 etiam
2769 3534 2939 3599 ratio
2985 3532 3396 3601 discernendi
3441 3536 3615 3600 inter
3659 3533 3957 3602 fraudem
4003 3545 4072 3603 et
4111 3537 4296 3623 igno—

2351 3621 2630 3685 rantiam
2691 3619 3006 3685 tradetur.
3096 3620 3477 3686 Notandum
3523 3642 3681 3688 vero
3727 3631 3828 3687 cst
3872 3621 4299 3690 homicidium

2348 3706 2697 3771 fortuitum
2757 3704 2858 3792 (ut
2913 3706 3112 3790 vulgo
3169 3705 3543 3794 nominant)
3586 3707 3816 3773 Mosen
3862 3712 4299 3792 pronunciare

2348 3814 2483 3858 non
2517 3812 2669 3858 casu
2716 3793 2822 3858 vel
2868 3792 3130 3858 fortuna
3171 3791 3498 3876 accidere,
3544 3793 3655 3858 sed
3706 3792 3832 3859 Dei
3877 3795 4174 3861 consilio:
4223 3817 4298 3862 ac

2350 3878 2407 3944 si
2467 3877 2546 3944 ad
2604 3891 2882 3944 mortem
2941 3899 3091 3944 eum
3151 3878 3262 3961 qui
3318 3879 3722 3946 interficitur
3767 3901 3966 3945 mauu
4011 3880 4297 3948 duceret.

2350 3963 2755 4049 Quocunque
2830 3986 2986 4050 ergo
3051 3964 3358 4031 interitus
3416 3986 3658 4049 genere
3715 3966 4123 4049 abripiuntur
4181 3968 4296 4033 ho-

2347 4052 2595 4130 mines,
2654 4058 2903 4117 certum
2966 4059 3065 4117 est
3121 4051 3382 4117 nonnisi
3432 4050 3558 4116 Dei
3618 4052 3889 4117 arbitrio
3950 4053 4172 4120 vivere
4231 4063 4299 4119 et

2346 4137 2537 4202 mori.
2640 4137 2733 4202 Et
2795 4147 2974 4203 certe
3035 4159 3234 4221 quum
3296 4160 3377 4203 ne
3436 4137 3847 4220 passerculus
3905 4137 4163 4222 quidem
4225 4141 4297 4205 in

2347 4231 2594 4289 terram
2638 4223 2767 4289 nisi
2813 4223 2954 4306 ipso
3002 4223 3262 4290 volente
3304 4222 3494 4289 cadat
3516 4221 3735 4310 (Matt.
3785 4223 3885 4304 10,
3933 4224 4061 4312 19),
4109 4225 4298 4292 valde

2348 4307 2711 4375 absurdum
2756 4317 2929 4375 esset
2971 4308 3272 4375 homines
3317 4309 3400 4375 ad
3445 4310 3799 4394 imaginem
3845 4311 3985 4376 eius
4026 4322 4294 4391 creatos,

2348 4407 2595 4461 temere
2631 4396 2937 4480 prostitui
2976 4394 3058 4460 ad
3094 4414 3317 4462 caecos
3354 4395 3639 4478 impetus
3675 4396 3999 4463 fortunae.
4070 4396 4296 4478 Quare

2347 4482 2768 4547 statuendum
2831 4489 2966 4561 est,
3024 4480 3195 4564 quod
3254 4481 3452 4547 etiam
3515 4481 3671 4547 alibi
3714 4483 4043 4565 scriptura
4087 4482 4293 4564 docet,

2343 4568 2567 4633 finitas
2625 4588 2769 4633 esse
2827 4567 3107 4653 singulis
3162 4567 3428 4633 vivendi
3484 4584 3722 4633 metas:
3781 4569 3886 4634 cui
3931 4571 4295 4636 sententiae

2345 4653 2693 4738 respondet
2738 4652 2910 4737 quod
2958 4653 3111 4719 alibi
3157 4653 3428 4718 dicitur:
3474 4653 3575 4718 'I'u
3622 4652 3781 4720 facis
3825 4653 4039 4720 redire
4083 4656 4293 4721 homi·

2344 4761 2532 4821 nem,
2587 4751 2654 4806 et
2708 4740 2902 4805 dicis:
2946 4739 3387 4805 Revertimini
3441 4739 3561 4804 filii
3621 4740 3960 4806 hominum
4019 4739 4291 4827 (Psalm.

2345 4826 2461 4906 90,
2516 4824 2604 4913 3).
2692 4825 2944 4891 Verum
3000 4825 3264 4908 quidem
3321 4835 3422 4891 est
3466 4826 3803 4891 fortuitum
3850 4826 4035 4892 nobis
4083 4827 4295 4894 videri

2343 4915 2531 4978 cuius
2567 4935 2695 4977 non
2734 4919 3005 4994 apparet
3042 4931 3240 4978 causa
3276 4911 3377 4978 vel
3416 4912 3800 4979 necessitas:
3847 4923 3913 4978 et
3945 4912 4100 4978 inde
4145 4936 4294 4980 con-

2343 4999 2669 5083 tingentia
2712 4998 2933 5063 vocari
2976 5018 3143 5080 quae
3187 4997 3544 5064 secundum
3592 5010 3890 5064 naturam
3939 4999 4131 5064 aliter
4175 5000 4292 5066 ha-

2345 5086 2500 5151 bere
2545 5095 2841 5167 possunt.
2908 5083 3112 5167 Atqui
3157 5086 3412 5149 interea
3456 5085 3808 5150 tenendum
3852 5095 3968 5164 est,
4011 5106 4176 5168 quae
4220 5085 4292 5151 in

2345 5179 2692 5253 utramque
2735 5178 2989 5253 partem
3036 5169 3277 5254 alioqui
3320 5169 3636 5237 flexibilia
3680 5179 3856 5247 sunt,
3905 5189 4140 5235 arcano
4163 5170 4292 5237 Dei

2348 5255 2619 5324 consilio
2677 5255 3067 5340 gubernari,
3122 5265 3196 5322 ut
3238 5257 3408 5322 nihil
3453 5258 3582 5321 nisi
3628 5256 3768 5322 eius
3813 5257 4291 5339 gubernatione

2348 5355 2415 5409 et
2473 5343 2735 5409 decreto
2780 5343 2913 5407 fiat.
3002 5342 3147 5409 Hoc
3192 5341 3382 5408 modo
3424 5364 3556 5408 non
3602 5342 4037 5424 imaginamur
4079 5344 4288 5409 fatum
