4867 6150
552 460 633 526 87
1718 459 2465 529 COMMENTARIUS
2509 459 2611 526 IN
2646 459 2950 527 EXODI
2993 459 3191 527 GAP.
3235 458 3395 526 VII.
4458 457 4536 522 88

554 649 779 715 Deum
823 649 966 715 fieri
1012 650 1258 732 peccati
1304 655 1598 716 autorem
1639 650 1909 730 iactant,
1976 650 2265 715 breviter
2309 648 2504 717 etiam

554 745 891 802 ostensum
936 747 1070 802 est:
1115 737 1269 820 quia
1314 758 1398 801 ex
1442 756 1676 801 sensus
1709 737 1916 802 nostri
1964 735 2229 802 modulo
2267 754 2508 800 arcana

556 822 698 888 eius
744 831 812 887 et
846 821 1533 906 incomprehensibilia
1575 821 1819 888 iudicia
1863 824 2241 899 aestimare,
2309 821 2507 886 nimis

554 928 939 992 perversum
984 909 1170 973 foret.
1262 908 1477 990 Atque
1520 907 1718 973 huius
1761 907 2100 974 doctrinae
2145 906 2505 973 adversarii

555 994 757 1060 stulte
801 1005 871 1059 et
914 992 1394 1060 inconsiderate
1430 1015 1535 1059 res
1580 993 1876 1060 diversas
1920 994 2235 1070 miscent,
2299 1012 2505 1075 quum

560 1079 836 1146 durities
872 1081 962 1146 sit
1004 1079 1287 1145 hominis
1330 1088 1688 1163 peccatum,
1733 1079 2073 1145 obduratio
2097 1087 2313 1145 autem
2341 1078 2507 1143 iudi-

552 1166 733 1234 cium
801 1166 947 1232 Dei.
1059 1165 1310 1231 Iudicia
1382 1186 1626 1249 magna
1688 1168 1925 1231 iterum
1987 1165 2319 1249 proponit,
2378 1185 2505 1246 quo

555 1253 891 1336 suspensis
945 1251 1343 1334 attentisque
1407 1251 1648 1317 animis
1712 1272 1828 1317 exs
1877 1259 2096 1317 ectent
2162 1250 2505 1316 Israelitae

551 1339 979 1423 magnificum
1026 1346 1093 1403 et
1137 1337 1589 1403 admirabilem
1636 1357 1804 1422 agen
1853 1338 1874 1402 i
1919 1338 2205 1403 modum.

726 1424 786 1490 5.
833 1423 924 1488 Et
963 1428 1315 1507 coynoseent
1354 1423 1668 1507 Aegyptii.
1779 1422 2047 1507 Species
2089 1433 2190 1487 est
2232 1422 2504 1502 ironiae,

551 1508 724 1595 quod
768 1511 1085 1595 Aegyptii
1129 1509 1345 1593 plagis
1391 1509 1677 1588 subacti,
1739 1529 1885 1576 sero
1945 1508 2213 1574 tandem
2257 1507 2505 1574 sentire

548 1595 873 1679 incipient
896 1594 1017 1660 sibi
1042 1617 1190 1661 cum
1208 1595 1352 1660 Deo
1373 1595 1574 1660 fuisse
1596 1594 1861 1661 bellum.
1889 1595 2251 1661 Consilium
2279 1604 2501 1659 tamen

549 1682 681 1749 Dei
704 1682 830 1747 fuit
852 1682 1083 1747 Mosen
1119 1680 1372 1760 fulcire,
1417 1702 1503 1746 ne
1539 1682 1825 1747 amentia
1860 1691 1926 1746 et
1960 1682 2179 1746 furore
2215 1680 2501 1747 hostium

548 1770 765 1835 victus
809 1767 1199 1834 concideret.
1264 1768 1450 1851 Ergo
1493 1769 1795 1850 quamvis
1841 1766 2083 1850 stupidi
2129 1768 2354 1833 sintin
2384 1787 2506 1831 sua

547 1855 821 1922 vesania
886 1853 1199 1938 Aegyptii
1265 1854 1658 1937 pronunciat
1722 1865 1945 1919 tamen
2004 1852 2223 1933 Deus,
2270 1853 2505 1917 ultimo

552 1952 795 2008 eventu
840 1940 1214 2023 cognituros
1258 1940 1329 2003 in
1374 1960 1562 2004 suam
1608 1940 1963 2023 perniciem
2025 1960 2095 2005 se
2155 1957 2504 2023 pugnasse,

554 2047 760 2110 quum
806 2026 982 2091 coelo
1028 2025 1267 2090 bellum
1326 2025 1694 2092 intulerint.
1785 2024 2029 2093 Subest
2095 2026 2270 2090 enim
2335 2025 2504 2089 anti-

555 2112 766 2178 thesis
811 2113 986 2177 inter
1022 2111 1280 2176 tardam
1325 2112 1763 2195 cognitionem
1803 2119 1869 2177 et
1912 2110 2295 2192 socordiam,
2337 2131 2504 2192 quae

554 2206 720 2265 tunc
763 2197 895 2263 illis
939 2196 1202 2263 demum
1248 2219 1523 2263 excussa
1566 2197 1694 2263 fuit
1751 2218 1954 2280 quum
2007 2198 2227 2280 palam
2271 2204 2505 2263 contra

553 2305 668 2351 eos
702 2284 1079 2351 fulminavit
1113 2305 1149 2349 e
1186 2283 1364 2349 coelo
1388 2284 1593 2349 Deus.
1654 2284 1916 2350 Scimus
1951 2284 2128 2348 enim
2166 2303 2363 2366 quam
2399 2303 2504 2348 se-

553 2391 708 2437 cure
749 2370 1029 2435 ferream
1077 2370 1557 2436 contumaciam
1600 2378 1935 2454 opponant
1978 2369 2164 2452 impii
2208 2368 2503 2435 coelesti-

554 2458 677 2524 bus
744 2456 973 2537 miuis,
1032 2455 1238 2522 donec
1290 2455 1611 2521 violenter
1668 2463 1991 2540 cogantur
2049 2475 2503 2538 expavescere.

553 2543 709 2609 Non
754 2541 925 2625 quod
971 2541 1405 2606 humilientur
1440 2543 1561 2607 sub
1585 2541 1712 2606 Dei
1758 2563 1988 2607 manu:
2028 2539 2142 2606 sed
2189 2541 2342 2625 quia
2375 2541 2505 2605 fre-

552 2629 794 2694 mendo
837 2648 913 2693 ac
958 2626 1416 2693 tumultuando
1461 2650 1593 2692 non
1637 2648 1825 2712 posse
1865 2638 2083 2694 tamen
2123 2648 2192 2692 se
2227 2648 2505 2710 poenam

556 2715 849 2798 effugere
894 2714 1151 2780 vident:
1212 2734 1342 2778 non
1388 2734 1578 2780 secus
1620 2734 1695 2780 ac
1738 2713 1899 2778 ebrii
1947 2735 1985 2779 6
2027 2734 2146 2780 sua
2181 2713 2506 2779 temulen-

555 2801 650 2866 tia
693 2799 1156 2883 expergefacti,
1201 2798 1483 2865 libenter
1517 2806 1785 2865 aeterno
1808 2821 2040 2884 sopore
2076 2809 2273 2883 atque
2309 2799 2510 2863 etiam

556 2896 832 2954 veterno
876 2895 1132 2952 mentes
1177 2887 1553 2952 obruerent:
1599 2885 1814 2952 velint
1860 2898 2078 2952 tamen
2126 2886 2338 2950 nolint
2392 2884 2510 2951 do-·

557 2974 730 3038 lores
767 2972 1096 3037 sustinent
1132 2993 1289 3037 suae
1312 2973 1874 3055 intemperantiae.
1921 2974 2131 3038 Porro
2166 2971 2328 3038 haec
2363 2992 2510 3056 cog-

557 3059 721 3125 nitio
766 3078 931 3142 quae
972 3058 1202 3125 invitis
1246 3058 1695 3142 extorquenda
1748 3067 1892 3125 erat
1936 3060 2168 3125 Mosen
2226 3066 2293 3125 et
2347 3057 2509 3124 alios

558 3144 907 3212 admonuit
962 3156 1034 3209 ut
1077 3144 1206 3210 Dei
1262 3147 1594 3229 potentiae
1650 3146 1891 3211 iustam
1941 3146 2200 3211 laudem
2261 3144 2507 3209 tribue-

557 3238 729 3311 rent,
778 3240 1129 3315 antequam
1176 3232 1585 3316 experientia
1628 3240 1850 3298 essent
1891 3232 2196 3300 convicti.
2255 3228 2509 3296 Verum

560 3317 825 3401 quidem
870 3331 970 3382 est
1014 3315 1252 3400 probos
1274 3338 1529 3401 quoque
1551 3318 1676 3384 Dei
1723 3317 2009 3384 cultores
2052 3318 2280 3400 poenis
2305 3317 2509 3383 inter-

563 3403 719 3469 dum
767 3403 1046 3468 erudiri:
1096 3402 1251 3490 (quo
1295 3403 1583 3487 pertinet
1625 3403 1787 3469 illud
1812 3403 2020 3469 Isaiae
2042 3404 2145 3481 26,
2171 3403 2229 3481 9,
2276 3403 2387 3468 ubi
2408 3403 2508 3468 iu-

563 3488 736 3555 dicia
776 3504 891 3553 tua
934 3491 1304 3555 exercueris
1348 3490 1547 3569 Deus,
1590 3489 1910 3555 iustitiam
1958 3488 2208 3556 discent
2250 3489 2510 3554 habita-

563 3585 738 3641 tores
783 3573 1026 3662 terrae)
1069 3576 1184 3641 sed
1228 3575 1337 3640 hic
1361 3584 1626 3641 notatur
1649 3575 1954 3660 cognitio,
1999 3597 2166 3659 quae
2203 3576 2512 3658 reprobos

532 3664 658 3728 -ita
700 3663 1058 3743 prosternit
1103 3671 1174 3726 ut
1220 3682 1351 3726 non
1398 3661 1703 3727 desinant
1748 3681 1996 3728 cornua
2038 3674 2268 3728 contra
2290 3663 2510 3728 Deum

562 3747 893 3812 attollere:
940 3755 1133 3829 atque
1170 3748 1266 3813 ita
1299 3747 1442 3814 sine
1481 3746 1777 3831 profectu
1815 3769 1924 3813 eos
1947 3748 2306 3813 exanimat.
2352 3747 2514 3812 Fuit

563 3833 766 3899 etiam
807 3833 877 3896 in
922 3834 1165 3916 populo
1202 3834 1407 3900 electo
1454 3834 1990 3917 experimentalis
2018 3834 2304 3918 cognitio
2327 3834 2513 3899 cuius

563 3927 716 3985 ante
752 3919 922 3984 facta
955 3929 1056 3983 est
1077 3920 1338 3985 mentiO.
1378 3919 1614 3986 Scietis
1650 3941 1755 3984 me
1777 3919 2091 3985 Iehovam
2127 3941 2271 3985 esse
2294 3920 2509 3984 Deum

567 4015 860 4072 vestrum
907 4014 1249 4089 postquam
1287 4025 1404 4072 vos
1440 4007 1727 4072 eduxero
1760 4028 1795 4072 e
1820 4017 1998 4071 terra
2020 4007 2329 4091 Aegypti.
2378 4004 2512 4072 Sed

563 4091 728 4157 haec
785 4088 1077 4176 (proprie
1136 4089 1485 4178 loquendo)
1544 4092 1711 4157 nihil
1758 4091 1932 4157 aliud
1980 4100 2083 4156 est
2116 4113 2312 4175 quam
2356 4092 2513 4157 fidei

566 4177 975 4244 confirmatio
1043 4197 1210 4260 quae
1265 4187 1419 4242 ante
1484 4199 1703 4243 rerum
1771 4188 2050 4243 eventus
2118 4179 2255 4243 solo
2314 4179 2515 4244 verbo

565 4271 878 4328 contenta
920 4270 1039 4329 est.
1107 4261 1237 4328 Vel
1283 4273 1457 4329 certe
1500 4264 1686 4330 Deus
1729 4265 1967 4330 effectu
2010 4265 2150 4347 ipso
2186 4277 2516 4347 torporem

568 4369 840 4415 suorum
893 4349 1204 4432 castigat,
1271 4348 1381 4415 ubi
1434 4349 1614 4415 videt
1658 4350 1726 4414 in
1774 4349 1971 4415 verbo
2014 4371 2132 4415 suo
2178 4370 2309 4414 non
2355 4352 2516 4416 satis

565 4435 828 4500 firmam
875 4455 1016 4500 esse
1059 4435 1390 4501 fulturam.
1457 4434 1569 4503 Sic
1615 4449 1833 4501 autem
1856 4436 2076 4501 Deum
2111 4445 2518 4521 cognoscunt

565 4520 758 4603 immi
801 4531 874 4584 ut
916 4519 1164 4604 pudore
1210 4522 1315 4586 vel
1358 4532 1540 4588 metu
1578 4523 1837 4589 attoniti
1874 4543 2006 4588 non
2045 4521 2312 4589 videant
2345 4522 2515 4607 quod

486 4645 493 4654 ·
569 4606 821 4672 vident.

742 4692 802 4757 6.
852 4690 1028 4757 Fecit
1060 4713 1203 4777 erqo
1226 4691 1457 4759 Moses.
1523 4694 1674 4759 Non
1712 4694 2062 4759 iactantiae
2097 4714 2296 4760 eausa
2332 4716 2517 4778 prae-

570 4778 747 4845 dicat
781 4778 1001 4844 Moses
1037 4799 1225 4843 suam
1276 4777 1735 4844 obedientiam:
1781 4778 1898 4845 sed
1944 4789 2288 4865 postquam
2333 4782 2518 4865 inge-

570 4886 703 4930 nue
747 4864 1081 4930 confessus
1126 4875 1227 4930 est
1269 4886 1455 4930 suam
1511 4863 1917 4943 tarditatem,
1978 4868 2106 4931 iam
2155 4878 2383 4932 narrat
2450 4889 2519 4933 se

571 4961 639 5016 et
697 4951 968 5016 fratrem
1029 4950 1227 5017 fuisse
1283 4950 1518 5017 melius
1561 4952 1886 5018 animatos
1930 4952 2013 5018 ad
2052 4952 2519 5035 praestandum

569 5036 880 5104 officium.
940 5035 1215 5102 Interim
1259 5058 1329 5103 se
1375 5059 1507 5103 una
1549 5057 1697 5103 cum
1743 5039 1947 5104 fratre
1992 5040 2366 5103 ministrum
2393 5040 2522 5104 Dei

570 5123 775 5190 fuisse
828 5122 1043 5202 docet,
1111 5144 1232 5188 nec
1291 5123 1643 5207 quidquam
1699 5145 1771 5189 se
1839 5124 1942 5189 vel
2001 5126 2361 5190 industriae
2420 5125 2518 5189 vel

566 5209 844 5295 ingenii,
889 5208 1000 5273 vel
1043 5208 1335 5285 consilii,
1397 5211 1499 5275 vel
1555 5210 1967 5276 dexteritatis
2024 5211 2358 5288 attulisse,
2405 5210 2519 5276 sed

568 5305 832 5361 tantum
878 5294 1175 5377 paruisse
1219 5296 1378 5361 Deo.
1467 5294 1867 5380 Quanquam
1903 5316 1986 5361 ex
2031 5317 2256 5363 eorum
2299 5318 2520 5364 exem-

562 5381 685 5467 ]plo
730 5378 1110 5446 discendum
1159 5391 1274 5460 est,
1323 5381 1519 5448 sicuti
1563 5382 1731 5447 nihil
1791 5391 2046 5448 tentare
2089 5383 2187 5449 fas
2246 5393 2347 5449 est
2391 5382 2523 5446 nisi

2609 648 2781 733 quod
2815 649 3200 733 praescribit
3220 648 3427 728 Deus,
3465 649 3556 713 ita
3599 645 3914 730 quidquid
3956 645 4141 712 iubet
4172 645 4540 711 obedienter

2610 746 2674 800 et
2739 735 2882 801 sine
2947 737 3332 820 exceptione
3407 736 3591 818 sequi
3658 754 3779 799 nos
3840 731 4092 798 debere.
4202 731 4393 814 Quod
4465 731 4539 798 de

2609 831 2823 887 aetate
2858 823 3187 905 sequitur,
3231 821 3314 887 ad
3359 820 3926 904 amplificationem
3974 818 4173 883 valet:
4220 819 4372 901 quia
4416 839 4537 884 non

2607 909 2882 991 vulgare
2948 908 3324 990 exemplum
3391 908 3531 984 fuit,
3599 928 3796 990 quum
3864 913 4100 970 natura
4177 925 4411 989 segnes
4479 913 4542 970 et

2607 993 2686 1058 fri
2737 993 2824 1058 idi
2881 994 3015 1060 sint
3071 1015 3291 1072 senes,
3359 993 3521 1059 duos
3579 991 3879 1057 homines
3921 992 4370 1075 octogenarios
4414 998 4543 1058 tam

2609 1100 2684 1145 ar
2732 1101 2883 1144 uam
2939 1080 3344 1166 provinciam
3412 1078 3664 1163 vegetis
3731 1078 3969 1143 animis
4025 1077 4221 1143 obire.
4323 1078 4545 1161 Neque

2608 1165 2783 1230 enim
2852 1187 3074 1230 eorum
3144 1166 3435 1250 opinioni
3475 1165 3793 1230 assentior
3859 1164 3969 1247 qui
4033 1172 4272 1245 putant
4325 1184 4545 1230 eorum

2609 1250 2993 1335 dignitatem
3053 1250 3496 1318 commendari
3557 1249 3637 1315 ab
3683 1249 3893 1315 anuis.
3982 1248 4401 1315 Venerabilis
4454 1259 4549 1317 est

2609 1345 2942 1418 senectuS,
3009 1337 3237 1417 fateor,
3294 1337 3407 1403 sed
3467 1337 3657 1420 longe
3720 1336 3899 1401 aliud
3957 1336 4363 1418 propositum
4428 1336 4549 1402 fuit

2608 1424 2815 1504 Mosi,
2881 1445 3118 1508 nempe
3179 1424 3463 1490 exclusis
3523 1424 3827 1488 humanis
3878 1420 4143 1501 mediis,
4223 1422 4552 1488 celebrare

2609 1509 2737 1575 Dei
2788 1507 3098 1593 gloriam,
3164 1509 3337 1593 quod
3402 1530 3521 1593 per
3585 1530 3776 1574 senes
3841 1516 4057 1573 aetate
4101 1508 4232 1571 iam
4276 1508 4551 1575 caducos

2608 1614 2685 1660 ac
2761 1595 3125 1679 decrepitos
3178 1593 3653 1662 inaestimabile
3709 1593 3960 1660 facinus
4022 1592 4317 1660 ediderit.
4407 1594 4551 1661 Etsi

2608 1682 2785 1747 enim
2851 1682 3111 1763 integer
3181 1681 3396 1748 adhuc
3462 1681 3593 1746 illis
3671 1680 4016 1747 constabat
4092 1680 4301 1763 vigor,
4381 1681 4552 1763 ipsos

2610 1776 2828 1832 tamen
2888 1767 3151 1834 timidos
3209 1766 3479 1833 reddere
3523 1774 3782 1850 poterat
3825 1773 4150 1843 senectus,
4217 1775 4285 1831 et
4329 1788 4552 1833 curam

2607 1854 2844 1936 populo
2908 1853 3206 1934 iniicere,
3262 1874 3464 1937 quum
3518 1852 3716 1919 duces
3780 1874 3934 1919 suos
3993 1873 4127 1916 non
4172 1852 4364 1918 modo
4410 1873 4552 1936 pro·

2608 1949 2834 2006 vectae
2874 1938 2988 2005 sed
3023 1941 3150 2005 iam
3198 1938 3280 2004 ad
3324 1944 3601 2005 mortem
3647 1938 3999 2005 inclinatae
4044 1939 4280 2005 aetatis
4302 1939 4552 2023 conspi-

2608 2035 2849 2092 cerent.

2783 2197 2842 2262 8.
2884 2196 2974 2262 Et
3015 2196 3179 2262 dixit
3221 2195 3449 2262 Iehova
3488 2196 3575 2262 ad
3599 2195 3822 2262 Mosen
3865 2200 3922 2261 et
3944 2195 4233 2276 Ahamn,
4279 2196 4570 2276 dicenda*

2611 2283 2669 2349 9.
2719 2282 2797 2347 Si
2840 2284 3131 2364 loquutus
3148 2283 3346 2365 fuerit
3380 2283 3466 2348 ad
3498 2302 3607 2348 vos
3631 2281 3906 2362 Pharao,
3949 2282 4239 2348 dicendo.-
4295 2282 4562 2348 Statuite

2609 2369 2781 2434 vobis
2809 2370 3209 2452 prodiyium:
3246 2373 3393 2434 tune
3431 2369 3598 2436 dices
3641 2368 3727 2434 ad
3759 2368 4059 2434 Aharon:
4108 2367 4280 2434 Tolle
4310 2371 4562 2452 viryam

2611 2460 2786 2520 tuam
2831 2459 2889 2520 et
2916 2456 3158 2536 proiice
3198 2474 3409 2521 eoram
3449 2454 3801 2535 Pharaone,
3845 2460 3902 2520 et
3937 2453 4045 2534 fiet
4087 2455 4156 2525 in
4197 2460 4558 2536 serpentem.

2615 2541 2715 2606 10.
2778 2541 2958 2607 Venit
3012 2562 3153 2625 erqo
3208 2540 3424 2607 Moses
3480 2546 3539 2606 et
3582 2540 3844 2605 Ahar-on
3890 2542 3976 2606 ad
4024 2539 4426 2606 Pharaonem
4442 2590 4457 2620 ,
4510 2545 4564 2607 et

2611 2628 2706 2692 ita
2743 2628 3025 2710 fecerunt
3063 2632 3136 2692 ut
3163 2632 3573 2710 praeceperat
3615 2626 3866 2692 Iehova.
3956 2624 4045 2691 Et
4073 2626 4341 2709 proiecit
4389 2628 4563 2693 Aha-

2610 2734 2730 2778 ron
2781 2714 3027 2797 viryam
3077 2733 3264 2778 suam
3318 2733 3532 2780 eoram
3594 2712 3929 2778 Pharaone
3984 2718 4040 2777 et
4092 2732 4301 2779 eoram
4367 2714 4563 2780 servis

2612 2801 2779 2876 eius,
2837 2803 2892 2863 et
2944 2799 3071 2881 fuit
3125 2801 3197 2865 in
3235 2805 3592 2880 serpentem.
3686 2799 3784 2863 11.
3851 2798 4023 2865 Tune
4080 2800 4318 2864 vocavit
4378 2801 4564 2866 etiam

2616 2884 2880 2951 Pharao
2935 2885 3248 2966 sapientes
3304 2890 3359 2951 et
3411 2886 3826 2951 incantatores
3839 2936 3855 2965 ‚
3927 2890 3983 2949 et
4032 2885 4310 2967 fecerunt
4377 2887 4564 2952 etiam

2611 2972 2742 3053 ipsi
2782 2972 2957 3055 mayi
2978 2973 3427 3054 Aeyyptiorum
3469 2970 3584 3036 hoe
3623 2971 3801 3037 modo
3842 2972 3984 3036 suis
4014 2971 4559 3039 incantationibus.

2618 3057 2718 3122 12.
2769 3056 3181 3124 Proiecerunt
3220 3059 3387 3124 enim
3425 3056 3664 3142 sinyuhl
3703 3058 3920 3142 virgas
3977 3077 4162 3137 suas,
4214 3079 4378 3141 quae
4433 3060 4565 3144 fue-

2613 3148 2763 3209 runt
2825 3144 2898 3209 in
2952 3144 3264 3210 dracones.
3368 3144 3710 3211 Devoravit
3773 3149 3980 3208 tamen
4042 3145 4226 3229 virya
4288 3145 4565 3213 Aharon

2613 3231 2834 3314 viryas
2871 3229 3147 3296 illorum.
3196 3230 3296 3295 13.
3344 3230 3432 3294 Et
3475 3229 3771 3296 obduruit
3799 3250 3905 3298 cor
3942 3229 4324 3312 Pharaonis,
4372 3251 4567 3316 neque

2616 3316 2862 3382 audivit
2901 3316 3062 3395 illos,
3108 3316 3294 3382 sicuti
3336 3316 3624 3398 loquutus
3664 3320 3798 3382 erat
3840 3315 4085 3383 Iehova.

2788 3488 2847 3554 8.
2895 3483 2987 3552 Et
3026 3487 3193 3553 dixit
3235 3486 3481 3554 Iehova.
3567 3487 3741 3570 Quia
3774 3486 4050 3554 rudibus
4093 3499 4160 3556 et
4194 3490 4436 3557 crassis
4470 3493 4565 3556 in·

2615 3572 2829 3659 geniis
2874 3573 3137 3658 scripsit
3166 3575 3405 3657 Moses,
3451 3574 3616 3640 nihil
3654 3575 3893 3639 mirum
3932 3575 3987 3640 si
4032 3577 4257 3641 eadem
4303 3578 4564 3661 saepius

2615 3669 2884 3745 repetat.
2938 3660 3253 3725 Nostrum
3300 3681 3454 3727 vero
3497 3671 3614 3742 est,
3662 3682 3745 3726 ne
3787 3659 4049 3727 fastidio
4093 3663 4282 3729 nobis
4322 3664 4416 3728 sit
4457 3685 4564 3747 po-

2617 3747 2867 3830 pularis
2910 3766 3144 3826 serm0,
3189 3745 3537 3830 diligenter
3582 3756 3889 3813 excutere
3934 3767 4131 3830 qnam
4168 3769 4402 3831 parum
4447 3772 4563 3816 nos

2617 3853 2874 3917 quoque
2937 3834 3112 3897 acuti
3178 3843 3244 3897 et
3320 3832 3591 3900 solertes
3669 3834 3874 3898 simus
3952 3833 4034 3898 ad
4092 3834 4563 3901 consideranda

2616 3919 2746 3985 Dei
2789 3938 3006 4002 opera.
3094 3917 3243 3983 Non
3289 3915 3556 3984 dubium
3603 3927 3706 3984 est
3749 3918 3856 3984 hic
3898 3920 4158 3985 recitari
4193 3920 4370 4005 quod
4412 3931 4561 3987 ante

2616 4004 2992 4071 audivimus
3037 4004 3117 4069 de
3153 4007 3579 4070 conversione
3606 4007 3831 4090 virgae
3874 4006 3944 4069 in
3982 4017 4391 4091 serpentem:
4437 4009 4562 4074 nisi

2619 4091 2791 4174 quod
2838 4111 3014 4156 nunc
3058 4088 3261 4170 docet,
3328 4092 3716 4157 miraculum
3763 4090 3933 4175 quod
3979 4101 4133 4158 ante
4192 4095 4261 4157 in
4308 4093 4564 4161 deserto

2620 4175 2924 4255 Madian,
2984 4185 3049 4241 et
3104 4174 3339 4241 deinde
3398 4178 3467 4242 in
3529 4178 3832 4262 Aegypto
3888 4178 4008 4244 sub
4074 4180 4282 4245 oculis
4339 4179 4564 4264 populi

2621 4264 2867 4328 editum
2916 4261 3150 4340 fuerat,
3196 4284 3413 4328 coram
3458 4263 3806 4330 Pharaone
3849 4272 4176 4347 postremo
4221 4266 4423 4332 fuisse
4476 4265 4563 4331 si·

2622 4348 2867 4413 militer
2911 4347 3181 4414 editum.
3249 4349 3458 4414 Porro
3502 4349 3658 4415 hinc
3702 4350 4090 4433 colligimus,
4137 4361 4370 4435 rogatu
4398 4351 4568 4417 Pha-

2620 4436 2840 4500 raonis
2886 4456 3111 4501 servos
3156 4434 3285 4499 Dei
3332 4435 3638 4517 probasse
3681 4444 4118 4520 testatamque
4161 4438 4392 4504 fecisse
4448 4459 4561 4503 vo·

2621 4523 2941 4588 cationem
2980 4539 3192 4586 suam:
3233 4542 3360 4604 quo
3398 4522 3620 4587 minus
3656 4522 4045 4588 excusabilis
4081 4523 4208 4589 fuit
4243 4524 4384 4590 eius
4417 4545 4562 4609 per·

2623 4607 2884 4684 tinacia,
2931 4606 3084 4673 dum
3130 4606 3447 4672 virtutem
3472 4608 3597 4672 Dei
3640 4608 3732 4672 ita
3769 4610 4186 4693 conspicuam
4231 4619 4562 4692 contemp·

2623 4693 2725 4760 sit.
2824 4693 3077 4776 Nempe
3131 4692 3257 4759 hoc
3313 4691 3668 4759 incredulis
3732 4695 3999 4761 solenne
4067 4704 4192 4776 est,
4257 4707 4564 4779 appetere

2620 4780 2890 4846 virtutis
2934 4779 3062 4844 Dei
3107 4779 3498 4857 testimonia,
3544 4780 3777 4864 quibus
3822 4779 4018 4846 fidem
4054 4783 4391 4867 abrogent,
4435 4802 4564 4847 non

2624 4865 2793 4950 quod
2853 4887 2934 4930 ex
2992 4866 3283 4949 professo
3328 4866 3545 4932 Deum
3591 4867 4030 4945 subsannent,
4097 4867 4209 4932 sed
4261 4868 4419 4951 quia
4460 4887 4564 4933 oc·

2623 4952 2800 5018 culta
2844 4951 3146 5034 impietas
3189 4951 3271 5017 ad
3318 4952 3694 5035 quaerenda
3737 4954 4146 5037 subterfugia
4180 4974 4291 5020 eos
4327 4953 4562 5019 sollici·

2626 5047 2736 5102 tat.
2828 5038 3150 5103 Molestus
3207 5046 3306 5103 est
3358 5036 3639 5121 superbo
3694 5042 3835 5124 regi
3888 5048 4081 5123 atque
4139 5040 4271 5106 odii
4331 5040 4563 5122 plenus

2625 5123 2929 5189 nuncius:
2978 5124 3132 5207 quia
3176 5126 3468 5207 praecise
3512 5146 3646 5190 non
3689 5125 3889 5190 audet
3929 5126 4074 5191 Deo
4120 5149 4377 5212 negare,
4420 5147 4564 5208 spe-

2624 5208 2875 5274 ciosum
2921 5210 3268 5275 recusandi
3311 5211 3591 5276 colorem
3638 5213 3986 5296 excogitat,
4032 5213 4420 5279 miraculum
4455 5232 4566 5294 pe·

2628 5293 2855 5359 tendo:
2894 5293 3063 5378 quod
3109 5293 3220 5360 ubi
3266 5294 3629 5360 exhibitum
3669 5307 3802 5376 est,
3863 5300 4241 5366 remotiores
4284 5298 4564 5363 latebras

2628 5389 2876 5464 captat,
2945 5391 3021 5445 ut
3075 5380 3269 5464 paulo
3327 5389 3476 5464 post
3529 5381 3916 5449 videbimus.
4017 5383 4344 5466 Quoniam
4411 5402 4565 5467 ergo
