4867 6150
530 474 662 543 723
1937 553 1943 562 .
2206 470 2540 540 suMMA
2582 469 2887 539 LEGIS.
4434 470 4559 536 724

585 666 737 732 lura
772 664 853 730 de
886 670 1165 748 utroque
1197 671 1544 748 praecepto
1581 664 1814 744 dicam,
1851 662 2179 728 notandus
2215 667 2315 727 est
2349 661 2502 727 finis

537 689 703 835 legis
748 752 860 836 qui
904 750 1153 817 aMose
1197 749 1619 818 describitur:
1665 750 1858 816 Nunc
1901 748 2110 815 Israel
2155 745 2308 831 quid
2353 768 2393 813 a
2437 755 2501 812 te

542 838 708 923 petit
761 837 945 903 Deus
997 837 1129 902 nisi
1183 845 1257 902 ut
1317 837 1533 920 ipsum
1593 835 1855 914 timeas,
1918 834 2213 900 ambules
2256 833 2324 898 in
2371 833 2499 899 viis

541 925 716 999 eius,
777 922 1013 1007 diligas
1061 944 1249 1001 eum,
1309 934 1376 987 et
1418 922 1591 988 colas
1648 929 1782 987 toto
1828 919 2067 986 corde?
2130 920 2275 985 Etsi
2320 918 2497 984 enim

541 1029 773 1075 rursus
808 1009 1022 1092 legem
1068 1008 1505 1087 commendat,
1550 1007 1706 1091 quia
1731 1006 1900 1072 nihil
1933 1005 2296 1090 praecipiat
2328 1004 2498 1088 quod

542 1116 678 1160 non
734 1094 879 1179 ipsa
919 1104 1160 1163 natura
1205 1094 1406 1161 'dictet
1440 1093 1879 1161 certissimum
1925 1103 1991 1157 et
2036 1091 2498 1175 aequissimum

539 1201 703 1260 esse,
745 1190 810 1245 et
835 1201 960 1264 quo
1005 1180 1169 1246 nihil
1213 1180 1401 1246 nobis
1445 1201 1588 1247 esse
1632 1180 1858 1244 utilius
1902 1179 2008 1244 vel
2052 1177 2266 1261 magis
2310 1185 2496 1262 opta-

545 1265 675 1331 bile
735 1266 1142 1350 experientia
1187 1265 1628 1346 demonstret,
1684 1265 1881 1330 simul
1926 1274 2146 1329 tamen
2191 1262 2498 1328 admonet

544 1373 867 1437 quaenam
914 1352 1002 1417 sit
1046 1352 1187 1418 eius
1231 1351 1595 1418 servandae
1641 1353 1831 1417 ratic.
1875 1386 1886 1399 .
1921 1350 2149 1432 Itaque
2193 1350 2496 1413 timorem

539 1438 688 1516 Dei,
725 1437 921 1504 simul
957 1447 1026 1504 et
1061 1459 1351 1503 amorem
1391 1438 1583 1504 nobis
1618 1436 1943 1522 proponit,
1979 1457 2137 1501 nam
2173 1445 2496 1519 quatenus

541 1522 876 1590 Dominus
936 1533 1070 1604 est,
1129 1525 1365 1589 merito
1425 1545 1544 1607 pro
1588 1523 1847 1607 imperii
1892 1522 1996 1587 sui
2042 1522 2184 1587 iure
2226 1520 2378 1584 vult
2421 1519 2499 1583 ti-

540 1609 746 1675 meri:
791 1618 1112 1691 quatenus
1156 1620 1375 1675 autem
1424 1621 1639 1693 pater,
1685 1608 1894 1674 amari
1937 1607 2257 1692 postulat:
2302 1605 2497 1672 sicuti

541 1695 716 1779 apud
763 1694 1163 1761 Malachiam
1207 1694 1309 1781 (1,
1352 1695 1421 1783 2)
1466 1695 1728 1762 dicitur.
1818 1694 2164 1759 Discamus
2209 1713 2393 1776 ergo,
2441 1692 2495 1757 si

542 1779 625 1846 ad
661 1781 876 1865 legem
922 1780 1313 1847 servandam
1362 1804 1479 1847 nos
1522 1782 1864 1864 accingere
1905 1781 2228 1857 volumus,
2272 1777 2498 1861 incipi-

541 1866 787 1932 endum
845 1888 991 1933 esse
1046 1889 1085 1932 a
1149 1868 1382 1933 timore
1425 1867 1589 1948 Dei,
1643 1868 1751 1951 qui
1797 1867 1943 1931 ideo
1986 1874 2258 1933 vocatur
2300 1874 2498 1946 caput

541 1952 902 2037 sapientiae
927 1949 1130 2039 (Psal.
1179 1954 1322 2031 111,
1374 1954 1472 2019 10.
1519 1954 1715 2019 Prov.
1764 1953 1820 2033 1,
1868 1953 1905 2017 7
1951 1961 2018 2017 et
2061 1951 2121 2031 9,
2171 1948 2298 2036 10).
2368 1949 2495 2014 Ve-

538 2059 688 2104 rum
733 2039 884 2121 quia
908 2040 1122 2104 Deum
1169 2062 1300 2104 non
1344 2040 1674 2106 oblectant
1717 2046 1974 2104 extorta
2014 2046 2082 2104 et
2116 2046 2340 2104 coacta
2379 2034 2492 2100 ob»

538 2124 783 2207 sequia,
829 2145 985 2189 mox
1030 2124 1370 2191 subiicitur
1412 2126 1691 2191 dilectio,
1772 2129 1991 2206 Atque
2034 2124 2159 2189 hoc
2200 2120 2492 2204 pruden-

539 2218 644 2275 ter
710 2209 1078 2293 expendere
1146 2211 1484 2289 convenit,
1555 2231 1755 2293 quum
1831 2210 2002 2275 nihil
2065 2207 2332 2275 suavius
2403 2207 2492 2271 sit

538 2317 733 2381 quam
779 2296 1000 2360 Deum
1054 2295 1357 2381 diligere,
1418 2297 1663 2382 primas
1721 2308 1941 2360 tamen
1998 2300 2218 2380 partes
2263 2301 2489 2357 tenere

535 2382 610 2447 in
655 2390 789 2447 toto
833 2381 974 2447 eius
1019 2382 1217 2448 cultu.
1307 2382 1469 2447 Plus
1514 2403 1708 2464 quam
1769 2384 1942 2446 enim
2001 2382 2287 2446 ferreum
2346 2399 2488 2444 esse

540 2475 799 2550 oportet
860 2489 1051 2550 quem
1113 2488 1245 2533 non
1306 2469 1551 2534 alliciat
1607 2472 1791 2533 tanta
1849 2464 2154 2533 dulcedo:
2227 2463 2488 2549 quando

539 2574 674 2619 non
729 2552 858 2618 alia
914 2551 994 2619 de
1052 2573 1250 2621 causa
1307 2575 1425 2621 nos
1479 2554 1718 2620 invitat
1775 2562 1841 2619 et
1895 2553 2202 2618 hortatur
2258 2549 2338 2616 ad
2385 2549 2486 2615 sui

539 2660 860 2718 amorem,
962 2639 1092 2705 nisi
1179 2640 1333 2722 quia
1419 2662 1536 2706 nos
1624 2647 1805 2704 amat
1889 2639 2061 2722 ipse:
2147 2638 2282 2703 imo
2370 2656 2489 2700 sua

541 2723 892 2790 dilectione
934 2725 1066 2789 iam
1132 2727 1507 2808 praevenit,
1582 2733 1657 2790 ut
1722 2724 1964 2791 dicitur
2029 2722 2204 2807 apud
2248 2721 2491 2787 Iohan-

541 2831 693 2876 nem
727 2810 814 2897 (1.
841 2810 1074 2878 Iohan.
1110 2811 1171 2891 4,
1221 2810 1349 2897 10).
1420 2811 1684 2876 Interea
1730 2810 2034 2893 colligere
2078 2808 2275 2876 simul
2319 2807 2492 2887 licet,

539 2897 708 2962 nihil
764 2895 913 2962 Deo
980 2897 1236 2981 placere
1300 2898 1471 2980 quod
1537 2898 1809 2963 offertur
1875 2918 1957 2962 ex
2013 2896 2314 2973 tristitia,
2382 2894 2488 2960 vel

536 2982 961 3062 necessitate,
1024 2984 1174 3066 quia
1234 2983 1509 3049 hilarem
1556 2982 1846 3049 datorem
1893 2982 2148 3066 quaerit
2192 2979 2278 3066 (2.
2338 2978 2490 3046 Gor.

535 3069 613 3150 9,
670 3066 757 3156 7).
849 3068 1011 3153 Agit
1069 3069 1328 3152 quidem
1387 3069 1525 3137 illic
1567 3069 1816 3135 Paulus
1881 3068 1962 3135 de
2021 3066 2489 3153 eleemosynis:

534 3154 650 3222 sed
724 3155 991 3220 extendi
1065 3155 1255 3221 debet
1325 3155 1406 3221 ad
1478 3176 1705 3221 omnes
1776 3156 1946 3221 vitae
2012 3155 2300 3220 actiones
2374 3173 2491 3217 vo-

535 3240 897 3306 luntarium
966 3250 1034 3306 et
1098 3242 1369 3308 liberale
1434 3243 1702 3325 parendi
1770 3241 2091 3319 studium,
2167 3239 2355 3324 quale
2418 3238 2491 3303 in

533 3325 759 3411 probis
829 3335 893 3391 et
954 3327 1262 3411 ingenuis
1341 3328 1494 3394 filiis
1558 3327 1884 3407 cernitur,
1961 3327 2196 3411 quibus
2259 3325 2490 3389 iucun-

538 3414 697 3478 dum
743 3422 845 3478 est
888 3414 1273 3496 parentibus
1317 3414 1603 3480 subesse.
1695 3414 1786 3478 Et
1828 3423 2002 3479 certe
2048 3434 2181 3478 non
2226 3411 2491 3476 aliunde

534 3508 763 3563 manat
797 3520 962 3582 quae
985 3497 1130 3564 Deo
1163 3499 1535 3566 reverentia
1570 3499 1877 3579 defertur,
1922 3520 2116 3582 quam
2164 3519 2249 3562 ex
2292 3510 2490 3581 gustu

533 3583 795 3667 paterni
837 3585 980 3650 eius
1024 3606 1182 3669 erga
1225 3606 1346 3651 nos
1403 3587 1674 3662 amoris,
1735 3606 1864 3668 quo
1909 3583 1989 3649 ad
2035 3585 2254 3666 ipsum
2300 3582 2489 3648 reda-

533 3668 853 3734 mandum
903 3670 1258 3736 trahimur:
1304 3673 1493 3738 sicuti
1529 3672 1598 3737 in
1621 3671 1888 3736 Psalmo
1931 3669 2102 3756 (130,
2148 3668 2246 3755 7):
2293 3668 2489 3752 Apud

537 3764 605 3819 te
661 3763 763 3821 est
819 3755 1226 3839 propitiatio,
1271 3764 1344 3821 ut
1388 3758 1695 3822 timearis.
1786 3755 2059 3837 Quoties
2104 3776 2260 3839 ergo
2305 3755 2489 3820 audi-

535 3863 687 3906 mus
741 3840 911 3924 quod
970 3841 1243 3907 subinde
1303 3843 1588 3908 inculcat
1643 3843 2001 3926 scriptura:
2064 3840 2339 3925 Diligite
2381 3841 2489 3905 Ie-

536 3926 774 3993 hovam
835 3948 1063 3993 omnes
1107 3930 1434 3994 mansueti
1463 3930 1618 4003 ‚eius
1662 3926 1865 4014 (Psal.
1912 3927 2029 4007 31,
2075 3925 2219 4076 24ῗ,
2265 3927 2491 3992 veniat

533 4014 728 4079 nobis
771 4013 840 4077 in
885 4013 1287 4093 memoriam,
1332 4013 1552 4079 Deum
1597 4036 1667 4080 se
1714 4015 1899 4080 nobis
1944 4015 2160 4078 amabi
2189 4033 2294 4078 em
2338 4012 2489 4078 red-

536 4098 720 4178 dere,
763 4108 841 4163 ut
885 4099 1184 4178 libenter,
1233 4109 1298 4165 et
1342 4122 1469 4183 qua
1514 4099 1701 4168 decet
1747 4100 2087 4166 alacritate
2133 4099 2491 4182 amplecta-

534 4207 688 4250 mur
744 4183 1058 4268 quidquid
1111 4185 1309 4251 iubet.
1400 4186 1542 4251 Iam
1602 4207 1758 4254 vero
1800 4206 1966 4269 quae
2011 4187 2298 4270 exigitur
2341 4208 2489 4270 per·

535 4271 766 4349 sectio,
812 4273 973 4336 satis
1017 4270 1192 4336 clare
1238 4270 1646 4337 demonstrat
1688 4293 1886 4354 quam
1931 4273 2156 4354 procul
2201 4272 2491 4337 absimus

537 4377 769 4421 omnes
829 4378 868 4421 a
911 4357 1115 4422 solida
1158 4356 1327 4441 legis
1370 4358 1848 4423 observatione.
1915 4357 2228 4423 Iubemur
2274 4356 2489 4422 Deum

537 4463 762 4507 amare
827 4463 909 4507 ex
972 4454 1107 4508 toto
1173 4443 1366 4508 corde
1432 4452 1499 4508 et
1555 4447 1804 4522 anima,
1873 4443 2156 4526 totisque
2214 4444 2489 4508 viribus.

538 4527 923 4609 Quamlibet
957 4530 1302 4610 enitamur,
1345 4530 1654 4594 mutilum
1691 4541 1792 4596 est
1827 4549 1902 4595 ac
1937 4528 2150 4595 debile
2193 4541 2491 4595 nostrum

538 4613 866 4692 studium,
924 4615 1053 4680 nisi
1111 4634 1340 4680 omnes
1401 4637 1638 4682 sensus
1698 4625 1954 4681 nostros
1997 4623 2269 4697 occupet
2310 4636 2494 4681 amor

538 4699 704 4779 Dei,
765 4707 830 4763 et
888 4699 969 4762 ad
1026 4700 1243 4782 ipsum
1300 4704 1563 4784 penitus
1619 4701 1917 4767 ferantur
1960 4710 2116 4765 vota
2159 4709 2381 4766 nostra
2425 4711 2494 4766 et

538 4785 989 4869 cogitationes,
1037 4785 1119 4851 ad
1156 4787 1432 4852 eundem
1478 4810 1732 4872 quoque
1776 4810 1847 4854 se
1893 4788 2220 4871 applicent
2264 4809 2493 4853 omnes

539 4871 755 4936 nostri
814 4880 1105 4936 conatus.
1210 4872 1417 4956 Atqui
1477 4875 1638 4940 satis
1696 4894 2026 4959 superque
2079 4874 2494 4939 convincitur

538 4957 814 5040 quisque
850 4957 1114 5040 propria
1150 4960 1558 5041 experientia
1600 4981 1797 5043 quam
1842 4961 2046 5026 variis
2089 4959 2303 5025 modis
2348 4961 2491 5026 abs-

541 5043 895 5108 trahantur
975 5054 1227 5109 mentes
1313 5057 1576 5110 nostrae
1657 5044 1739 5109 ad
1820 5047 2212 5123 vanitatem,
2297 5067 2494 5129 quam

537 5130 733 5194 multi
794 5130 985 5212 pravi
1030 5130 1303 5195 affectus
1348 5131 1533 5197 nobis
1577 5131 1929 5215 obrepant,
1990 5153 2185 5215 quam
2232 5132 2495 5198 difficile

539 5215 630 5281 sit
673 5215 858 5280 nobis
903 5236 1316 5298 compescere
1358 5226 1425 5281 et
1467 5218 1772 5302 subigere
1816 5238 2052 5302 pravos
2095 5219 2312 5284 carnis
2358 5240 2494 5284 mo-

538 5307 667 5368 tus.
736 5299 1047 5385 Optimus
1081 5309 1259 5368 certe
1295 5303 1577 5387 quisque
1607 5303 1855 5370 athleta
1883 5306 1997 5371 vix
2034 5325 2290 5371 summa
2332 5319 2498 5371 stre-

2608 661 2864 727 nuitate
2899 660 3337 744 consequitur,
3381 671 3457 726 ut
3494 661 3561 725 in
3599 660 3721 727 hac
3765 659 4095 743 spirituali
4136 661 4374 729 militia
4415 686 4556 749 per-

2606 755 2739 831 gat.
2830 745 3027 827 Quod
3083 748 3139 812 si
3196 766 3437 831 magna
3480 748 3692 812 virtus
3747 755 3848 812 est
3892 768 4020 813 non
4110 769 4336 815 rorsus
4379 751 4559 818 fatis-

2603 853 2749 899 cere
2765 884 2782 913 ,
2842 853 3036 899 nemo
3080 841 3256 899 certe
3299 833 3539 900 iactare
3583 832 3848 899 audebit
3890 854 3959 898 se
4004 854 4043 897 a
4129 854 4395 919 scopum
4441 840 4553 922 qui

2602 919 2671 984 in
2707 917 2852 1003 lege
2886 919 3271 1003 proponitur
3310 917 3631 985 accedere.
3713 919 4015 1001 Denique
4058 922 4317 1004 quoties
4359 944 4552 990 mun·

2603 1004 2670 1069 di
2716 1004 3090 1083 illecebrae,
3136 1005 3423 1089 vanique
3468 1005 3797 1089 appetitus
3841 1025 3913 1070 se
3957 1006 4311 1088 insinuant,
4356 1012 4554 1076 toties

2601 1092 2847 1157 sentire
2906 1111 3027 1156 nos
3087 1098 3370 1174 oportet,
3430 1091 3717 1174 aliquam
3772 1092 4029 1157 animae
4087 1102 4353 1159 nostrae
4402 1116 4552 1178 par-

2601 1183 2733 1242 tem
2778 1196 3057 1243 vacuam
3096 1197 3234 1243 esse
3270 1198 3491 1242 amore
3535 1177 3681 1257 Dei,
3725 1175 3965 1260 alioqui
4002 1176 4169 1242 nihil
4203 1179 4360 1245 illuc
4393 1202 4551 1248 con-

2599 1263 2881 1328 trarium
2925 1269 3314 1346 penetraret.
3385 1262 3618 1329 Cordis
3663 1283 3898 1329 nomen
3942 1260 4065 1328 hoc
4104 1263 4263 1343 loco,
4311 1273 4386 1331 ut
4427 1268 4549 1333 ali-

2601 1348 2694 1427 bi,
2754 1369 2885 1414 non
2942 1369 3062 1432 pro
3115 1348 3269 1414 sede
3330 1348 3718 1425 affectuum,
3779 1348 3891 1413 sed
3950 1370 4068 1431 pro
4107 1350 4549 1437 intelligentia

2601 1434 2899 1500 sumitur.
2964 1434 3199 1517 Itaque
3222 1455 3702 1519 supervacuum
3741 1434 3971 1500 fuisset
4006 1434 4244 1501 addere
4280 1437 4546 1504 διάνοιαν

2601 1518 2771 1604 quod
2808 1522 3108 1586 fecerunt
3142 1521 3603 1606 evangelistae,
3649 1520 3775 1586 nisi
3821 1518 4267 1604 ambiguitatis
4311 1523 4543 1591 tollen-

2601 1606 2723 1672 dae
2790 1626 3004 1673 causa.
3092 1606 3265 1672 Nam
3331 1607 3485 1690 quia
3539 1606 3817 1673 Graecis
3877 1628 4009 1672 non
4065 1610 4338 1693 perinde
4407 1614 4539 1678 usi—

2598 1700 2738 1758 tata
2773 1704 2873 1759 est
2919 1693 3078 1758 haec
3122 1692 3535 1778 significatio,
3582 1714 3714 1758 non
3752 1692 4137 1759 dubitarunt
4173 1696 4545 1779 explicandi

2599 1799 2796 1845 causa
2868 1799 3090 1846 vocem
3146 1799 3343 1844 unam
3403 1778 3484 1843 de
3540 1800 3656 1844 suo
3713 1778 3967 1845 addere.
4069 1779 4203 1861 Qui
4260 1803 4415 1847 vero
4469 1784 4543 1849 in

2600 1865 2897 1930 doctrina
2946 1865 3155 1929 Mosis
3225 1864 3561 1930 exercitati
3612 1873 3805 1944 sunt,
3881 1887 4014 1931 non
4066 1865 4370 1950 ignorant
4426 1891 4545 1935 cor

2598 1950 2984 2017 tantundem
3047 1950 3268 2015 valere
3323 1972 3397 2016 ac
3455 1959 3774 2017 mentem:
3832 1951 3986 2018 alibi
4043 1953 4214 2018 enim
4264 1953 4541 2020 dicitur:

2598 2038 2749 2102 Non
2810 2035 2957 2102 dedi
3018 2035 3132 2101 tibi
3195 2037 3508 2103 hactenus
3568 2037 3783 2103 oculos
3828 2036 3912 2102 ad
3969 2037 4361 2118 videndum,
4419 2062 4540 2107 nec

2597 2146 2706 2188 cor
2763 2121 2843 2187 ad
2891 2121 3409 2206 intelligendum.
3498 2123 3748 2188 Verum
3799 2122 4075 2190 Graecis
4118 2124 4395 2191 obscura
4439 2127 4540 2191 fu-

2595 2210 2751 2275 isset
2795 2207 3112 2292 loquuti0,
3160 2208 3312 2290 quia
3355 2228 3583 2273 eorum
3627 2208 3892 2293 linguae
3936 2219 4041 2274 est
4078 2209 4363 2276 insolita.

2767 2296 2962 2360 Dent.
3024 2294 3094 2371 6,
3155 2295 3212 2359 5.
3275 2293 3527 2377 Diliqes
3573 2296 3955 2376 proximum.
4054 2294 4203 2377 Quo
4258 2297 4539 2380 quisque

2592 2385 2809 2448 animo
2847 2401 2988 2445 esse
3025 2380 3257 2445 debeat
3291 2400 3449 2464 erga
3483 2381 3831 2464 proximos,
3876 2403 4006 2447 non
4045 2382 4259 2465 potuit
4300 2384 4536 2449 melius

2592 2471 2818 2535 multis
2872 2466 3129 2550 paginis
3182 2466 3461 2549 exprimi
3515 2488 3709 2550 quam
3771 2467 3893 2534 hoc
3938 2489 4073 2534 uno
4114 2466 4336 2536 verbo,
4430 2469 4529 2534 Ad

2593 2576 2715 2621 nos
2776 2552 3092 2620 amandos
3153 2573 3285 2616 non
3339 2551 3532 2617 modo
3576 2552 3727 2635 plus
3773 2574 3978 2637 aequo
4023 2554 4265 2638 singuli
4309 2576 4536 2620 sumus
4580 2586 4603 2601 -

2592 2640 2919 2727 propensi,
2964 2638 3079 2704 sed
3115 2646 3249 2702 toto
3286 2638 3531 2721 impetu
3577 2640 3899 2722 rapimur:
3946 2641 4079 2705 imo
4121 2644 4405 2723 φιλαυτία
4446 2642 4535 2705 ita

2595 2748 2716 2794 nos
2739 2734 3045 2793 excaecat
3066 2733 3143 2788 ut
3163 2724 3455 2788 omnium
3493 2725 3913 2808 iniquitatum
3948 2727 4035 2791 sit
4068 2735 4300 2791 mater.
4363 2725 4536 2807 Quo-

2594 2814 2777 2879 niam
2802 2831 2958 2895 ergo
2981 2811 3134 2874 dum
3161 2808 3243 2874 ad
3266 2830 3384 2874 nos
3408 2810 3723 2876 amandos
3746 2812 4021 2877 nimium
4059 2832 4286 2877 sumus
4329 2822 4537 2878 atten-

2596 2900 2666 2977 ti,
2707 2899 2942 2964 fratres
2965 2904 3222 2961 nostros
3245 2895 3693 2961 obliviscimur
3715 2919 3790 2963 ac
3824 2897 4242 2982 negligimus,
4265 2920 4400 2963 non
4426 2898 4538 2964 ali-

2595 2989 2701 3050 ter
2759 2984 2970 3069 potuit
3022 3003 3140 3047 nos
3185 2980 3369 3047 Deus
3412 2979 3494 3046 ad
3539 2982 3882 3049 caritatem
3929 2984 4295 3060 reflectere,
4341 3004 4535 3066 quam

2595 3073 2652 3137 si
2711 3071 3018 3137 vitiosum
3062 3066 3251 3133 illum
3302 3067 3605 3135 affectum
3650 3069 3764 3153 qui
3806 3069 3994 3136 nobis
4037 3070 4375 3154 ingenitus
4420 3080 4534 3150 est,

2597 3180 2673 3225 ac
2731 3158 2989 3240 penitus
3039 3153 3313 3233 insidet,
3373 3176 3454 3220 ex
3510 3154 3815 3222 cordibus
3873 3156 4117 3222 nostris
4159 3155 4534 3222 revelleret:

2597 3243 2768 3327 quod
2821 3263 3049 3308 rursus
3091 3241 3231 3305 fieri
3277 3260 3412 3304 non
3456 3241 3700 3323 potuit,
3747 3243 3903 3325 quin
3948 3259 4237 3307 amorem
4280 3243 4395 3324 qui
4439 3244 4535 3306 in·

2597 3338 2703 3396 tus
2748 3328 3022 3405 residet,
3081 3326 3209 3392 alio
3254 3326 3661 3393 transferret.
3751 3327 3901 3409 Qua
3940 3330 4007 3393 iu
4050 3336 4237 3412 parte
4280 3350 4352 3394 se
4397 3348 4537 3410 pro-

2597 3414 2764 3481 didit
2807 3436 2937 3480 non
2983 3413 3199 3478 minor
3243 3409 3647 3496 improbitas,
3693 3434 3886 3497 quam
3931 3414 4190 3481 inscitia
4233 3424 4299 3480 et
4342 3413 4536 3479 fatui-

2593 3512 2696 3567 tas
2732 3522 2960 3566 eorum
2997 3500 3110 3582 qui
3147 3518 3436 3563 amorem
3480 3500 3687 3564 nostri
3735 3499 3964 3566 volunt
4005 3499 4234 3566 ordine
4277 3520 4539 3585 praece-

2592 3587 2764 3652 dere.
2854 3585 3148 3669 Regula,
3191 3585 3535 3666 inquiunt,
3581 3594 3680 3650 est
3723 3588 4020 3669 superior
4060 3607 4180 3652 suo
4221 3586 4537 3671 regulato.

2591 3672 2797 3756 Atqui
2842 3671 3202 3737 secundum
3252 3669 3379 3735 Dei
3422 3677 3849 3754 praeceptum
3893 3674 4133 3738 caritas
4174 3685 4307 3754 ‘qua
4353 3672 4541 3737 debe-

2589 3780 2738 3824 mus
2794 3757 2953 3823 alios
2996 3755 3335 3839 prosequi,
3391 3755 3473 3821 ad
3519 3777 3806 3822 amorem
3852 3761 4059 3823 nostri
4100 3766 4414 3841 tanquam
4461 3756 4541 3822 ad

2591 3865 2779 3911 suam
2839 3842 3131 3926 regulam
3174 3841 3531 3908 formatur:
3591 3843 3775 3925 quasi
3820 3864 3977 3910 vero
4021 3845 4369 3911 consilium
4416 3844 4542 3909 Dei

2590 3931 2821 4009 fuerit,
2875 3929 3098 4013 ignem
3143 3928 3253 4013 qui
3295 3928 3446 4012 plus
3490 3948 3699 4011 aequo
3743 3930 4010 4014 flagrat,
4059 3931 4268 4015 magis
4313 3950 4542 3996 accen·

2593 4017 2765 4082 dere.
2850 4014 3263 4080 Naturaliter
3320 4013 3423 4099 (ut
3478 4013 3725 4081 dictum
3772 4014 3898 4102 cst)
3941 4017 4285 4082 immodico
4330 4015 4545 4080 nostri

2593 4123 2812 4169 amore
2856 4101 3288 4167 caecutimus:
3337 4100 3490 4165 hinc
3533 4106 3608 4166 ut
3652 4120 3774 4166 nos
3818 4108 4074 4168 avertat
4097 4103 4278 4168 Deus
4323 4102 4543 4185 proxi-

2591 4209 2734 4253 mos
2781 4186 3154 4266 substituit,
3198 4207 3358 4268 quos
3404 4207 3535 4252 non
3582 4187 3803 4252 minus
3847 4209 4139 4253 amemus
4183 4208 4380 4270 quam
4425 4207 4544 4252 nos

2593 4276 2788 4359 ipsos.
2880 4271 3073 4354 Quod
3132 4274 3309 4337 enim
3365 4269 3446 4336 de
3504 4274 3775 4339 caritate
3820 4273 4008 4339 docet
4052 4274 4337 4352 Paulus,
4396 4293 4543 4338 eam

2593 4382 2727 4426 non
2784 4379 3097 4443 quaerere
3141 4378 3306 4441 quae
3349 4378 3472 4424 sua
3514 4365 3670 4423 sunt
3712 4358 3799 4446 (1.
3849 4357 4003 4433 Cor.
4052 4358 4152 4439 13,
4197 4359 4295 4447 4),
4352 4379 4543 4425 nemo

2592 4468 2884 4529 unquam
2929 4444 3317 4529 praestabit,
3361 4443 3567 4510 donec
3611 4443 3735 4509 sibi
3781 4445 4289 4512 renunciaverit.
4380 4445 4541 4510 Pro-

2593 4533 2757 4598 ximi
2813 4551 2971 4596 vero
3026 4530 3370 4608 dicuntur,
3442 4551 3578 4596 non
3631 4531 3822 4597 modo
3880 4532 4267 4615 quibuscum
4328 4531 4545 4614 aliqua

2596 4619 2782 4684 nobis
2841 4616 3254 4684 necessitudo
3309 4623 3441 4697 est,
3501 4615 3615 4683 sed
3675 4638 3901 4683 omnes
3955 4621 4095 4684 sine
4135 4618 4546 4702 exceptione:

2595 4706 2748 4788 quia
2804 4713 3019 4768 totum
3078 4703 3447 4768 humanum
3501 4723 3712 4788 genus
3768 4723 4003 4787 corpus
4060 4726 4269 4770 unum
4324 4706 4543 4783 efficit,

2596 4791 2782 4858 cuius
2836 4801 2913 4854 ut
2956 4789 3199 4873 singuli
3245 4797 3402 4854 sunt
3444 4789 3769 4868 membra,
3828 4789 3925 4855 ita
3968 4800 4198 4856 mutua
4241 4791 4549 4859 coniunc-

2596 4877 2772 4941 tione
2808 4876 2981 4941 inter
3024 4896 3094 4940 se
3138 4875 3533 4941 cohaereant
3577 4885 3851 4957 oportet.
3941 4876 4325 4942 Tenendum
4371 4877 4546 4942 enim

2598 4970 2716 5041 est,
2766 4961 3195 5028 alienissimos
3240 4982 3381 5026 esse
3424 4961 3624 5027 etiam
3669 4983 3956 5046 quosque
4000 4963 4190 5028 nobis
4236 4961 4550 5029 fovendos

2598 5057 2667 5113 et
2722 5048 3075 5128 iuvandos,
3132 5069 3264 5112 non
3309 5068 3495 5114 secus
3541 5068 3615 5114 ac
3660 5049 3988 5132 propriam
4035 5068 4332 5127 carnem,
4395 5070 4549 5114 nam

2599 5144 2666 5200 et
2724 5134 2881 5200 alibi
2936 5133 3227 5199 vidimus
3276 5135 3345 5198 in
3385 5133 3610 5200 eodem
3654 5141 3861 5217 gradu
3906 5135 4105 5201 statui
4150 5132 4440 5201 advenas
4484 5143 4552 5199 et

2600 5221 3015 5306 peregrinos:
3062 5219 3367 5286 Christus
3404 5220 3527 5285 sub
3571 5241 3849 5304 persona
3893 5221 4298 5289 Samaritani
4341 5220 4411 5286 id
4454 5241 4549 5285 sa-

2602 5308 2690 5372 tis
2732 5308 3079 5372 confirmat
3120 5303 3312 5392 (Luc.
3365 5306 3464 5387 10,
3508 5305 3636 5393 30).
