4867 6150
303 473 424 541 577

307 658 571 743 reliquis
616 658 846 726 diebus
888 658 1094 726 festis.
1186 660 1275 725 Et
1319 680 1698 744 quanquam
1746 680 1852 724 res
1897 665 2054 724 sunt
2097 679 2251 724 con-

306 750 562 815 iunctae
632 746 1128 813 tabernaculum
1182 766 1332 811 cum
1393 746 1530 811 suis
1585 745 1925 811 sacrificiis
1982 745 2252 827 ipsoque

306 830 689 910 sacerdotio,
748 841 816 896 et
868 832 1238 898 observatio
1291 831 1622 897 sabbathi:
1682 853 1812 896 non
1862 842 2108 895 temere
2151 851 2252 895 se-

303 939 520 986 orsum
564 918 858 984 institnti
900 927 1059 984 sunt
1102 918 1241 983 dies
1281 919 1452 995 festi,
1499 926 1573 983 ut
1614 916 1741 995 hoc
1781 915 2068 982 subsidio
2112 935 2253 980 ma-

306 1007 404 1092 gis
438 1006 844 1070 animaretur
877 1003 1154 1088 populns
1191 1003 1274 1069 ad
1311 1003 1662 1070 fovendam
1708 1004 2035 1067 unitatem
2078 1001 2251 1080 fidei,

303 1101 370 1158 et
424 1089 842 1156 retinendum
901 1090 1215 1157 ecclesiae
1271 1111 1682 1156 consensum.
1773 1088 2052 1153 Interim
2108 1108 2252 1151 mu-

309 1191 422 1245 tua
478 1176 837 1242 sanctuarii
888 1188 958 1242 et
1000 1175 1306 1242 sabbathi
1348 1176 1718 1242 coniunctio
1763 1196 1847 1241 ex
1892 1173 2251 1258 superiori·

305 1262 423 1329 bus
511 1263 739 1346 liquet.
871 1262 1020 1328 Hoc
1108 1262 1372 1345 quidem
1459 1262 1721 1327 illustre
1807 1280 1950 1326 esse
2043 1258 2253 1325 voluit

304 1350 489 1416 Deus
547 1348 943 1415 discriminis
1001 1348 1372 1433 symbolum
1429 1346 1605 1412 inter
1646 1347 1923 1413 Iudaeos
1979 1353 2046 1409 et
2100 1364 2252 1428 pro·

301 1434 491 1500 fanas
569 1444 818 1520 gentes.
929 1432 1122 1501 Unde
1182 1446 1249 1499 et
1313 1432 1645 1509 diabolus,
1713 1453 1840 1516 quo
1907 1430 2250 1496 infamiam

302 1530 679 1605 aspergeret
714 1541 919 1604 purae
954 1530 1345 1603 sanctaeque
1378 1518 1703 1603 religioni,
1747 1538 1866 1602 per
1908 1527 2251 1600 protervas

299 1607 564 1692 linguas
599 1607 856 1673 iudaica
895 1606 1217 1673 sabbatha
1259 1626 1451 1689 saepe
1496 1605 1809 1670 traduxit.
1872 1604 2080 1669 Porro
2124 1622 2252 1686 quo

299 1693 542 1759 melius
586 1702 808 1777 pateat
851 1692 1007 1775 quid
1053 1692 1207 1758 huic
1251 1700 1599 1776 praecepto
1644 1691 1733 1756 sit
1775 1690 2133 1774 proprium,
2188 1696 2253 1752 et

298 1779 453 1864 quid
506 1802 547 1845 a
587 1780 800 1863 primo
841 1788 1215 1862 separatum
1265 1778 1530 1858 habeat,
1587 1775 1872 1841 tenenda
1916 1783 2016 1840 est
2058 1774 2250 1856 spiri-

301 1865 501 1932 tualis
547 1866 798 1950 figurae
842 1865 1120 1932 veritas:
1180 1864 1333 1947 quia
1375 1885 1508 1929 non
1554 1871 1812 1929 tantum
1858 1861 1999 1926 dies
2041 1869 2252 1927 certos

300 1951 732 2036 praescripsit
775 1951 957 2016 Deus
1015 1950 1098 2014 ad
1160 1949 1493 2015 habendos
1537 1961 1934 2025 conventus,
1982 1946 2093 2011 ubi
2137 1967 2250 2029 po-

297 2038 499 2123 pulus
543 2038 895 2115 sacrificiis,
941 2035 1261 2120 precibus,
1306 2047 1369 2101 et
1415 2036 1555 2101 eius
1599 2032 2006 2101 celebrandis
2050 2031 2255 2097 laudi-

294 2125 413 2192 bus
455 2144 736 2208 operam
780 2121 1003 2188 daret:
1063 2122 1177 2189 sed
1222 2132 1377 2187 ante
1420 2121 1643 2188 oculos
1686 2121 1903 2204 posuit
1942 2119 2252 2185 sanctita-

296 2211 383 2277 tis
417 2230 773 2288 summam,
819 2217 897 2274 ut
928 2208 1173 2291 singuli
1209 2208 1290 2274 ab
1324 2207 1627 2291 operibus
1662 2208 1799 2273 suis
1843 2206 2250 2271 desisterent.

302 2295 506 2365 Certe
560 2296 693 2361 otio
733 2304 800 2360 et
843 2294 1089 2360 desidia
1134 2316 1267 2359 non
1312 2294 1671 2359 oblectatur
1719 2293 1933 2371 Deus,
1978 2291 2253 2374 ideoque

301 2383 691 2466 simpliciter
744 2382 815 2446 in
875 2381 1234 2447 cessatione
1292 2400 1607 2445 manuum
1668 2390 1732 2444 et
1787 2377 2028 2462 pedum
2085 2375 2253 2441 nihil

300 2469 427 2535 fuit
469 2467 813 2534 momenti.
899 2466 1046 2531 Imo
1088 2466 1313 2531 feriari
1357 2486 1491 2531 non
1538 2465 1666 2530 alio
1711 2475 2010 2549 respectu
2055 2481 2251 2546 quam

297 2563 375 2623 ut
408 2556 702 2640 quietem
741 2572 929 2619 suam
974 2562 1295 2636 ponerent
1337 2551 1407 2616 in
1453 2551 1581 2617 Dei
1624 2551 1825 2629 cultu,
1869 2547 2103 2614 frivola
2146 2546 2252 2612 fu·

296 2642 457 2709 isset
493 2640 891 2725 superstitio.
963 2637 1188 2720 Quare
1232 2658 1318 2703 ne
1361 2658 1658 2703 erremus
1699 2638 1769 2702 in
1813 2656 2011 2703 sensu
2055 2634 2251 2699 huius

296 2728 667 2812 praecepti,
723 2735 948 2792 tenere
1004 2725 1315 2792 convenit
1369 2724 1468 2789 rei
1524 2725 1825 2808 signatae
1878 2721 2248 2804 analogiam

296 2821 364 2880 et
421 2832 853 2881 consensum:
913 2821 989 2877 ut
1032 2811 1279 2877 scilicet
1322 2809 1553 2875 Iudaei
1589 2810 1836 2877 scirent
1878 2828 2009 2873 non
2055 2805 2251 2872 aliter

295 2901 508 2967 vitam
549 2919 735 2965 suam
771 2918 957 2981 posse
982 2896 1122 2962 Deo
1162 2896 1440 2980 probari,
1486 2895 1615 2961 nisi
1659 2892 1973 2962 cessando
2017 2914 2058 2958 a
2100 2913 2250 2976 pro-

296 2988 458 3070 priis
520 2985 860 3069 operibus,
935 2985 1286 3062 rationem,
1356 2981 1658 3059 consilia,
1725 3001 1960 3046 sensus
2026 2999 2251 3044 omnes

294 3075 520 3139 carnis
557 3081 624 3138 et
656 3067 925 3136 affectus
968 3081 1308 3135 exuerent.
1373 3067 1604 3152 Neque
1648 3069 1822 3132 enim
1870 3066 2053 3131 vetiti
2095 3073 2252 3131 sunt

297 3161 439 3226 sine
499 3158 886 3240 exceptione
941 3155 1292 3239 quidquam
1350 3156 1566 3240 operis
1623 3175 1707 3238 ag
1791 3153 1928 3232 edi,
1989 3152 2143 3236 quia
2186 3161 2254 3216 et

296 3245 612 3329 parvulos
634 3243 1119 3320 circumcidere,
1166 3250 1232 3306 et
1275 3241 1573 3307 victimas
1618 3241 1699 3306 ad
1749 3259 1940 3305 ucere
1980 3240 2051 3303 in
2093 3239 2252 3303 atri-

294 3353 444 3410 um,
505 3340 578 3397 et
620 3329 941 3412 sacrificia
981 3328 1219 3394 offerre
1260 3328 1375 3393 illo
1421 3327 1526 3392 die
1567 3329 1892 3410 oportuit:
1953 3324 2068 3390 sed
2104 3333 2251 3389 tan-

296 3426 440 3484 tum
482 3417 775 3483 revocati
815 3423 971 3480 sunt
1014 3435 1054 3479 a
1097 3415 1233 3479 suis
1268 3413 1606 3496 operibus,
1653 3421 1728 3477 ut
1771 3420 2084 3495 tanquam
2128 3409 2254 3475 sibi

295 3513 361 3569 et
395 3502 653 3569 mundo
687 3502 947 3578 mortui,
994 3501 1256 3584 penitus
1290 3521 1361 3565 se
1383 3499 1526 3564 Deo
1571 3496 1966 3563 addicerent.
2027 3494 2254 3577 Quare

290 3588 454 3654 dum
512 3587 670 3654 alibi
726 3586 964 3675 (Exod.
1020 3586 1139 3665 31,
1218 3582 1324 3672 13)
1376 3606 1494 3668 per
1551 3584 1787 3651 Mosen
1841 3584 2253 3667 pronunciat,

291 3675 541 3742 deinde
584 3696 702 3757 per
724 3671 1135 3739 Ezechielem
1181 3669 1312 3758 (20,
1360 3669 1487 3758 12),
1535 3669 1657 3736 hoc
1700 3671 1873 3734 inter
1916 3691 1987 3734 se
2031 3680 2095 3734 et
2139 3667 2251 3733 Iu·

292 3761 492 3828 daeos
551 3762 814 3843 signum
873 3779 1016 3825 esse
1073 3757 1244 3842 quod
1290 3778 1401 3823 eos
1447 3758 1836 3836 sanctificet,
1891 3754 2247 3821 videndum

289 3856 395 3913 est
448 3867 627 3931 quae
678 3846 765 3911 sit
820 3844 1018 3910 huius
1075 3843 1609 3911 sanctificationis
1661 3860 1952 3908 summa:
2016 3861 2250 3924 nempe

291 3937 515 4000 carnis
552 3933 877 4009 interitus,
915 3931 1071 3995 dum
1107 3950 1178 3996 se
1213 3930 1390 4014 ipsos
1425 3930 1758 4013 abnegant
1793 3928 2110 4004 homines,
2148 3947 2247 3992 se-

289 4040 422 4103 que
497 4031 763 4085 terreno
821 4018 1088 4101 ingenio
1145 4014 1477 4096 abdicant,
1547 4025 1626 4080 ut
1682 4023 1998 4100 regantur
2050 4022 2249 4098 atque

290 4113 592 4192 agantur
631 4103 868 4188 spiritu
912 4102 1059 4168 Dei.
1127 4099 1524 4185 Quanquam
1570 4121 1674 4167 res
1717 4101 1851 4166 iam
1895 4098 2058 4165 satis
2100 4119 2249 4182 per-

290 4192 528 4275 spicua
574 4202 689 4270 est,
729 4210 965 4273 operae
993 4189 1277 4272 pretium
1325 4187 1450 4253 erit
1493 4207 1638 4252 eam
1679 4183 1972 4270 pluribus
2015 4186 2250 4250 confir-

288 4299 499 4344 mare.
594 4277 693 4342 Ac
746 4275 956 4360 primo
1014 4274 1273 4357 quidem
1333 4272 1807 4340 caeremoniale
1865 4270 1990 4336 hoc
2049 4272 2250 4337 fuisse

292 4370 723 4447 praeceptum
745 4360 995 4428 Paulus
1030 4360 1205 4427 clare
1240 4358 1431 4425 docet
1448 4357 1619 4445 (Col.
1664 4358 1726 4436 2,
1774 4355 1902 4444 17),
1949 4357 2249 4422 umbram

286 4471 532 4515 earum
567 4468 790 4515 rerum
837 4466 1075 4512 vocans
1119 4466 1393 4529 quarum
1436 4444 1717 4511 solidum
1760 4463 1995 4527 corpus
2037 4452 2139 4510 est
2181 4446 2250 4508 in

289 4535 589 4603 Christo.
659 4532 851 4615 Quod
888 4533 946 4598 si
989 4532 1397 4599 caeremonia
1442 4530 1765 4596 duntaxat
1807 4529 1932 4594 fuit
1973 4537 2252 4595 externa

287 4623 482 4705 quies
500 4672 517 4703 ,
588 4619 773 4686 cuius
829 4619 899 4684 in
958 4618 1226 4685 Christo
1287 4615 1662 4700 quaerenda
1719 4616 1807 4682 sit
1862 4615 2248 4696 substantia,

289 4708 467 4774 scire
513 4727 696 4772 nunc
742 4713 946 4771 restat
991 4702 1316 4787 quomodo
1361 4724 1433 4769 re
1467 4703 1611 4787 ipsa
1655 4700 2031 4768 exhibuerit
2053 4700 2249 4767 Chri-

287 4802 441 4861 stus
490 4792 662 4877 quod
723 4803 882 4858 tunc
938 4789 1296 4874 figuratum
1356 4790 1500 4855 fuit.
1589 4787 1735 4853 Hoc
1779 4807 1971 4871 porro
2016 4785 2251 4854 definit

289 4878 472 4945 idem
536 4877 872 4963 apostolus
927 4897 1131 4961 quum
1188 4875 1393 4940 tradit
1447 4873 1664 4961 (Rom.
1712 4874 1754 4939 6
1774 4925 1788 4952 ,
1845 4872 1913 4961 6)
1959 4885 2249 4941 veterem

292 4975 603 5032 nostrum
647 4964 981 5030 hominem
1024 4962 1414 5028 crucifixum
1458 4981 1600 5028 esse
1643 4981 1795 5027 cum
1843 4958 2136 5040 Christo,
2182 4971 2250 5027 et

292 5072 419 5117 nos
465 5052 530 5118 ei
574 5050 1009 5134 consepultos,
1054 5057 1131 5113 ut
1174 5047 1365 5114 nobis
1409 5049 1551 5114 eius
1596 5046 1986 5112 resurrectio
2031 5048 2119 5112 sit
2148 5049 2248 5114 vi-

291 5145 403 5203 tae
478 5138 763 5202 novitas.
864 5137 966 5202 Ac
1037 5140 1217 5199 certe
1280 5155 1363 5198 ex
1431 5132 1654 5200 multis
1711 5132 1869 5198 locis
1917 5133 2251 5218 colligitur

295 5243 443 5288 rem
464 5222 672 5288 fuisse
705 5221 991 5288 maxime
1025 5220 1263 5285 seriam
1299 5219 1688 5286 sabbathum
1724 5238 2012 5284 servare:
2095 5241 2252 5285 uan-

289 5306 381 5374 do
424 5307 690 5374 nullum
730 5305 907 5373 aliud
951 5314 1370 5390 praeceptum
1416 5307 1676 5390 saepius
1719 5304 2002 5371 inculcat
2114 5328 2248 5387 eus,

293 5416 423 5462 nec
480 5394 834 5479 quidquam
889 5393 1179 5460 severius
1236 5390 1478 5475 exigit:
1536 5390 1772 5457 deinde
1814 5389 1926 5456 ubi
1969 5411 2249 5476 conque-

513 5493 739 5553 catum·
767 5510 957 5566 opera.
1033 5494 1151 5551 vot.
1191 5492 1348 5548 xxz
1360 5495 1425 5552 v.

1732 468 2189 552 QUARTUM
2234 469 2886 537 PRAEOEP'PUM.

4188 473 4319 539 578

2360 660 2530 724 ritur
2567 679 2637 724 se
2673 667 3049 742 contempto
3071 658 3351 725 Iudaeos
3386 659 3469 725 ad
3507 669 3873 727 extremam
3908 662 4318 746 impietatem

2354 744 2695 829 prolapsos
2731 766 2897 824 esse,
2942 752 3201 810 tantum
3239 744 3398 812 dicit
3441 746 3689 811 violata
3733 748 3933 814 fuisse
3977 749 4318 830 sabbatha,

2356 850 2432 896 ac
2490 831 2547 895 si
2601 831 2670 896 in
2732 852 2956 897 eorum
3017 830 3474 897 observatione
3532 835 3881 915 praecipue
3926 833 4317 901 consisteret

2355 915 2588 1000 religio
2630 914 2825 1004 (Iere.
2875 917 2992 997 17,
3036 918 3140 983 24.
3209 918 3361 984 Eze.
3406 918 3510 997 20,
3556 919 3658 983 21.
3720 920 3836 998 22;
3896 921 3970 996 8,
4016 921 4120 986 23.
4181 921 4315 1009 38).

2357 999 2553 1083 Quod
2611 1005 2740 1068 nisi
2802 1004 3117 1069 eximium
3181 1003 3428 1088 aliquid
3474 1011 3540 1070 et
3583 1005 3917 1090 singulare
3962 1004 4199 1073 fuisset
4241 1010 4315 1074 in

2355 1087 2702 1168 sabbatho,
2764 1088 2977 1155 videri
3036 1098 3258 1172 posset
3300 1110 3507 1175 aequo
3551 1092 3864 1171 atrocius,
3927 1091 4155 1158 iubere
4198 1094 4319 1160 ho·

2360 1174 2607 1240 minem
2680 1176 2967 1242 interfici
3040 1183 3300 1240 tantum
3368 1176 3680 1259 quoniam
3739 1178 3922 1263 ligna
3994 1178 4319 1246 ceciderat

2353 1256 2580 1347 (Num.
2630 1260 2733 1341 15,
2782 1259 2911 1349 32).
2997 1259 3219 1342 Quare
3262 1262 3688 1327 statuendum
3734 1274 3835 1330 est
3876 1263 4316 1331 substantiam

2355 1346 2689 1429 sabbathi,
2760 1367 2961 1431 quam
3016 1347 3268 1413 Paulus
3336 1348 3409 1412 in
3468 1347 3737 1414 Ohristo
3791 1351 4065 1433 reperiri
4129 1351 4317 1417 docet

2356 1453 2489 1497 non
2533 1433 2736 1498 fuisse
2780 1433 3054 1517 vulgare
3112 1431 3374 1517 aliquod
3420 1432 3685 1500 bonum.
3769 1436 3909 1502 Nec
3955 1457 4112 1501 vero
4172 1439 4316 1504 eius

2354 1521 2754 1601 praestantia
2820 1521 3048 1584 multis
3108 1519 3337 1602 elogiis
3395 1520 3665 1605 indiget,
3735 1522 3889 1604 quia
3952 1522 4313 1608 spiritualis

2354 1604 2540 1688 quies
2596 1605 2763 1670 nihil
2822 1603 3000 1670 aliud
3060 1615 3159 1670 est
3217 1626 3412 1688 quam
3473 1624 3651 1672 mors
3693 1606 3980 1673 hominis
4025 1610 4313 1675 maxime

2352 1690 2644 1773 optanda
2686 1698 2753 1756 et
2798 1712 2950 1756 vere
2996 1692 3218 1767 beata,
3278 1711 3443 1775 quae
3486 1692 3613 1757 Dei
3659 1694 3865 1759 vitam
3910 1695 3978 1759 in
4027 1716 4099 1760 se
4157 1717 4314 1762 con·

2354 1777 2547 1842 tinet:
2595 1777 2793 1842 sicuti
2827 1777 3147 1862 gloriatur
3181 1777 3430 1843 Paulus
3471 1774 3719 1865 (Galat.
3765 1780 3841 1859 2,
3886 1779 4017 1868 20),
4063 1803 4133 1848 se
4174 1782 4311 1848 iam

2355 1884 2498 1929 esse
2553 1864 2739 1948 quasi
2796 1875 3164 1944 mortuum,
3220 1864 3375 1946 quia
3430 1863 3501 1928 in
3557 1865 3701 1948 ipso
3745 1865 4054 1933 Christus
4113 1868 4303 1934 vivit.

2353 1947 2582 2032 Apost.
2642 1951 2711 2014 in
2754 1949 2970 2032 Epist.
3027 1948 3107 2015 ad
3153 1948 3358 2014 Hebr.
3402 1946 3506 2036 (4,
3562 1948 3631 2038 3)
3675 1952 3980 2019 subtilius
4025 1952 4303 2035 disserit,

2358 2055 2576 2101 veram
2644 2037 2930 2118 requiem
3000 2034 3189 2101 nobis
3253 2035 3475 2101 afferri
3542 2057 3661 2121 per
3727 2038 4180 2123 evangelium,
4242 2051 4310 2105 et

2327 2141 2500 2193 ‚eam
2558 2121 2891 2205 repudiari
2946 2120 3030 2187 ab
3087 2121 3456 2187 incredulis.
3541 2123 3691 2189 Etsi
3735 2138 3957 2190 autem
4003 2125 4308 2211 allegori-

2353 2229 2503 2273 cum
2568 2206 2878 2292 quiddam
2942 2207 3201 2282 miscet,
3267 2209 3619 2292 genuinam
3685 2217 3908 2275 tamen
3977 2214 4306 2297 praecepti

2354 2312 2619 2359 causam
2680 2295 2953 2371 retinet,
3011 2314 3137 2376 quo
3183 2294 3374 2359 nobis
3417 2294 3806 2361 cessandum
3852 2297 3941 2361 sit
3985 2317 4025 2360 a
4068 2299 4309 2365 nostris

2353 2379 2678 2462 operibus,
2723 2379 2916 2445 sicuti
2960 2378 3141 2445 Deus
3186 2388 3226 2445 a
3269 2380 3408 2459 suis
3451 2381 3796 2463 requievit.
3865 2382 4012 2449 Hac
4055 2384 4311 2450 ratione

2355 2465 2588 2531 Esaias
2646 2464 2791 2550 (58,
2856 2462 2962 2552 13)
3016 2463 3172 2530 dum
3225 2464 3606 2550 hypocritas
3665 2466 3967 2553 obiurgat
4022 2469 4193 2552 quod
4236 2471 4308 2536 in

2355 2562 2631 2616 externo
2669 2563 2927 2616 tantum
2964 2550 3264 2617 cessandi
3312 2550 3446 2617 ritu
3490 2552 3896 2634 insisterent,
3949 2556 4309 2638 exprobrat

2354 2637 2645 2702 inveniri
2712 2641 2779 2702 in
2846 2639 2985 2721 ipso
3049 2636 3366 2703 sabbatho
3421 2659 3648 2704 eorum
3715 2640 4162 2707 voluntatem:
4232 2663 4307 2706 ac

2354 2724 2413 2788 si
2492 2723 2738 2790 diceret
2800 2722 3168 2808 legitimum
3238 2721 3543 2789 sabbathi
3622 2744 3817 2791 usum
3901 2726 4126 2791 referri
4193 2727 4306 2794 de·

2353 2808 2509 2874 bere
2553 2809 2637 2875 ad
2688 2813 2899 2875 nostri
2960 2809 3497 2893 abnegationem,
3552 2810 3706 2892 quia
3747 2810 3807 2877 is
3851 2809 4115 2877 demum
4174 2833 4312 2879 ces-

2354 2915 2504 2961 sare
2546 2895 2627 2960 ab
2671 2895 2977 2979 operibus
3020 2896 3159 2961 suis
3201 2904 3508 2961 censetur
3550 2897 3660 2978 qui
3721 2917 3850 2962 non
3911 2898 4132 2982 agitur
4189 2921 4309 2964 suo

2354 2981 2653 3058 arbitrio,
2712 3001 2833 3048 nec
2887 2981 3175 3047 consiliis
3231 2983 3368 3047 suis
3424 2979 3753 3066 indulget,
3806 2981 3921 3049 sed
3978 3004 4017 3048 a
4074 2985 4306 3067 spiritu

2354 3066 2486 3134 Dei
2530 3090 2600 3135 se
2652 3066 2844 3153 dirigi
2892 3067 3156 3151 patitur.
3246 3067 3456 3133 Porro
3511 3089 3718 3152 usque
3775 3091 3851 3135 eo
3907 3077 4090 3152 patet
4145 3069 4311 3137 haec

2353 3153 2640 3230 hominis
2698 3154 3089 3232 exinanitio,
3164 3163 3242 3218 ut
3297 3155 3366 3218 in
3425 3152 3611 3219 bonis
3676 3175 3936 3239 quoque
4000 3158 4309 3240 operibus

2357 3240 2640 3306 violetur
2704 3239 3132 3318 sabbathum,
3193 3238 3505 3323 quamdiu
3572 3261 3650 3305 ea
3715 3240 4014 3308 ducimus
4081 3256 4309 3309 nost-ra

2354 3347 2518 3392 esse.
2606 3326 2814 3391 Recte
2859 3328 3037 3391 enim
3084 3326 3498 3409 Augustinus
3551 3322 3813 3413 (ultimo
3859 3330 4071 3411 capite
4118 3328 4161 3396 1.
4199 3329 4305 3394 22.

2354 3411 2459 3477 De
2503 3414 2765 3477 civitate
2813 3410 2993 3499 Dei):
3084 3411 3255 3477 Nam
3303 3420 3371 3476 et
3417 3407 3564 3496 ipsa
3613 3412 3785 3477 bona
3832 3432 4034 3497 opera
4083 3427 4306 3480 nostra

2352 3496 2611 3581 quando
2646 3498 2849 3580 ipsius
2885 3500 3103 3581 potius
3138 3497 3605 3580 intelliguntur
3642 3520 3788 3565 esse
3823 3520 4017 3582 quam
4067 3513 4308 3581 nostra,

2355 3599 2512 3651 tunc
2555 3584 2745 3649 nobis
2788 3583 2872 3649 ad
2914 3583 3039 3649 hoc
3095 3582 3484 3650 sabbathum
3544 3582 4034 3668 adipiscendum
4089 3588 4307 3670 impu·

2352 3679 2613 3748 tantur,
2670 3671 2826 3735 dum
2886 3689 3197 3735 vacamus
3240 3667 3323 3733 ad
3367 3668 3725 3736 videndum
3783 3669 3959 3754 quod
4016 3672 4155 3757 ipse
4206 3683 4313 3740 est

2349 3757 2568 3838 Deus:¹
2613 3756 2768 3839 quia
2816 3756 2873 3820 si
2921 3756 3111 3822 nobis
3155 3774 3234 3821 ea
3276 3755 3727 3836 tribuerimus,
3773 3757 4039 3822 servilia
4092 3769 4305 3839 erunt,

2349 3862 2551 3926 quum
2597 3842 2678 3908 de
2705 3840 3024 3908 sabbatho
3063 3841 3345 3907 dicatur:
3392 3840 3607 3908 Omne
3647 3863 3811 3927 opus
3850 3844 4091 3910 servile
4133 3845 4201 3910 in
4230 3866 4310 3912 eo

2349 3949 2482 3993 non
2527 3928 2794 3994 facietis.
2885 3925 3244 4009 Quaeritur
3293 3947 3471 3993 nunc
3514 3949 3632 3994 cnr
3673 3929 4029 4012 septimum
4072 3950 4303 4014 quem-

2348 4035 2478 4098 que
2522 4014 2697 4079 diem
2739 4014 2955 4097 potius
3007 4014 3443 4099 assignaverit
3486 4014 3668 4080 Deus
3715 4013 4064 4096 sabbatho,
4107 4038 4303 4099 quam

2349 4111 2614 4166 sextum
2670 4100 2779 4165 vel
2845 4099 3191 4166 decimum.
3280 4098 3455 4181 Quia
3519 4101 3928 4184 septenarius
3988 4122 4305 4168 numerus

2349 4206 2547 4270 saepe
2591 4187 2658 4252 in
2700 4185 3027 4270 scriptura
3068 4186 3531 4271 perfectionem
3593 4186 3928 4271 designat,
3986 4195 4309 4270 putarunt

2352 4273 2615 4358 qnidam
2661 4272 2785 4338 hoc
2826 4271 3021 4337 modo
3068 4271 3432 4338 admonitos
3466 4272 3667 4338 fuisse
3714 4270 3971 4350 fideles,
4015 4279 4155 4338 toto
4198 4294 4305 4341 oo-

2352 4367 2517 4425 natu
2560 4356 2644 4423 ad
2685 4357 3042 4441 perfectam
3085 4360 3499 4425 sanctitatem
3544 4357 3927 4423 enitendum
3988 4378 4161 4440 esse,
4219 4383 4306 4427 ne

2353 4444 2623 4510 dimidia
2665 4450 2928 4510 tantum
2972 4464 3057 4508 ex
3114 4452 3300 4528 parte
3355 4465 3426 4509 se
3481 4444 3625 4510 Deo
3683 4442 4078 4511 addicerent.
4169 4447 4305 4513 Alii

2352 4529 2680 4597 diversam
2724 4530 3118 4596 sententiam
3164 4530 3464 4610 eliciunt,
3518 4531 3818 4613 quamvis
3861 4550 3993 4595 non
4040 4542 4303 4600 contra-

2352 4618 2551 4697 riam,
2607 4614 2833 4682 fideles
2889 4615 3089 4682 fuisse
3142 4614 3434 4694 edoctos,
3502 4623 3838 4699 utcunque
3886 4616 4019 4681 iam
4064 4619 4305 4685 sancti-

2349 4704 2527 4768 ficati
2582 4711 2835 4782 essent,
2881 4702 3261 4785 sinceroque
3304 4702 3522 4766 animo
3569 4700 3912 4767 studerent
3954 4724 3995 4768 a
4037 4706 4302 4788 propria

2349 4788 2491 4854 vita
2524 4808 2796 4869 cessare,
2833 4809 3101 4853 manere
3138 4798 3357 4853 tamen
3397 4786 3643 4871 aliquid
3679 4788 3894 4854 carnis
3929 4789 4298 4856 residuum:

2347 4874 2620 4958 ideoque
2673 4881 2806 4939 toto
2873 4873 3047 4940 vitae
3101 4895 3298 4940 cursu
3356 4872 3804 4939 meditandam
3863 4895 4005 4940 esse
4063 4877 4303 4942 sancti-

2348 4970 2550 5027 tatem
2587 4981 2783 5044 quam
2812 4959 3040 5025 nullus
3083 4960 3458 5025 mortalium
3503 4959 3892 5044 assequitur.
3961 4960 4105 5044 Ego
4143 4981 4303 5028 vero

2348 5068 2482 5113 non
2527 5045 2750 5112 dubito
2796 5047 2953 5128 quin
2998 5046 3181 5112 Deus
3227 5067 3344 5111 sex
3392 5044 3623 5112 diebus
3681 5044 4048 5112 condiderit
4103 5067 4298 5112 mun-

2349 5132 2505 5198 dum
2562 5153 2638 5199 ac
2691 5133 2970 5214 septimo
3028 5132 3377 5215 quieverit,
3437 5143 3511 5197 ut
3567 5131 4030 5198 documentum
4077 5131 4303 5198 ederet

2347 5239 2645 5286 summae
2683 5239 2953 5302 operum
2988 5239 3259 5284 suorum
3294 5218 3739 5302 perfectionis:
3778 5228 3971 5299 atque
4014 5217 4105 5282 ita
4140 5217 4301 5284 dum

2348 5328 2417 5373 se
2463 5315 2696 5390 typum
2742 5303 3044 5387 proponit
3086 5303 3169 5368 ad
3212 5306 3680 5382 imitationem,
3726 5303 4055 5386 significat
4100 5325 4171 5369 se
4216 5305 4300 5371 ad

2351 5410 2575 5459 veram
2632 5389 2958 5456 felicitatis
3021 5399 3264 5456 metam
3322 5411 3475 5457 suos
3530 5408 3782 5456 vocare.
3873 5387 4020 5453 Etsi
4077 5401 4301 5458 autem
