4867 6150
547 429 634 495 23
1748 429 2491 498 COMMENTARIUS
2535 430 2634 497 IN
2679 428 2980 495 EXODI
3024 427 3220 494 CAP.
3264 426 3358 493 II.
4491 427 4577 492 24

547 620 822 685 nionem
864 640 901 684 e
948 618 1129 685 coelo
1174 619 1361 684 Deus
1407 618 1821 703 apparuisset
1857 619 2229 703 deploratae
2272 618 2504 685 salutis

554 703 819 773 vindex.
888 706 1117 788 Neque
1155 713 1396 785 tamen,
1440 716 1515 770 ιιι
1549 705 1622 769 in
1657 705 1852 771 rebus
1898 705 2289 789 tranquillis,
2337 703 2506 770 iudi-

558 792 733 857 cium
779 801 916 857 tam
963 790 1045 857 de
1104 801 1290 875 patre
1345 812 1538 873 quam
1587 790 1668 856 de
1723 800 1938 857 matre
1996 791 2338 857 ferendum
2387 798 2505 857 est.

557 877 903 944 Goniicere
959 878 1134 942 enim
1194 888 1570 961 promptum
1628 889 1725 943 est
1782 898 1974 961 quam
2034 876 2267 943 acerbo
2324 877 2509 943 luctu

554 963 942 1047 prosequuti
966 963 1101 1028 sint
1120 962 1395 1028 infantis
1417 963 1633 1028 funus.
1702 962 1847 1029 Imo
1883 962 1985 1049 (ut
2014 964 2229 1029 verius
2253 961 2510 1049 loquar)

556 1048 678 1115 vix
720 1051 1086 1132 ,concipere
1150 1048 1304 1115 licet
1363 1069 1558 1131 quam
1620 1048 1779 1115 diris
1834 1049 2178 1114 tormentis
2234 1050 2508 1116 cruciati

554 1130 824 1201 fuerint.
912 1134 1148 1217 Itaque
1191 1133 1304 1199 ubi
1346 1141 1573 1199 narrat
1616 1135 1835 1200 Moses
1880 1135 2168 1200 arculam
2214 1155 2253 1200 a
2297 1144 2509 1200 matre

558 1229 937 1287 contextam
996 1230 1061 1285 et
1116 1231 1403 1303 aptatam
1464 1221 1695 1301 fuisse,
1752 1230 2004 1304 patrem
2059 1221 2155 1285 ita
2211 1241 2510 1286 moerore

556 1307 763 1373 fuisse
823 1306 1124 1372 obrutum
1185 1305 1555 1373 subindicat
1612 1315 1688 1371 ut
1754 1308 1951 1373 nullis
2015 1308 2147 1372 iam
2212 1307 2510 1389 partibus

558 1392 908 1460 sufficeret.
1018 1392 1167 1458 Hoc
1234 1390 1422 1457 modo
1488 1393 1730 1458 clarius
1805 1393 2127 1477 patefacta
2189 1392 2316 1457 fuit
2380 1391 2506 1458 Dei

561 1479 807 1560 virtus,
864 1479 971 1543 ubi
1030 1478 1169 1544 sola
1226 1477 1490 1555 mulier,
1555 1479 1924 1545 exanimato
1982 1480 2251 1558 marit0,
2312 1478 2380 1543 in
2438 1499 2508 1543 se

560 1566 811 1648 recepit
875 1574 1089 1629 totum
1156 1585 1343 1630 onus.
1454 1563 1686 1647 Neque
1754 1566 1968 1645 enim,
2036 1566 2094 1631 si
2161 1584 2509 1629 commune

556 1650 793 1716 fuisset
827 1651 1092 1727 factum,
1135 1649 1353 1715 Moses
1398 1651 1537 1716 eius
1583 1649 1839 1715 laudem
1886 1653 2081 1716 matri
2122 1651 2191 1715 in
2228 1649 2506 1714 solidum

559 1734 891 1801 tribueret.
960 1736 1275 1800 Maritum
1321 1735 1583 1818 quidem
1629 1737 1959 1821 apostolus
2002 1735 2199 1823 (Eeb.
2249 1736 2349 1813 ll,
2396 1735 2508 1822 23)

557 1823 813 1887 socium
858 1820 1073 1885 laudis
1117 1821 1445 1905 adiungit:
1506 1831 1575 1887 et
1631 1824 1895 1903 'mei-ito,
1999 1826 2108 1888 uia
2148 1822 2509 1888 verisimile

558 1927 695 1972 non
738 1917 838 1972 est
882 1907 1007 1972 nisi
1053 1927 1129 1970 eo
1174 1908 1432 1973 conscio
1476 1917 1544 1972 et
1601 1908 1861 1974 volente
1917 1930 1953 1974 e
2002 1920 2264 1974 ucatum
2309 1908 2508 1973 fuisse

557 2013 856 2077 puerum.
968 1993 1217 2058 Verum
1288 1992 1468 2058 Deus
1533 1994 1645 2076 qui
1712 1995 1877 2061 solet
1947 1995 2213 2059 infirma
2279 1992 2508 2059 mundi

552 2079 828 2163 eligere,
902 2078 1209 2143 feminam
1266 2078 1482 2161 potius
1541 2100 1735 2162 quam
1798 2080 2015 2146 virum
2074 2080 2344 2163 spiritus
2404 2080 2507 2144 sui

555 2162 945 2229 fortitudine
978 2164 1312 2244 instruxit,
1350 2173 1422 2230 ut
1458 2166 1759 2248 praeiret.
1821 2166 2072 2232 Eadem
2110 2169 2304 2231 etiam
2339 2167 2508 2231 ratio

556 2250 741 2317 valet
779 2251 847 2315 in
889 2251 1106 2333 puella
1150 2270 1404 2329 sorore,
1464 2252 1569 2316 cui
1613 2260 1825 2319 mater
1869 2273 2197 2319 summum
2244 2262 2310 2317 et
2353 2251 2508 2317 ulti-

557 2357 744 2401 mum
812 2349 1026 2401 actum
1092 2338 1403 2422 resignat.
1491 2335 1599 2402 Ita
1665 2338 1821 2403 dum
1884 2339 2129 2418 Maria,
2195 2359 2361 2421 quae
2426 2337 2507 2401 ob

557 2431 851 2489 teneram
878 2431 1158 2487 aetatem
1182 2432 1489 2506 exempta
1511 2444 1655 2489 esse
1679 2445 1718 2490 a
1754 2424 2127 2490 discrimine
2150 2423 2507 2503 videbatur,

557 2519 779 2575 custos
845 2509 1217 2591 praeficitur
1274 2510 1450 2574 vitae
1503 2510 1760 2591 fratris,
1815 2511 2154 2593 utriusque
2211 2511 2507 2594 parentis

554 2595 843 2662 officium
889 2595 1165 2660 deficere
1216 2601 1506 2678 apparet.

653 2734 659 2741 .
731 2681 792 2746 2.
854 2680 1203 2763 Viden-sque
1245 2701 1386 2746 eum
1433 2700 1564 2747 esse
1593 2681 1947 2763 pulchrum.
2037 2682 2187 2747 Non
2235 2683 2506 2748 dubium

558 2773 660 2832 est
729 2768 852 2833 hac
914 2766 1125 2832 forma
1190 2766 1509 2834 divinitus
1574 2767 1776 2833 fuisse
1841 2768 2263 2852 insignitum,
2342 2790 2508 2850 quae

559 2852 817 2918 animos
854 2863 1201 2936 parentum
1229 2852 1310 2917 ad
1336 2874 1486 2919 eum
1510 2854 1908 2919 servandum
1933 2855 2143 2938 magis
2182 2855 2505 2919 alliceret:

555 2946 635 3004 ut
668 2938 1005 3004 interdum
1041 2939 1203 3004 solet
1240 2940 1444 3015 Deus,
1483 2939 1591 3003 ubi
1635 2961 1785 3006 suos
1829 2940 2012 3005 videt
2055 2961 2195 3006 esse
2240 2940 2322 3006 ad
2367 2941 2507 3006 offi-

557 3025 732 3091 cium
781 3024 1118 3105 tardiores,
1165 3045 1392 3090 eorum
1436 3025 1765 3110 pigritiem
1818 3026 2156 3092 blanditiis
2200 3028 2506 3094 excitare.

559 3110 955 3194 Quanquam
994 3133 1079 3175 ex
1125 3113 1498 3176 testimonio
1534 3112 1809 3195 apostoli
1846 3121 2118 3192 constat,
2164 3132 2298 3178 non
2334 3113 2510 3180 hanc

559 3198 765 3263 solam
812 3198 1182 3262 illecebram
1245 3197 1531 3264 valuisse
1589 3197 1672 3263 ad
1724 3199 2204 3282 provocandam
2250 3200 2508 3264 miseri-

558 3283 885 3349 cordiam:
948 3282 1062 3348 sed
1122 3283 1488 3349 imbecillae
1547 3284 1701 3349 fidei
1756 3285 1956 3352 fuisse
2017 3284 2507 3351 adminiculum.

556 3368 729 3434 Fide
774 3369 948 3433 enim
995 3370 1225 3434 Mosen
1262 3369 1655 3436 custoditum
1714 3370 1917 3436 fuisse
1961 3370 2148 3437 docet
2191 3393 2229 3436 a
2271 3392 2510 3454 paren-

555 3455 752 3520 tibus,
818 3455 1040 3537 Siquis
1076 3455 1337 3521 obiiciat
1371 3455 1568 3521 fidem
1603 3466 1669 3521 et
1702 3456 2217 3539 pulchritudinis
2252 3476 2509 3540 respec-

557 3549 722 3619 tum,
767 3562 872 3607 res
916 3561 1058 3606 esse
1103 3562 1230 3606 non
1269 3550 1526 3608 tantum
1573 3542 1771 3628 longe
1808 3542 2119 3614 diversas.
2157 3543 2269 3608 sed
2308 3565 2509 3629 prope

558 3629 952 3695 contrarias:
1043 3627 1433 3709 respondeo,
1518 3628 1806 3694 mirabili
1878 3629 2009 3694 Dei
2096 3629 2509 3714 indulgentia

557 3714 804 3779 factum
866 3733 1005 3796 esse
1050 3721 1122 3777 ut
1176 3713 1369 3778 fidem
1428 3715 1692 3781 iuvaret
1748 3714 2289 3799 impedimentum
2337 3716 2506 3798 quod

557 3820 717 3880 eam,
751 3799 1138 3864 obnubilare
1196 3808 1485 3883 poterat:
1547 3800 1809 3884 quando
1867 3802 1940 3865 in
2000 3802 2171 3867 solas
2226 3804 2508 3885 promis-

560 3884 779 3951 siones
822 3885 1077 3948 intenta
1120 3893 1186 3949 et
1229 3886 1366 3950 fixa
1406 3906 1548 3951 esse
1606 3884 1816 3951 debet.
1905 3887 2085 3972 Ergo
2130 3888 2187 3953 si
2232 3909 2396 3971 pura
2443 3896 2511 3952 et

556 3970 809 4054 liquida
870 3971 1145 4036 luxisset
1202 3971 1363 4036 fides
1421 3974 1490 4036 in
1551 3994 1775 4037 eorum
1834 3971 2171 4050 cordibus,
2232 3977 2507 4038 formam

561 4057 727 4122 nihil
767 4058 998 4121 morali
1036 4065 1279 4140 essent,
1316 4079 1579 4123 rursum
1619 4060 1747 4123 nisi
1786 4059 2135 4142 promissio
2174 4060 2508 4143 viguisset,

554 4144 692 4208 imo
727 4143 973 4226 primas
1008 4144 1346 4222 tenuisset,
1386 4165 1515 4209 non
1555 4155 1698 4210 erat
1734 4145 1803 4208 in
1838 4144 2125 4227 corporis
2161 4154 2510 4211 venustate

558 4240 820 4294 tantum
860 4230 1180 4295 efficaciae
1220 4241 1292 4294 ut
1328 4251 1438 4294 eos
1475 4230 1768 4296 traheret
1803 4230 1883 4295 ad
1912 4242 2189 4295 mortem
2230 4231 2510 4296 libenter

558 4313 1012 4399 oppetendam.
1082 4313 1402 4397 Sequitur
1436 4336 1612 4399 ergo,
1650 4337 1850 4399 quum
1889 4316 2056 4381 bene
2091 4317 2171 4381 de
2211 4317 2506 4398 redemp-

561 4403 736 4467 tione
781 4401 904 4465 sibi
949 4402 1268 4482 promissa
1314 4414 1689 4483 sperarent,
1749 4403 2040 4466 animum
2087 4402 2219 4466 illis
2260 4403 2510 4467 obiecta

561 4483 1055 4572 pulchritudine
1099 4488 1299 4552 fuisse
1346 4486 1700 4566 addictum,
1746 4499 1813 4552 et
1857 4490 1949 4551 ita
1994 4499 2379 4571 provocatos
2425 4488 2507 4554 ad

558 4572 1075 4638 misericordiam
1122 4585 1198 4638 ιιι
1240 4594 1529 4638 remoras
1564 4595 1793 4639 omnes
1839 4575 2198 4639 vincerent.
2286 4575 2508 4657 Atque

562 4661 657 4725 ita
702 4678 893 4740 saepe
938 4660 1192 4742 operari
1239 4658 1403 4723 solet
1447 4660 1666 4736 Deus,
1724 4669 1797 4725 ut
1851 4681 2005 4725 suos
2050 4660 2237 4743 quasi
2283 4681 2509 4727 caecos

559 4746 633 4808 in
695 4745 984 4809 tenebris
1044 4766 1244 4810 manu
1305 4744 1526 4823 ducat,
1584 4745 1693 4810 ubi
1763 4748 2058 4811 destituti
2117 4746 2388 4811 consilio
2445 4760 2508 4809 et

565 4831 801 4898 animis
859 4830 1192 4912 liquefacti
1258 4830 1591 4896 vacillant.
1692 4831 1775 4896 In
1830 4853 2122 4911 summa,
2183 4853 2366 4898 amor
2425 4854 2511 4897 ex

561 4919 773 4983 forma
828 4917 1080 4982 elicitus
1136 4917 1297 4981 adeo
1351 4935 1506 4998 pars
1559 4915 1712 4982 fidei
1777 4939 1908 4982 non
1975 4920 2075 4983 fut
2140 4931 2211 4983 ut
2276 4921 2510 4984 merito

562 5005 705 5070 eius
739 5002 997 5067 laudem
1037 5003 1357 5070 obscuret.
1416 5002 1667 5068 Verum
1692 5004 1891 5082 Deus,
1931 5005 2043 5087 qui
2082 5026 2198 5086 pro
2237 5005 2511 5070 mirifica

564 5111 687 5155 sua
753 5087 1076 5172 sapientia
1138 5098 1519 5156 convertere
1585 5089 1808 5154 electis
1873 5090 2095 5154 omnia
2160 5101 2374 5173 potest
2439 5091 2509 5154 in

563 5176 842 5240 bonum:
886 5183 1226 5239 nutantem
1265 5196 1488 5239 eorum
1528 5174 1721 5239 fidem
1758 5176 2073 5241 sustinuit
2106 5197 2180 5242 ac
2215 5177 2514 5242 firmavit

558 5261 689 5327 hac
730 5260 997 5326 fultura.

739 5346 799 5411 4.
852 5347 1029 5412 Stetit
1069 5366 1213 5412 vero
1254 5366 1437 5411 soror
1487 5348 1641 5412 eiu-9.
1733 5347 1925 5414 Hanc
1983 5349 2183 5415 fuisse
2227 5349 2511 5414 Mariam

2610 618 2939 704 probabile
2984 625 3101 683 est.
3190 615 3382 697 Quod
3424 622 3644 681 autem
3681 616 4031 681 stationem
4074 614 4201 681 sibi
4242 615 4458 700 elegit
4494 617 4575 684 ad

2609 702 3119 787 exspectandum
3163 704 3261 768 rei
3306 710 3650 782 eventum,
3696 701 3852 768 hinc
3896 710 4174 786 apparet
4211 723 4410 785 spem
4458 703 4575 769 ali·

2611 812 2807 874 quam
2872 790 3071 856 fuisse
3150 787 3477 854 residuam
3554 789 3964 871 parentibus,
4040 808 4432 870 quanquam
4499 810 4575 856 ea

2612 877 2852 962 exigua
2885 876 3026 941 fuit.
3096 874 3269 940 Nam
3314 874 3608 958 quisquis
3651 875 3809 941 illuc
3853 895 3936 939 ex
3959 875 4315 958 Aegyptiis
4364 896 4573 959 appu·

2611 963 2814 1043 lisset,
2857 964 3117 1028 futurus
3171 960 3345 1026 haud
3393 959 3586 1025 dubie
3628 968 3770 1025 erat
3811 960 4001 1044 pueri
4045 960 4351 1027 carnifex
4372 1012 4388 1035 ,
4440 970 4570 1027 tam

2611 1071 2695 1114 ex
2741 1049 2914 1132 regis
2957 1045 3184 1125 edicto,
3237 1068 3433 1130 quam
3479 1068 3562 1112 ex
3606 1046 3936 1113 communi
3995 1046 4141 1111 odio
4187 1047 4418 1130 gentis
4464 1047 4572 1111 adv

2612 1156 2844 1202 versus
2889 1134 3248 1199 Hebraeos.
3339 1131 3632 1198 Videtur
3674 1153 3831 1217 ergo
3887 1132 4098 1198 locata
4140 1132 4208 1196 in
4264 1133 4572 1200 excubiis

2610 1220 2814 1286 fuisse
2851 1219 3065 1286 Maria
3100 1241 3140 1284 a
3182 1217 3580 1303 parentibus,
3625 1219 3834 1303 magis
3877 1228 3948 1281 ut
3993 1219 4362 1301 spectatrix
4399 1229 4573 1284 esset

2611 1306 2947 1372 fraternae
2999 1302 3246 1384 caedis,
3304 1325 3501 1387 quam
3561 1312 3634 1369 ut
3689 1305 3873 1387 pueri
3930 1303 4125 1369 saluti
4169 1305 4571 1370 consuleret.

2611 1392 2865 1459 Verum
2903 1391 3056 1475 quia
3094 1389 3286 1474 paulo
3323 1401 3476 1455 ante
3511 1389 3794 1455 vidimus
3831 1390 3897 1454 in
3934 1389 4224 1455 tenebris
4249 1390 4571 1457 tristitiae

2613 1487 2676 1542 et
2758 1476 3225 1560 desperationis
3304 1476 3610 1541 micuisse
3689 1475 3840 1540 fidei
3920 1475 4236 1542 scintillas
4256 1527 4271 1554 ,
4359 1490 4573 1541 mater

2613 1563 2887 1629 filiolum
2933 1564 3002 1628 in
3048 1563 3192 1647 ripa
3251 1562 3609 1647 deponens,
3673 1583 3804 1627 non
3849 1561 4081 1628 abiecit
4123 1563 4270 1628 eius
4316 1584 4567 1637 curam,

2613 1650 2728 1716 sed
2772 1649 2949 1716 obvii
3005 1650 3316 1732 cuiusque
3372 1646 3856 1714 misericordiae
3900 1648 4369 1714 commendare
4422 1671 4570 1714 eum

2612 1737 2860 1802 voluit:
2908 1736 3029 1803 hac
3067 1735 3145 1801 de
3186 1754 3381 1800 causa
3422 1734 3621 1799 filiam
3661 1734 3889 1818 procul
3935 1735 4165 1799 statuit
4199 1744 4282 1799 ut
4319 1755 4568 1801 novum

2611 1822 2956 1888 consilium
3001 1842 3085 1886 ex
3143 1830 3383 1886 eventu
3443 1830 3720 1902 caperet.
3812 1820 3982 1885 Nam
4027 1821 4083 1886 si
4143 1820 4443 1886 audisset
4489 1823 4568 1886 ad

2612 1917 2868 1974 noctem
2935 1928 3142 1990 usque
3208 1927 3487 1991 puerum
3542 1906 3677 1971 illic
3733 1906 3974 1987 iacere,
4028 1905 4196 1972 clam
4260 1906 4345 1970 ad
4418 1929 4565 1972 eum

2613 1993 2991 2060 lactandum
3025 1993 3334 2060 venisset.
3403 1995 3624 2075 Atque
3661 1991 3824 2057 haec
3858 1991 4116 2075 quidem
4157 1992 4565 2071 deliberatiO,

2612 2090 2685 2144 ut
2726 2080 2799 2143 in
2844 2079 3038 2144 rebus
3084 2078 3413 2162 perplexis
3458 2087 3524 2143 et
3567 2077 3869 2155 confusis,
3918 2078 4198 2144 evanida
4245 2078 4411 2143 fuit:
4455 2079 4564 2145 sed

2611 2167 2795 2231 Deus
2839 2165 3227 2230 mirabiliter
3283 2164 3351 2229 in
3403 2163 3725 2230 servando
3783 2184 3988 2246 puero
4044 2186 4326 2230 manum
4382 2187 4564 2231 suam

2609 2253 2918 2318 exseruit.
2987 2250 3124 2317 Nec
3170 2251 3344 2315 enim
3385 2250 3654 2316 dubium
3698 2259 3799 2315 est
3841 2250 4005 2333 quin
4048 2250 4314 2317 occulta
4355 2254 4567 2335 provi-

2610 2337 2833 2403 dentia
2868 2337 3070 2402 filiam
3108 2336 3283 2423 regis
3319 2337 3601 2401 traxerit
3634 2335 3715 2400 ad
3753 2337 4016 2414 flumen,
4064 2358 4237 2419 quae
4284 2358 4565 2421 puerum

2611 2422 2917 2489 alendum
2961 2423 3290 2504 suscipere
3333 2422 3630 2488 auderet:
3682 2431 3873 2505 atque
3910 2424 4102 2488 etiam
4144 2423 4231 2488 ad
4279 2424 4565 2489 clemen·

2612 2510 2770 2575 tiam
2815 2509 3074 2574 flexerit
3118 2511 3261 2574 eius
3306 2509 3634 2589 animum,
3697 2518 3769 2573 ut
3823 2517 4123 2592 parceret
4166 2510 4316 2575 eius
4362 2511 4565 2576 vitae:

2612 2604 2818 2661 totam
2864 2593 3142 2678 denique
3201 2595 3374 2661 hanc
3431 2595 3750 2659 actionem
3810 2594 4302 2678 gubernaverit.
4398 2597 4565 2662 Nam

2613 2680 2783 2765 quod
2861 2702 2994 2745 non
3060 2681 3332 2764 inquirit
3403 2680 3783 2765 diligentius
3860 2680 4100 2763 quibus
4175 2676 4616 2766 parentibus*

2613 2767 2996 2851 progenitus
3056 2766 3144 2832 sit
3203 2787 3397 2850 puer,
3476 2765 3651 2832 unde
3713 2766 3942 2831 nutrix
4008 2775 4146 2832 tam
4212 2769 4437 2834 subito
4499 2790 4564 2835 se

2613 2855 2871 2919 offerat:
2933 2852 3111 2939 (quia
3166 2852 3607 2935 promptitudo
3664 2852 3777 2921 illa
3834 2853 4068 2917 merito
4120 2855 4561 2938 suspicionem

2615 2941 2823 3005 facere
2875 2937 3161 3026 poterat)
3215 2946 3442 3003 tantae
3486 2937 3683 3003 huius
3726 2938 4053 3005 facilitatis
4100 2940 4328 3005 Deum
4371 2942 4563 3006 fuisse

2615 3035 2909 3091 autorem
2966 3026 3056 3109 pii
3115 3045 3342 3090 omnes
3399 3023 3800 3090 fatebuntur.
3901 3024 4009 3090 Ita
4066 3026 4241 3109 quod
4302 3025 4563 3094 emersit

2613 3134 2775 3196 puer
2818 3113 3045 3178 salvus
3087 3133 3171 3177 ex
3216 3112 3473 3188 arcula,
3519 3132 3654 3176 non
3701 3112 3845 3177 sine
3889 3112 4188 3195 pluribus
4233 3112 4562 3179 miraculis

2612 3200 2856 3264 factum
2902 3208 3019 3263 est.
3109 3198 3414 3263 Fortuito
3459 3195 3769 3263 accidisse
3812 3199 4034 3263 omnia
4078 3197 4384 3265 dicerent
4418 3219 4559 3283 pro-

2612 3284 2780 3363 fani,
2837 3284 2990 3367 quia
3044 3304 3392 3367 perversus
3445 3304 3628 3348 error
3684 3295 3939 3348 mentes
3993 3305 4225 3351 eorum
4271 3290 4560 3367 occupat,

2613 3378 2687 3435 ut
2731 3369 2812 3435 ad
2857 3369 3205 3453 conspicua
3251 3369 3375 3434 Dei
3419 3389 3618 3451 opera
3658 3370 4052 3450 caecutiant,
4109 3370 4267 3435 dum
4332 3375 4560 3454 putant

2612 3477 2768 3522 casu
2813 3464 3059 3521 temere
3113 3456 3359 3521 versari
3417 3476 3625 3538 genus
3686 3454 4067 3520 humanum.
4158 3455 4367 3522 Nobis
4412 3476 4558 3523 vero

2612 3542 3005 3625 principium
3069 3541 3235 3606 illud
3302 3539 3662 3607 tenendum
3727 3548 3861 3620 est,
3929 3561 4128 3623 quum
4190 3540 4381 3608 Deus
4445 3560 4558 3606 sua

2613 3628 3025 3713 providentia
3068 3636 3339 3692 cunctos
3373 3628 3682 3692 mortales
3727 3639 3928 3710 regat,
3975 3627 4292 3710 peculiari
4341 3637 4554 3694 tamen

2612 3734 2769 3781 cura
2813 3714 3052 3779 electos
3097 3733 3249 3779 suos
3298 3713 3591 3795 dignari,
3650 3726 3717 3776 et
3777 3711 3858 3778 ad
3913 3735 4023 3779 eos
4077 3713 4454 3779 liberandos
4497 3723 4557 3777 et

2612 3797 2925 3866 fovendos
2966 3801 3294 3865 intentum
3339 3821 3497 3865 esse.
3568 3798 3758 3879 Quod
3805 3798 3861 3864 si
3896 3798 4258 3882 prudenter
4305 3798 4555 3885 singula

2614 3885 3076 3970 expendimus,
3143 3886 3328 3951 facile
3392 3885 3558 3949 ratio
3625 3885 3923 3963 dictabit,
4002 3887 4144 3952 eius
4217 3887 4420 3953 ductu
4494 3892 4556 3948 et

2614 3972 2953 4055 auspiciis,
3033 3991 3397 4055 arcanoque
3489 3971 3761 4055 spiritus
3845 3970 4165 4037 instinctu
4247 3971 4554 4055 disposita

2613 4060 2814 4123 fuisse
2855 4059 3075 4122 omnia
3126 4079 3289 4139 quae
3346 4057 3426 4120 ad
3474 4058 3678 4121 Mosis
3736 4056 4188 4123 liberationem
4251 4059 4551 4123 facerent.

2611 4144 2839 4227 Neque
2899 4145 3075 4208 enim
3131 4146 3352 4208 minus
3407 4142 3763 4207 absurdum
3823 4154 3923 4208 est
3982 4155 4118 4208 tam
4172 4147 4550 4211 concinnam

2612 4252 2694 4295 ex
2786 4229 2969 4294 vario
3056 4241 3135 4294 et·
3199 4228 3546 4312 multiplici
3633 4229 4156 4294 adiumentorem
4236 4246 4549 4297 concursu

2614 4315 3129 4380 moderationem
3191 4315 3494 4380 fortunae
3562 4314 3960 4392 adscribere,
4034 4336 4230 4397 quam
4311 4318 4549 4397 fingere

2613 4423 2760 4467 cum
2809 4402 3097 4485 Epicuro
3143 4401 3458 4466 mundum
3506 4422 3589 4464 ex
3632 4402 3867 4466 atomis
3912 4403 4290 4467 conflatum.
4365 4400 4550 4466 Certe

2615 4488 2864 4565 Mosen,
2909 4489 3018 4570 qui
3061 4489 3322 4552 futurus
3367 4493 3510 4551 erat
3551 4487 3772 4570 populi
3826 4486 4232 4572 redemptor,
4292 4486 4472 4570 quasi
4514 4504 4548 4545 e

2613 4574 2957 4656 sepulchro
3034 4573 3291 4650 eduxit,
3376 4581 3450 4638 ut
3527 4573 3834 4656 probaret
3909 4574 4252 4640 exordium
4330 4570 4546 4639 salutis

2612 4660 2923 4725 ecclesiae
2986 4680 3127 4724 esse
3192 4658 3403 4724 veluti
3467 4660 3860 4725 creationem
3928 4681 4011 4723 ex
4084 4660 4310 4724 nihilo.
4408 4655 4543 4720 Hoc

2613 4747 2809 4810 etiam
2877 4744 2957 4809 ad
3026 4745 3285 4810 divinae
3362 4745 3769 4810 liberalitatis
3848 4742 4186 4809 cumulum
4266 4740 4542 4816 accessit,

2614 4831 2784 4915 quod
2824 4853 2952 4897 non
2991 4831 3182 4896 modo
3229 4833 3614 4914 permissum
3653 4831 3851 4895 matri
3885 4830 4007 4894 fuit
4042 4830 4312 4913 impune
4349 4828 4538 4892 filium

2614 4918 2871 4994 lactare,
2917 4919 3028 4985 sed
3076 4917 3228 4982 data
3273 4919 3469 4981 etiam
3516 4917 3640 4981 fuit
3681 4936 3950 4982 merces.

2787 5005 2887 5070 10.
2960 5005 3166 5070 Crevit
3229 5008 3439 5067 autem
3515 5004 3887 5085 infantulae.
4000 5003 4131 5068 Hic
4200 5021 4357 5067 vero
4418 4997 4538 5060 iam

2616 5103 2966 5156 renovatur
3003 5110 3277 5167 moeror,
3316 5089 3486 5173 quod
3526 5090 3755 5154 Mosen
3793 5109 3832 5151 a
3868 5109 3938 5153 se
3972 5089 4209 5155 iterum
4256 5084 4537 5175 abdicare

2614 5187 2941 5260 coguntur
2975 5188 3295 5259 parentes,
3334 5186 3528 5258 atque
3560 5174 3655 5238 ita
3689 5194 3728 5237 a
3769 5174 4130 5241 visceribus
4163 5173 4299 5241 suis
4334 5164 4534 5235 avelli.

2614 5262 2761 5327 Hac
2803 5265 2977 5326 enim
3025 5263 3166 5345 lege
3211 5271 3367 5326 tunc
3412 5262 3630 5327 Moses
3673 5262 3741 5324 in
3784 5270 4044 5344 gentem
4087 5256 4534 5345 Aegyptiacam

2617 5349 2899 5429 transiit,
2943 5360 3018 5415 ut
3061 5371 3190 5414 non
3231 5346 3422 5413 modo
3459 5346 3713 5413 alienus
3750 5357 3920 5413 esset
3953 5369 3993 5412 a
4025 5358 4222 5432 gente
4266 5361 4394 5417 sua,
4429 5356 4493 5401 se
