4867 6150
342 443 472 510 589

341 635 496 697 sunt
532 631 736 714 feriae
776 629 1037 698 Iehovae
1080 634 1348 710 sanctae,
1390 649 1554 714 quas
1595 629 1978 698 celebrabitis
2019 632 2310 714 temporie

348 718 465 784 bus
507 718 665 784 suis.
754 716 815 783 5.
865 715 1085 784 Mense
1114 718 1352 799 primo,
1394 717 1864 800 quartadecima
1908 719 2175 799 mensis,
2220 719 2308 785 ad

348 823 676 885 vesperam
726 802 934 870 Pesah
980 802 1242 869 Iehovae
1285 808 1392 870 est.
1483 803 1543 869 6.
1597 803 2059 885 Quintodecimo
2100 810 2307 870 autem

344 890 450 957 die
493 890 729 956 mensis
769 889 965 956 huius
1004 889 1343 956 solennitas
1396 891 1517 955 erit
1572 890 2146 973 infermentatorum
2202 890 2307 957 Ie-

344 975 569 1056 hovae,
621 980 855 1057 septem
896 974 1114 1042 diebus
1158 976 1592 1058 infermentata
1636 976 1978 1042 comedetis.
2072 977 2129 1042 7.
2176 976 2308 1043 Die

332 1061 552 1145 primo
595 1063 942 1128 convocatio
983 1067 1205 1127 sancta
1247 1062 1364 1127 erit
1420 1061 1620 1127 vobis.-
1670 1061 1918 1128 nullum
1975 1083 2133 1146 opus
2175 1082 2307 1129 ser-

345 1147 471 1213 vile
522 1148 791 1231 facietis.
881 1146 941 1214 8.
1018 1147 1303 1230 Offeretis
1352 1152 1563 1213 autem
1618 1147 1983 1214 oblationem
2040 1149 2307 1234 iynitam

347 1233 615 1300 Iehovae
676 1240 908 1317 septem
984 1232 1240 1299 diebus.-
1315 1233 1419 1299 die
1478 1233 1738 1314 septimo
1780 1234 1899 1299 erit
1963 1237 2308 1302 convocatio

343 1325 598 1396 sancta,
644 1320 890 1386 nullum
930 1340 1086 1402 opus
1127 1318 1351 1385 servile
1398 1319 1663 1402 facietis.
1754 1319 1815 1385 9.
1874 1320 1989 1386 Ad
2031 1320 2180 1387 haec
2223 1321 2309 1387 lo—

342 1410 580 1489 quutus
625 1411 713 1472 est
758 1405 991 1473 Iehova
1026 1405 1116 1471 ad
1159 1404 1402 1484 Mosen,
1447 1406 1733 1473 dicendo.-
1822 1407 1923 1471 10.
1970 1407 2308 1490 Alloquere

333 1492 510 1575 filios
549 1491 778 1568 Israel,
822 1499 880 1558 et
911 1493 1015 1559 dic
1057 1491 1185 1558 eis.-
1236 1492 1442 1574 Quum
1475 1492 1752 1577 inqressi
1782 1492 2038 1574 fueritis
2070 1498 2309 1559 terram

339 1598 541 1662 quam
584 1598 691 1663 eqo
733 1579 811 1644 do
853 1577 1056 1658 vobis,
1102 1583 1160 1642 et
1208 1579 1598 1644 messueritis
1638 1598 1901 1644 messem
1944 1580 2117 1660 eius,
2161 1583 2307 1645 tunc

340 1664 614 1746 offeretis
652 1684 860 1730 omnes
890 1664 1230 1746 primitias
1262 1666 1486 1730 messis
1517 1671 1755 1730 vestrae
1790 1666 1876 1731 ad
1908 1665 2303 1732 sacerdotem.

343 1751 452 1816 11.
507 1750 631 1832 Qui
688 1752 863 1833 offert
919 1769 1088 1816 omer
1144 1769 1353 1816 coram
1399 1749 1663 1829 Iehova‚
1731 1756 1804 1816 ut
1855 1750 1942 1817 sit
1991 1756 2309 1835 acceptum

329 1857 463 1920 pro
505 1836 711 1902 vobis.-
763 1837 835 1902 in
893 1837 1167 1902 crastino
1204 1834 1490 1901 sabbathi
1553 1838 1764 1919 offeret
1803 1836 1968 1903 illud
2000 1838 2303 1904 sacerdos.

341 1923 452 1990 12.
500 1922 898 2004 Facietisque
931 1922 1034 1987 die
1065 1942 1186 2004 quo
1221 1922 1492 2004 offeretis
1524 1943 1693 1988 omer
1726 1944 1961 2007 aqnum
1992 1924 2306 2008 inteqrum

333 2010 732 2090 anniculum,
777 2010 844 2074 in
889 2007 1308 2077 holocaustum
1354 2007 1652 2075 Iehovae.-
1738 2008 1839 2074 13.
1889 2009 1981 2074 Et
2021 2009 2308 2075 minham

331 2097 505 2176 eius,
550 2097 717 2161 duas
759 2095 1032 2161 decimas
1074 2094 1326 2160 similae
1355 2095 1703 2176 permistae
1746 2095 1871 2161 oleo
1887 2148 1902 2174 ‚
1943 2095 2306 2162 oblationem

332 2183 617 2266 iynitam
662 2179 927 2246 Iehovae
985 2181 1054 2246 in
1114 2181 1362 2246 odorem
1419 2181 1682 2263 quietis.-
1738 2187 1796 2246 et
1848 2181 2116 2247 libamen
2170 2182 2307 2247 eius

329 2269 481 2334 vini
525 2272 819 2351 quartam
848 2271 1102 2348 partem
1142 2265 1274 2332 hin.
1369 2267 1470 2333 14.
1521 2266 1766 2334 Panem
1806 2288 1952 2334 vero
1994 2274 2053 2334 et
2096 2268 2308 2350 polen-

333 2360 476 2421 tam
494 2403 511 2434 ,
569 2357 625 2420 et
674 2355 918 2436 spicam
948 2352 1213 2434 plenam
1248 2373 1372 2418 non
1412 2354 1738 2420 comedetis
1777 2373 1976 2436 usque
2016 2354 2103 2420 ad
2144 2353 2308 2420 hunc

328 2441 559 2522 imum
599 2440 785 2516 diem,
830 2440 1021 2504 donec
1062 2437 1410 2506 obtuleritis
1452 2459 1685 2506 munus
1726 2438 1859 2505 Dei
1900 2440 2096 2506 vestri
2109 2464 2129 2505 .·
2170 2444 2304 2505 sta-

330 2532 553 2592 tutum
596 2530 976 2608 peopetuum
1030 2525 1148 2590 erit
1212 2525 1280 2590 in
1340 2524 1850 2610 qenerationibus
1912 2527 2138 2592 vestris
2153 2577 2170 2605 ,
2233 2524 2306 2592 in

329 2613 585 2678 cunctis
648 2610 1023 2678 habitaculis
1085 2611 1326 2677 vestris.
1431 2610 1532 2677 15.
1604 2611 2044 2678 Numerabitis
2099 2615 2306 2678 autem

328 2698 527 2765 vobis
559 2695 695 2763 dies
738 2719 780 2761 a
811 2701 1063 2779 postero
1081 2697 1185 2763 die
1225 2694 1533 2776 sabbathi,
1580 2719 1622 2762 a
1655 2698 1759 2764 die
1791 2717 1919 2779 qua
1963 2696 2309 2763 obtuleritis

325 2804 515 2851 omer
581 2781 935 2850 elevationis
948 2832 965 2863 ,
1043 2788 1275 2866 septem
1352 2782 1761 2850 hebdomades
1811 2783 2042 2866 plenae
2102 2787 2304 2850 erunt.

331 2871 452 2936 16.
539 2867 744 2953 Usque
787 2871 872 2936 ad
902 2873 1227 2952 posterum
1268 2868 1432 2934 diem
1473 2869 1756 2935 sabbathi
1798 2870 2050 2953 septimi
2089 2889 2304 2935 nume-

322 2956 580 3025 rabitis
598 2956 1058 3040 quinquaqinta
1095 2954 1251 3033 dies,
1288 2960 1345 3020 et
1378 2955 1649 3038 offeretis
1682 2955 2046 3022 oblationem
2081 2976 2305 3022 novam

324 3040 633 3111 Iehovae.
726 3041 825 3108 17.
888 3039 998 3106 Ecc
1052 3039 1427 3109 habitaculis
1476 3042 1700 3107 vestris
1756 3042 2024 3125 offeretis
2069 3062 2306 3125 panem

328 3130 718 3198 oblationis.-
786 3129 949 3193 duae
1011 3149 1091 3193 ex
1142 3127 1394 3195 duabus
1457 3128 1719 3195 decimis
1779 3128 2032 3195 similae
2094 3134 2306 3195 erunt.-

329 3237 491 3285 cum
529 3217 829 3300 fermento
870 3219 1202 3296 coquentur
1233 3215 1566 3297 primitiae
1611 3214 1904 3294 Iehovae.
1986 3214 2086 3281 18.
2146 3215 2307 3298 Offe-

328 3305 619 3385 retisque
653 3321 794 3367 oum
814 3320 989 3383 pane
1020 3299 1132 3366 illo
1165 3305 1395 3382 septem
1430 3320 1623 3383 aynos
1658 3302 1927 3385 inteqros
1959 3300 2304 3381 anniculos,

325 3396 394 3457 et
438 3389 770 3455 iuvencum
807 3385 1016 3469 filium
1058 3385 1232 3452 bovis
1275 3407 1491 3463 unum,
1535 3392 1593 3453 et
1634 3390 1866 3453 arietes
1906 3388 2081 3467 duos,
2124 3392 2308 3454 erunt

328 3475 774 3543 holocaustum
832 3472 1131 3539 Iehovae.-
1192 3478 1249 3538 et
1317 3472 1541 3538 oblatio
1603 3493 1814 3539 eorum
1878 3473 2308 3556 libaminaque

329 3582 589 3639 eorum,
671 3558 899 3626 oblatio
974 3559 1177 3643 iqnita
1255 3560 1376 3625 erit
1451 3560 1664 3626 odoris
1726 3559 1956 3642 quietis
2021 3558 2303 3627 Iehovae.

332 3648 451 3714 19.
501 3644 783 3715 Facietis
824 3664 1063 3728 quoque
1105 3644 1354 3712 hircum
1395 3664 1738 3728 caprarum
1772 3666 1972 3711 unum
2003 3667 2132 3728 pro
2165 3666 2307 3730 pec-

327 3738 498 3814 cato,
541 3738 599 3798 et
638 3732 798 3799 duos
841 3751 1037 3816 aqnos
1079 3732 1407 3798 anniculos
1448 3733 1519 3797 in
1560 3731 1951 3814 sacrificium
1981 3734 2307 3816 prosperi-

326 3825 564 3888 tatum.
654 3817 757 3884 20.
813 3817 1156 3900 offeretque
1197 3818 1489 3884 sacerdos
1532 3816 1648 3884 illa
1688 3817 1864 3884 ultra
1894 3840 2133 3900 panem
2165 3819 2309 3901 pri-

327 3906 698 3984 mitiarum,
737 3904 1132 3970 elevationem
1151 3923 1364 3971 coram
1385 3903 1620 3970 Iehova
1654 3924 1794 3969 cum
1828 3904 2067 3970 duobus
2100 3906 2306 3988 aquis,

326 3992 649 4060 sanctitas
691 3996 869 4056 erum
913 3989 1180 4055 Iehovae
1221 3989 1543 4057 sacerdoti.
1632 3990 1737 4057 21.
1795 3989 1884 4056 Et
1924 3990 2308 4057 celebrabitis

324 4079 458 4145 hoc
499 4079 643 4160 ipso
688 4076 791 4143 die
831 4076 1257 4154 celebritatem,
1303 4077 1645 4143 convocatio
1686 4082 1911 4142 sancta
1950 4077 2067 4142 erit
2098 4077 2307 4144 vobis:

325 4164 593 4232 ’ninum
633 4183 791 4246 opus
831 4160 1055 4229 servile
1091 4161 1375 4244 facietis.-
1429 4166 1733 4228 statutum
1764 4168 2145 4246 perpetuum
2187 4165 2310 4229 erit

326 4255 414 4319 in
460 4251 700 4318 cunctis
730 4247 1109 4316 habitaculis
1141 4247 1385 4329 vestris,
1431 4249 1503 4314 in
1526 4247 2030 4333 generationibus
2063 4250 2301 4316 vestris.

331 4338 480 4419 [22.
528 4334 619 4402 Et
661 4355 856 4419 quum
896 4334 1281 4400 messueritis
1320 4353 1581 4401 messem
1624 4340 1826 4401 terrae
1865 4340 2105 4401 vestrae
2120 4388 2136 4415 ‚
2181 4356 2306 4402 non

327 4422 675 4505 complebis
718 4421 1025 4505 anyulum
1066 4421 1210 4504 aqri
1251 4421 1348 4485 tui
1403 4421 1474 4485 in
1529 4440 1727 4488 messe
1784 4425 1927 4487 tua.-
1983 4442 2092 4488 nec
2144 4421 2307 4504 quod

329 4510 681 4578 residuum
736 4507 859 4574 erit
913 4509 983 4573 in
1041 4526 1236 4572 messe
1289 4512 1402 4572 tua
1443 4504 1734 4591 colliqes}
1822 4506 1928 4573 23.
1974 4507 2307 4590 Loquutus

330 4601 441 4663 est
473 4598 805 4677 praeterea
850 4592 1083 4659 Iehova
1141 4592 1228 4660 ad
1273 4591 1527 4671 Mosen,
1586 4593 1878 4659 dicendo.-
1964 4593 2068 4659 24.
2130 4594 2307 4660 Allo—

331 4702 540 4765 quere
576 4679 749 4762 filios
784 4678 1014 4759 Israel,
1058 4679 1351 4746 dicendo.-
1394 4678 1618 4744 Mense
1650 4680 1922 4760 septimo,
1958 4681 2177 4761 primo
2204 4680 2307 4746 die

329 4767 630 4834 eiusdem
670 4768 791 4833 erit
852 4766 1025 4832 vobis
1074 4764 1439 4831 sabbathum
1492 4767 1935 4831 monimentum
1978 4765 2305 4849 clamoris,

325 4854 699 4922 convocatio
751 4857 989 4918 sancta.
1080 4850 1184 4917 25.
1248 4850 1517 4916 Nullum
1571 4872 1730 4932 opus
1769 4851 1997 4917 servile
2035 4853 2304 4935 facietis,

323 4946 400 5008 et
450 4940 720 5022 offeretis
761 4938 1120 5004 oblationem
1163 4938 1430 5021 iqnitam
1470 4936 1748 5003 Iehovae.
1827 4937 1932 5002 26.
1976 4938 2308 5021 Loquutus

329 5032 447 5094 est
499 5045 738 5108 quoque
782 5023 1016 5090 Iehova
1068 5023 1155 5090 ad
1199 5022 1457 5103 Mosen,
1513 5024 1803 5091 dicendo.-
1879 5024 1984 5089 27.
2047 5024 2304 5090 Verum·

327 5118 562 5179 tamen
589 5109 636 5198 1)
678 5112 749 5176 in
790 5111 1026 5177 decimo
1066 5109 1302 5175 mensis
1343 5108 1537 5176 huius
1578 5111 1859 5192 septimi,
1913 5110 2049 5176 dies
2090 5111 2308 5193 capia-

325 5202 599 5265 tionum
641 5198 790 5264 erit.-
831 5197 1177 5264 convocatio
1218 5200 1439 5263 sancta
1480 5197 1597 5262 erit
1636 5195 1809 5263 vobis
1822 5247 1838 5277 ,
1896 5196 2309 5280 affliqdisque

523 5386 582 5458 1)
617 5387 696 5441 In
728 5388 1011 5455 maraine.-
1042 5384 1167 5453 Vel,
1206 5384 1411 5454 utique.
1487 5383 1566 5440 Et
1599 5387 1679 5441 sic
1711 5402 1922 5456 quoque
1953 5401 2003 5441 v.
2038 5384 2123 5440 39.

1774 441 2235 524 QUARTUM
2278 442 2932 511 PRAECEPTUM.

4241 444 4374 513 590

2411 633 2665 697 animas
2699 636 2957 710 vestras,
2994 635 3048 697 et
3082 631 3348 713 offeretis
3382 630 3769 714 sacrificium
3788 633 4057 717 iqnitum
4080 632 4364 700 Iehovae.

2408 717 2514 784 28.
2564 717 2835 783 Nullum
2879 737 3040 800 opus
3076 718 3330 800 facietis
3370 715 3478 784 hoc
3519 718 3659 801 ipso
3700 719 3830 799 die,
3889 719 4044 802 quia
4086 720 4223 785 dies
4265 740 4367 785 ex-

2399 804 2760 887 piationum
2803 808 2894 870 est
2935 805 3020 870 ad
3064 804 3451 885 expiandum
3476 801 3521 890 ¹)
3563 824 3673 870 vos
3714 824 3924 871 coram
3960 804 4193 871 Iehova
4227 805 4366 873 Deo

2405 894 2625 955 vestro.
2692 889 2795 955 29.
2842 889 3063 956 Omnis
3097 890 3266 955 enim
3299 891 3518 955 anima
3554 910 3712 972 quae
3742 911 3863 957 non
3893 890 4095 973 fuerit
4124 891 4365 974 afflicta

2408 996 2476 1042 eo
2518 976 2657 1059 ipso
2699 976 2818 1053 die,
2864 975 3182 1041 excidetur
3215 996 3247 1041 e
3275 974 3541 1060 populis
3575 977 3733 1042 suis.
3801 976 3905 1043 30.
3950 973 4040 1042 Et
4071 979 4363 1059 quisquis

2401 1061 2622 1144 fecerit
2663 1061 3065 1144 quodcunque
3105 1082 3263 1142 opus
3303 1082 3370 1127 eo
3413 1063 3554 1144 ipso
3596 1063 3699 1127 die
3712 1115 3728 1141 ,
3760 1064 4033 1144 perdam
4077 1065 4363 1130 animam

2404 1146 2591 1213 illam
2634 1169 2667 1214 e
2706 1148 2908 1215 medio
2937 1147 3168 1231 populi
3208 1148 3333 1213 sui.
3423 1147 3527 1213 31.
3578 1148 3845 1215 Nullum
3885 1169 4045 1231 opus
4082 1148 4366 1231 facietis:

2405 1238 2705 1299 statutum
2742 1239 3113 1316 perpetuum
3156 1235 3275 1299 erit
3313 1234 3386 1298 in
3438 1235 3937 1317 qenerationibus
3988 1236 4239 1315 vestris,
4292 1237 4364 1302 in

2405 1321 2645 1385 cunctis
2693 1318 3175 1385 habitationibus
3228 1320 3470 1385 vestm‘s.
3559 1320 3663 1386 32.
3713 1318 4093 1386 Sabbathum
4136 1322 4366 1402 quietis

2406 1411 2498 1472 est
2538 1404 2736 1484 vobis,
2782 1410 2836 1471 et
2880 1405 3178 1489 afsliqetis
3219 1405 3474 1472 animas
3511 1411 3754 1473 vestras
3809 1427 3974 1472 nona
4017 1409 4249 1473 mensis
4291 1408 4362 1473 in

2406 1511 2704 1575 vespera:
2760 1513 2802 1556 a
2843 1511 3102 1575 vespera
3156 1511 3353 1573 usque
3409 1493 3494 1558 ad
3548 1512 3870 1576 vesperam
3925 1494 4247 1574 quiescetis
4291 1495 4361 1560 in

2406 1576 2703 1645 sabbatho
2742 1582 2956 1643 vestro.
3040 1577 3142 1643 33.
3180 1577 3509 1660 Loquutus
3543 1583 3634 1643 est
3665 1584 3724 1644 et
3746 1576 3977 1644 Iehova
4013 1580 4099 1644 ad
4125 1577 4361 1659 Mosen,

2406 1663 2695 1730 dicendo.-
2759 1663 2863 1729 34.
2906 1662 3241 1747 Alloquere
3278 1662 3449 1744 filios
3472 1662 3696 1743 Israel,
3743 1664 4033 1731 dicendo.-
4073 1663 4363 1731 Decimo·

2408 1752 2623 1832 quinto
2664 1750 2769 1816 die
2808 1750 3045 1815 mensis
3099 1751 3352 1832 septimi
3407 1749 3601 1816 huius
3614 1802 3628 1823 ‚
3686 1750 4025 1816 solennitas
4081 1750 4361 1817 taberna-

2406 1835 2689 1901 culorum
2729 1836 2847 1901 erit
2897 1839 3126 1916 septem
3179 1835 3397 1901 diebus
3440 1835 3721 1903 Iehovae.
3810 1835 3912 1903 35.
3974 1835 4102 1902 Die
4148 1837 4361 1920 primo

2407 1923 2529 1987 erit
2575 1922 2921 1988 convocatio
2977 1926 3225 1998 sancta,
3291 1922 3541 1988 nullum
3590 1943 3749 2003 opus
3808 1922 4029 1989 servile
4088 1923 4357 2006 facietis.

2408 2008 2512 2074 36.
2552 2007 2799 2090 Septem
2832 2007 3051 2073 diebus
3084 2008 3348 2089 offeretis
3381 2009 3766 2091 sacrificium
3787 2008 4055 2093 iynitum
4080 2008 4360 2089 Iehovae,

2406 2096 2511 2161 die
2553 2099 2759 2160 octavo
2800 2094 3143 2160 convocatio
3185 2098 3403 2159 sancta
3459 2094 3578 2161 erit
3618 2093 3805 2172 vobis,
3851 2099 3907 2162 et
3947 2095 4213 2177 offeretis
4254 2115 4361 2162 sa-

2407 2181 2713 2262 crificium
2754 2179 3022 2264 ignitum
3060 2179 3342 2260 Iehovae,
3379 2179 3723 2246 solennitas
3764 2185 3869 2259 est,
3913 2181 4160 2247 nullum
4203 2201 4361 2264 opus

2408 2266 2635 2333 servile
2694 2265 2959 2342 facietis.
3058 2264 3161 2331 37.
3232 2267 3406 2332 Istae
3471 2272 3620 2333 sunt
3669 2265 4039 2348 festivitates
4096 2266 4362 2334 Iehovae

2406 2372 2570 2434 quas
2609 2351 3009 2431 celebrabitis,
3053 2353 3507 2418 convocationes
3547 2357 3815 2432 sanctae,
3860 2358 3934 2417 ut
3972 2354 4248 2435 offeratis
4289 2353 4361 2418 in

2406 2439 2501 2537 eis
2540 2437 2955 2606 sacrificiumfi
2968 2437 3253 2589 iqnitungt
3281 2436 3547 2590 ΙῗῶἢΎρ
3560 2491 3575 2516 ,
3630 2437 4056 2607 Ιιοῑοοααεέςὲοηᾶ
4092 2445 4149 2504 et
4192 2439 4361 2591 abila-

2406 2530 2661 2602 ttonem‚
2740 2543 2912 2590 sacri
2957 2543 3126 2589 cium
3456 2544 3633 2590 mma
3703 2545 3819 2590 suo
4057 2545 4175 2606 que
4281 2545 4359 2591 ie.

2407 2610 2512 2676 38.
2563 2607 2827 2677 Praeter
2863 2607 3178 2675 Sabbatha
3216 2608 3494 2689 Iehovae,
3538 2616 3597 2676 et
3626 2616 3888 2692 praeter
3928 2611 4097 2678 dona
4137 2615 4362 2691 vestra,

2397 2701 2772 2779 praeterque
2812 2697 3027 2762 omnia
3068 2700 3210 2761 vota
3251 2701 3456 2762 vestra
3472 2747 3489 2776 ,
3554 2702 3612 2761 et
3640 2701 3898 2777 praeter
3931 2717 4140 2762 omnes
4180 2716 4362 2781 spon-

2408 2788 2632 2849 taneas
2665 2781 2998 2849 oblationes
3028 2786 3268 2847 vestras
3300 2802 3460 2864 quas
3491 2780 3727 2847 dabitis
3749 2782 4034 2849 Iehovae.
4094 2782 4198 2849 39.
4253 2783 4365 2849 Ve-

2407 2874 2763 2934 rumtamen
2804 2867 3255 2967 decimoquinto
3307 2868 3410 2933 die
3463 2868 3699 2935 mensis
3761 2869 4045 2952 septimi,
4111 2868 4364 2951 quando

2409 2958 2945 3124 essm
2964 2953 3242 3140 snm...-
3274 2959 3638 3124 Ἤ...»
3525 2953 4365 3141 ‘misum

2409 3148 2649 3211 quoque
2690 3131 2894 3193 octavo
2937 3131 3058 3192 erit
3117 3125 3505 3192 sabbathum.
3592 3126 3696 3193 40.
3761 3127 4150 3210 Sumetisque
4192 3126 4363 3193 vobis

2409 3215 2513 3281 die
2547 3214 2759 3297 primo
2796 3212 3072 3295 fructum
3131 3211 3377 3278 arboris
3425 3213 3704 3293 decorae,
3756 3219 3815 3279 et
3868 3233 4082 3280 ramos
4114 3214 4366 3297 palma-

2408 3320 2574 3379 rum,
2616 3304 2671 3364 et
2711 3318 2922 3366 ramos
2965 3297 3218 3365 arboris
3258 3299 3597 3365 densarum
3622 3299 3959 3382 frondium
3982 3351 3997 3378 ‚
4042 3305 4098 3365 et
4137 3300 4366 3367 salices

2408 3386 2719 3461 torrentis,
2756 3390 2810 3451 et
2831 3383 3221 3451 laetabimini
3243 3405 3453 3451 coram
3476 3384 3713 3453 Iehova
3732 3385 3870 3453 Deo
3902 3391 4104 3452 vestro
4137 3390 4365 3467 septem

2408 3470 2641 3539 diebus.
2732 3471 2836 3537 41.
2887 3468 3317 3550 Celebrabitis,
3371 3471 3663 3554 inquam,
3721 3473 3915 3540 istam
3953 3471 4365 3539 celebritatem

2409 3556 2680 3623 Iehovae
2721 3561 2949 3642 septem
2986 3555 3207 3623 diebus
3247 3559 3611 3639 quotannis.-
3663 3563 3965 3624 statutum
3993 3563 4364 3641 perpetuum

2407 3645 2527 3710 erit
2571 3642 2637 3708 in
2677 3642 3177 3728 qenerationibus
3228 3644 3481 3724 vestris,
3536 3664 3741 3711 merzse
3790 3646 4051 3727 septimo
4103 3642 4364 3710 celebra-

2406 3729 2556 3796 bitis
2612 3729 2809 3796 illam.
2913 3728 3018 3795 42.
3081 3730 3166 3795 In
3232 3727 3649 3796 tabernaculis
3709 3729 4073 3797 habitabitis
4135 3734 4364 3813 septem

2407 3815 2660 3883 diebus.-
2716 3816 2920 3883 omnis
2961 3815 3263 3899 indiqena
3304 3836 3381 3882 ex
3425 3815 3672 3884 Israele
3712 3816 4014 3883 habitabit
4054 3817 4127 3883 in
4167 3816 4363 3882 taber-

2408 3902 2678 3969 naculis.
2765 3901 2868 3968 43.
2945 3900 3026 3969 Ut
3079 3902 3281 3969 sciant
3331 3903 3753 3986 qenerationes
3804 3907 4045 3969 vestrae
4085 3902 4251 3985 quod
4295 3903 4365 3968 in

2409 3987 2830 4055 tabernaculis
2886 3987 3172 4054 habitare
3224 3987 3348 4069 feci
3381 3987 3557 4071 filios
3603 3989 3814 4055 Israel
3869 3989 4118 4071 quando
4168 3988 4364 4054 eduxi

2408 4094 2515 4140 eos
2558 4095 2592 4140 e
2626 4079 2793 4141 terra
2828 4075 3132 4159 Aeyypti:
3172 4095 3279 4159 eqo
3313 4073 3545 4141 Iehova
3579 4073 3759 4140 Deus
3799 4079 4012 4140 vester.
4093 4074 4196 4140 44.
4236 4073 4362 4139 Lo-

2402 4162 3012 4330 Ξυῖαίαῖἆεῗᾱίρίίων
3056 4160 3267 4228 Moses
3323 4161 3400 4227 de
3453 4159 3923 4227 solennitatibus
3971 4159 4238 4227 Iehovae
4278 4160 4365 4226 ad

2475 4267 2574 4315 ios
2829 4298 2842 4313 .

2582 4420 2644 4486 4.
2692 4418 2837 4485 Hae
2878 4421 3024 4484 sunt
3063 4418 3286 4499 feriae.
3378 4416 3716 4488 Sabbatho
3762 4419 3992 4485 affines
4050 4429 4207 4486 sunt
4249 4420 4365 4485 alii

2409 4506 2549 4572 dies
2591 4507 2737 4573 festi
2783 4526 2945 4589 quos
2989 4504 3096 4569 hic
3137 4513 3437 4571 recenset
3479 4505 3719 4572 Moses.
3797 4504 4022 4571 Primo
4067 4505 4205 4570 loco
4248 4527 4362 4590 po-

2408 4594 2591 4659 nitur
2633 4591 2910 4677 pascha,
2954 4590 3140 4655 cuius
3198 4599 3422 4656 tamen
3479 4592 3871 4674 mysterium
3929 4612 4063 4657 non
4121 4591 4364 4676 ubsque

2407 4678 2666 4745 ratione
2687 4679 2902 4762 primo
2933 4684 3278 4759 praecepto
3312 4676 3647 4742 coniunxi.
3690 4675 3752 4742 Ν
3756 4698 3863 4742 am
3898 4677 4036 4742 illic
4070 4680 4365 4761 exposite

2405 4764 2535 4832 fuit
2574 4764 2936 4842 institutio,
2992 4771 3316 4846 quatenus
3365 4762 3681 4847 populum
3736 4764 4095 4841 retinebat,
4155 4785 4237 4827 ne
4281 4763 4364 4828 ad

2407 4850 2566 4917 deos
2618 4852 2866 4917 alienos
2924 4848 3253 4916 deficeret.
3340 4848 3784 4916 Initiabantur
3830 4850 4004 4916 enim
4065 4847 4177 4914 illo
4230 4848 4364 4913 ritu

2406 4938 2479 5003 in
2519 4936 2900 5021 obsequium
2946 4935 3108 5015 Dei,
3153 4945 3226 5000 ut
3272 4937 3525 5001 cunctis
3581 4933 4151 5022 superstitionibus
4206 4955 4365 5018 gen-

2407 5025 2576 5089 tium
2626 5024 2842 5089 valere
2885 5021 3113 5100 iussis,
3158 5023 3227 5086 in
3286 5043 3452 5105 pura
3496 5022 3661 5108 leg-is
3720 5022 4018 5090 doctrina
4073 5019 4364 5103 acquies-

2406 5117 2650 5177 cerent.
2739 5107 3000 5175 Pascha
3045 5107 3252 5191 igitur
3294 5129 3412 5191 per
3471 5129 3541 5175 se
3599 5106 3929 5192 appendix
3982 5106 4110 5172 fuit
4168 5105 4367 5190 primi

2407 5198 2760 5280 praecepti,
2797 5193 2938 5261 dies
2974 5202 3196 5260 tamen
3232 5195 3584 5278 quotannis
3619 5213 3962 5261 recurrens
3997 5194 4169 5258 inter
4203 5193 4367 5259 alios

2585 5383 2644 5453 1)
2681 5382 2840 5440 Ibid:
2876 5383 3002 5451 Vel,
3039 5400 3207 5454 snper
3241 5400 3339 5437 vos
3374 5389 3471 5438 cut
3504 5399 3606 5454 pro
3642 5382 3813 5437 vobis.
