4867 6150
363 445 492 511 441

361 634 644 717 filiorum
688 632 899 700 Israel
937 634 1007 698 in
1049 630 1441 699 tabernaculo
1482 632 1932 710 munerationis,
1976 634 2034 695 et
2074 631 2324 711 expient

362 719 536 803 filios
578 719 824 786 Israel.-
878 740 1071 802 neque
1125 719 1213 783 sit
1263 718 1334 781 ὺι
1382 716 1543 798 filiis
1595 716 1807 784 Israel
1835 716 2073 803 playa,
2126 734 2320 798 quum

363 804 499 888 ipsi
539 804 1182 889 appropinquaverint
1221 803 1589 868 samam·
1591 853 1605 868 .

884 1149 1018 1215 Ex
1060 1148 1394 1216 EODEM
1440 1148 1796 1216 CAPI'I'E.

535 1320 641 1387 23.
696 1320 1026 1404 Loquatus
1081 1325 1176 1386 est
1224 1325 1432 1386 autem
1477 1320 1711 1386 chova
1767 1320 1855 1385 ad
1895 1318 2122 1385 Mosen
2139 1370 2156 1395 ,
2212 1319 2313 1386 di-

362 1408 583 1474 cendo.-
646 1406 935 1475 24.Hoc
987 1405 2315 1490 quoqueestquodadLevitaspminet‚

364 1514 409 1559 a
464 1494 756 1559 vicesimo
812 1496 1027 1577 quinto
1084 1513 1253 1558 anno
1309 1497 1366 1557 et
1415 1513 1619 1574 supra
1674 1493 2104 1576 inyredientur
2144 1493 2314 1556 mili-

360 1585 496 1646 tare
529 1579 828 1645 militiam
863 1581 935 1645 in
977 1580 1147 1645 mlta
1187 1578 1577 1645 tabernaculi
1617 1580 2049 1644 conventionis
2116 1577 2220 1644 25.
2245 1578 2314 1643 A

360 1667 876 1749 quinquayesimo
910 1672 1116 1732 autem
1150 1685 1315 1731 anno
1346 1669 1688 1730 revertetur
1727 1686 1771 1731 a
1811 1664 2048 1729 militia
2089 1663 2311 1743 cultim,

360 1772 475 1817 nec
526 1751 913 1817 ministrabit
967 1752 1172 1818 ultra.-
1237 1751 1338 1816 26.
1390 1750 1515 1817 Sed
1569 1750 1959 1816 ministrabit
1997 1770 2139 1815 cum
2175 1750 2315 1833 fra-

360 1837 564 1903 tribus
631 1838 773 1904 suis
841 1840 914 1903 in
979 1838 1371 1903 tabernaculo
1427 1837 1851 1903 conventionis
1866 1887 1882 1916 ,
1945 1841 2016 1901 ut
2055 1857 2314 1901 munere

359 1944 477 1989 suo
531 1923 633 1989 im
686 1924 1040 2007 fumantur
1080 1929 1137 1989 et
1177 1923 1601 1988 ministerium
1641 1944 1768 1989 non
1809 1921 2280 1988 administrabit
2293 1947 2313 1987 .-

357 2012 454 2076 sic
490 2010 688 2093 facies
730 2010 806 2075 de
848 2010 1096 2099 Levitis
1137 2010 1209 2074 in
1249 2010 1553 2075 custodiis
1594 2029 1824 2075 mmm.

532 2182 592 2247 5.
638 2181 968 2262 Loquutus
1022 2187 1116 2248 est
1159 2185 1509 2263 praeterea.
1599 2179 1995 2264 Quanquam
2053 2180 2313 2247 Levitis

359 2268 810 2334 sanctuarium
854 2268 1110 2351 ingredi
1155 2287 1288 2332 non
1335 2266 1603 2345 licebat,
1655 2265 1770 2331 sed
1815 2276 2077 2331 tantum
2121 2267 2315 2332 mini-

358 2354 483 2420 stri
540 2361 735 2419 erant
791 2354 1203 2420 sacerdotum
1226 2404 1241 2432 ,
1301 2362 1368 2417 et
1423 2353 1563 2418 fere
1620 2352 1702 2416 ad
1758 2352 2038 2418 serviles
2080 2373 2312 2436 operas

360 2437 635 2505 addicti:
693 2442 846 2522 quia
903 2451 1123 2505 tamen
1184 2440 1637 2504 sanctuarium
1697 2459 1846 2503 cum
1887 2439 2091 2504 sacris
2135 2440 2312 2506 vasis

360 2525 735 2610 gestabant,
796 2525 1113 2608 parabant
1160 2526 1487 2603 victimas,
1547 2524 1867 2590 tollebant
1910 2525 2197 2604 cineres,
2244 2534 2313 2591 et

358 2612 488 2677 alia
528 2621 961 2696 purgamenta
1007 2635 1089 2677 ex
1134 2610 1364 2690 altari,
1424 2633 1534 2677 eos
1578 2631 1835 2694 quoque
1877 2611 2131 2676 solenni
2176 2612 2310 2677 ritu

358 2697 488 2764 sibi
543 2699 914 2764 consecrari
973 2696 1159 2763 Deus
1219 2697 1448 2765 voluit.
1538 2697 1710 2763 Nam
1766 2697 1936 2763 sicut
1994 2705 2171 2764 totus
2211 2696 2313 2762 Is-

355 2782 498 2849 rael
553 2794 858 2867 respectu
916 2786 1209 2867 gentium
1257 2785 1608 2867 peculiaris
1651 2792 1792 2849 erat
1836 2784 2116 2867 populus
2161 2782 2312 2861 Dei,

357 2870 454 2937 sic
509 2868 741 2935 domus
787 2871 956 2935 Levi
1011 2893 1095 2935 ex
1140 2870 1284 2952 ipso
1330 2870 1568 2953 populo
1611 2871 1681 2933 in
1727 2871 2055 2952 peculium
2102 2870 2311 2936 electa

355 2956 501 3032 fuit,
539 2954 1083 3039 quemadmodum
1121 2957 1231 3022 hic
1266 2955 1524 3024 dicitur.
1591 2954 1846 3020 Verum
1881 2976 1966 3020 ne
2000 2956 2126 3023 sibi
2162 2955 2310 3039 plus

357 3051 746 3128 arrogarent
780 3063 975 3126 quam
1011 3041 1114 3109 fas
1150 3050 1341 3124 esset,
1384 3063 1611 3109 eorum
1648 3042 2037 3109 insolentiae
2079 3063 2307 3109 occur-

356 3129 448 3193 rit
469 3120 655 3194 Deus
689 3130 901 3213 primo
936 3150 1139 3211 quum
1178 3129 1437 3195 distulit
1479 3150 1704 3195 eorum
1749 3129 2309 3196 consecrationem

355 3216 428 3281 in
489 3214 670 3280 aliud
728 3227 988 3297 tempus
1045 3215 1280 3281 deinde
1340 3236 1543 3298 quum
1582 3215 1799 3280 voluit
1841 3236 1974 3281 non
2018 3236 2059 3281 a
2102 3216 2307 3296 Mose,

358 3302 474 3367 sed
518 3301 602 3366 ab
623 3299 898 3366 Aharon
939 3301 1230 3381 initiari„
1257 3301 1456 3367 tertio
1498 3322 1702 3384 quum
1728 3300 2058 3366 diversam
2086 3322 2307 3372 caere-

355 3387 649 3453 moniam
705 3387 1012 3452 instituit.
1100 3387 1271 3452 Nam
1317 3390 1373 3453 si
1417 3388 1647 3452 eodem
1692 3398 1987 3471 tempore
2032 3388 2311 3453 fuissent

355 3474 620 3550 initiati,
666 3473 789 3540 hoc
823 3484 1169 3556 praetextu
1206 3476 1378 3538 forte
1411 3494 1562 3541 cum
1601 3473 1762 3556 ipsis
1798 3473 1880 3538 de
1915 3473 2309 3557 aequalitate

354 3569 740 3627 certassem.
823 3560 1002 3645 Ergo
1045 3558 1496 3626 sacerdotibus
1539 3581 1579 3624 a
1623 3558 1823 3643 vulgo
1865 3560 1996 3624 iam
2040 3580 2307 3643 exemp-

353 3646 461 3724 tis,
506 3653 583 3710 ut
627 3667 856 3712 eorum
901 3667 1144 3713 munus
1189 3646 1494 3712 venerari
1540 3644 1813 3724 discant,
1857 3654 2138 3712 manent
2178 3646 2310 3729 ipsi

356 3730 573 3798 adhuc
614 3731 877 3815 privati.
958 3732 1219 3797 Deinde
1262 3733 1415 3815 quia
1458 3733 1513 3797 si
1558 3732 1993 3799 communiter
2035 3733 2312 3799 fuissent

356 3818 558 3885 oblati
602 3838 642 3882 a
685 3818 910 3897 Mose,
965 3818 1330 3901 periculum
1375 3827 1518 3883 erat
1559 3839 1648 3883 ne
1690 3832 1923 3884 contra
1965 3818 2129 3884 alios
2171 3839 2309 3884 om·

356 3925 479 3971 nes
545 3904 894 3988 superbius
958 3925 1031 3970 se
1109 3906 1449 3970 efferrent:
1529 3924 1757 3969 eorum
1837 3905 2311 3971 consecrationi

355 3990 739 4075 praeficitur
783 3991 1080 4070 Aharon,
1131 4011 1260 4073 quo
1301 4013 1372 4056 se
1414 3991 1596 4055 illius
1638 3990 1978 4056 autoritati
2019 3992 2311 4057 modeste

355 4075 730 4145 subiicient.
818 4076 962 4142 Iam
1007 4077 1161 4160 quia
1195 4087 1449 4142 tantum
1496 4097 1668 4160 aqua
1714 4086 1779 4142 et
1816 4078 2133 4145 sacrificio
2172 4078 2310 4143 lus-

354 4164 520 4229 trati
590 4162 896 4243 fuerunt,
967 4163 1150 4228 nulla
1219 4173 1441 4228 autem
1513 4161 1810 4229 adhibita
1874 4163 2003 4228 fuit
2065 4163 2310 4245 unctio,

358 4249 712 4316 discrimen
764 4249 837 4314 in
882 4250 1015 4315 ritu
1058 4265 1336 4316 externo
1381 4259 1495 4314 eos
1538 4248 1910 4330 admonuit,
1967 4269 2101 4315 non
2146 4270 2309 4315 eun-

358 4334 511 4403 dem
555 4356 698 4402 esse
741 4335 847 4401 vel
890 4357 1118 4419 parem
1164 4335 1427 4402 honoris
1471 4335 1771 4419 gradum.

313 4495 320 4502 ‚
532 4421 594 4487 6.
644 4419 812 4503 Cape
854 4421 1111 4488 Levitae
1151 4443 1184 4487 e
1224 4423 1442 4489 medio.
1510 4421 1764 4504 Capere
1807 4441 1845 4486 e
1887 4421 2103 4488 medio
2143 4422 2309 4488 filio-

356 4528 511 4575 rum
530 4507 740 4574 Israel
764 4508 1154 4574 tantundem
1181 4508 1358 4573 valet
1390 4517 1585 4592 atque
1619 4507 1911 4574 eximere
1943 4528 1981 4573 e
2015 4528 2309 4587 numero,

355 4615 449 4661 ne
504 4595 777 4659 veniant
828 4595 901 4659 in
960 4615 1372 4661 communem
1428 4614 1732 4673 censum,
1790 4614 1868 4659 ac
1922 4603 2313 4677 reputentur

357 4700 498 4747 una
541 4680 770 4746 tribus.
839 4680 1026 4746 Haec
1070 4680 1274 4765 igitur
1318 4682 1642 4764 separatio
1685 4678 1789 4765 (ιιι
1831 4679 2073 4746 clarius
2115 4680 2314 4764 paulo

357 4777 515 4853 post
558 4764 928 4853 exprimet),
951 4767 1229 4833 Levites
1253 4765 1397 4832 Deo
1430 4759 1703 4831 addixit'
1721 4768 1788 4831 in
1833 4766 2085 4834 cultum
2121 4788 2312 4833 sanc-

357 4853 581 4918 tuarii.
650 4850 845 4933 Quod
881 4863 1102 4918 autem
1142 4853 1265 4918 hoc
1299 4863 1644 4937 praetextu
1678 4853 2161 4918 immunitatem
2188 4852 2312 4919 sibi

255 4941 262 4942 ⁷
359 4939 671 5005 vendicat
712 4938 928 5005 clerus
971 4939 1242 5023 papalis,
1288 4951 1365 5003 ut
1407 4938 1664 5023 legibus
1706 4940 1958 5004 solutus
2001 4960 2121 5023 pro
2164 4937 2312 5005 libi-

362 5025 518 5091 dine
561 5025 774 5104 vivat,
819 5045 949 5089 non
996 5025 1297 5108 putidum
1354 5024 1579 5102 modo,
1635 5024 1751 5091 sed
1807 5025 1991 5109 impii
2047 5024 2315 5091 ludibrii

357 5110 634 5197 plenum
680 5120 780 5176 est
822 5110 1158 5177 cavillum.
1225 5110 1396 5176 Nam
1442 5132 1641 5194 quum
1686 5112 1757 5176 in
1805 5110 2072 5177 Christo
2112 5113 2314 5178 finem

362 5197 689 5280 acceperit
732 5206 924 5265 vetus
967 5195 1403 5263 sacerdotium
1420 5247 1435 5274 ,
1480 5198 1804 5264 successio
1846 5218 2043 5281 quam
2086 5198 2315 5263 obten-

363 5282 552 5360 dunt,
600 5283 940 5350 Christum
987 5305 1107 5349 suo
1149 5283 1291 5347 iure
1334 5283 1588 5367 spoliat,
1635 5303 1710 5350 ac
1747 5287 1805 5350 si
1839 5305 1974 5350 non
2020 5283 2317 5349 exhibita

362 5370 438 5436 in
494 5389 573 5435 eo
627 5369 862 5435 fuisset
923 5370 1122 5452 plena
1184 5369 1447 5436 veritas.
1549 5368 1902 5436 Caeterum
1956 5369 2218 5454 quando
2275 5391 2317 5436 a

1765 440 2282 510 SECUNDUM
2320 439 2974 509 PRAEOEPTUM.

4237 448 4387 519 442

2421 630 2563 697 solo
2604 652 2815 716 papae
2856 632 3143 715 primatu
3187 633 3562 718 dependent
3616 638 3837 702 omnia
3891 657 4117 704 eorum
4161 640 4370 723 privi-

2419 715 2627 800 legia,
2682 717 2743 782 si
2799 725 2947 784 rata
2986 720 3240 785 censeri
3298 721 3555 801 volunt,
3608 721 3895 805 probent
3946 731 4104 791 ante
4145 726 4371 793 omnia

2395 810 2709 887 *opor-tet,
2776 823 3011 887 papam
3055 805 3185 870 Dei
3237 806 3422 873 iussu
3464 807 3589 872 toti
3634 808 3942 875 ecclesiae
3982 817 4182 894 caput
4223 831 4371 879 esse

2417 887 2819 972 impositum,
2857 889 3145 973 adeoque
3181 890 3435 959 Christi
3465 914 3609 960 esse
3644 913 4107 963 successorem.
4174 896 4371 978 Quod

2420 974 2504 1040 ad
2548 976 2822 1040 Aharon
2867 984 3147 1059 spectat,
3192 979 3350 1061 quia
3391 979 3694 1046 minister
3730 981 3859 1046 fuit
3915 983 4367 1065 cooptationis,

2420 1059 2543 1126 hoc
2599 1061 2792 1127 modo
2852 1062 3225 1144 praefectus
3281 1063 3437 1144 fuit,
3496 1075 3573 1130 ut
3613 1067 3888 1133 Levitae
3931 1089 4048 1134 suo
4093 1067 4368 1135 arbitrio

2416 1154 2696 1231 regeret.
2761 1147 3030 1213 Interea
3062 1149 3158 1214 sic
3199 1150 3641 1217 ministerium
3684 1153 4051 1238 iniungitur
4091 1154 4369 1238 homini,

2417 1244 2496 1296 ut
2535 1233 2900 1317 gratuitum
2945 1234 3070 1302 Dei
3113 1234 3595 1319 beneplacitum
3638 1258 3776 1303 non
3819 1238 4139 1306 obscuret.

2591 1319 2649 1384 ⁷.
2721 1317 2831 1384 Sic
2904 1324 3112 1387 autem
3182 1322 3387 1404 facies
3457 1322 3614 1390 illis.
3723 1324 4025 1391 Primum
4102 1327 4370 1394 iubetur

2418 1403 2691 1471 Aharon
2756 1425 2955 1487 super
3017 1427 3130 1471 eos
3191 1428 3503 1492 spargere
3565 1431 3802 1495 aquam
3868 1413 4368 1496 purificationis,

2415 1509 2585 1571 quae
2629 1512 2740 1556 eos
2794 1491 3070 1557 mundet
3111 1512 3152 1557 a
3193 1493 3528 1561 sordibus:
3589 1517 3800 1581 neque
3856 1499 3921 1563 id
3966 1498 4195 1579 modo,
4248 1499 4365 1565 sed

2413 1575 2730 1642 iubentur
2753 1576 2976 1644 lavare
3014 1587 3227 1646 vestes
3262 1600 3434 1662 suas,
3470 1590 3548 1646 ut
3569 1582 3918 1668 diligenter
3938 1584 4063 1650 sibi
4085 1593 4370 1651 caveant

2415 1661 2837 1729 circumcirca
2880 1663 2961 1729 ab
3003 1666 3185 1729 omni
3226 1665 3374 1731 labe
3389 1717 3405 1745 ,
3457 1667 3633 1733 unde
3675 1670 3757 1734 ad
3801 1671 3984 1752 ipsos
4024 1672 4369 1753 perveniat

2414 1751 2734 1833 contagio.
2832 1749 3055 1815 Tertio
3108 1749 3421 1817 iubentur
3478 1756 3805 1821 novacula
3858 1755 4092 1822 radere
4146 1766 4366 1824 cutem

2415 1854 2622 1912 suam,
2660 1844 2736 1899 ut
2769 1856 2966 1901 carne
2987 1857 3108 1902 sua
3129 1838 3312 1903 exuti
3334 1839 3653 1922 incipiant
3679 1842 3834 1907 novi
3869 1862 4012 1907 esse
4044 1841 4368 1911 homines.

2415 1917 2708 1985 Additur
2762 1931 2990 2005 postea
3042 1924 3466 2003 sacrificium,
3531 1927 3726 2011 idque
3783 1926 4024 2010 duplex
4042 1979 4058 2007 ‚
4116 1927 4200 1994 ad
4253 1948 4369 1996 eos

2415 2006 2797 2105 expiandos.
2887 2006 3039 2088 Qua
3098 2010 3350 2075 ratione
3406 2012 3606 2076 etiam
3660 2034 3978 2079 manuum
4035 2015 4367 2097 impositio

2415 2091 2549 2156 1ll1s
2596 2093 2966 2159 mandatur.
3069 2094 3200 2169 His
3256 2097 3537 2179 peractis
3592 2098 3869 2165 Aharon
3920 2120 4042 2184 pro
4097 2101 4242 2166 iure
4298 2108 4367 2166 et

2415 2176 2668 2243 honore
2708 2179 3052 2245 sacerdotii
3096 2181 3365 2247 iubetur
3406 2182 3555 2250 illos
3596 2185 3852 2264 offerre,
3897 2206 4032 2251 non
4068 2206 4256 2252 secus
4288 2207 4366 2254 ac

2415 2284 2677 2329 sacrum
2722 2285 2957 2347 panem
3019 2266 3128 2331 vel
3187 2268 3502 2335 suffitum.
3589 2269 3780 2336 Finis
3836 2282 4054 2337 autem
4121 2273 4249 2337 fuit
4292 2280 4369 2338 ut

2414 2360 2959 2502 :ffiffissss‘ff
2974 2354 3647 2507 οἶῗῖηέωέἐὲἓυὲῖῗῗ
3682 2356 3998 2526 3321?AEss
4001 2357 4197 2509 23:2¹.
4218 2360 4366 2510 ’ῗὲ

2646 2486 2661 2515 ‚
4336 2480 4364 2495 -

2414 2522 2797 2604 penderent.
2885 2523 3082 2605 Quod
3125 2534 3347 2592 autem
3401 2527 3599 2592 simul
3651 2528 3854 2613 aliqui
3896 2549 3935 2593 e
3977 2530 4216 2613 populo
4258 2530 4366 2594 iu-

2417 2607 2658 2673 bentur
2720 2630 2958 2676 manus
3020 2612 3389 2695 imponere,
3463 2612 3589 2680 hoc
3650 2615 3729 2679 fit
3782 2616 3853 2680 in
3912 2616 4368 2681 testimonium

2413 2693 2859 2762 alienationis:
2899 2717 2977 2763 ac
3011 2699 3069 2764 si
3103 2718 3333 2766 omnes
3352 2698 3566 2765 tribus
3588 2701 3712 2768 hac
3733 2702 4144 2770 caeremonia
4162 2710 4365 2768 testa-

2414 2786 2557 2845 tum
2598 2782 2921 2861 facerent,
2965 2804 3085 2849 suo
3127 2805 3448 2851 consensu
3490 2786 3770 2853 Levitae
3812 2786 4095 2853 transire
4135 2788 4210 2853 in
4250 2809 4365 2871 pe-

2413 2866 2662 2932 culium
2704 2868 2853 2947 Dei,
2896 2877 2975 2934 ut
3017 2878 3238 2965 essent
3279 2873 3467 2954 quasi
3507 2892 3663 2954 pars
3706 2872 3812 2939 vel
3855 2871 4139 2939 accessio
4182 2893 4368 2941 sanc-

2415 2952 2635 3018 tuarii.
2722 2952 3045 3021 Solebant
3086 2956 3262 3021 enim
3317 2958 3562 3040 privati
3622 2959 3919 3025 homines
3975 2957 4079 3045 (ut
4260 2967 4366 3025 tea

2413 3038 2813 3128 videbimus)
2855 3041 2992 3108 suis
3036 3041 3326 3109 victimis
3368 3062 3604 3111 manus
3643 3046 4012 3131 imponere:
4071 3064 4104 3109 s
4232 3065 4364 3111 non

2412 3126 2643 3191 eadem
2687 3129 2943 3194 ratione
2984 3149 3114 3211 qua
3155 3129 3544 3196 sacerdotes.

2589 3212 2688 3278 16.
2742 3212 2912 3294 Quia
2949 3215 3104 3292 dati,
3148 3215 3304 3281 dati.
3372 3216 3475 3281 Ne
3517 3225 3877 3300 querantur
3919 3217 4085 3283 aliae
4127 3217 4362 3298 tribus,

2413 3317 2650 3380 corpus
2683 3300 2907 3382 populi
2938 3300 3262 3378 imminui,
3297 3303 3689 3386 pronunciat
3707 3302 3892 3369 Deus
3921 3304 4362 3387 emancipatos

2415 3403 2558 3448 esse
2600 3404 2641 3449 a
2684 3404 2923 3469 genere
2970 3385 3305 3465 Abrahae,
3364 3389 3676 3471 quoniam
3728 3389 3906 3472 ipsos
3964 3391 4359 3474 acquisierit,

2415 3489 2616 3552 quum
2640 3472 2965 3553 percussit
2996 3472 3219 3539 omnia
3252 3474 3691 3559 primogenita
3713 3475 4018 3560 Aegypti.
4087 3476 4361 3541 Certum

2411 3565 2514 3621 est
2556 3558 2733 3622 enim
2777 3565 2915 3623 tam
2958 3558 3431 3643 primogenitos
3464 3560 3689 3645 populi
3721 3581 3916 3645 quam
3960 3561 4175 3627 foetus
4217 3561 4363 3627 ani·-

2411 3641 2684 3707 malium
2747 3644 3223 3729 primogenitos
3284 3646 3675 3713 mirabiliter
3739 3656 3998 3730 ereptos
4056 3647 4264 3714 fuisse
4320 3670 4362 3715 a

2410 3730 2743 3794 communi
2776 3729 2979 3797 clade.
3046 3730 3228 3815 Ergo
3266 3732 3458 3797 sicuti
3501 3753 3613 3799 eos
3655 3732 3755 3798 sin
3876 3734 3977 3799 ari
4017 3734 4362 3820 privilegio

2412 3814 2599 3880 Deus
2644 3814 2964 3893 liberavit,
3008 3818 3106 3882 ita
3146 3817 3273 3883 sibi
3307 3816 3627 3900 devinxit,
3788 3820 4140 3903 emptionis
4173 3821 4365 3888 bene-

2412 3901 2578 3967 ficio.
2645 3899 2782 3968 Sed
2817 3902 3079 3968 videtur
3111 3922 3368 3970 cessare
3399 3907 3584 3986 ratio,
3622 3926 3822 3989 quum
3857 3906 4042 3972 Deus
4075 3908 4362 3989 pretium

2412 3986 2881 4071 redemptionis
2920 3989 3264 4076 exigendo,
3307 3991 3778 4076 primogenitos
3820 3990 4073 4057 dimisit
4103 3992 4363 4074 liberos,

2411 4083 2488 4139 ut
2551 4073 2707 4139 alibi
2773 4074 3019 4141 dictum
3082 4076 3231 4142 fuit.
3330 4077 3601 4160 Alioqui
3656 4078 3760 4143 bis
3815 4076 3990 4150 idem
4045 4088 4360 4161 posceret,

2413 4160 2588 4245 quod
2631 4160 2859 4244 iniqua
2891 4161 3038 4246 lege
3080 4163 3287 4229 fieret.
3353 4164 3612 4228 Verum
3655 4164 3896 4230 solutio
3938 4163 4012 4228 in
4056 4173 4363 4248 promptu

2412 4255 2543 4313 est:
2589 4268 2791 4331 quum
2833 4249 2903 4312 in
2948 4249 3162 4331 primo
3206 4269 3408 4316 censu
3452 4249 3781 4315 numerati
3815 4249 4088 4315 fuerunt
4119 4250 4364 4334 primo-

2411 4333 2618 4418 geniti
2662 4333 3006 4400 duodecim
3064 4334 3360 4400 tribuum
3377 4384 3394 4414 ,
3438 4334 3662 4419 plures
3705 4335 3966 4402 Levitis
4008 4336 4212 4403 fuisse
4256 4357 4363 4403 re·

2413 4428 2652 4503 pertos.
2742 4420 2932 4486 'I'unc
2973 4420 3147 4486 facta
3189 4421 3314 4486 fuit
3355 4421 3783 4505 permutatio:
3839 4431 3915 4488 ut
3956 4442 4184 4488 omnes
4221 4423 4362 4506 pri-

2412 4506 2735 4590 mogeniti
2777 4504 3116 4573 duodecim
3159 4504 3452 4572 tribuum
3490 4506 3574 4572 ad
3613 4507 3853 4592 viginti
3890 4514 3955 4572 et
3991 4506 4119 4573 duo
4152 4508 4366 4574 millia

2413 4595 2744 4658 immunes
2786 4599 3006 4659 essent
3051 4613 3092 4657 a
3133 4590 3413 4673 tributo,
3453 4612 3682 4658 eorum
3726 4600 3949 4659 autem
3992 4593 4136 4661 loco
4178 4595 4364 4662 Deus

2414 4679 2692 4745 Levitae
2735 4678 2858 4745 sibi
2901 4678 3239 4745 ministros
3293 4687 3601 4745 sumeret.
3689 4679 3981 4745 Tantum
4040 4678 4365 4763 redempti

2413 4766 2687 4831 fuerunt
2727 4763 2993 4831 ducenti
3037 4775 3106 4830 et
3146 4765 3567 4850 septuaginta
3602 4772 3757 4845 tres,
3799 4766 3954 4849 quia
3989 4765 4097 4833 hic
4131 4787 4363 4832 nume-

2414 4872 2533 4918 rus
2596 4851 2964 4934 superabat.
3066 4850 3182 4917 Sic
3238 4851 3489 4918 factum
3546 4860 3672 4929 est,
3737 4860 3813 4916 ut
3868 4852 4054 4919 Deus
4107 4851 4363 4935 aequali

2414 4939 2559 5004 iure
2602 4945 2950 5004 contentus
2992 4937 3312 5020 populum
3347 4938 3593 5004 iniusto
3628 4957 3829 5003 onere
3863 4959 3996 5003 non
4032 4945 4361 5024 gravaret.

2416 5025 2673 5090 Verum
2708 5022 2872 5090 haec
2905 5024 3366 5106 compensatio,
3398 5044 3566 5108 quae
3600 5023 3803 5090 semel
3838 5024 3921 5089 ad
3944 5044 4150 5089 unum
4186 5022 4363 5088 diem

2414 5111 2590 5178 facta
2629 5117 2751 5191 est,
2795 5128 2932 5175 non
2976 5108 3231 5176 obstitit
3272 5111 3623 5195 quominus
3667 5108 3982 5176 deberent
4024 5108 4365 5175 Israelitae

2418 5197 2563 5263 Deo
2598 5216 2752 5262 suos
2787 5196 3273 5281 primogenitos,
3309 5199 3421 5279 qui
3455 5208 3611 5263 tunc
3644 5195 3943 5262 nondum
3978 5195 4117 5259 nati
4152 5200 4361 5261 erant.

2419 5281 2597 5363 Quia
2652 5282 2859 5367 igitur
2917 5280 3126 5366 quoad
3169 5292 3465 5366 posteros
3510 5282 3817 5349 manebat
3852 5279 4184 5365 obligatio,
4228 5279 4365 5345 lata

2417 5369 2533 5435 lex
2576 5380 2706 5449 est,
2757 5379 2834 5434 ut
2876 5368 3350 5453 primogenitos
3392 5389 3548 5434 suos
3588 5367 4008 5435 redimerent.
4097 5364 4172 5433 Si
4217 5365 4363 5449 quis
