4867 6150
587 455 722 523 519

589 645 898 730 proximo
944 648 1155 729 capite
1193 645 1573 711 videbimus.
1666 644 1797 726 Qui
1860 645 2144 728 primam
2202 651 2268 710 et
2312 643 2544 728 genui-

597 753 754 797 nam
800 731 979 797 vocis
1022 732 1567 816 significationem
1617 732 1922 810 retinent,
1969 730 2297 796 violenter
2341 748 2544 814 expo-

593 825 766 882 nunt
808 817 1006 883 finem
1052 819 1403 901 superioris
1441 838 1687 897 versus,
1733 816 2082 901 deliquerit
2113 837 2231 900 pro
2267 814 2549 882 senserit

596 925 668 969 se
711 901 1087 985 deliquisse:
1147 924 1376 969 verum
1434 904 1585 985 quia
1643 924 1723 967 ex
1785 903 2088 986 pluribus
2144 903 2306 968 locis
2362 911 2548 986 patet

599 987 989 1054 tantundem
1036 989 1256 1054 valere
1299 1002 1368 1056 7&
1414 999 1610 1072 atque
1658 1001 1772 1062 ΟΝ,
1821 989 1989 1054 nihil
2045 1009 2211 1072 opus
2268 998 2369 1053 est
2410 998 2545 1051 tor·

596 1095 796 1158 quere
852 1072 1053 1139 verba
1108 1075 1179 1138 in
1238 1075 1525 1140 alienum
1579 1096 1868 1140 sensum.
1965 1074 2258 1140 Verbum
2321 1082 2542 1138 autem

597 1173 768 1236 νἾῚΠ,
804 1159 976 1244 quod
1015 1161 1359 1225 transitive
1403 1181 1522 1243 pro
1568 1161 1932 1244 patefacere
1976 1161 2321 1243 accipiunt,
2368 1179 2543 1223 com·

598 1245 791 1312 mode
833 1246 1186 1329 exponitur
1229 1247 1422 1313 sicuti
1470 1248 1672 1312 verti:
1731 1247 1857 1312 nisi
1917 1247 2063 1330 quis
2118 1246 2284 1310 forte
2325 1244 2543 1309 malit:

601 1331 678 1398 Si
714 1333 1111 1415 cognoverit.
1203 1333 1412 1398 Porro
1456 1332 1627 1416 quod
1673 1334 1930 1415 saepius
1971 1331 2260 1397 inculcat
2302 1331 2543 1408 Moses,

595 1417 916 1500 Expiabit
958 1439 1109 1483 eum
1166 1418 1499 1496 sacerdos,
1559 1429 1625 1485 et
1682 1419 2056 1484 remittetur
2111 1417 2172 1482 ei
2214 1417 2541 1500 iniquitas,

597 1505 834 1588 frigide
878 1504 1141 1587 quidam
1190 1505 1598 1587 restringunt
1644 1505 1726 1569 ad
1772 1514 2114 1569 externam
2160 1515 2225 1567 et
2282 1502 2542 1570 civilem

597 1591 1012 1669 munditiam,
1058 1611 1134 1656 ac
1177 1593 1232 1656 si
1268 1601 1524 1656 reatum
1560 1589 1883 1655 duntaxat
1916 1609 2132 1655 coram
2169 1586 2544 1654 hominibus

603 1676 859 1742 tolleret
921 1677 1168 1742 Moses:
1249 1677 1463 1759 potius
1532 1676 1705 1742 enim
1774 1676 2038 1741 veniam
2104 1674 2298 1740 offert
2360 1673 2546 1739 Deus

599 1760 1066 1846 peccatoribus,
1110 1783 1305 1846 seque
1349 1763 1705 1845 propitium
1746 1763 1880 1827 fore
1916 1761 2220 1840 affirmat,
2266 1781 2350 1825 ne
2383 1758 2543 1825 libe-

600 1869 744 1913 ram
811 1848 1289 1914 invocationem
1355 1846 1671 1931 impediat
1735 1860 1948 1913 metus
2014 1855 2130 1912 aut
2207 1845 2543 1911 dubitatio,

598 1934 694 1998 Et
735 1943 911 2000 certe
955 1934 1165 2017 prima
1207 1935 1357 1999 fidei
1403 1934 1779 1999 rudimenta
1822 1953 1952 1998 non
1999 1941 2227 1998 tenent
2268 1932 2378 2015 qui
2414 1951 2546 1995 non

602 2030 966 2103 agnoscunt
1029 2020 1272 2105 legales
1336 2021 1780 2086 caeremonias
1843 2020 2042 2084 fuisse
2118 2025 2544 2084 sacramenta.

602 2105 806 2189 Atqui
843 2108 911 2171 in
948 2106 1376 2172 sacramentis
1411 2105 1733 2185 omnibus,
1769 2106 2001 2171 saltem
2029 2125 2195 2188 quae
2217 2102 2548 2169 ordinaria

600 2200 757 2257 sunt
800 2192 870 2256 in
927 2192 1226 2272 ecclesia,
1284 2191 1645 2276 spiritualis
1699 2212 1959 2256 annexa
2019 2199 2122 2256 est
2179 2190 2545 2273 promissiO.

602 2275 917 2361 Sequitur
960 2299 1113 2361 ergo
1158 2298 1311 2343 vere
1356 2279 1743 2361 promissam
1799 2279 1996 2343 fuisse
2038 2279 2298 2342 veniam
2346 2276 2546 2359 patri-

602 2364 742 2440 bus,
790 2368 898 2447 qui
945 2383 1017 2429 se
1061 2365 1203 2429 Deo
1245 2363 1755 2429 reconciliabant
1797 2361 2032 2429 oblatis
2078 2362 2379 2441 victimis,
2418 2372 2550 2426 non

601 2449 776 2532 quod
820 2457 1089 2532 peccata
1131 2450 1429 2533 expiaret
1471 2447 1794 2533 pecudum
1844 2450 2181 2515 mactatio:
2235 2446 2350 2512 sed
2395 2447 2551 2530 quia

603 2543 855 2599 certum
917 2545 1060 2600 erat
1116 2555 1191 2602 ac
1249 2536 1524 2600 minime
1589 2535 1791 2601 fallax
1844 2533 2219 2619 symbolum
2286 2534 2353 2598 in
2422 2554 2551 2615 quo

601 2620 1088 2702 acquiescerent
1151 2622 1298 2705 piae
1363 2622 1649 2702 animae,
1728 2629 1801 2686 ut
1882 2619 2236 2703 tranquilla
2311 2618 2550 2684 fiducia

602 2726 823 2772 coram
868 2707 1011 2771 Deo
1058 2705 1316 2789 prodire
1362 2705 1695 2773 auderent.
1784 2705 1865 2771 In
1911 2727 2205 2784 summa,
2251 2714 2326 2770 ut
2371 2725 2549 2769 nunc

604 2792 925 2874 baptismo
969 2793 1528 2859 sacramentaliter
1573 2792 1932 2858 abluuntur
1973 2799 2256 2875 peccata,
2301 2791 2395 2855 ita
2430 2790 2550 2856 sub

599 2876 749 2961 lege
792 2899 1044 2961 quoque
1086 2878 1406 2944 sacrificia
1462 2879 1729 2944 fuerunt
1785 2878 2222 2961 expiationes,
2291 2876 2551 2942 diverso

601 2971 825 3028 tamen
871 2965 1092 3029 modo:
1138 2965 1292 3047 quia
1312 2964 1653 3031 Christum
1701 2965 1891 3046 quasi
1933 2972 2341 3046 praesentem
2391 2963 2549 3045 bap·

601 3050 839 3116 tismus
885 3050 1072 3117 nobis
1118 3050 1437 3135 proponit,
1483 3051 1598 3134 qui
1639 3049 1911 3117 obscure
1956 3058 2207 3116 tantum
2247 3048 2368 3116 sub
2402 3048 2549 3133 lege

597 3137 723 3201 fuit
766 3135 1213 3203 adumbratus.
1275 3136 1643 3221 Improprie
1677 3137 1939 3220 quidem
1975 3137 2055 3200 ad
2101 3138 2295 3219 signa
2336 3145 2549 3200 trans-

599 3221 809 3286 fertur
853 3222 1020 3305 quod
1067 3223 1329 3288 nonnisi
1367 3225 1434 3288 in
1459 3222 1799 3289 Christum
1851 3243 2056 3289 unum
2102 3224 2431 3305 competit,
2476 3222 2549 3286 in

599 3327 732 3390 quo
776 3307 963 3373 nobis
1006 3308 1302 3374 exhibita
1344 3310 1468 3374 fuit
1509 3307 1827 3374 bonorum
1882 3311 2177 3374 omnium
2235 3307 2546 3390 spiritua-

599 3392 761 3457 lium
804 3394 1080 3473 veritas,
1133 3403 1198 3460 et
1256 3395 1366 3478 qui
1426 3402 1693 3480 peccata
1737 3393 2002 3460 demum
2048 3396 2241 3460 unico
2287 3400 2354 3459 et
2395 3413 2545 3476 per-

597 3485 797 3562 petuo
842 3480 1157 3550 sacrificio
1216 3479 1527 3546 abolevit:
1597 3479 1710 3546 sed
1757 3481 1909 3564 quia
1952 3501 2081 3545 non
2130 3480 2347 3564 agitur
2390 3477 2549 3561 quid

598 3584 719 3649 per
776 3585 847 3631 se
904 3567 1355 3649 praestiterint
1406 3566 1650 3651 legales
1715 3567 2194 3645 caeremoniae,
2262 3566 2549 3631 sufficiat

601 3671 755 3716 vere
821 3660 1093 3718 testatas
1153 3652 1357 3718 fuisse
1422 3652 1502 3719 de
1563 3654 1774 3736 gratia
1827 3652 1987 3731 Dei,
2046 3652 2236 3718 cuius
2295 3653 2546 3736 figurae

599 3745 806 3801 erant.
921 3740 1138 3821 Atque
1202 3738 1294 3801 ita
1362 3739 1641 3805 facessat
1705 3738 2052 3822 profanum
2131 3740 2543 3821 figmentum,

599 3821 862 3904 politice
917 3831 1175 3888 tantum
1239 3825 1576 3890 hominum
1633 3835 1932 3908 respectu
1989 3824 2308 3890 sacrificia
2350 3844 2463 3889 eos
2507 3843 2547 3887 a

596 3907 832 3991 quibus
874 3909 1319 3975 offerebantur
1361 3933 1403 3976 a
1445 3911 1639 3995 culpa
1680 3920 1748 3975 et
1791 3919 1976 3975 reatu
2022 3911 2397 3976 absolvisse.

770 3994 1043 4060 Numer.
1094 3995 1194 4074 15,
1237 3996 1340 4063 22.
1395 3996 1598 4078 Quum
1641 3997 2020 4062 erraveritis.
2110 3995 2259 4077 Quo
2304 4017 2545 4080 genere

595 4079 899 4147 sacrificii
965 4082 1292 4164 expianda
1357 4083 1493 4147 sint
1558 4084 1759 4148 totius
1823 4084 2049 4166 populi
2117 4083 2219 4147 vel
2301 4083 2542 4167 privati

596 4168 908 4249 cuiusque
953 4177 1245 4249 peccata,
1303 4167 1520 4233 docet:
1566 4189 1935 4251 quanquam
1980 4190 2067 4233 ex
2112 4178 2394 4252 quatuor
2437 4189 2541 4232 or-

598 4248 858 4318 dinibus
903 4251 1203 4339 (quorum
1253 4253 1426 4320 facta
1468 4254 1592 4320 fuit
1624 4255 1694 4318 in
1718 4256 2015 4320 Levitico
2061 4253 2333 4342 mentio)
2378 4253 2543 4320 duos

595 4344 851 4402 tantum
919 4348 1231 4405 recenset.
1334 4340 1484 4406 Illic
1542 4341 1716 4406 enim
1772 4350 1906 4405 tam
1968 4342 2286 4407 sacerdoti
2345 4362 2538 4424 quam

594 4422 874 4506 principi
919 4425 1288 4510 iniungitur
1334 4427 1596 4509 propria
1631 4427 1936 4510 expiati0.
2010 4425 2142 4494 Sed
2188 4448 2396 4511 neque
2434 4428 2541 4493 hic

596 4510 764 4573 ritus
809 4511 1191 4576 immolandi
1238 4511 1654 4588 describitur,
1715 4514 1869 4596 quia
1914 4522 2172 4578 tantum
2217 4511 2425 4578 obiter
2469 4513 2539 4577 in

594 4597 975 4660 memoriam
1056 4598 1368 4663 reducere
1450 4599 1653 4664 voluit
1722 4599 1943 4665 Moses
2017 4598 2334 4682 quomodo
2399 4609 2538 4663 tam

592 4680 853 4764 publice
917 4704 1111 4765 quam
1177 4685 1484 4767 privatim
1565 4684 2026 4751 reconciliandi
2093 4698 2314 4751 essent
2374 4685 2536 4750 Deo.

593 4768 803 4833 Porro
848 4788 1084 4831 nomen
1130 4772 1369 4835 erroris
1414 4769 1516 4857 (ut
1561 4769 1805 4835 dictum
1853 4770 1980 4859 est)
2037 4770 2117 4836 ad
2175 4772 2539 4855 incogitan-

592 4854 756 4919 'tiam
798 4853 1208 4935 extenditur,
1252 4878 1419 4939 quae
1463 4857 1588 4921 Dei
1633 4868 2012 4941 contemptu
2056 4878 2190 4922 non
2233 4866 2410 4923 caret
2456 4857 2537 4923 ob

593 4940 868 5004 nimiam
934 4941 1381 5019 securitatem,
1457 4942 1615 5008 dum
1678 4943 2159 5010 inconsiderate
2225 4944 2538 5009 labuntur

589 5026 894 5092 homines
959 5045 1085 5108 quo
1150 5028 1280 5092 fert
1332 5049 1443 5094 eos
1498 5028 1715 5095 libido.
1817 5030 1989 5095 Nam
2051 5030 2256 5094 errori
2313 5039 2540 5113 postea

593 5113 951 5196 opponitur
1009 5111 1364 5179 deliberata
1438 5115 1772 5197 impietas,
1830 5114 1944 5180 ubi
2000 5114 2152 5180 data
2212 5137 2411 5198 opera
2469 5137 2539 5180 se

590 5198 943 5281 proiiciunt
979 5198 1278 5264 homines
1312 5200 1393 5264 ad
1431 5200 1644 5284 legem
1679 5201 2073 5267 violandam.
2143 5202 2350 5267 Porro
2385 5203 2539 5285 quia

593 5284 756 5348 nihil
805 5283 1161 5366 proclivius
1208 5296 1306 5350 est
1349 5307 1543 5369 quam
1589 5308 1842 5365 errare,
1888 5310 1974 5352 ne
2019 5288 2256 5353 animis
2301 5288 2535 5353 defice-

587 5380 742 5434 rent
765 5372 874 5453 qui
901 5382 1261 5454 peccarant,
1301 5372 1493 5437 valde
1529 5376 1968 5440 necessarium
2005 5375 2133 5439 fuit
2155 5373 2533 5440 remedium.

1981 454 2493 524 SECUNDUM
2534 454 3182 525 PRAEGEPTUM.

4442 454 4550 523 520

2645 646 2827 729 Ergo
2862 666 2947 711 ne
2970 644 3268 728 populus),
3304 644 3411 711 vel
3447 643 3693 729 singuli
3727 644 3974 727 privati
4010 643 4323 718 homines
4356 643 4550 727 agnita

2645 731 2858 816 culpa,
2897 741 3207 815 tanquam
3255 730 3599 814 desperata
3641 751 3756 813 spe
3792 730 4025 797 veniae
4060 730 4408 796 abiicerent
4435 738 4552 794 stu-

2648 816 2825 882 dium
2871 817 3148 900 pietatis,
3193 815 3380 882 Deus
3423 817 3725 897 occurrit,
3770 824 3835 881 et
3869 836 4001 899 qua
4035 816 4287 881 ratione
4318 815 4554 900 placan-

2648 902 2770 969 dus
2813 904 2900 968 sit
2943 902 3160 980 docet,
3206 913 3285 967 nt
3327 922 3495 986 quae
3531 901 3887 968 acciderint
3940 901 4105 967 vitia
4148 921 4278 967 non
4322 899 4555 966 abrum-

2645 996 2809 1072 pant
2853 991 2992 1054 eius
3052 988 3323 1054 cultum.
3417 987 3547 1055 Sed
3607 1009 3806 1072 quum
3862 987 3970 1053 hic
4028 998 4282 1053 tantum
4339 985 4557 1052 referat

2647 1076 2864 1141 Moses
2907 1094 3073 1158 quae
3118 1076 3249 1141 iam
3293 1075 3590 1158 exposita
3633 1084 3805 1151 sunt,
3856 1095 3987 1139 non
4031 1095 4194 1157 opus
4237 1082 4336 1139 est
4375 1073 4558 1156 pluri-

2647 1159 2765 1227 bus
2809 1160 3144 1240 insistere,
3204 1160 3329 1226 nisi
3384 1160 3555 1244 quod
3600 1161 3671 1224 in
3715 1181 3846 1225 uno
3891 1159 4101 1242 capite
4159 1158 4369 1244 legem
4408 1159 4560 1225 ferre

2645 1245 2905 1312 videtur
2945 1267 2982 1310 a
3025 1246 3360 1329 superiore
3406 1247 3754 1312 diversam.
3844 1245 3990 1310 Illic
4048 1246 4222 1310 enim
4278 1246 4563 1312 iuvencos

2645 1332 2808 1399 duos
2841 1334 3115 1398 mactari
3136 1332 3315 1398 iubet
3350 1353 3467 1416 pro
3503 1330 3980 1398 reconciliando
4014 1331 4271 1415 populo,
4307 1330 4562 1396 alterum

2642 1419 2712 1482 in
2759 1418 3229 1498 holocaustum,
3275 1418 3555 1483 alterum
3593 1439 3710 1500 pro
3754 1426 4050 1500 peccato:
4094 1417 4151 1481 si
4188 1426 4406 1483 tamen
4440 1417 4565 1483 eius

2643 1506 2828 1586 copia
2873 1525 3002 1569 non
3048 1513 3237 1583 esset,
3285 1505 3542 1571 hircum
3587 1502 3985 1570 substituere
4017 1504 4405 1587 permissum
4439 1503 4563 1568 fuit.

2644 1590 2969 1656 Perfectio
3002 1590 3207 1675 igitur
3240 1590 3314 1655 in
3334 1591 3632 1656 Levitico
3665 1600 3927 1655 ostensa
3959 1590 4104 1669 fuit,
4149 1610 4324 1655 nunc
4367 1597 4566 1654 autem

2646 1675 2991 1759 permissio
3059 1683 3318 1741 tantum
3394 1676 3772 1743 subiicitur:
3853 1697 4064 1759 neque
4143 1683 4369 1741 tamen
4428 1673 4567 1739 dum

2646 1762 2987 1828 brevitatis
3021 1783 3219 1828 causa
3252 1764 3533 1846 speciem
3569 1782 3769 1828 unam
3805 1762 4070 1847 attingit
4090 1761 4333 1842 Moses,
4368 1781 4570 1827 secum

2649 1857 2917 1934 pugnat.
3007 1848 3086 1913 In
3132 1850 3262 1913 fine
3307 1848 3571 1915 additur
3624 1848 3861 1915 clarior
3920 1847 4300 1931 explicatiO,
4352 1856 4427 1913 ut
4474 1845 4570 1912 lex

2649 1935 2877 1999 eadem
2922 1932 3010 2000 sit
3050 1933 3356 2001 omnibus
3384 1937 3789 2001 communis:
3846 1935 4000 2017 quia
4056 1934 4445 2000 varietatem
4481 1933 4571 1998 in-

2648 2020 2886 2087 ducere
2927 2020 3199 2086 minime
3245 2021 3407 2085 utile
3450 2030 3607 2086 erat.

3314 2362 3447 2429 EX
3489 2361 3797 2429 LEVI'I'.
3845 2360 3927 2427 V.

2826 2536 2885 2601 1.
2938 2535 3143 2617 Quum
3185 2539 3389 2600 autem
3434 2535 3653 2599 anima
3682 2534 4031 2616 peccaverit
4056 2533 4374 2600 audiendo
4406 2551 4583 2600 vocem

2651 2622 3005 2702 iuramenti,
3048 2625 3105 2686 et
3143 2620 3281 2701 ipse
3320 2621 3407 2685 sit
3444 2621 3638 2699 testis,
3684 2620 3847 2701 quod
3888 2625 4000 2685 aut
4040 2619 4292 2699 viderit,
4338 2624 4449 2684 aut
4484 2619 4585 2684 sci-

2653 2708 2844 2773 verit.-
2877 2708 3010 2773 nisi
3041 2706 3517 2787 renunciaverit,
3549 2704 3707 2788 feret
3729 2725 4001 2788 poenam
4034 2706 4403 2788 iniquitatis
4430 2724 4582 2771 suae.

2654 2795 2714 2860 2.
2752 2794 2888 2859 Aut
2920 2794 2982 2859 si
3013 2793 3231 2858 anima
3262 2794 3531 2876 tetiqerit
3562 2792 3844 2874 aliquam
3878 2812 4012 2857 rem
4033 2792 4450 2872 immundam,
4469 2791 4585 2856 sive

2653 2881 2922 2947 cadaver
2973 2878 3149 2962 ferae
3188 2878 3582 2957 immundae,
3639 2879 3772 2944 sive
3824 2879 4091 2944 cadaver
4131 2877 4446 2944 animalis
4484 2877 4586 2941 im-

2653 2967 2906 3046 mundi,
2950 2968 3079 3031 sive
3118 2965 3383 3031 cadaver
3423 2963 3670 3047 reptilis
3710 2964 4052 3043 immundi,
4109 2964 4305 3047 idque
4349 2962 4587 3029 latuerit

2654 3073 2810 3132 eam,
2856 3057 2990 3118 tum
3029 3051 3169 3133 ipse
3207 3051 3572 3117 immundus
3611 3050 3747 3131 erit,
3789 3054 3847 3116 et
3885 3049 4162 3133 deliquit.
4255 3049 4320 3117 3.
4370 3048 4499 3116 Aut
4533 3046 4588 3115 si

2651 3139 2917 3223 teti9erit
2933 3137 3400 3204 immunditiam
3420 3137 3691 3203 hominis
3725 3137 3795 3202 in
3828 3138 3996 3202 omni
4028 3137 4443 3204 immunditia
4469 3136 4588 3200 eius

2651 3245 2778 3308 qua
2803 3224 3135 3306 polluitur,
3171 3228 3227 3288 et
3258 3224 3513 3289 latuerit
3547 3243 3705 3302 eum,
3741 3227 3797 3287 et
3829 3223 3967 3306 ipse
3991 3225 4343 3307 coynoverit
4362 3226 4585 3305 postea,

2649 3310 2923 3393 deliquit.
2988 3310 3048 3375 4.
3095 3310 3233 3374 Aut
3274 3309 3493 3374 anima
3524 3309 3586 3374 si
3625 3309 3954 3384 iuraverit,
3986 3310 4370 3391 proferendo
4410 3306 4584 3372 lobiis

2648 3417 2715 3463 se
2744 3394 3238 3480 malefactum,
3282 3401 3395 3461 aut
3433 3394 3910 3478 benefacturum,
3955 3400 4011 3460 et
4042 3395 4390 3460 secundum
4425 3410 4581 3459 omne

2647 3483 2809 3566 quod
2863 3481 3108 3568 profert
3169 3481 3345 3547 homo
3411 3481 3756 3546 iuramento
3773 3531 3787 3560 ,
3867 3486 3922 3546 et
3985 3480 4054 3546 id
4116 3480 4384 3547 latuerit
4439 3496 4580 3557 etum

2645 3574 2701 3636 et
2758 3570 2896 3650 ipse
2939 3572 3159 3649 postea
3215 3569 3586 3651 coqnoverit:
3641 3572 3785 3632 tunc
3841 3567 4155 3649 delinquet
4204 3567 4291 3632 in
4339 3585 4464 3631 uno
4512 3583 4579 3630 a

2644 3656 2804 3721 istis.
2873 3654 2932 3719 5.
2978 3653 3129 3718 Erit
3170 3657 3376 3718 autem
3420 3673 3614 3736 quum
3655 3651 3982 3735 deliquerit
4023 3654 4094 3717 in
4135 3672 4267 3717 uno
4313 3673 4394 3717 ex
4434 3651 4578 3728 istis,

2645 3746 2700 3807 et
2742 3740 3058 3823 confessus
3093 3739 3292 3822 fuerit
3334 3739 3403 3805 id
3445 3758 3639 3820 super
3679 3758 3800 3821 quo
3829 3738 4127 3820 peccavit,
4194 3738 4261 3803 6.
4307 3737 4578 3804 Adducet

2645 3825 3009 3894 oblationem
3056 3846 3180 3907 pro
3236 3825 3454 3891 delicto
3512 3844 3628 3890 suo
3672 3823 3966 3905 Iehovae,
4008 3843 4134 3905 pro
4181 3830 4439 3906 peccato
4479 3841 4578 3886 suo

2644 3913 2809 3998 quod
2848 3912 3222 3993 peccaverit,
3280 3911 3584 3995 feminam
3640 3911 3716 3976 de
3765 3930 3976 3995 qreqe,
4033 3930 4268 3995 dynam
4283 3960 4302 3989 ,
4348 3914 4457 3974 aiat
4493 3926 4579 3972 oa-

2632 3999 2876 4083 pellam
2908 4017 3250 4080 caprarum
3271 4018 3395 4080 pro
3424 4001 3704 4079 peccato.-
3737 4002 3793 4061 et
3825 3995 4099 4079 expiabit
4130 4016 4275 4061 eum
4306 3994 4581 4061 sacerdos

2644 4108 2688 4151 a
2719 4089 2969 4166 peccato
3002 4102 3134 4149 suo.
3206 4082 3265 4149 7.
3317 4083 3493 4165 Quod
3525 4084 3588 4148 si
3627 4082 3904 4166 facultas
3946 4082 4299 4165 offerendae
4329 4079 4580 4164 poeudis

2644 4170 2912 4254 defuerit
2951 4170 3040 4248 ei,
3095 4173 3238 4234 tunc
3295 4170 3555 4235 adducet
3611 4168 3975 4235 oblationem
4018 4188 4143 4250 pro
4199 4168 4428 4234 delicto
4479 4183 4581 4232 suo

2642 4259 2809 4339 quod
2836 4255 3132 4338 peccavit,
3175 4255 3332 4321 duos
3365 4259 3657 4333 turtures,
3703 4259 3815 4322 aut
3844 4254 4008 4321 duos
4032 4253 4250 4338 pullos
4283 4252 4580 4320 columbae

2645 4342 2935 4422 Iehovae,
2981 4361 3176 4407 unum
3216 4343 3289 4406 in
3330 4341 3595 4407 hostiam
3629 4360 3753 4424 pro
3789 4344 4036 4423 pet-,cato
4052 4391 4068 4420 ,
4112 4345 4168 4406 et
4208 4340 4483 4406 altemm
4518 4338 4580 4403 in

2634 4429 2904 4495 'hostiam
2947 4427 3305 4494 holocausti.
3373 4427 3432 4492 8.
3480 4426 3838 4509 Afferetque
3877 4425 4021 4492 illos
4064 4427 4151 4492 ad
4189 4427 4578 4502 sacerdotati,

2642 4521 2700 4580 et
2741 4515 2949 4597 offeret
2990 4534 3129 4579 etan
3162 4515 3274 4595 qui
3308 4518 3400 4578 est
3431 4514 3503 4579 in
3538 4513 3807 4578 hostiam
3836 4532 3963 4594 pro
3995 4516 4249 4595 peccato
4280 4513 4581 4594 priorem

2640 4607 2696 4668 et
2738 4621 2944 4685 unque
2985 4600 3213 4666 secabit
3254 4605 3442 4680 caput
3482 4599 3691 4683 ipsius
3734 4618 3767 4663 e
3820 4599 4070 4682 regione
4121 4599 4386 4664 cervicis
4437 4599 4578 4674 cuis,

2638 4693 2694 4753 et
2733 4708 2858 4752 non
2896 4686 3231 4768 separabit.
3328 4686 3389 4751 9.
3434 4684 3853 4768 Asperqetque
3890 4683 3969 4750 de
4009 4686 4323 4768 sanquine
4363 4683 4582 4750 hostiae

2628 4794 2754 4856 pro
2785 4778 3039 4854 peccato
3080 4792 3274 4856 super
3316 4772 3627 4855 parietem
3683 4771 3943 4850 altaris,
4001 4775 4055 4834 et
4098 4770 4269 4852 quod
4311 4771 4579 4854 superest

2639 4861 2716 4926 de
2748 4860 3056 4943 sanquine
3088 4858 3474 4941 exprimetur
3506 4859 3575 4922 in
3611 4856 3794 4923 basin
3829 4856 4039 4940 ipsius
4066 4857 4300 4922 altaris
4316 4881 4336 4922 .-
4369 4854 4578 4922 oblatio

2630 4965 2753 5029 pro
2777 4950 3026 5027 peccato
3061 4949 3166 5010 est.
3237 4944 3339 5010 10.
3384 4943 3681 5009 Alterum
3714 4947 3921 5008 autem
3950 4942 4143 5025 faciet
4169 4941 4579 5009 holocaustum

2638 5032 2821 5096 iuxta
2860 5050 3122 5096 morem.-
3167 5035 3351 5112 atque
3393 5031 3485 5094 ita
3527 5028 3805 5111 expiabit
3845 5048 3988 5094 eum
4029 5028 4325 5094 sacerdos
4366 5050 4409 5093 a
4438 5044 4573 5110 pec-

2638 5122 2770 5182 cato
2812 5137 2926 5182 suo
2968 5117 3131 5198 quod
3158 5117 3463 5199 peccavit,
3524 5120 3581 5180 et
3620 5115 3963 5182 remittetur
4006 5115 4083 5180 ei.
4174 5114 4277 5179 11.
4333 5115 4409 5179 Si
4449 5130 4573 5178 vero

2638 5223 2759 5268 non
2799 5203 3002 5286 fuerit
3034 5203 3092 5268 ei
3121 5201 3392 5285 facultas
3426 5202 3725 5284 offerendi
3757 5202 3918 5266 duos
3949 5205 4244 5279 turtures,
4283 5205 4400 5265 aut
4429 5199 4573 5265 duos

2628 5289 2841 5370 pullos
2883 5288 3206 5366 columbae,
3250 5292 3391 5354 tunc
3433 5289 3652 5370 afferet
3688 5286 4049 5354 oblationem
4081 5307 4266 5352 suam
4304 5287 4416 5368 qui
4442 5300 4572 5366 pec—

2636 5375 2896 5454 caverit,
2942 5373 3243 5440 decimam
3278 5379 3525 5457 partem
3579 5373 3739 5457 epha
3790 5374 4041 5440 sinnlae
4094 5373 4167 5438 in
4220 5371 4570 5440 oblationem
