4867 6150
554 446 683 513 223

556 632 715 699 dum
759 631 1067 697 maiestas
1090 629 1219 695 Dei
1258 652 1392 697 non
1427 652 1688 714 semper
1721 630 1960 696 iustam
2003 631 2504 696 venerationem

555 719 821 785 obtinet.
867 718 1100 800 Itaque
1135 718 1394 784 incusso
1430 726 1629 797 metu,
1665 716 1747 782 ab
1784 714 2200 800 indulgentia
2236 716 2343 784 vel
2378 726 2506 782 tor-

556 827 715 891 pore
756 826 868 872 eos
910 801 1215 870 deterret.

1138 1145 1269 1212 EX
1304 1144 1574 1213 DEUT.
1621 1143 1923 1210 XXVII.

729 1320 790 1386 9.
836 1318 927 1386 Et
991 1320 1284 1402 loquutus
1333 1320 1423 1383 est
1474 1314 1687 1382 Moses
1740 1320 1796 1382 et
1848 1315 2192 1382 sacerdotes
2251 1314 2510 1381 Levitae

558 1409 645 1475 ad
686 1426 926 1474 omnem
985 1404 1226 1484 Israel,
1283 1402 1569 1482 diceudo,
1626 1400 1939 1469 Ausculta
1981 1406 2035 1466 et
2076 1401 2234 1466 audi
2278 1400 2504 1479 Israel,

554 1494 735 1560 hodie
827 1494 1038 1576 factus
1128 1511 1195 1557 es
1279 1490 1351 1554 iu
1429 1487 1736 1572 populum
1816 1486 2083 1553 Iehovae
2167 1485 2306 1553 Deo
2380 1491 2503 1553 tuo.

559 1581 659 1647 10.
719 1578 979 1645 Audias
1026 1597 1168 1661 erqo
1220 1595 1419 1641 vocem
1460 1574 1593 1642 Dei
1633 1573 1759 1654 tui,
1817 1577 1874 1639 et
1928 1574 2140 1655 facias
2168 1577 2508 1656 praecepta

555 1668 711 1747 eius,
754 1670 810 1731 et
850 1668 1085 1730 statuta
1119 1664 1258 1729 eius
1299 1681 1460 1744 quae
1498 1681 1605 1745 eqo
1637 1659 1966 1744 praecipio
2011 1659 2126 1725 tibi
2167 1659 2365 1725 hodic.

726 1835 982 1902 Iterum
1023 1832 1419 1900 exhortandi
1462 1838 1921 1916 argumentum
1969 1831 2255 1895 sumitur
2298 1852 2338 1896 a
2372 1831 2507 1897 sin-

558 1923 774 2009 gulari
818 1921 1188 2005 adoptionis
1223 1921 1457 2005 gratia,
1493 1939 1623 2002 qua
1658 1917 1840 1982 Deus
1878 1916 2220 1982 Abraham
2272 1914 2504 2001 digna-

558 2020 665 2076 tus
703 2009 937 2075 fuerat.
1026 2006 1212 2072 Nihil
1258 2005 1438 2071 enim
1482 2003 1563 2070 ad
1614 2002 1991 2086 obsequium
2036 2002 2505 2085 praestandum

556 2097 772 2162 acrius
827 2093 1169 2161 stimulare
1218 2112 1331 2158 eos
1389 2090 1616 2156 debuit
1671 2110 1868 2172 quam
1925 2109 2109 2153 amor
2171 2088 2285 2153 ille
2329 2088 2508 2170 plus-

556 2203 752 2267 quam
808 2192 1125 2265 paternus
1184 2188 1250 2244 et
1306 2178 1598 2262 gratuita
1651 2175 2114 2242 benevolentia
2155 2196 2287 2257 qua
2326 2174 2506 2257 ipsos

553 2274 1003 2352 praevenerat.
1091 2264 1486 2346 Quanquam
1544 2260 1740 2328 simul
1795 2261 1899 2326 his
1966 2260 2182 2326 verbis
2237 2260 2508 2325 fuerunt

556 2353 874 2421 admoniti
916 2354 987 2418 in
1037 2373 1228 2435 quem
1272 2351 1472 2415 finem
1518 2349 1838 2432 segregati
1885 2355 2105 2412 essent
2151 2367 2192 2411 a
2234 2345 2507 2429 reliquis

554 2441 880 2542 gentibus.
971 2437 1136 2504 Colli
1190 2438 1241 2501 ‘t
1294 2439 1507 2514 enim,
1561 2435 1713 2518 quia
1771 2435 2015 2516 recepti
2065 2441 2222 2497 sunt
2278 2454 2319 2497 a
2365 2434 2506 2497 Deo

554 2550 622 2592 m
691 2524 1035 2610 populum,
1102 2543 1141 2587 ο
1188 2521 1424 2606 stringi
1490 2519 1574 2586 ad
1639 2519 1965 2586 servanda
2019 2519 2161 2584 eius
2218 2526 2506 2584 statuta:

554 2612 749 2679 sicuti
815 2610 1057 2675 clarius
1123 2609 1313 2674 docet
1377 2607 1625 2672 Paulus
1686 2603 1841 2692 (Tit.
1906 2604 1966 2684 2,
2037 2603 2163 2692 14),
2223 2626 2340 2670 nos
2404 2626 2507 2669 re-

555 2698 855 2781 demptos
898 2716 1039 2761 esse
1083 2694 1167 2761 ab
1209 2693 1386 2759 omni
1433 2693 1801 2776 iniquitate,
1850 2700 1923 2756 ut
1964 2691 2273 2756 Christus
2316 2711 2508 2755 mun-

555 2783 742 2849 daret
785 2780 909 2848 sibi
954 2781 1271 2865 populum
1314 2779 1732 2862 peculiarem,
1780 2777 2144 2843 studiosum
2183 2776 2505 2842 bonorum

556 2890 846 2955 operum.
972 2868 1180 2932 Porro
1251 2866 1405 2949 quia
1474 2866 1603 2929 iam
1675 2863 1879 2930 creati
1949 2875 2140 2928 erant
2210 2863 2507 2928 sacerdo-

558 2965 658 3022 tos
734 2956 801 3020 in
886 2974 1160 3037 quorum
1243 2951 1435 3017 labiis
1516 2958 1850 3033 peteretur
1927 2949 2093 3033 legis
2173 2948 2501 3014 doctrina:

553 3063 727 3109 nunc
771 3041 980 3125 ipsius
1030 3038 1152 3105 Dei
1215 3038 1481 3104 nomine
1539 3035 1868 3120 prodeunt
1922 3036 1990 3102 in
2048 3032 2368 3115 medium,
2427 3055 2505 3101 ac

552 3128 989 3211 stipulantur,
1050 3136 1123 3191 ut
1166 3124 1310 3190 Deo
1354 3123 1715 3190 liberaliter
1752 3122 2066 3188 invitanti
2111 3121 2506 3204 respondeat

549 3215 863 3299 populus:
908 3233 1121 3295 neque
1159 3211 1227 3276 id
1264 3210 1472 3288 modo,
1518 3209 1632 3276 sed
1668 3210 1813 3275 eius
1849 3207 2168 3275 ministris
2202 3217 2500 3291 pareant.

1146 3550 1281 3617 EX
1327 3550 1595 3618 DEU'P.
1642 3549 1908 3618 XXVI.

727 3726 825 3790 16.
872 3723 1079 3789 Hodie
1134 3722 1364 3788 Iehova
1419 3722 1604 3789 Deus
1665 3728 1814 3787 tuus
1870 3725 2194 3806 praecepit
2254 3723 2370 3790 tibi
2432 3729 2504 3790 ut

547 3812 757 3895 facias
796 3814 1028 3876 statuta
1069 3809 1215 3875 haec
1256 3815 1314 3874 et
1353 3808 1628 3875 iudicia:
1669 3810 1989 3876 custodias
2029 3830 2170 3892 erqo
2205 3815 2262 3876 et
2290 3811 2501 3894 facias

549 3919 627 3964 ea
683 3901 799 3961 toto
852 3896 1030 3961 corde
1081 3901 1219 3974 tuo,
1273 3900 1328 3960 et
1383 3900 1506 3960 tota
1564 3895 1784 3961 anima
1838 3901 1968 3961 tua.
2059 3896 2160 3961 17.
2208 3896 2501 3962 Iehovam

549 3983 848 4051 exaltasti
887 3981 1084 4057 hodie,
1125 3982 1293 4063 quod
1334 3981 1451 4046 tibi
1492 3982 1578 4045 sit
1618 3983 1687 4045 in
1732 3979 1960 4056 Deum,
2015 3987 2070 4047 et
2110 3983 2387 4049 ambules
2429 3984 2502 4048 in

549 4071 676 4137 viis
718 4071 874 4148 eius,
932 4073 988 4132 et
1029 4067 1344 4133 custodias
1386 4072 1620 4133 statuta
1662 4067 1817 4141 eius,
1877 4073 1930 4132 et
1963 4073 2298 4148 praecepta
2343 4069 2498 4144 eius,

553 4162 609 4221 et
649 4155 891 4221 iudicia
933 4154 1103 4218 eius.-
1144 4159 1200 4218 et
1239 4153 1490 4218 obedias
1532 4154 1667 4220 voci
1708 4154 1862 4218 eius.
1939 4154 2038 4219 18.
2090 4152 2317 4219 Iehova
2351 4175 2502 4237 quo-

551 4262 668 4323 que
710 4241 1012 4306 exaltavit
1053 4243 1109 4302 te
1152 4239 1330 4304 hodie
1372 4239 1535 4321 quod
1589 4242 1685 4305 sis
1739 4240 1800 4303 ei
1841 4240 1912 4304 in
1956 4239 2264 4320 populum
2310 4261 2499 4323 pecu-

552 4328 793 4403 liarem,
839 4325 1359 4407 quemadmodum
1401 4325 1688 4407 loquutus
1729 4324 1976 4402 esttibi,
2021 4331 2078 4391 et
2111 4327 2274 4408 quod
2308 4332 2502 4393 custo-

551 4413 696 4478 dias
741 4413 951 4477 omnia
984 4417 1315 4493 praecepta
1358 4413 1514 4477 eiu-9.
1608 4411 1707 4477 19.
1753 4411 1841 4476 Et
1872 4417 2071 4492 ponat
2110 4416 2166 4477 te
2217 4413 2499 4494 superio-

551 4519 680 4563 rem
704 4497 989 4563 omnibus
1025 4497 1305 4580 yentibus
1340 4518 1502 4579 quas
1542 4497 1702 4579 fecit,
1748 4497 1834 4562 ad
1869 4498 2135 4576 laudem,
2174 4504 2229 4563 et
2263 4519 2497 4578 nomen,

551 4589 608 4650 et
667 4583 965 4669 ylariam:
1024 4588 1080 4647 et
1129 4589 1199 4648 ut
1249 4583 1344 4649 sis
1392 4584 1668 4665 populus
1734 4589 1987 4650 sanctus
2040 4583 2307 4650 Iekovae
2362 4584 2500 4651 Deo

549 4675 673 4749 tue,
718 4670 1233 4751 quemadmodum
1275 4670 1458 4735 dixit.

727 4841 827 4907 16.
877 4841 1082 4907 Hodie
1127 4840 1376 4906 Iekova.
1469 4842 1724 4907 Rursus
1771 4842 1988 4907 Deum
2035 4855 2499 4908 commemorat

549 4927 716 5012 legis
763 4949 905 4992 esse
949 4939 1278 5004 autorem,
1337 4947 1466 5010 quo
1523 4930 1731 5009 magis
1783 4950 1892 4994 eos
1939 4941 2315 5011 permoveat
2356 4931 2498 4995 eius

551 5014 886 5080 maiestas:
955 5034 1162 5096 neque
1198 5013 1265 5077 id
1311 5013 1521 5088 modo,
1566 5014 1681 5079 sed
1726 5015 2032 5097 quoniam
2080 5014 2498 5097 peculiariter

551 5099 658 5166 lex
716 5100 845 5164 illis
905 5100 1144 5164 tradita
1195 5099 1409 5164 fuerat
1452 5100 1590 5166 eius
1659 5121 1913 5183 quoque
1973 5102 2493 5167 observationem

549 5186 909 5252 iniunctam
957 5205 1118 5251 esse.
1205 5184 1383 5252 Hinc
1447 5185 1747 5250 hortatur
1812 5197 1886 5250 ut
1943 5186 2295 5271 diligenter
2353 5190 2492 5253 ani-

548 5293 731 5337 mum
779 5271 1092 5337 adiiciant
1132 5269 1216 5336 ad
1262 5292 1340 5337 ea
1382 5293 1550 5356 quae
1589 5273 1773 5338 Deus
1816 5273 2107 5338 iniunxit
2150 5274 2490 5353 servanda,

550 5359 706 5442 quia
751 5357 1000 5424 scilicet
1043 5366 1310 5441 torpent
1351 5359 1652 5424 homines
1695 5358 1763 5423 in
1808 5360 2019 5424 officio
2065 5360 2190 5424 nisi
2228 5362 2492 5444 saepius

2018 439 2552 508 PRAEFATIO
2595 440 2697 506 IN
2741 440 3090 508 LEGEM.

4419 442 4534 512 224

2607 630 2997 697 excitentur.
3108 629 3278 696 Nam
3356 640 3534 697 certe
3607 632 3794 697 Dens
3815 681 3831 709 ‚
3911 629 4297 714 obsequium
4360 633 4533 703 toties

2607 716 2947 801 exigendo,
2993 716 3253 800 oblique
3295 716 3682 801 perstringit
3717 716 3945 801 populi
3985 716 4353 801 segnitiem.
4414 718 4533 786 Per

2608 810 2812 867 totam
2870 822 3027 867 vero
3085 806 3374 868 animam
3428 803 3828 888 intelligitur
3890 802 4060 868 seria
4117 804 4533 887 apprehensio

2608 897 2675 954 et
2715 908 2902 967 cura,
2959 886 3194 954 deinde
3238 887 3584 955 sinceritas
3618 910 3786 973 pura
3827 889 4004 953 omni
4047 887 4195 955 fuco
4238 898 4306 955 et
4347 890 4532 956 simu·

2607 973 2871 1039 latione.
2959 974 3146 1040 Nihil
3195 975 3372 1039 enim
3409 973 3553 1040 Deo
3597 974 3810 1059 magis
3852 974 4151 1058 displicet
4192 996 4388 1058 quam
4430 975 4536 1062 hy-

2608 1060 2878 1143 pocrisis
2921 1061 3076 1143 quia
3118 1082 3230 1127 cor
3272 1060 3590 1129 intuetur.
3680 1061 3757 1127 Si
3800 1060 3945 1143 quis
3998 1057 4260 1127 obiiciat
4300 1059 4539 1128 frustra

2608 1146 2855 1229 requiri
2923 1146 3095 1229 quod
3167 1146 3545 1211 mortalium
3614 1167 3811 1211 nemo
3891 1155 4226 1229 praestare
4314 1155 4536 1231 potest,

2609 1252 2843 1315 nempe
2886 1243 2959 1296 ut
3002 1241 3137 1297 toto
3172 1231 3366 1298 corde
3409 1232 3515 1296 lex
3561 1242 3887 1299 servetur:
3934 1232 4298 1315 respondeo
4341 1241 4540 1300 totum

2609 1337 2718 1383 cor
2761 1318 2999 1401 opponi
3046 1317 3306 1401 duplici,
3357 1317 3457 1382 vel
3501 1318 3840 1402 bipertito,
3909 1326 4104 1400 atque
4146 1319 4243 1384 ita
4286 1328 4541 1385 tantun·

2609 1402 2756 1469 dem
2823 1403 3043 1470 valere
3110 1413 3306 1488 atque
3371 1405 3741 1489 integrum,
3823 1402 3931 1468 vel
3994 1405 4266 1469 minime
4332 1405 4541 1471 fallax.

2607 1488 3002 1572 Quanquam
3079 1488 3181 1577 (ut
3249 1498 3474 1574 postea
3539 1487 3933 1576 videbimus)
3997 1487 4354 1556 absurdum
4417 1511 4543 1556 nou

2608 1587 2711 1641 est
2752 1596 3018 1660 scopum
3077 1577 3355 1660 proponi
3414 1575 3717 1642 fidelibus
3759 1575 3844 1641 ad
3887 1596 4080 1659 quem
4134 1575 4545 1657 contendant,

2606 1682 2739 1812 nosti)
2777 1672 2997 1727 autem
3032 1664 3428 1746 pertingant,
3468 1664 3851 1745 quantisper
3873 1682 3985 1727 eos
4021 1670 4314 1728 moratur
4336 1662 4547 1728 carnis

2607 1748 2675 1812 in
2726 1747 2977 1813 rmitas.

2782 1834 2881 1899 17.
2923 1833 3217 1899 Iehovam
3260 1833 3575 1899 exaltasti.
3620 1833 3727 1900 Ab
3774 1833 4010 1899 effectu
4053 1833 4346 1899 ostendit
4389 1831 4551 1899 nihil

2607 1918 2769 2002 ipsis
2812 1941 2955 1985 esse
3001 1919 3253 1996 melius,
3311 1940 3431 1986 nec
3475 1921 3685 2003 magis
3729 1918 4043 2002 optabile,
4100 1940 4298 2003 quam
4342 1920 4556 2004 legem

2607 2005 2735 2071 Dei
2780 2006 3121 2088 amplecti:
3179 2005 3351 2071 nihil
3406 2005 3582 2070 enim
3633 2006 3823 2071 nobis
3868 2007 4077 2088 magis
4123 2005 4554 2071 honorificum

2607 2111 2803 2174 quam
2840 2092 2983 2157 Deo
3019 2091 3122 2156 ius
3158 2113 3348 2157 suum
3391 2111 3700 2170 asserere,
3738 2100 3805 2155 et
3837 2091 3907 2155 in
3942 2090 4222 2156 sublime
4259 2093 4557 2158 attollere

2608 2179 2748 2243 eius
2811 2177 3086 2260 gloriam
3146 2188 3222 2243 ut
3277 2177 3583 2243 emineat.
3671 2175 4002 2242 Admonet
4060 2188 4277 2242 autem
4341 2178 4559 2245 Moses

2606 2263 2665 2330 si
2709 2284 2782 2328 se
2826 2262 3167 2329 Israelitae
3210 2263 3342 2347 legi
3387 2263 3769 2343 subiiciant,
3833 2263 4106 2345 perinde
4158 2261 4227 2328 id
4282 2263 4431 2330 fore
4488 2285 4560 2330 ac

2609 2350 2663 2415 si
2702 2370 2850 2413 eum
2898 2350 3191 2415 locarent
3232 2350 3301 2414 in
3339 2351 3511 2415 iusto
3548 2350 3805 2433 imperii
3842 2349 3944 2413 sui
3978 2348 4225 2432 gradu:
4270 2350 4560 2417 fructum

2609 2456 2765 2501 vero
2809 2433 3176 2501 rediturum
3221 2456 3366 2502 esse
3407 2436 3731 2519 promittit
3773 2435 3926 2518 quia
3969 2435 4260 2501 vicissim
4295 2458 4414 2502 eos
4449 2456 4561 2502 ex-

2612 2521 2793 2587 tollet
2838 2521 3050 2602 Deus,
3112 2531 3183 2587 ut
3241 2542 3398 2604 prae
3457 2523 3714 2587 cunctis
3757 2520 4065 2606 gentibus
4108 2520 4304 2605 longe
4351 2521 4567 2588 excel-

2612 2607 2770 2687 lant,
2816 2607 3009 2673 sicuti
3049 2607 3225 2691 apud
3270 2607 3513 2672 Isaiam
3559 2607 3830 2673 dicitur:
3878 2606 4307 2673 Sanctificate
4343 2609 4567 2675 Deum

2611 2693 3041 2773 exercituum,
3108 2705 3175 2759 et
3237 2694 3378 2777 ipse
3440 2693 3566 2757 erit
3634 2715 3753 2759 arx
3818 2701 4062 2759 vestra.
4163 2693 4305 2760 Nec
4378 2693 4570 2760 aliter

2610 2779 2963 2863 glorificari
3029 2802 3067 2844 a
3133 2778 3321 2844 nobis
3389 2779 3695 2861 postulat,
3763 2800 3957 2862 quam
4025 2787 4097 2844 ut
4155 2788 4392 2846 mutuo
4448 2800 4566 2845 nos

2612 2865 2806 2931 faciat
2850 2865 3096 2949 gloriae
3140 2887 3296 2931 suae
3341 2877 3705 2931 consortes:
3764 2877 3960 2948 atque
4016 2864 4110 2930 ita
4168 2865 4417 2932 blande
4463 2886 4570 2931 eos

2613 2951 2818 3017 allicit
2873 2951 2952 3017 ad
3016 2950 3500 3034 suscipiendam
3556 2951 3798 3035 legem,
3857 2951 4012 3034 quia
4065 2950 4274 3017 solida
4339 2972 4569 3017 eorum

2610 3038 2887 3104 felicitas
2929 3038 3056 3104 sita
3099 3039 3185 3103 sit
3225 3038 3295 3103 in
3344 3036 3468 3104 hoc
3515 3037 3775 3122 pietatis
3819 3038 4050 3119 officio,
4093 3039 4151 3103 si
4188 3038 4337 3106 Deo
4384 3038 4570 3123 peni-

2609 3134 2718 3191 tus
2777 3124 2858 3190 ad
2914 3123 3277 3207 parendum
3337 3147 3407 3191 se
3465 3124 3791 3191 addicant.
3882 3125 4089 3190 Porro
4150 3124 4314 3192 baec
4362 3124 4570 3193 eccle·

2610 3210 2745 3277 siae
2788 3211 3207 3294 praestantia,
3252 3211 3511 3276 tametsi
3555 3210 3625 3276 in
3672 3211 3919 3276 mundo
3976 3210 4295 3295 refulget,
4358 3210 4571 3278 caecis

2609 3305 2829 3363 tamen
2866 3309 2967 3362 est
3014 3296 3427 3363 abscondita:
3475 3305 3669 3380 atque
3714 3309 3792 3361 ut
3837 3297 4199 3380 spiritualis
4236 3306 4366 3379 est,
4414 3318 4574 3363 non-

2607 3384 2735 3449 nisi
2780 3404 2998 3449 eoram
3045 3381 3191 3448 Deo
3234 3392 3302 3449 et
3343 3383 3596 3467 angelis
3639 3382 3901 3448 laudem
3947 3405 4133 3448 suam
4169 3383 4456 3450 obtinet.

3273 3725 3403 3790 EX
3449 3724 3719 3791 DEU'P.
3764 3723 3886 3790 VI.

2775 3898 2881 3965 2Ο.
2934 3898 3138 3980 Quum
3179 3897 3657 3981 interrogaverit
3720 3901 3774 3962 te
3810 3896 3990 3977 filius
4031 3901 4178 3962 tuus
4217 3917 4378 3964 cras
4397 3945 4414 3976 ,
4479 3897 4576 3963 di-

2601 3985 2820 4052 cendo:
2890 3984 3060 4066 Quid
3101 3982 3227 4049 sibi
3267 3983 3480 4048 volunt
3519 3984 3876 4047 testimonia
3917 3987 3973 4048 et
4014 3987 4250 4048 statuta
4297 3988 4359 4048 et
4406 3983 4579 4050 iudi·

2601 4072 2940 4238 312‘223‘153‘1'50
2949 4066 4213 4237 iffiessffihffirssffssiimiffi
4243 4069 4577 4241 {³53⁶

2602 4248 2658 4308 et
2719 4242 2936 4309 eduxit
3012 4261 3128 4306 uos
3192 4241 3423 4306 Iehova
3488 4261 3565 4305 ex
3630 4242 3913 4323 Aeqypto
3979 4240 4049 4305 in
4112 4260 4315 4308 manu
4391 4243 4573 4325 forti.

2602 4330 2706 4395 22.
2748 4327 3066 4409 Deditque
3112 4326 3341 4393 Iehova
3382 4326 3570 4410 siqua
3613 4331 3672 4391 et
3700 4332 3990 4409 portenta
4032 4346 4264 4411 mayna
4325 4334 4391 4394 et
4422 4348 4577 4411 pes-

2601 4417 2768 4481 sima
2809 4415 2880 4478 iu
2924 4416 3202 4497 Aegypto
3244 4413 3316 4478 in
3363 4412 3788 4490 Pharaonem,
3848 4417 3907 4477 et
3962 4412 4028 4477 in
4074 4416 4263 4478 totam
4309 4415 4578 4480 domum

2603 4502 2758 4581 eius,
2801 4500 2874 4564 in
2916 4500 3113 4566 oculis
3154 4499 3402 4565 nostris.
3470 4498 3575 4564 23.
3613 4499 3824 4581 Atque
3863 4518 3977 4564 nos
4017 4498 4232 4564 eduxit
4274 4502 4458 4579 inde,
4504 4503 4579 4566 ut

2600 4586 3011 4653 introduceret
3049 4605 3181 4665 nos,
3226 4605 3301 4651 ac
3343 4585 3521 4651 daret
3561 4585 3736 4651 nobis
3769 4589 4004 4649 terram
4038 4584 4115 4648 de
4149 4606 4281 4667 qua
4318 4588 4577 4653 iuravit

2589 4671 2884 4756 patribus
2927 4672 3176 4738 uostris.
3266 4672 3371 4736 24.
3420 4670 3646 4753 Itaque
3689 4670 4014 4752 praecepit
4057 4669 4287 4736 Iehova
4352 4677 4432 4738 ut
4471 4673 4576 4756 fa·

2598 4760 2843 4826 ciamus
2908 4758 3119 4823 omnia
3187 4762 3419 4823 statuta
3485 4758 3610 4823 ista
3624 4809 3641 4835 ,
3721 4761 3792 4822 ut
3853 4756 4186 4822 timeamus
4255 4757 4574 4825 Iehovam

2600 4846 2808 4913 Deum
2850 4849 3130 4909 nostrum
3171 4845 3243 4908 iu
3290 4842 3513 4909 bonum
3554 4847 3834 4923 nostrum
3877 4842 4160 4907 omnibus
4200 4843 4457 4920 diebus,
4504 4848 4576 4909 ut

2598 4935 2986 4998 conservaret
3026 4948 3145 4993 nos
3178 4929 3248 4993 iu
3291 4931 3438 5004 vita,
3489 4933 3561 4993 ut
3593 4930 3662 4994 in
3694 4927 3813 4995 hac
3844 4929 3964 4995 die.
4032 4927 4136 4994 25.
4176 4928 4269 4993 Et
4302 4931 4576 4997 iustitia

2597 5019 2714 5084 erit
2753 5017 2928 5083 uobis
2959 5035 3150 5098 quum
3186 5015 3667 5081 custodierimus
3705 5019 3777 5079 ut
3812 5015 4138 5097 faciamus
4168 5035 4356 5081 omne
4366 5038 4571 5099 prae-

2594 5109 2833 5187 ceptum
2871 5102 3299 5253 istu‘dbwcoram
3335 5100 3565 5166 Iehova
3598 5100 3736 5168 Deo
3776 5104 3985 5166 nostro
4030 5102 4577 5181 quemadmodum

2583 5192 2908 5272 Draeoeffit
2948 5208 2989 5252 θ’
3129 5237 3143 5252 -

2766 5359 2870 5425 20.
2923 5358 3127 5440 Quum
3162 5358 3653 5442 interroyavcrit.
3713 5357 3843 5424 His
3869 5357 4165 5424 versibus
4188 5357 4317 5424 hoc
4345 5377 4572 5423 unum
