4867 6150
317 447 399 512 69
1511 441 2252 511 COMMENTARIUS
2299 445 2397 510 IN
2442 443 2745 511 EXODI
2789 444 2986 511 CAP.
3033 442 3115 511 V.

313 637 433 703 vit.
482 635 704 701 Tertio
728 633 939 700 voluit
961 653 1184 698 servos
1218 653 1371 698 suos
1403 633 1470 697 in
1491 654 1718 699 omnes
1753 640 2003 699 aetates
2038 652 2259 699 assue-

312 725 526 791 facere
571 721 652 785 ad
699 720 1116 784 tolerantiam
1135 769 1151 797 ,
1203 739 1285 783 ne
1329 719 1695 802 liquescant
1740 719 1979 784 animis
2024 719 2079 784 si
2124 740 2257 784 non

315 809 618 894 protinus
653 827 878 872 eorum
909 804 1081 869 votis
1116 805 1522 888 respondeat,
1569 806 1673 869 vel
1713 826 1843 869 non
1879 804 1960 869 ad
1997 805 2260 889 singula

313 906 647 961 momenta
681 899 1018 958 succurrat
1061 910 1286 955 eorum
1332 891 1633 956 miseriis.
1724 891 1978 972 Quarto
2036 902 2255 956 osten-

313 982 472 1047 dere
516 978 724 1045 voluit
766 986 999 1043 contra
1040 996 1265 1041 omnes
1303 975 1592 1043 Satanae
1634 987 1903 1042 conatus
1939 986 2006 1041 et
2039 976 2252 1041 muni-

314 1068 546 1139 tiones,
592 1076 819 1130 contra
860 1062 1207 1145 impiorum
1252 1063 1605 1128 amentiam
1642 1070 1709 1127 et
1764 1063 1985 1127 omnia
2027 1060 2260 1126 mundi

317 1152 788 1237 impedimenta
864 1168 1131 1214 manum
1214 1168 1398 1213 suam
1466 1169 1726 1231 semper
1807 1148 1943 1214 fore
2030 1148 2255 1213 victri-

318 1259 492 1307 cem:
549 1258 632 1303 ne
678 1235 1050 1301 dubitemus
1103 1233 1416 1317 quidquid
1464 1234 1650 1300 nobis
1684 1235 2083 1300 contrarium
2123 1255 2257 1300 cer-

315 1327 555 1400 nimus,
595 1322 858 1387 tandem
906 1320 986 1386 ab
1024 1341 1098 1386 eo
1143 1330 1597 1404 expugnatum
1639 1319 1741 1385 iri.
1830 1320 2080 1401 Quinto
2142 1341 2257 1385 vo·

316 1412 461 1490 luit,
508 1408 783 1474 detectis
807 1408 1099 1472 Satanae
1144 1418 1210 1471 et
1252 1427 1592 1489 magorum
1618 1406 2008 1490 praestigiis,
2056 1406 2255 1472 eccle-

322 1499 484 1563 siam
526 1516 711 1561 suam
758 1494 966 1575 magis
1012 1500 1336 1557 attentam
1382 1492 1687 1572 reddere,
1748 1502 1822 1558 ut
1866 1492 1989 1558 sibi
2027 1514 2063 1556 a
2110 1491 2256 1556 tali·

323 1584 440 1649 bus
483 1580 740 1647 insidiis
783 1578 1008 1645 sedulo
1051 1592 1298 1655 caveat,
1345 1588 1412 1642 et
1445 1587 1673 1643 contra
1706 1599 1936 1644 omnes
1960 1598 2258 1642 errorum

320 1668 661 1734 machinas
705 1664 1234 1748 inexpugnabilis
1271 1675 1533 1728 maneat
1567 1665 1709 1729 eius
1746 1662 1924 1728 fides.
1993 1663 2256 1733 Postre-

318 1776 427 1820 mo
476 1754 682 1818 voluit
722 1751 1136 1816 Pharaonem
1182 1760 1247 1813 et
1292 1750 1656 1833 Aegyptios
1701 1751 2116 1828 convincere,
2177 1770 2259 1815 ne

316 1861 446 1926 quo
492 1839 901 1924 ignorantiae
945 1844 1287 1919 praetextu
1349 1836 1740 1902 excusabilis
1800 1845 1973 1901 esset
2031 1856 2257 1900 eorum

317 1927 625 1993 amentia.
714 1923 932 1988 Simul
1000 1922 1194 1986 etiam
1264 1919 1385 1984 sub
1452 1922 1574 1986 hoc
1636 1934 1791 2005 typo
1837 1921 2023 1987 nobis
2073 1942 2260 1986 mon-

316 2023 529 2080 strare
575 2011 781 2075 voluit
823 2029 1016 2092 quam
1056 2006 1386 2073 horribilis
1421 2008 1700 2072 caecitas
1730 2016 2001 2090 occupet
2037 2027 2256 2090 repro-

316 2100 555 2165 borum
604 2104 883 2173 mentes,
942 2094 1053 2158 ubi
1112 2115 1221 2158 eas
1280 2094 1550 2174 spiritus
1616 2094 1714 2159 sui
1758 2093 1906 2160 luce
1951 2092 2258 2160 deseruit.

317 2186 507 2251 Haec
595 2185 664 2247 in
724 2181 891 2247 serie
959 2179 1353 2244 narrationis
1440 2178 1796 2262 prudenter
1853 2178 2262 2244 observanda

317 2282 531 2347 erunt,
578 2269 634 2333 si
675 2267 973 2350 cupimus
1016 2286 1097 2330 ex
1145 2286 1222 2330 ea
1268 2266 1590 2347 proficere.
1649 2265 1740 2331 Ut
1776 2264 2072 2330 difficiles
2107 2273 2264 2329 sunt

316 2378 547 2441 regum
597 2373 914 2429 accessus,
963 2371 1082 2415 nec
1125 2351 1481 2432 quemlibet
1524 2373 1607 2416 ex
1653 2351 1849 2436 vulgo
1915 2350 2260 2415 admittere

318 2444 707 2527 dignantur,
769 2439 1055 2521 oportuit
1099 2436 1335 2502 Mosen
1392 2446 1460 2501 et
1510 2437 1777 2502 Aharon
1824 2457 1956 2501 non
2002 2436 2260 2521 vulgari

316 2528 715 2597 confidentia
758 2545 899 2589 esse
945 2523 1290 2604 praeditos,
1358 2544 1559 2605 quum
1605 2523 2014 2588 Pharaonem
2061 2522 2261 2588 libere

315 2614 609 2700 aggressi
676 2625 850 2677 sunt.
942 2608 1186 2674 Odiosa
1251 2609 1428 2673 enim
1494 2616 1561 2671 et
1627 2610 2000 2674 offensionis
2065 2609 2260 2691 plena

313 2711 463 2767 erat
526 2698 786 2782 legatio,
855 2705 928 2759 ut
992 2699 1117 2759 iter
1184 2694 1380 2759 tridui
1448 2697 1661 2760 facere
1727 2705 1917 2760 extra
1973 2695 2265 2779 Aegypti

313 2790 483 2854 fines
529 2784 765 2868 populo
812 2783 1249 2866 permitteret:
1295 2783 1446 2862 quia
1491 2779 1757 2846 dubium
1804 2802 1930 2845 non
1978 2794 2078 2845 est
2100 2780 2263 2863 quin

313 2872 685 2954 obrepserit
730 2868 1036 2951 suspicio,
1079 2866 1192 2949 qui
1239 2866 1489 2930 dimissi
1533 2878 1752 2932 essent
1798 2887 1931 2930 non
1979 2867 2263 2949 amplius

313 2960 458 3024 fore
518 2976 674 3023 suae
729 2954 1012 3030 ditionis,
1080 2962 1275 3035 atque
1320 2952 1413 3016 ita
1452 2966 1704 3034 partem
1755 2962 1970 3017 terrae
2030 2953 2261 3018 incolis

313 3042 668 3112 exinaniri.
761 3041 979 3108 Moses
1024 3048 1242 3104 tamen
1290 3048 1357 3103 et
1393 3040 1663 3104 Aharon
1711 3039 1833 3104 Dei
1881 3038 2261 3105 mandatum

311 3133 612 3216 perferre
655 3150 787 3194 non
826 3138 1163 3192 verentur:
1215 3127 1277 3189 in
1326 3147 1453 3207 quo
1490 3124 1613 3191 hoc
1659 3147 1912 3209 quoque
1958 3147 2261 3209 asperum

310 3226 461 3284 erat
506 3217 701 3281 lautis
746 3227 810 3278 et
854 3212 1157 3278 fastuosis
1201 3213 1376 3296 regis
1421 3213 1706 3286 auribus,
1752 3210 1925 3295 quod
1967 3213 2085 3276 uni
2123 3213 2264 3277 Deo

309 3304 527 3371 Israel
575 3300 956 3367 asserebant
1006 3297 1268 3363 deitatis
1310 3298 1604 3382 gloriam.
1693 3298 1864 3362 Nam
1901 3299 2115 3382 ipsum
2152 3319 2264 3362 vo·

309 3390 529 3459 cando
572 3387 845 3464 Iehova,
914 3384 1066 3449 deos
1111 3384 1221 3466 qui
1265 3385 1334 3448 in
1381 3386 1684 3467 Aegypto
1728 3384 2108 3449 colebantur
2152 3385 2264 3449 fic-

310 3478 501 3543 titios
542 3482 611 3539 et
652 3473 991 3538 hominum
1039 3468 1308 3534 arbitrio
1354 3483 1605 3534 creatos
1665 3491 1805 3536 esse
1864 3471 2261 3554 intelligunt.

312 3561 516 3645 Quod
575 3559 862 3625 affirmat
919 3555 1105 3621 Deus
1164 3578 1234 3621 se
1293 3556 1605 3639 populum
1653 3576 1886 3622 vocare
1929 3558 1997 3621 in
2043 3555 2263 3621 deser-

311 3663 465 3715 tum
510 3657 585 3711 ut
627 3646 869 3710 festum
913 3643 1081 3706 diem
1127 3641 1472 3719 celebrent,
1519 3663 1889 3725 quanquam
1938 3665 2066 3707 non
2114 3663 2263 3724 ape-

312 3737 402 3801 rit
471 3745 752 3817 tyranno
809 3751 1002 3795 suum
1059 3729 1438 3802 consilium,
1498 3728 1785 3793 diximus
1841 3737 2062 3793 tamen
2108 3728 2263 3792 alibi

313 3819 571 3887 nullam
635 3839 777 3882 esse
832 3815 1316 3881 simulationem
1363 3815 1428 3877 in
1479 3814 1599 3880 hoc
1646 3826 2008 3896 praetextu.
2087 3815 2265 3878 Vere

310 3908 499 3974 enim
546 3902 839 3987 placebat
885 3903 1025 3967 Deo
1071 3899 1190 3965 sibi
1236 3901 1455 3965 offerri
1492 3900 1560 3965 in
1602 3909 1821 3965 monte
1843 3900 2028 3966 Sinai
2065 3901 2263 3966 sacri-

312 3994 539 4059 ficium
596 3991 954 4074 gratiarum
1017 3986 1323 4065 actioniS,
1371 3995 1438 4050 et
1479 3986 1572 4049 ita
1617 3988 1907 4071 separari
1976 4008 2037 4051 a¹
2068 3996 2264 4069 gente

310 4077 568 4163 polluta
611 4078 716 4142 cui
762 4074 1070 4158 permixti
1115 4072 1394 4137 fuerant.
1488 4074 1576 4136 Et
1638 4081 1814 4138 certe
1858 4072 2261 4139 stomachum

313 4178 608 4251 tyranno
651 4182 916 4226 movere
963 4158 1205 4241 voluit,
1270 4171 1469 4222 totam
1548 4163 1924 4244 Aegyptum
1985 4160 2262 4242 ignomi-

316 4252 471 4317 niae
517 4247 905 4325 damnando,
970 4244 1138 4327 quod
1188 4246 1333 4325 puri
1379 4244 1597 4310 cultus
1641 4265 1845 4328 capax
1894 4267 2023 4309 non
2068 4254 2260 4310 esset.

314 4335 523 4403 Nulla
588 4345 804 4398 autem
871 4332 1016 4414 lege
1084 4330 1435 4396 adstrictus
1493 4331 1615 4395 fuit
1672 4332 1749 4394 ad
1815 4330 2263 4395 liberationem

312 4433 547 4506 aperte
592 4417 1081 4485 declarandam:
1126 4417 1278 4498 quin
1321 4416 1537 4499 potius
1580 4430 1656 4480 ut
1694 4418 1872 4481 virus
1906 4417 2262 4500 impietatis

312 4510 583 4574 eliceret
627 4527 708 4569 ex
755 4503 1018 4587 tyranni
1063 4504 1300 4577 animo,
1346 4502 1512 4565 nihil
1564 4503 1752 4584 petiit
1796 4505 1863 4566 in
1911 4501 2130 4586 populi
2158 4502 2263 4566 sui

310 4591 750 4668 commodum,
808 4589 920 4664 sed
967 4588 1215 4653 cultum
1260 4588 1381 4653 sibi
1428 4587 1719 4653 debitum
1765 4588 2001 4672 exegit.
2098 4588 2259 4653 Ver-

313 4681 478 4746 bum
525 4700 648 4760 quo
692 4677 901 4741 utitur
946 4674 1199 4749 Moses,
1260 4674 1518 4757 proprie
1565 4673 1736 4739 diem
1783 4675 2021 4739 festum
2070 4696 2262 4757 agere

314 4765 676 4850 significat,
724 4761 837 4826 sed
882 4759 1272 4845 appendices
1315 4762 1510 4824 etiam
1559 4760 2040 4843 complectitur,
2086 4761 2259 4825 ideo-

312 4872 448 4935 que
504 4871 619 4933 per
678 4846 1123 4929 synecdochen
1185 4847 1289 4911 hic
1341 4846 1686 4928 accipitur,
1747 4859 1817 4911 ut
1874 4849 2072 4912 etiam
2118 4846 2262 4912 aliis

314 4938 496 5013 locis,
544 4957 658 5019 pro
711 4934 925 4998 Deum
969 4933 1181 4998 colere
1225 4933 1474 4997 solenni
1516 4934 1664 4998 ritu.

495 5022 555 5087 2.
602 5021 689 5086 Et
729 5022 898 5086 dixit
945 5018 1235 5084 Pharao.-
1307 5018 1465 5100 Quis
1506 5024 1599 5083 est
1641 5018 1885 5084 Iehova.
1976 5019 2261 5082 Tantum

316 5110 688 5174 dementiae
712 5110 777 5171 in
826 5105 1091 5169 homine
1137 5105 1397 5169 mortali
1434 5105 1635 5169 fuisse
1661 5106 1767 5169 vix
1805 5104 2111 5171 credibile
2142 5115 2261 5188 est,

318 5211 393 5261 ut
441 5193 654 5260 Deur'n
700 5203 833 5257 tam
879 5202 1184 5275 proterve
1229 5189 1615 5273 spernendo,
1662 5193 1848 5273 quasi
1893 5192 1960 5255 in
2007 5191 2258 5257 coelum

312 5289 725 5362 conspueret.
817 5277 948 5344 Sed
991 5275 1348 5341 notandum
1386 5288 1500 5352 est,
1549 5292 1904 5359 tyrannum
1951 5277 2260 5359 supersti-

319 5367 607 5432 tionibus
652 5365 940 5430 deditum
990 5364 1083 5427 ita
1126 5364 1474 5428 insultasse
1518 5364 1661 5428 Deo
1705 5362 1940 5442 Israel,
2010 5375 2080 5427 ut
2121 5385 2258 5427 ma-

4223 447 4318 511 70

2363 635 2542 699 xime
2586 634 2770 718 pium
2815 652 2886 696 se
2930 641 3190 716 putaret
3236 652 3394 715 erga
3436 632 3633 697 falsos
3677 631 3848 698 deos.
3919 634 4090 699 Nam
4135 633 4312 717 quod

2362 740 2604 784 nomen
2647 719 2893 784 Iehova
2937 719 3402 784 contumeliose
3458 718 3687 794 iactat,
3749 719 4056 802 restringi
4117 718 4321 786 debet·

2362 806 2522 871 haec
2565 805 2989 871 subsannatio
3048 803 3131 869 ad
3183 804 3384 868 Mosis
3443 825 3843 869 sermonem:
3903 807 4086 887 quasi
4134 805 4324 871 dice-

2360 904 2491 956 ret:
2555 890 2734 972 Quid
2792 889 2953 954 mihi
3010 891 3280 972 opponis
3339 901 3670 972 spectrum
3730 893 4135 974 incognitum
4183 891 4308 955 sub

2362 977 2553 1042 titulo
2577 978 2705 1041 Dei
2742 974 3010 1054 aeterni,
3056 996 3130 1040 ac
3167 977 3221 1041 si
3261 976 3481 1041 nullus
3517 990 3689 1042 esset
3723 977 3892 1059 apud
3933 998 4050 1042 nos
4074 976 4304 1043 Deus?

2361 1061 2476 1129 Sic
2520 1063 2772 1127 Pilatus
2816 1058 2983 1147 (Ioh.
3036 1061 3133 1140 18,
3180 1058 3310 1147 38),
3357 1083 3558 1144 quum
3595 1062 3902 1128 Christus
3947 1062 4192 1128 diceret
4235 1083 4312 1129 se

2361 1158 2429 1214 et
2464 1150 2530 1212 in
2576 1148 2701 1213 hoc
2726 1158 2951 1212 natum
2998 1168 3137 1212 esse
3181 1158 3247 1212 et
3284 1147 3540 1214 venisse
3585 1149 3650 1212 in
3697 1147 4016 1214 mundum
4060 1156 4132 1213 ut
4178 1157 4311 1216 tes-

2362 1235 2711 1299 timonium
2772 1232 3075 1297 redderet
3130 1233 3429 1312 veritati,
3496 1234 3742 1299 ironice
3789 1256 3908 1300 nec
3949 1236 4090 1300 sine
4133 1234 4306 1300 ludi·

2361 1320 2504 1386 brio
2549 1322 2935 1402 interrogat:
3027 1316 3204 1399 Quid
3266 1329 3366 1383 est
3428 1319 3717 1385 veritas?
3808 1321 4111 1403 Denique
4168 1341 4304 1387 non

2364 1406 2544 1472 visus
2602 1418 2701 1471 est
2755 1405 2878 1470 sibi
2941 1405 3202 1469 Pharao
3259 1405 3470 1469 facere
3531 1406 3672 1470 Deo
3716 1406 4041 1484 iniuriam,
4104 1427 4304 1489 quum

2363 1513 2609 1557 numen
2667 1491 3142 1574 prodigiosum,
3205 1502 3277 1555 ut
3334 1489 3625 1572 putabat,
3674 1492 3990 1558 facessere
4031 1492 4307 1559 iuberet.

2364 1578 2592 1661 Neque
2636 1588 2853 1642 tamen
2902 1576 2983 1640 ad
3029 1576 3517 1642 excusationem
3567 1577 3772 1642 valuit
3812 1600 4012 1655 error,
4069 1582 4177 1660 qui
4224 1600 4310 1643 ex

2360 1665 2605 1729 furiosa
2624 1663 2893 1729 audacia
2905 1674 2971 1726 et
2988 1672 3362 1744 contemptu
3385 1663 3505 1727 Dei
3522 1663 3869 1730 oriebatur.
3903 1664 4080 1743 Este,
4100 1664 4314 1729 noluit

2362 1751 2500 1816 suis
2535 1749 2725 1815 idolis
2760 1749 3109 1832 quidquam
3149 1747 3511 1823 detrahere,
3551 1760 3745 1832 atque
3781 1752 3873 1815 ita
3907 1749 4309 1833 imaginatus

2364 1848 2464 1900 est
2509 1858 2579 1901 se
2624 1835 2936 1919 religione
2981 1832 3266 1918 defungi.
3325 1836 3525 1917 Atqui
3565 1846 3699 1899 tam
3737 1857 3965 1901 secure
3999 1856 4309 1918 respuere

2364 1922 2508 1987 veri
2555 1922 2684 1987 Dei
2736 1942 3003 1996 nomen,
3061 1933 3130 1983 et
3174 1921 3403 1986 sannis
3439 1921 3633 1986 etiam
3681 1924 4053 2005 exagitare,
4114 1923 4309 1988 nimis

2363 2028 2584 2074 crassa
2627 2008 2753 2071 fuit
2808 2008 3128 2088 impietas.
3221 2004 3519 2071 Similem
3573 2007 3968 2073 dementiam
4016 2007 4328 2073 animati--

2365 2103 2624 2158 vertere
2668 2094 2737 2157 in
2782 2092 3086 2157 omnibus
3131 2090 3517 2157 idololatriis
3562 2093 3746 2159 licet:
3807 2096 3958 2178 quia
4001 2094 4311 2158 inebriati

2362 2181 2499 2245 suis
2545 2180 2873 2245 erroribus
2921 2178 3132 2243 Deum
3177 2177 3487 2243 audacter
3529 2180 3955 2257 subsannant,
4002 2202 4122 2246 nec
4167 2180 4312 2265 dig·

2364 2274 2610 2330 uantur
2655 2264 2735 2329 de
2777 2264 2919 2347 ipso
2965 2263 3312 2345 inquirere.
3425 2265 3733 2330 Clamant
3779 2266 3970 2331 hodie
4016 2267 4313 2350 papistae

2364 2373 2483 2416 nos
2526 2350 2871 2416 obtrudere
2931 2350 3178 2415 mundo
3224 2371 3467 2415 novum
3532 2352 3763 2419 Deum.
3829 2362 3896 2416 et
3939 2350 4063 2417 sibi
4122 2353 4309 2436 plau-

2364 2437 2596 2503 dentes
2649 2438 2716 2501 in
2785 2437 3210 2503 crassissimis
3272 2435 3554 2514 deliriis,
3622 2436 3936 2521 quidquid
4003 2438 4313 2504 docemus

2364 2523 2723 2607 impietatis
2780 2522 3091 2586 damnare
3148 2541 3279 2586 non
3339 2521 3674 2587 dubitant:
3735 2545 3862 2587 non
3927 2525 4097 2607 quod
4158 2546 4309 2609 per-

2365 2611 2542 2674 suasi
2588 2611 2722 2673 sint
2766 2620 3016 2674 rectum
3061 2629 3130 2670 se
3176 2617 3398 2673 tenere
3444 2609 3566 2673 Dei
3613 2608 3878 2686 cultum,
3926 2610 4041 2675 sed
4077 2618 4312 2692 sponte

2365 2698 2759 2773 caecutiunt,
2805 2706 2879 2760 ut
2924 2696 3187 2776 impune
3231 2694 3501 2760 eludant
3542 2717 3793 2760 sacram
3842 2694 3966 2760 Dei
4014 2698 4316 2761 maiesta-

2365 2790 2531 2858 tem,
2594 2793 2855 2863 stupore
2911 2779 3191 2845 obruant
3246 2783 3707 2858 conscientias,
3768 2788 3833 2846 et
3901 2781 4313 2846 mortiferum

2366 2887 2664 2949 soporem
2711 2866 2834 2931 sibi
2879 2866 3243 2932 concilient.
3340 2869 3529 2931 Acuti
3590 2868 3788 2932 etiam
3843 2878 3908 2931 et
3952 2869 4141 2933 faceti
4188 2869 4312 2935 sibi

2370 2954 2676 3018 videntur
2719 2951 2877 3017 dum
2917 2953 3275 3018 novitatem
3321 2952 3655 3018 doetrinae
3699 2965 3964 3018 nostrae
3999 2955 4136 3018 suis
4174 2953 4309 3021 dic·

2370 3040 2550 3106 teriis
2617 3040 2976 3105 incessunt:
3044 3059 3244 3121 quum
3312 3047 3534 3104 tamen
3586 3038 3747 3105 satis
3815 3039 4158 3123 perspicua
4224 3041 4314 3107 sit

2369 3127 2511 3192 eius
2579 3127 2851 3204 veritas,
2918 3125 2973 3189 si
3039 3124 3232 3188 modo
3290 3126 3619 3207 aperirent
3675 3126 3910 3190 oculos.
4006 3127 4313 3209 Epicurei

2368 3213 2565 3278 etiam
2611 3209 2766 3298 (qua
2808 3211 2951 3276 labe
2996 3232 3170 3276 nunc
3210 3212 3488 3276 refertus
3524 3220 3623 3276 est
3660 3210 3967 3298 mundus)
4011 3214 4312 3294 quamvis

2370 3298 2740 3381 petulanter
2775 3297 3172 3381 despument
3192 3296 3506 3362 adversus
3534 3298 3768 3373 Deum,
3807 3318 4067 3381 semper
4087 3307 4310 3363 tamen

2367 3383 2721 3449 offundunt
2764 3385 3013 3466 aliquas
3056 3383 3343 3459 nebulas,
3389 3381 3510 3448 sub
3570 3384 3805 3466 quibus
3851 3384 4052 3448 lateat
4097 3383 4313 3449 detes-

2368 3470 2585 3534 tabilis
2649 3491 2875 3535 eorum
2942 3471 3139 3535 furor.
3245 3467 3634 3534 Obtendunt
3692 3469 3903 3548 enim,
3977 3471 4045 3533 in
4123 3480 4314 3536 tanta

2366 3557 2748 3638 opinionum
2797 3556 3111 3620 varietate
3155 3554 3265 3620 vix
3313 3576 3496 3634 posse
3541 3554 3825 3621 discerni
3880 3555 4178 3638 quisnam
4224 3556 4316 3621 sit

2368 3643 2550 3706 Deus
2607 3643 2704 3707 vel
2767 3642 2921 3725 quid
2979 3642 3218 3706 iubeat.
3312 3641 3586 3706 Summa
3645 3652 3861 3705 tamen
3924 3640 4054 3707 huc
4119 3641 4311 3721 redit,

2367 3750 2451 3792 ne
2497 3728 2653 3812 quid
2699 3729 2785 3792 sit
2829 3728 2988 3809 ipsis
3032 3726 3278 3810 negotii
3323 3748 3468 3791 cum
3513 3727 3653 3791 Deo
3698 3737 3765 3791 ot
3821 3739 4042 3791 tamen
4098 3728 4314 3793 iocose

2366 3813 2621 3879 diluant
2666 3815 3018 3897 impietatis
3061 3812 3363 3878 dedecus:
3414 3832 3488 3877 ac
3532 3815 3586 3876 si
3635 3813 3910 3878 liberum
3948 3814 4107 3895 ipsis
4142 3821 4315 3878 esset

2370 3900 2714 3982 repudiare
2773 3899 2940 3984 quod
3001 3901 3280 3964 scientes
3334 3900 3657 3982 ignorant.
3744 3899 4114 3981 Postquam·
4152 3920 4311 3964 vero

2368 3987 2630 4069 oblique
2653 3985 2883 4052 derisit
2908 3986 3110 4050 Mosis
3148 3986 3533 4068 legationem
3572 3985 3757 4067 quasi
3796 4007 3931 4048 rem
3970 3985 4313 4064 ludicram,

2368 4073 2658 4154 apertius
2735 4081 2805 4137 et
2883 4072 3126 4136 maiore
3205 4071 3597 4136 contumelia
3675 4071 4045 4153 superbiam
4125 4091 4314 4135 suam

2367 4159 2644 4235 evomit,
2711 4180 2781 4224 se
2847 4179 2964 4241 pro
3031 4157 3233 4221 nihilo
3300 4156 3537 4222 ducere
3596 4155 3808 4220 Deum
3879 4156 4064 4220 illum
4125 4157 4314 4222 cuius

2368 4244 2636 4308 nomine
2682 4265 2830 4308 eum
2880 4245 3100 4309 Moses
3145 4253 3213 4307 et
3256 4242 3524 4307 Aharon
3571 4242 3920 4306 terrebant.

2538 4330 2599 4395 3.
2652 4331 2829 4396 Tunc
2882 4331 3204 4410 dixerunt,
3258 4328 3437 4393 Deus
3482 4324 3925 4393 Hebraeorum.
4014 4328 4314 4412 Pergunt

2367 4417 2434 4480 in
2497 4437 2617 4480 sua
2685 4416 3005 4499 legatione
3073 4416 3289 4480 Moses
3355 4424 3419 4477 et
3465 4413 3772 4492 Aharon,
3852 4434 3971 4480 nec
4038 4412 4314 4497 tyranni

2367 4501 2677 4585 superbia
2734 4502 2972 4566 minuit
3018 4503 3120 4565 vel
3169 4499 3467 4566 debilitat
3520 4520 3744 4564 eorum
3805 4502 4088 4575 animos,
4149 4520 4311 4581 quo-

2365 4588 2587 4652 minus
2634 4589 2826 4653 unico
2874 4590 3013 4652 Deo
3057 4587 3166 4669 qui
3212 4607 3283 4651 se
3328 4585 3750 4668 peculiariter
3808 4584 3937 4649 illis
3983 4584 4309 4665 adiunxit,

2366 4674 2640 4755 gloriam
2677 4694 2862 4739 suam
2901 4685 3215 4738 asserant.
3284 4673 3373 4735 Et
3408 4681 3584 4736 certe
3621 4672 3743 4735 hoc
3779 4671 3929 4736 fidei
3967 4673 4310 4754 proprium

2364 4770 2496 4840 est,
2551 4760 2802 4825 calcare
2846 4780 3104 4823 omnem
3155 4756 3379 4821 mundi
3441 4756 3888 4822 altitudinem:
3942 4758 4130 4821 sicuti
4179 4756 4309 4821 Dei

2366 4848 2606 4911 veritas
2641 4847 2821 4910 omni
2845 4858 3108 4909 terrena
3142 4843 3530 4908 excellentia
3564 4844 3860 4925 superior
3895 4853 4011 4907 est.
4080 4843 4308 4925 Neque

2363 4933 2539 4996 enim
2609 4933 2818 5014 magis
2883 4931 3085 4995 libere
3166 4931 3449 4994 refutare
3529 4941 3828 5011 poterant
3907 4930 4173 5012 impiam
4241 4935 4310 4991 et

2363 5018 2746 5101 sacrilegam
2791 5039 3015 5083 vocem
3061 5017 3271 5081 illam:
3319 5016 3466 5080 Non
3514 5016 3665 5079 novi
3713 5015 4060 5092 lehovam,
4112 5034 4305 5095 quam

2364 5102 2521 5167 dum
2581 5125 2807 5169 rursus
2862 5113 3241 5169 asseverant
3295 5122 3526 5165 verum
3585 5099 3801 5165 Deum
3870 5100 4084 5182 gentis
4151 5119 4308 5164 suae

2362 5210 2505 5253 osse
2550 5189 2933 5271 praesidem,
2979 5188 3173 5271 idque
3210 5188 3457 5254 visione
3494 5199 3673 5251 certa
3710 5207 3850 5250 esse
3885 5184 4306 5267 patefactum.

2361 5274 2802 5340 Comminatio
2860 5274 3075 5341 addita
3125 5275 3535 5339 Pharaonem
3599 5272 3905 5336 admonet
3960 5291 4089 5334 non
4135 5270 4324 5334 inul—

2361 5372 2496 5426 tam
2543 5361 2682 5427 fore
2727 5361 2867 5427 eius
2910 5360 3406 5437 contumaciam,
3454 5360 3511 5423 si
3555 5358 3864 5441 populum
3901 5355 4091 5420 aDei
4126 5357 4314 5422 cultu

3825 5457 3892 5511 5*
