4867 6150
348 443 473 509 153

522 632 624 699 19.
686 631 1016 716 Profectus
1057 636 1163 697 est.
1263 631 1395 697 Hic
1440 629 1831 698 describitur
1875 652 2042 714 quae
2086 631 2303 697 subito

350 719 630 804 contigit
671 718 948 785 mutatio
993 717 1074 783 ad
1119 715 1615 800 impediendum
1661 715 2059 782 conflictum.
2132 717 2303 781 Nam

350 805 625 891 angelus
703 804 816 889 qui
892 801 1278 887 praecedere
1366 801 1618 868 solebat
1693 800 2032 867 Israelitas
2118 823 2304 867 mon-

349 891 659 959 strandae
703 892 851 956 viae
894 910 1123 969 causa,
1182 890 1253 953 in
1311 887 1636 953 diversam
1692 895 1945 971 partem
2009 908 2081 953 se
2150 908 2303 955 con·

351 976 570 1054 vertit,
616 988 696 1041 ut
728 974 980 1042 medius
1017 982 1192 1041 esset
1223 983 1416 1057 atque
1453 995 1538 1057 op
1625 973 1792 1039 situs
1826 972 2004 1038 inter
2026 983 2305 1056 utraque

350 1072 597 1132 castra:
659 1069 727 1127 et
782 1059 1043 1144 quidem
1102 1060 1225 1126 sub
1268 1060 1481 1125 forma
1571 1060 1789 1142 uplici‚
1849 1059 2002 1142 quia
2044 1058 2305 1126 lucebat

351 1148 657 1217 columna
699 1147 871 1231 ignis
917 1145 1090 1230 apud
1134 1146 1488 1225 Israelitas‚
1532 1165 1698 1229 quae
1742 1144 2046 1211 tenebras
2090 1145 2302 1211 noctis

353 1233 741 1301 discuteret:
802 1231 1162 1316 Aegyptios
1209 1240 1426 1297 autem
1471 1231 1737 1297 tenebat
1782 1229 1962 1296 velut
2008 1231 2301 1314 captivos

352 1320 630 1387 obscura
672 1316 914 1401 caligo,
981 1325 1057 1383 ut
1109 1317 1368 1401 longius
1412 1314 1798 1400 penetrandi
1842 1317 2124 1383 facultas
2166 1337 2301 1381 non

352 1414 543 1472 esset.
645 1402 752 1469 Ita
806 1403 989 1468 Deus
1054 1412 1193 1469 tam
1250 1404 1425 1486 ipsos
1484 1403 1819 1485 prohibuit
1876 1402 1958 1468 ab
2017 1422 2302 1482 accessu,

350 1513 547 1575 quam
622 1489 860 1574 populo
933 1509 1050 1554 suc
1120 1499 1256 1554 tota
1325 1496 1516 1554 nocte
1573 1489 1779 1554 facem
1846 1488 2160 1572 praetulit
2216 1487 2297 1552 ad

350 1578 739 1642 continuum
786 1595 1223 1658 progressum.
1278 1575 1486 1639 Porro
1528 1575 1641 1658 qui
1684 1583 1838 1639 ante
1884 1582 2155 1640 vocatus
2200 1582 2302 1640 est

352 1662 621 1741 Iebova,
680 1661 857 1726 hunc
912 1662 1042 1726 iam
1101 1661 1366 1726 nomine
1423 1682 1506 1725 an
1558 1660 1640 1724 eli
1703 1658 2003 1744 designat
2040 1661 2296 1726 Moses:

350 1769 489 1814 non
538 1756 791 1813 tantum
839 1747 991 1829 quia
1049 1746 1297 1830 angeli,
1365 1747 1477 1829 qui
1591 1767 1739 1811 eum
1786 1756 2299 1829 repraesentant,

350 1836 494 1901 eius
556 1854 791 1899 nomen
847 1853 1039 1915 saepe
1097 1840 1521 1909 mutuantur,
1589 1828 1703 1896 sed
1766 1832 1920 1915 quia
1987 1832 2123 1897 dux
2188 1831 2301 1897 ille

347 1920 601 2005 populi,
666 1917 1048 2002 unigenitus
1111 1928 1253 1984 erat
1304 1916 1437 1982 Dei
1502 1917 1712 1996 filius,
1780 1918 1890 2001 qui
1947 1926 2172 2000 postea
2228 1917 2300 1982 in

349 2027 552 2073 carne
611 2004 1068 2069 manifestatus
1112 2003 1270 2082 fuit,
1329 2003 1521 2069 sicuti
1578 2025 1665 2067 ex
1708 2002 1904 2069 Pauli
1948 2005 2302 2069 autoritate

351 2092 542 2159 docui
577 2089 664 2177 (1.
692 2090 910 2156 Corin.
938 2089 1039 2170 10,
1060 2087 1147 2176 4).
1188 2088 1567 2155 Notandum
1613 2088 1811 2154 etiam
1856 2089 2025 2173 quod
2062 2090 2191 2156 huc
2236 2096 2304 2155 et

349 2179 509 2244 illuc
552 2177 871 2261 migrasse
918 2175 1176 2255 dicitur,
1225 2184 1420 2258 prout
1456 2174 1723 2241 virtutis
1759 2196 1915 2241 suae
1961 2186 2028 2241 et
2063 2176 2297 2241 auxilii

351 2265 619 2348 signum
655 2259 1055 2329 ostendebat.
1102 2260 1245 2326 Iam
1281 2262 1529 2345 insigni
1573 2259 1962 2327 documento
2007 2270 2297 2345 apparet,

396 2350 630 2416 loriam
652 2347 802 2425 Dei,
839 2347 1010 2415 sicut
1044 2347 1270 2413 fideles
1305 2346 1610 2424 illustrat,
1648 2348 1742 2412 sic
1782 2347 2068 2413 vicissim
2115 2359 2297 2413 tene·

396 2459 503 2502 ras
539 2434 861 2501 obducere
896 2433 1274 2499 incredulis.
1335 2431 1619 2516 Ideoque
1654 2434 1896 2498 mirum
1936 2454 2065 2498 non
2102 2443 2202 2499 est
2241 2435 2299 2499 si

349 2522 545 2588 hodie
611 2541 864 2604 quoque
922 2520 1229 2603 reprobos
1289 2528 1592 2584 excaecat
1638 2519 1966 2603 evangelii
2010 2519 2295 2586 claritas.

354 2607 486 2675 Sed
523 2605 856 2692 rogandus
881 2603 1064 2671 Deus
1085 2615 1165 2670 ut
1206 2625 1326 2671 nos
1350 2603 1583 2670 reddat
1605 2605 2016 2687 aspiciendae
2049 2608 2298 2692 gloriae

351 2714 507 2762 suae
544 2714 683 2758 com
732 2702 892 2758 otes.

522 2780 626 2845 21.
732 2798 875 2844 orro
916 2777 1189 2844 extendit
1233 2776 1464 2843 Moses.
1557 2775 1699 2841 Iam
1760 2776 2047 2844 diximus
2105 2787 2297 2844 nocte

348 2865 627 2932 liberum
671 2865 876 2930 fuisse
921 2884 996 2929 ac
1044 2863 1457 2929 commodum
1510 2863 1874 2944 traiectum,
1918 2885 2117 2948 quum
2166 2864 2296 2930 ful-

351 2972 510 3040 gore
552 2972 670 3017 suo
714 2959 965 3034 partem
1011 2949 1193 3016 illam
1239 2949 1521 3033 repleret
1578 2948 1882 3015 columna
1926 2949 2116 3034 ignis.
2204 2951 2298 3015 Et

349 3048 530 3107 certe
575 3058 707 3105 non
752 3045 1006 3121 poterat
1049 3057 1182 3102 una
1238 3035 1403 3101 hora
1447 3034 1555 3102 vel
1608 3033 1859 3103 duabus
1906 3043 2089 3102 tanta
2132 3036 2295 3103 mul-

352 3125 562 3192 titudo
626 3126 694 3189 in
753 3123 1097 3188 adversum
1159 3122 1346 3188 littus
1407 3121 1704 3188 evadere.
1793 3124 1852 3187 A
1912 3123 2295 3207 crepusculo

350 3213 561 3297 igitur
598 3210 720 3277 sub
765 3230 1067 3276 auroram
1128 3229 1336 3291 usque
1393 3207 1733 3275 Israelitae
1779 3207 2063 3275 traducti
2106 3217 2291 3274 sunt:

348 3318 508 3364 mox
546 3296 878 3381 Aegyptii,
921 3294 1179 3379 cognito
1223 3293 1530 3373 discessu,
1575 3302 1651 3358 ut
1687 3301 2035 3378 carperent
2076 3305 2294 3361 extre-

349 3405 537 3449 mum
581 3403 838 3467 agmen,
881 3382 1063 3465 sequi
1108 3389 1559 3464 properarunt.
1663 3380 1811 3445 Etsi
1855 3389 2074 3446 autem
2116 3381 2296 3447 nullo

350 3468 706 3538 verborum
764 3474 1000 3533 ornatu
1067 3465 1157 3532 ad
1214 3464 1672 3532 celebrandum
1738 3465 1860 3533 hcc
1904 3468 2295 3533 miraculum

351 3557 580 3636 utitur,
614 3554 794 3621 nuda
830 3563 1049 3618 tamen
1090 3551 1379 3618 narratio
1401 3553 1636 3618 efficax
1659 3572 1802 3618 esse
1836 3551 2059 3619 debet:
2102 3552 2296 3620 adeo-

352 3664 479 3727 que
515 3643 725 3726 magis
760 3638 1131 3722 emphatica
1175 3648 1274 3704 est
1308 3659 1501 3721 quam
1540 3638 1657 3703 ulli
1696 3639 2002 3707 rhetorici
2047 3640 2295 3707 colores

353 3737 419 3794 et
500 3728 847 3812 magnifica
931 3724 1225 3792 encomia
1311 3724 1392 3790 ad
1475 3726 1728 3791 animos
1801 3724 2292 3809 permovendos.

352 3814 521 3897 Quis
565 3814 772 3894 enim,
839 3820 914 3877 ut
964 3814 1030 3876 in
1091 3831 1416 3877 summam
1461 3810 1957 3877 admirationem
2003 3812 2296 3895 rapiatur

347 3902 619 3967 divinae
682 3898 969 3976 virtutis,
1036 3918 1301 3962 sonoras
1369 3896 1880 3963 exclamationes
1950 3896 2294 3977 desideret,

346 3987 470 4054 ubi
515 3985 898 4070 simpliciter
941 3992 1007 4049 et
1049 3986 1272 4068 paucis
1316 3983 1537 4049 verbis
1594 3983 1778 4049 audit
1821 3984 2046 4050 baculo
2089 3985 2296 4051 Mosis

347 4075 629 4141 scissum
695 4072 897 4137 fuisse
962 4091 1167 4135 mare:
1235 4069 1517 4152 spatium
1581 4068 1749 4152 quod
1816 4067 1897 4136 ad
1941 4071 2295 4136 transitum

347 4158 584 4244 populi
628 4158 973 4234 sufficeret,
1021 4156 1220 4221 fuisse
1263 4156 1539 4221 siccum:
1601 4154 1932 4239 praealtas
1977 4178 2015 4222 a
2058 4177 2292 4222 uarum

346 4246 560 4312 moles
602 4243 757 4311 binc
799 4242 951 4309 inde
994 4242 1254 4308 stetisse
1298 4243 1480 4308 velut
1522 4239 1762 4309 solidas
1807 4263 2004 4326 rupes
2120 4242 2294 4309 Con·

348 4331 529 4400 sulto
585 4330 790 4416 igitur
846 4351 982 4395 rem
1040 4330 1249 4413 ipsam
1310 4330 1491 4393 omni
1556 4328 1907 4395 verborum
1952 4328 2297 4414 splendore

349 4416 671 4500 nudatam
717 4424 868 4481 ante
913 4414 1132 4482 oculos
1175 4414 1514 4496 explicuit:
1575 4434 1950 4498 quanquam
1993 4424 2061 4481 et
2102 4414 2296 4498 paulo

352 4512 510 4589 post
564 4503 632 4568 in
689 4502 938 4567 cantico
994 4522 1112 4584 pro
1172 4520 1293 4566 sua
1349 4500 1669 4585 dignitate
1723 4499 2173 4580 celebrabitur,
2232 4511 2298 4567 et

355 4590 606 4676 passim
663 4587 834 4671 apud
895 4585 1246 4671 prophetas
1311 4595 1377 4650 et
1436 4586 1503 4651 in
1564 4585 1831 4670 psalmis
1893 4585 2297 4669 splendidius

355 4675 720 4743 extollitur.
806 4672 952 4738 Hoc
995 4673 1136 4738 loco
1171 4671 1529 4752 discamus,
1586 4692 1720 4737 non
1764 4692 1953 4739 secus
1994 4694 2069 4739 ac
2126 4674 2182 4739 si
2225 4674 2298 4738 in

355 4782 503 4828 rem
545 4767 954 4844 praesentem
1000 4779 1119 4825 nos
1160 4756 1513 4823 adduceret
1546 4758 1784 4839 Moses,
1827 4757 2046 4824 oculos
2079 4759 2300 4825 inten-

360 4847 518 4914 dere
572 4846 652 4913 ad
719 4854 1136 4928 conspectum
1201 4844 1699 4911 inaestimabilis
1760 4843 1886 4909 Dei
1952 4846 2301 4927 potentiae,

361 4954 531 5018 quae
576 4931 758 4998 nulla
799 4931 1144 4997 verborum
1190 4930 1376 5014 copia
1420 4939 1535 4995 aut
1576 4930 1899 5014 gravitate
1944 4930 2102 4996 satis
2155 4940 2298 5015 pot—

362 5026 468 5085 est
507 5017 806 5101 exprimi.
893 5015 1268 5101 Diligenter
1323 5025 1543 5082 autem
1579 5024 1767 5081 cavet
1810 5015 2026 5081 Moses
2061 5036 2144 5082 ne
2178 5017 2300 5083 sibi

361 5104 516 5190 plus
560 5102 930 5189 arrogando
974 5123 1170 5186 quam
1215 5122 1336 5187 par
1355 5103 1458 5181 sit,
1505 5102 1632 5167 Dei
1674 5100 1934 5167 laudem
1981 5101 2301 5169 obscuret.

365 5193 545 5257 Ante
571 5192 786 5255 iussus
817 5190 1028 5254 fuerat
1050 5189 1307 5254 sublato
1345 5187 1574 5255 baculo
1617 5208 1799 5252 mare
1843 5207 2091 5253 secare:
2132 5211 2307 5256 nunc

362 5276 667 5361 loquendi
719 5275 993 5340 formam
1044 5281 1285 5351 mutat,
1329 5293 1567 5358 nempe
1613 5272 1740 5338 Dei
1785 5273 2059 5357 imperio
2101 5296 2305 5359 aquas

364 5363 829 5430 retrocessisse.
916 5361 1020 5426 Ita
1065 5360 1345 5428 ministri
1390 5359 1598 5444 gradu
1644 5368 2019 5441 contentus,
2089 5360 2306 5429 Deum

1501 440 2246 512 COMMENTARIUS
2292 441 2393 509 IN
2439 441 2739 509 EXODI
2782 442 2979 510 OAP.
3022 443 3214 511 XIV.

4235 458 4360 525 154

2410 631 2622 697 solum
2667 630 2770 718 (ut
2812 630 3107 719 decebat)
3142 633 3443 702 miraculi
3487 637 3643 704 facit
3686 646 4008 707 autorem.
4054 642 4204 710 Etsi
4247 666 4359 710 au-

2410 725 2543 782 tem
2601 717 2675 781 in
2734 718 2861 783 Dei
2919 718 3123 802 ipsius
3183 719 3453 787 arbitrio
3511 732 3654 790 erat
3715 725 3894 792 nullo
3958 728 4128 795 aeris
4172 739 4358 797 motu

2410 823 2610 887 aquas
2677 802 3055 887 dispellere:
3123 814 3199 870 ut
3264 815 3480 874 tamen
3533 810 3905 877 ostenderet
3971 812 4095 878 sibi
4154 822 4354 882 totam

2409 900 2708 953 naturam
2768 910 3033 973 parere,
3102 900 3168 956 et
3221 901 3390 959 nutu
3435 915 3554 961 suo
3598 897 3759 981 regi,
3821 907 4095 965 ventum
4140 901 4355 966 orien-

2409 975 2608 1040 talem
2655 976 2940 1042 excitare
2984 976 3244 1059 placuit.
3301 980 3564 1046 Interea
3607 984 3964 1049 tenendum
4008 994 4126 1063 est,
4172 987 4356 1055 nullo

2408 1063 2834 1144 quantumvis
2892 1063 3254 1145 impetuoso
3317 1066 3477 1131 flatu
3536 1069 3826 1149 potuisse
3869 1071 4098 1136 siccari
4154 1092 4355 1154 mare,

2407 1147 2534 1213 nisi
2599 1168 2799 1230 supra
2855 1158 3131 1214 naturae
3186 1151 3452 1216 modum
3518 1173 3759 1219 arcana
3826 1155 3891 1220 vi
3933 1156 4206 1240 spiritus
4250 1160 4353 1225 sui

2405 1242 2711 1332 operatus
2769 1242 2957 1300 esset.
3047 1233 3199 1316 Qua
3245 1234 3327 1301 de
3371 1258 3444 1304 re
3489 1238 3637 1304 vide
3682 1241 3856 1324 quod
3902 1262 4102 1326 supra
4143 1265 4349 1311 anno-

2406 1325 2544 1384 tavi
2603 1320 2812 1401 capite
2871 1317 3157 1400 decime,
3230 1342 3419 1389 versu
3482 1323 3731 1392 decimo
3788 1328 3979 1394 tertio
4043 1339 4111 1395 et
4177 1330 4346 1396 deci·

2406 1425 2513 1469 mo
2557 1424 2749 1469 nono,

2576 1490 2680 1555 24.
2730 1490 2996 1557 Factum
3038 1496 3131 1557 est
3169 1493 3451 1559 custodia
3492 1498 3823 1563 matutina.
3895 1499 4094 1566 Mane
4138 1503 4352 1585 coepit

2406 1574 2682 1660 angelus
2727 1598 2798 1642 as
2844 1578 3016 1643 icere
3076 1579 3445 1663 Aegyptios,
3513 1602 3645 1647 non
3691 1584 3859 1667 quod
3905 1586 4086 1668 prius
4129 1607 4351 1671 aspec-

2406 1670 2549 1727 tum
2605 1663 2747 1728 eius
2839 1671 3120 1728 aterent:
3186 1663 3299 1729 sed
3368 1676 3438 1730 ut
3494 1670 3835 1751 repentina
3901 1671 4351 1739 submersione

2405 1747 2707 1830 perderet
2750 1770 2913 1833 quos
2956 1748 3139 1815 visus
3198 1751 3444 1831 fuerat,
3513 1765 3820 1837 tanquam
3891 1756 4062 1822 nube
4125 1767 4349 1838 tectos,

2405 1833 2728 1901 omittere.
2809 1836 2908 1903 Ac
2953 1834 3162 1918 primo
3197 1835 3463 1919 quidem
3510 1839 3728 1907 oculos
3772 1843 4044 1924 aperuit,
4092 1852 4165 1908 ut
4206 1865 4353 1911 sero

2404 1918 2705 1985 viderent
2763 1942 3071 2005 quorsum
3139 1942 3248 1987 eos
3292 1923 3674 2006 proiecisset
3714 1926 3951 1993 furoris
3996 1928 4099 1993 sui
4144 1930 4347 2013 impe-

2407 2017 2532 2083 tus,
2580 2005 2812 2071 deinde
2858 2017 2933 2071 ut
2977 2008 3314 2085 sentirent,
3376 2030 3504 2074 non
3551 2018 3805 2077 tantum
3853 2034 4001 2079 cum
4056 2013 4342 2080 homini-

2406 2089 2545 2169 bus,
2591 2091 2703 2158 sed
2750 2113 2898 2158 cum
2944 2091 3090 2158 Deo
3134 2113 3204 2158 se
3250 2093 3521 2161 bellare:
3569 2105 3765 2181 atque
3809 2098 3903 2164 ita
3947 2098 4160 2165 subita
4195 2122 4348 2167 con·

2405 2179 2808 2244 sternatione
2884 2178 3148 2244 attoniti
3212 2199 3347 2244 non
3405 2192 3674 2265 possent
3728 2194 3989 2250 mature
4047 2187 4351 2271 refugere

2404 2261 2486 2328 ad
2530 2262 2733 2330 littus.
2823 2263 2986 2330 Inde
3032 2265 3205 2330 enim
3265 2265 3532 2333 fuerunt
3592 2268 3980 2354 deprehensi
4025 2271 4092 2335 in
4134 2272 4351 2339 medio

2403 2349 2603 2428 mari,
2671 2349 2840 2434 quod
2908 2352 3131 2417 omnia
3195 2351 3366 2435 apud
3431 2375 3540 2419 eos
3606 2355 3986 2421 turbaverat
4049 2356 4348 2439 formido,

2403 2433 2561 2499 dum
2618 2446 3008 2519 reputarunt
3065 2438 3280 2503 Deum
3320 2438 3444 2504 sibi
3488 2437 3834 2507 adversum
3880 2463 4039 2508 esse.
4147 2443 4346 2510 Vide-

2402 2520 2564 2586 bant
2638 2521 2900 2606 quidem
2972 2523 3138 2588 nihil
3212 2523 3334 2590 sibi
3400 2525 3536 2592 fore
3603 2527 3810 2593 tutius
3875 2548 4070 2611 quam
4139 2539 4346 2595 retro·

2402 2607 2662 2688 cedere,
2717 2609 2869 2692 quia
2913 2609 3096 2674 Deus
3139 2630 3259 2693 pro
3304 2610 3549 2677 Israele
3591 2613 3958 2697 pugnabat:
4018 2614 4130 2680 sed
4192 2616 4345 2700 quia

2402 2692 2634 2776 repleti
2671 2702 2863 2759 erant
2904 2694 3214 2773 tumultu,
3261 2695 3442 2762 nulla
3486 2718 3602 2779 pro
3684 2698 3940 2766 ediendi
3987 2700 4112 2766 fuit
4155 2702 4343 2782 ratic,

2400 2779 2562 2930 guin
2589 2779 2825 2863 potius,
2873 2779 3030 2846 dum
3076 2780 3188 2847 alii
3232 2781 3392 2848 alios
3429 2783 3602 2866 impe
3649 2784 3811 2865 iunt,
3854 2807 4079 2853 omnes
4124 2786 4345 2854 absor-

2442 2865 2544 2930 uit
2586 2885 2782 2932 mare.

2572 3037 2676 3103 26.
2722 3032 2811 3102 Et
2865 3037 2960 3104 ait
3016 3037 3245 3105 Iehova
3289 3039 3374 3107 ad
3428 3038 3690 3107 Mosen.-
3756 3038 4039 3110 Extende
4084 3063 4341 3111 manum

2401 3128 2574 3189 tuam
2615 3144 2805 3207 super
2846 3144 3037 3202 mare,
3084 3130 3153 3190 ut
3193 3132 3582 3193 revertantur
3621 3147 3821 3209 aquae
3861 3148 4049 3210 super
4089 3131 4341 3214 Aeyyp-

2398 3211 2585 3287 tium,
2642 3230 2835 3292 super
2875 3231 3104 3277 marrus
3145 3212 3285 3278 eius
3326 3218 3385 3276 et
3424 3214 3655 3294 equites
3696 3214 3850 3279 eius.
3960 3214 4062 3279 27.
4106 3211 4195 3279 Et
4236 3235 4341 3279 ex-

2400 3295 2596 3362 tendit
2639 3295 2848 3362 Moses
2889 3316 3148 3361 manum
3180 3317 3363 3363 suam
3406 3301 3597 3382 super
3636 3319 3814 3364 mare
3828 3349 3843 3378 ,
3909 3304 3966 3364 et
4026 3319 4340 3366 reversum

2400 3387 2494 3448 est
2534 3402 2709 3448 marc
2749 3402 2938 3464 quum
2973 3403 3156 3449 mane
3196 3384 3527 3463 illuxisset,
3573 3386 3910 3451 secundum
3950 3385 4079 3450 vim
4120 3405 4304 3451 suam
4320 3410 4341 3451 :

2396 3467 2810 3551 fuyeruntque
2851 3469 3151 3553 Aeyyptii
3192 3471 3279 3536 ad
3319 3489 3639 3535 occursum
3693 3472 3849 3537 eius.
3937 3469 4026 3535 Et
4088 3471 4341 3555 impulit

2401 3554 2631 3621 Ieltova
2667 3556 3008 3639 Aeyyptios
3050 3556 3119 3619 in
3161 3556 3435 3622 medium
3474 3557 3695 3622 maris.
3741 3557 3844 3622 28.
3891 3554 3981 3621 Et
4015 3558 4339 3624 redeuntes

2400 3661 2602 3722 aquae
2635 3647 3002 3722 operuerunt
3042 3643 3389 3725 quadriyas
3429 3649 3485 3707 et
3525 3644 3757 3724 equites
3799 3644 3870 3708 in
3910 3647 4026 3707 toto
4067 3644 4340 3709 exercitu

2405 3727 2782 3805 Pharaonis,
2826 3729 2939 3810 qui
2980 3730 3247 3813 inyressi
3288 3735 3468 3794 erant
3494 3734 3645 3810 post
3684 3728 3827 3793 illos
3866 3728 3935 3792 in
3973 3748 4181 3794 mare.-
4234 3749 4341 3795 nec

2398 3834 2567 3879 unus
2605 3813 2731 3897 fuit
2773 3834 2851 3879 ex
2893 3815 3056 3896 ipsis
3096 3814 3407 3881 residuus.
3533 3814 3635 3880 29.
3684 3813 3848 3878 Filii
3882 3819 4088 3880 autem
4133 3814 4341 3881 Israel

2611 3904 2870 3965 averunt
2926 3901 2996 3964 in
3043 3901 3201 3967 sicco
3242 3921 3367 3982 per
3417 3902 3691 3967 medium
3734 3902 3969 3965 maris.-
4033 3905 4089 3964 et
4131 3921 4342 3983 aquae

2399 3990 2578 4052 erant
2625 3985 2758 4050 illis
2800 3986 2989 4067 quasi
3028 4006 3250 4051 murus
3293 4008 3336 4051 a
3372 3987 3595 4053 dextra
3638 4006 3850 4052 eorum
3894 3991 3951 4052 et
3993 4006 4034 4051 a
4077 3987 4341 4052 sinistra

2398 4091 2624 4139 eorum.
2682 4071 2785 4136 30.
2833 4071 3152 4137 Liberavit
3193 4093 3334 4156 erqo
3358 4072 3588 4138 Ielzova
3626 4074 3698 4138 in
3740 4073 3842 4139 die
3885 4072 4003 4137 illa
4035 4071 4341 4138 Israelem

2401 4181 2445 4225 a
2486 4178 2681 4223 manu
2723 4158 3037 4243 Aegyptii.
3125 4156 3212 4223 Et
3268 4159 3427 4224 vidit
3479 4158 3694 4224 Israel
3748 4158 4127 4242 Aeyypttum
4177 4177 4342 4223 mor·

2398 4252 2575 4310 tuum
2618 4263 2808 4326 super
2852 4242 3026 4309 littus
3066 4245 3285 4309 maris.
3387 4245 3491 4309 31.
3553 4241 3642 4309 Et
3681 4243 3843 4308 vidit
3886 4243 4093 4309 Israel
4125 4247 4341 4326 poten-

2399 4332 2559 4397 tiam
2599 4349 2894 4414 maynam
2936 4350 3126 4411 quam
3160 4330 3306 4412 fecit
3328 4331 3556 4397 Iehova
3595 4333 3809 4395 contra
3829 4330 4185 4413 Aeqyptios.
4253 4325 4342 4395 Et

2399 4416 2610 4481 timuit
2641 4415 2914 4516 populus
2937 4415 3247 4496 Iehovam,
3292 4421 3350 4482 et
3387 4416 3777 4483 crediderunt
3800 4414 4066 4480 Iehovae
4090 4420 4145 4481 et
4167 4413 4341 4482 Masi

2397 4522 2571 4570 servo
2610 4522 2765 4568 eius.
3845 4569 3856 4578 ,

2575 4675 2677 4740 26.
2723 4671 2810 4739 Et
2853 4673 2946 4739 ait
2979 4672 3210 4739 Iehova
3250 4672 3337 4737 ad
3373 4671 3609 4738 Mosen.
3674 4672 3804 4737 Hic
3848 4680 4079 4738 narrat
4120 4672 4341 4737 Moses

2404 4782 2536 4826 non
2596 4762 2817 4825 minus
2869 4759 2940 4825 in
2995 4757 3344 4842 perdendis
3387 4757 3735 4842 Aegyptiis
3799 4778 3976 4823 mare
4041 4757 4340 4842 paruisse

2404 4846 2532 4913 Dei
2590 4844 2896 4911 mandato
2953 4866 3148 4929 quam
3203 4843 3361 4910 dum
3416 4864 3622 4927 nuper
3689 4844 4034 4908 transitum
4104 4844 4339 4927 populo

2404 4932 2689 4998 dederat.
2778 4932 2948 4996 Nam
3007 4930 3261 4997 sublato
3318 4929 3545 4995 baculo
3588 4929 3795 4994 Mosis
3861 4937 3992 4993 tam
4040 4951 4341 4995 reversae

2403 5032 2563 5084 sunt
2605 5039 2810 5101 aquae
2853 5018 2925 5082 in
2969 5038 3158 5081 suum
3204 5016 3412 5083 locum
3459 5036 3655 5098 quam
3699 5013 3881 5099 prius
3923 5015 4228 5081 collectae
4271 5017 4341 5080 in

2407 5123 2689 5170 acervos.
2756 5103 2903 5169 Iam
2930 5104 3292 5188 Aegyptios
3335 5102 3749 5185 poenituerat
3782 5102 4151 5185 praecipitis
4186 5121 4342 5167 suae

2408 5192 2748 5265 amentiae,
2795 5199 2861 5255 et
2904 5197 3292 5269 statuerant,
3337 5199 3648 5272 tanquam
3691 5187 3852 5254 victi
3876 5188 4000 5253 Dei
4034 5186 4341 5271 potentia,

2408 5275 2652 5342 relictis
2696 5275 2850 5342 filiis
2894 5274 3121 5355 Israel,
3179 5273 3448 5341 domum
3490 5273 3737 5340 redire:
3796 5274 3909 5339 sed
3956 5273 4169 5352 Deus,
4227 5272 4338 5357 qui

2410 5362 2682 5446 perdere
2727 5383 2836 5428 eos
2879 5362 3165 5442 volebat,
3227 5362 3293 5427 in
3364 5362 3507 5445 ipso
3550 5360 3824 5426 articulo
3867 5358 4118 5423 exitum
4162 5357 4340 5424 clau-
