4867 6150
576 392 702 466 291

575 593 840 670 ceptum
884 580 966 647 de
1010 598 1231 644 annua
1272 573 1763 680 observatione.
1822 607 1891 669 et
1934 602 2175 669 diserte
2219 603 2549 687 exprimit,

579 691 781 757 quum
836 665 1116 750 ingrffissi
1175 662 1418 728 fuerint
1473 668 1772 769 oerf⁸2m,
1830 689 2184 772 quotannis
2240 689 2363 756 hoc
2414 690 2548 754 ritu

581 752 1045 825 sssslssbl'ssndam
1110 768 1255 850 035⁰
1319 766 1722 839 memmssam
1787 773 2218 841 liberationis.
2345 775 2556 841 Addit

582 851 803 910 autem
862 837 1036 922 q¹1⁰d
1089 856 1272 934 Pl‘fflfl
1331 853 1481 924 ”⁰⁷41
1539 863 1867 946 attigerat,
1933 869 2010 925 ut
2068 860 2238 928 filios
2296 882 2554 944 quoque

585 950 740 1030 81198
804 925 1109 1025 ᾶθθξῦὃξὶῑῑ
1184 939 1341 1006 ⁸¹³0.
1426 966 1555 1029 quo
1637 946 2034 1013 adminiculo
2109 947 2553 1030 spectaculum

583 1017 817 1115 fmpssflt
871 1008 1198 1093 frlgldmss
1256 1036 1327 1097 et
1381 1031 1632 1098 inutile.
1723 1033 2041 1099 Doctrina
2089 1033 2267 1098 enim
2319 1033 2555 1098 merito

587 1120 811 1169 amma
853 1115 1425 1183 ⁸80182nentorum
1472 1118 1603 1184 dici
1645 1126 1881 1202 potest,
1936 1139 2066 1202 qua
2107 1126 2362 1184 remota
2404 1119 2554 1183 nul-

587 1187 694 1255 1118
753 1206 1062 1270 supetrest
1106 1203 1313 1288 vigor,
1373 1213 1638 1270 tantum
1683 1204 1869 1270 abest
1909 1215 1986 1269 ut
2029 1224 2150 1270 uos
2195 1205 2552 1271 vivificent.

593 1274 777 1369 ErgQ
838 1309 925 1353 ne
985 1289 1202 1355 Pesah
1258 1299 1518 1355 mortua
1572 1298 1745 1355 esset
1785 1290 1971 1367 actio,
2016 1291 2203 1355 Deus
2246 1290 2371 1356 hoc
2413 1291 2555 1356 loco

599 1387 856 1439 mutam
901 1396 1043 1441 esse
1089 1384 1287 1440 vetat.
1375 1375 1507 1441 His
1543 1385 1761 1441 autem
1799 1376 2039 1451 verbis,
2086 1375 2309 1457 Quum
2346 1379 2552 1441 inter-

598 1461 933 1544 rogaverit
957 1469 1021 1526 ιε
1043 1460 1216 1526 filius
1238 1469 1410 1542 tuus,
1434 1483 1565 1527 nou
1585 1461 1896 1545 intelligit
1923 1462 2142 1527 Moses
2165 1474 2552 1545 exspectan-

602 1545 762 1611 dum
808 1567 951 1613 esse
996 1547 1151 1611 dum
1196 1548 1372 1612 ultro
1415 1547 1760 1631 inquirant
1801 1547 1919 1612 filii
1971 1561 2369 1631 patrumque
2413 1560 2550 1613 stu-

599 1630 783 1697 dium
854 1633 1318 1715 praeveniant:
1391 1632 1505 1698 sed
1571 1642 1832 1698 tantum
1900 1643 2180 1698 aetatem
2249 1633 2553 1718 designat

599 1716 907 1784 discendo
964 1718 1286 1783 idoneam.
1390 1718 1786 1801 Quanquam
1839 1718 2099 1803 oblique
2153 1719 2345 1784 simul
2395 1741 2550 1801 pue-

598 1824 728 1884 ros,
767 1803 875 1869 ubi
904 1825 1022 1887 per
1044 1813 1324 1870 aetatem
1360 1824 1752 1888 cognoscere
1782 1813 2095 1887 poterunt
2122 1805 2279 1888 quid
2308 1805 2554 1888 pascha

601 1889 959 1974 significet,
1041 1889 1121 1954 ad
1189 1890 1587 1956 docilitatem
1650 1890 1984 1969 hortatur,
2065 1901 2132 1955 et
2199 1891 2552 1974 diligenter

601 1975 921 2041 sciscitari
963 1975 1144 2041 iubet
1188 1974 1270 2040 de
1316 1978 1764 2042 caeremoniae
1821 1994 1980 2041 usu:
2039 1985 2115 2041 ut
2171 1977 2266 2041 ita
2321 1976 2550 2061 religio

599 2077 720 2145 per
762 2081 997 2126 manus
1040 2072 1402 2144 propagata
1444 2082 1700 2145 semper
1737 2061 1810 2126 in
1846 2060 2082 2145 populo
2122 2062 2359 2146 vigeat.
2405 2061 2549 2126 Iam

597 2166 804 2229 quum
869 2168 1081 2231 agnus
1147 2146 1474 2229 paschalis
1531 2148 1923 2230 respondeat
1994 2167 2220 2213 sacrae
2291 2167 2551 2226 coenae,

597 2231 902 2317 colligere
946 2231 1100 2296 hinc
1146 2231 1315 2310 licet,
1360 2254 1490 2298 non
1519 2233 1684 2298 alios
1718 2233 1847 2297 rite
1882 2233 1964 2298 ad
2006 2254 2150 2297 eam
2188 2234 2550 2317 percipien-

597 2315 750 2383 dam
798 2317 1061 2381 admitti
1108 2317 1237 2383 nisi
1280 2318 1391 2401 qui
1437 2317 1771 2384 doctrinae
1814 2327 1969 2384 sunt
2010 2339 2300 2400 capaces.

771 2402 877 2469 43.
939 2402 1256 2468 Statutum
1316 2403 1541 2469 Pesah.
1613 2404 1858 2470 Nullus
1914 2404 2284 2488 alieniyena.
2373 2403 2554 2485 Quia

599 2488 845 2572 pascha
901 2508 1160 2553 sacrum
1221 2499 1363 2554 erat
1416 2489 1759 2554 vinculum
1826 2510 1955 2572 quo
2020 2490 2205 2555 Deus
2270 2489 2550 2555 electum

599 2574 920 2657 populum
953 2574 1076 2638 sibi
1113 2581 1337 2639 tenere
1373 2573 1749 2641 devinctum
1780 2575 2059 2653 volebat,
2103 2596 2331 2640 omnes
2366 2585 2552 2640 exte-

601 2679 710 2725 ros
775 2659 856 2725 ab
927 2660 1068 2724 eius
1132 2659 1634 2743 participatione
1699 2669 1909 2726 arcet:
1974 2661 2127 2743 quia
2181 2663 2554 2744 promiscua

600 2743 911 2810 vescendi
976 2743 1247 2810 libertas
1312 2745 1590 2830 indigna
1653 2745 1891 2810 fuisset
1953 2746 2339 2831 profanatio.
2461 2747 2555 2812 Et

600 2839 776 2898 certe
812 2851 1012 2914 quum
1049 2830 1383 2914 appendix
1418 2832 1504 2896 sit
1538 2831 1735 2914 primi
1767 2831 2116 2915 praecepti,
2152 2831 2235 2897 ad
2265 2854 2374 2898 eos
2406 2840 2551 2897 tan-

601 2922 743 2981 tum
803 2916 1090 2999 pertinet
1146 2914 1228 2982 ad
1283 2937 1448 3000 quos
1507 2917 1814 3001 dirigitur
1867 2918 2032 3001 legis
2074 2918 2410 3001 praefatio,
2453 2917 2553 2984 Is-

599 3001 756 3082 rael,
817 3000 1069 3068 Iehova
1126 3003 1313 3069 Deus
1367 3010 1540 3084 tuus,
1600 3001 1784 3068 Deus
1841 3024 2017 3070 unus
2064 3014 2182 3069 est.
2288 3002 2552 3071 Scimus

600 3087 775 3172 apud
820 3098 1053 3173 gentes
1097 3088 1353 3154 nullum
1414 3089 1496 3155 ad
1540 3111 1727 3157 sacra
1771 3089 1973 3156 fuisse
2015 3090 2375 3182 admissum
2419 3091 2551 3157 nisi

600 3176 713 3257 qui
770 3183 943 3240 esset
1006 3173 1327 3241 initiatus.
1432 3175 1594 3240 Fuit
1648 3175 1766 3241 illa
1808 3188 2229 3260 praepostera
2269 3177 2552 3241 imitatio

597 3260 743 3326 veri
788 3267 855 3325 et
896 3260 1173 3344 legitimi
1218 3261 1500 3327 ordinis:
1548 3263 1701 3344 quia
1743 3262 1816 3326 in
1860 3263 2067 3327 solam
2112 3261 2238 3327 Dei
2283 3264 2550 3329 institu-

600 3346 845 3412 tionem
905 3346 1216 3430 competit
1268 3346 1429 3413 haec
1486 3349 1683 3424 ratic,
1744 3369 1828 3413 nc
1886 3349 2258 3414 testimonia
2299 3350 2552 3432 gratiae

599 3431 839 3515 quibus
895 3452 1085 3497 suam
1138 3430 1477 3499 ecclesiam
1535 3433 1741 3499 solam
1786 3431 2114 3517 dignatur,
2159 3434 2357 3500 alieni
2400 3455 2551 3518 pro-

598 3518 848 3584 miscue
891 3525 1229 3600 usurpent.
1303 3515 1493 3583 Adde
1535 3518 1705 3601 quod
1751 3519 2044 3601 paschati
2083 3519 2392 3586 adiuncta
2431 3521 2555 3585 fuit

596 3604 749 3688 puri
778 3611 846 3667 et
880 3604 1150 3688 genuini
1185 3602 1402 3670 cultus
1436 3605 1770 3688 professio,
1807 3624 1974 3687 quae
1996 3606 2241 3671 exteris
2262 3626 2552 3671 commu·-

599 3690 707 3754 nis
762 3709 897 3753 non
953 3698 1110 3754 erat.
1210 3688 1636 3757 Circumcisic
1703 3692 1878 3755 enim
1938 3701 2094 3755 tunc
2152 3691 2278 3755 fuit
2342 3693 2554 3757 instar

599 3775 954 3857 maceriae,
1020 3794 1185 3857 quae
1243 3775 1550 3856 profanas
1613 3784 1848 3860 gent-es
1913 3796 1952 3840 a
2017 3786 2246 3843 sancto
2311 3798 2554 3861 genere

601 3859 912 3927 Abrahae
933 3858 1354 3926 discerneret.
1406 3861 1589 3946 Ergo
1626 3861 1682 3926 si
1718 3861 1863 3946 quis
1883 3882 2034 3927 cum
2070 3862 2277 3928 electo
2313 3864 2553 3946 populo

601 3944 849 4030 pascha
905 3944 1234 4011 celebrare
1277 3944 1509 4022 vellet,
1568 3946 1942 4013 circumcidi
1994 3949 2312 4031 oportuit,
2367 3957 2441 4013 ut
2482 3969 2553 4015 se

601 4054 759 4098 vero
804 4029 949 4097 Deo
993 4031 1343 4098 addiceret.
1412 4032 1640 4116 Neque
1686 4034 1862 4099 enim
1905 4034 2169 4117 signum
2205 4043 2554 4101 externum

603 4117 931 4184 duntaxat
962 4118 1286 4200 spectavit
1320 4116 1525 4197 Deus,
1569 4116 1687 4184 sed
1721 4120 1942 4197 finem,
1980 4129 2053 4183 ιιι
2089 4120 2381 4186 sincerae
2416 4124 2553 4204 pie-

602 4206 765 4271 tatis
828 4203 1121 4270 studium
1190 4204 1652 4288 promitterent
1724 4206 1834 4287 qui
1901 4204 2551 4273 circumcidebantur.

604 4290 836 4357 Primo
870 4290 1079 4374 igitur
1111 4289 1403 4356 excludit
1425 4290 1647 4356 Moses
1672 4310 1900 4356 omnes
1927 4302 2291 4373 extraneos,
2316 4313 2555 4376 nempe

607 4376 722 4460 qui
766 4376 851 4440 ob
941 4376 1311 4459 raeputium
1354 4376 1678 4441 immundi
1726 4384 1932 4442 erant.
2017 4377 2277 4443 Deinde
2320 4399 2554 4461 excep-

608 4461 821 4526 tiones
924 4482 1042 4527 uas
1094 4461 1308 4539 addit,
1363 4483 1604 4546 nempe
1662 4471 1738 4527 ut
1793 4462 1970 4528 servi
2023 4464 2303 4547 pecunia
2350 4464 2555 4546 empti

607 4547 1161 4615 circumcidantur
1195 4545 1396 4634 (quod
1443 4548 1849 4615 necessitatis
1894 4547 2043 4636 fuit)
2087 4548 2273 4614 liberi
2330 4562 2553 4615 autem

609 4640 679 4699 et
721 4633 820 4698 sui
866 4633 1025 4698 iuris
1059 4632 1379 4718 homines,
1425 4635 1484 4698 si
1519 4633 1731 4700 velint
1764 4634 2042 4699 eundem
2080 4635 2383 4718 amplecti
2420 4635 2557 4700 cul-

607 4726 770 4797 tum,
814 4718 1217 4801 recipiantur
1257 4720 1381 4802 ipsi
1424 4740 1680 4804 quoque
1723 4720 1806 4785 ad
1851 4722 2112 4803 pascha.
2201 4721 2392 4789 Unde
2439 4742 2553 4805 ap-

607 4812 815 4890 paret,
860 4823 997 4869 non
1030 4803 1221 4870 modo
1266 4805 1655 4888 peculiarem
1696 4807 1821 4871 Dei
1867 4807 2105 4890 populo
2140 4807 2341 4872 fuisse
2378 4807 2555 4872 hunc

607 4893 811 4958 ritum
830 4941 846 4968 ,
922 4889 1036 4955 sed
1101 4891 1361 4956 futurae
1425 4891 1829 4958 liberationis
1895 4892 2266 4977 symbolum
2333 4892 2550 4959 fuisse.

606 4978 841 5060 Neque
894 4977 1072 5040 enim
1128 4975 1359 5041 testari
1423 4985 1729 5059 poteraut
1796 4978 2202 5062 alienigenae
2265 4999 2337 5043 se
2402 5000 2554 5045 con-

609 5073 822 5131 sortes
863 5061 1066 5127 fuisse
1108 5061 1287 5126 illius
1326 5061 1793 5145 redemptionis
1830 5084 1993 5147 quae
2024 5075 2282 5129 tantum
2326 5066 2555 5150 generi

609 5148 920 5214 Abrahae
961 5147 1285 5230 promissa
1327 5148 1577 5213 fuerat:
1632 5148 1904 5232 ideoque
1960 5171 2135 5217 vana
2188 5161 2256 5216 et
2299 5151 2556 5218 inutilis

609 5234 844 5300 fuisset
883 5235 1056 5318 apud
1102 5255 1212 5299 eos
1255 5235 1423 5299 sacri
1471 5234 1648 5317 epuli
1693 5254 1947 5319 pompa.
2036 5237 2173 5302 Nec
2219 5258 2375 5303 vero
2411 5248 2553 5303 tur·

609 5320 761 5388 bam
805 5321 991 5386 illam
1034 5319 1250 5386 solum
1294 5319 1599 5406 designat
1641 5322 1860 5389 Moses
1903 5343 2070 5406 quae
2126 5344 2210 5389 ex
2252 5326 2557 5410 Aegypto

2062 411 2445 483 PRIMUM
2486 402 3154 481 PRAEOEPTUM.·

4461 404 4571 469 292

2653 610 2934 687 sequuta
2996 601 3210 665 fuerat
3273 596 3646 674 Israelitas,
3712 596 3826 662 sed
3891 594 4107 679 legem
4163 595 4244 661 de
4297 597 4576 666 omnibus

2654 688 2900 755 exteris
2942 683 3346 771 praescribit,
3385 685 3494 767 qui
3540 694 3763 766 postea
3800 682 4025 747 multis
4060 681 4353 761 saeculis,
4400 706 4574 768 nego-

2653 775 2862 841 tiandi
2905 793 3102 839 causa
3145 770 3406 837 venturi
3452 778 3642 834 erant
3682 769 3750 833 in
3788 776 4053 835 terram.
4142 769 4289 834 Non
4330 768 4577 836 dubium

2653 861 2861 945 igitur
2917 861 3079 942 quin
3137 857 3351 922 Pesah
3410 854 3797 922 celebrando
3846 854 4041 919 aliam
4087 855 4577 937 redemptionem

2654 944 3098 1030 speraverint:
3179 942 3440 1026 quando
3518 940 3600 1005 ad
3678 941 3860 1024 ipsos
3929 961 4057 1005 non
4127 940 4579 1007 extendebatur

2654 1052 2821 1117 quae
2876 1033 3008 1096 iam
3052 1029 3210 1094 olim
3252 1026 3547 1093 exhibita
3588 1025 3808 1091 fuerat
3849 1026 4002 1091 filiis
4046 1026 4376 1092 Abrahae.
4462 1029 4579 1093 Ne—

2653 1139 2779 1202 que
2844 1118 3020 1183 enim
3088 1138 3170 1181 ex
3239 1135 3366 1197 quo
3443 1120 3792 1194 coeperant
3867 1113 4119 1178 censeri
4198 1114 4266 1177 in
4340 1114 4579 1196 populo,

2654 1213 2871 1270 terrae
2935 1202 3149 1286 portio
3214 1199 3344 1265 illis
3409 1198 3683 1265 cadebat
3745 1199 3815 1262 in
3870 1207 4141 1275 sortem,
4211 1220 4333 1264 nec
4390 1202 4582 1281 potior

2654 1310 2880 1356 eorum
2935 1295 3079 1353 erat
3134 1284 3418 1352 conditio
3474 1282 3685 1367 quoad
3742 1284 3888 1348 iura
3941 1293 4231 1348 terrena:
4293 1285 4404 1350 sed
4449 1296 4582 1351 tan-

2654 1386 2794 1441 tum
2838 1383 2913 1439 ut
2958 1373 3268 1440 ecclesiae
3312 1370 3607 1436 membra
3650 1380 3886 1435 essent.
3989 1370 4196 1434 Porro
4240 1370 4325 1435 ob
4362 1391 4582 1437 coenae

2654 1471 2719 1528 ει
2773 1460 3107 1544 paschatis
3165 1456 3534 1541 analogiam
3589 1454 3782 1520 hodie
3842 1477 4097 1539 quoque
4156 1455 4353 1522 durat
4405 1459 4583 1524 huius

2607 1592 2617 1601 -
2651 1548 2817 1633 legis
2860 1548 3071 1631 vigor,
3114 1564 3200 1608 ne
3242 1543 3388 1626 quis
3427 1542 3717 1625 pollutus
3753 1541 3856 1605 vel
3893 1542 4191 1624 impurus
4228 1543 4311 1607 ad
4348 1563 4582 1609 sacram

2652 1654 2919 1701 coenam
2966 1653 3035 1697 se
3072 1632 3348 1715 ingerat,
3392 1628 3506 1693 sed
3543 1627 3941 1711 recipiantur
3975 1627 4092 1692 soli
4128 1628 4378 1708 fideles,
4425 1642 4584 1711 post-

2653 1740 2848 1803 quam
2895 1717 3164 1784 Christo
3222 1735 3462 1780 nomen
3516 1712 3833 1784 dederint.
3936 1712 4125 1794 Quod
4174 1717 4375 1779 etiam
4420 1728 4585 1780 nota·

2653 1816 2766 1870 tur
2807 1805 2912 1869 his
2956 1802 3204 1867 verbis:
3252 1800 3500 1865 Eadem
3548 1800 3676 1863 erit
3718 1799 3824 1863 lex
3868 1799 4221 1882 indigenae
4267 1814 4337 1865 et
4380 1815 4584 1866 extra·

2651 1890 2796 1957 nei:
2847 1910 3081 1971 nempe
3117 1893 3194 1953 ut
3229 1885 3622 1951 sacramenti
3658 1885 3889 1968 religio
3924 1887 4004 1950 ab
4041 1887 4344 1951 omnibus
4379 1897 4587 1952 sancte

2652 1977 2920 2053 colatur,
2967 1984 3165 2057 atque
3208 1972 3304 2037 ita
3344 1971 3590 2054 pariter
3634 1970 3915 2036 oblatam
3976 1973 4255 2054 gratiam
4313 1973 4486 2038 inter
4525 1994 4586 2037 se

2652 2061 3155 2136 communicent,
3222 2068 3289 2123 et
3331 2057 3454 2123 hac
3497 2058 3569 2121 in
3615 2069 3797 2138 parte
3842 2057 4133 2139 aequalis
4175 2059 4262 2123 sit
4306 2059 4584 2123 omnium

2652 2148 2954 2224 conditio,
3000 2166 3167 2227 quae
3209 2144 3279 2208 in
3326 2153 3540 2208 terrae
3583 2141 3952 2207 haereditat
4034 2143 4294 2208 diversa
4340 2159 4493 2209 erat.

2822 2233 2928 2298 46.
2976 2230 3066 2296 Et
3104 2250 3174 2296 οε
3206 2250 3330 2295 non
3363 2229 3767 2312 confrinqetis
3809 2249 3886 2293 ex
3927 2249 4013 2294 eo.
4060 2228 4200 2294 Cur
4232 2251 4307 2294 os
4345 2231 4585 2295 nullum

2650 2319 2870 2401 frangi
2916 2317 3194 2385 voluerit
3229 2314 3432 2393 Deus,
3469 2315 3630 2379 mihi
3666 2313 3993 2380 incertum
4032 2331 4158 2380 est:
4197 2317 4327 2381 nisi
4369 2327 4441 2380 ut
4478 2318 4585 2382 hoc

2651 2425 2908 2489 quoque
2952 2403 3214 2486 signum
3251 2410 3426 2466 esset
3467 2400 3934 2465 festinationis:
3978 2401 4129 2483 quia
4165 2422 4317 2466 raro
4353 2403 4432 2466 ad
4472 2425 4587 2467 me-

2655 2490 2866 2556 dullas
2924 2487 3245 2555 accedunt
3298 2486 3634 2562 convivae,
3692 2485 3820 2551 nisi
3865 2486 4022 2551 dum
4066 2487 4327 2571 longius
4371 2490 4586 2570 epulae

2654 2576 3149 2662 protrahuntur.
3230 2572 3402 2638 Nam
3449 2570 3617 2656 quod
3662 2570 3938 2637 tradunt
3979 2572 4241 2655 quidam
4291 2596 4419 2639 non
4476 2574 4586 2638 im-

2657 2661 2865 2727 minui
2912 2659 3163 2727 Christi
3207 2660 3521 2724 virtutem
3578 2655 3771 2744 (quae
3826 2680 3944 2740 per
3997 2678 4145 2724 ossa
4188 2658 4586 2747 designatur)

2656 2747 2816 2813 dum
2859 2747 3191 2812 vescimur
3232 2745 3374 2809 eius
3417 2765 3645 2823 carne,
3704 2764 3933 2809 vereor
3997 2766 4081 2809 ne
4125 2747 4211 2810 sit
4257 2747 4452 2810 nimis
4494 2767 4587 2810 ar-

2655 2844 2907 2919 gutum.
2954 2832 3152 2897 Prius
3195 2840 3416 2896 autem
3450 2829 3615 2894 illud
3650 2829 3823 2912 quod
3870 2830 4081 2914 attigi,
4128 2841 4205 2894 ιιι
4238 2832 4587 2915 simplicius

2655 2927 2776 2998 est,
2818 2919 2915 2983 ita
2958 2938 3092 2982 non
3133 2916 3305 2982 male
3347 2915 3654 3000 quadrat:
3700 2935 3903 2997 quum
3946 2916 4016 2980 in
4061 2918 4404 3001 procinctu
4427 2930 4587 2984 stan-

2655 3012 2756 3070 tes
2792 3004 3031 3089 raptim
3069 3001 3497 3080 comederent,
3541 3002 3756 3067 iussos
3794 3001 3996 3067 fuisse
4030 3023 4178 3067 ossa
4201 3003 4588 3083 comburere,

2656 3091 2738 3157 ad
2783 3089 3214 3173 rumpendam
3280 3108 3543 3154 omnem
3605 3108 3878 3154 moram.
3990 3088 4180 3170 Quod
4243 3105 4460 3155 autem
4518 3091 4587 3154 de

2656 3199 2827 3262 agno
2872 3183 3297 3261 praeceperat
3338 3175 3539 3253 Deus,
3583 3174 3788 3238 voluit
3830 3175 3901 3239 in
3937 3174 4070 3240 filio
4106 3197 4225 3240 suo
4262 3177 4588 3260 unigenito

2655 3265 2874 3347 palam
2918 3261 3206 3346 impleri:
3264 3268 3343 3326 ut
3403 3259 3648 3326 veritas
3691 3268 3852 3344 typo
3913 3281 4065 3341 suo,
4123 3273 4190 3327 et
4231 3264 4589 3328 substantia

2656 3351 2929 3415 umbrae
3008 3346 3443 3430 respondens,
3537 3346 3913 3411 ostenderet
3992 3368 4120 3411 non
4200 3348 4329 3412 alio
4406 3368 4589 3433 quam

2658 3435 2907 3501 Christi
2979 3433 3302 3517 sanguine
3380 3432 3785 3497 reconciliari
3852 3434 4069 3498 Deum
4149 3435 4388 3516 populo
4467 3454 4587 3499 suo.

2656 3520 2850 3588 Unde
2893 3520 3136 3585 iterum
3191 3526 3371 3601 patet
3427 3527 3686 3583 veteres
3744 3517 3866 3582 sub
3926 3518 4071 3602 lege
4115 3520 4183 3583 in
4240 3541 4414 3603 agno
4458 3540 4589 3603 pas·

2656 3607 2865 3674 schali
2931 3605 3011 3670 de
3075 3606 3296 3669 futura
3352 3603 3796 3686 redemptione
3852 3602 4056 3669 fuisse
4100 3605 4397 3671 edoctos:
4452 3605 4590 3688 quia

2657 3713 2787 3757 non
2832 3700 3009 3757 recte
3053 3689 3290 3773 alioqui
3336 3688 3936 3755 accommodaretur
3979 3690 4059 3753 ad
4107 3688 4446 3756 Christum
4494 3691 4588 3754 hic

2657 3779 2873 3845 locus:
2920 3798 3114 3860 quem
3160 3776 3315 3841 dum
3368 3775 3775 3858 evangelista
3817 3776 3977 3841 citat
4020 3774 4272 3863 (Ioann.
4326 3778 4428 3848 19.
4469 3775 4584 3861 33),

2658 3884 2776 3948 pro
2841 3863 3134 3929 confesso
3200 3860 3405 3928 sumit
3470 3862 3693 3946 typice
3756 3861 3958 3927 fuisse
4038 3875 4198 3929 tunc
4263 3878 4587 3929 ostensum

2658 3949 2828 4033 quod
2867 3950 3049 4016 Deus
3091 3969 3208 4031 per
3245 3948 3451 4012 filium
3496 3969 3690 4012 snum
3734 3948 3996 4013 volebat
4038 3963 4390 4032 praestare,
4432 3948 4589 4014 unde

2657 4038 2901 4102 factum
2963 4044 3062 4099 est
3114 4043 3191 4098 ut
3244 4045 3405 4098 nota
3445 4032 3689 4099 visibili
3753 4034 4106 4116 insignitus
4151 4035 4379 4114 fuerit,
4437 4053 4590 4116 quae

2659 4122 2967 4206 probaret
3008 4122 3223 4202 ipsum
3270 4139 3412 4184 esee
3448 4140 3680 4185 verum
3714 4120 3973 4202 pascha.
4034 4120 4238 4185 Porro
4275 4144 4360 4186 ne
4397 4121 4589 4187 ullum

2660 4228 2733 4273 os
2776 4208 2848 4271 in
2895 4204 3163 4272 Christo
3209 4205 3639 4283 frangeretur,
3684 4205 4054 4271 admirabili
4092 4206 4214 4271 Dei
4259 4206 4591 4292 providen-

2661 4293 2755 4358 tia
2818 4293 3063 4358 factum
3131 4299 3250 4356 est.

2660 4379 2980 4445 fractione
3054 4386 3333 4441 mortem

3348 4288 3709 4356 Decretum
3775 4301 3919 4356 erat
3983 4293 4300 4359 militibus
4364 4293 4588 4359 ossium

3414 4375 3662 4442 Christi
3745 4378 4105 4443 accelerare
4178 4400 4310 4444 non
4391 4379 4591 4443 minus

2661 4486 2857 4548 quam
2901 4465 3254 4529 latronum.
3344 4461 3424 4527 In
3484 4461 3848 4529 latronibus
3906 4478 4359 4547 exsequuntur
4414 4481 4589 4529 suum

2660 4550 3037 4617 consilium:
3105 4571 3188 4615 ne
3252 4547 3426 4612 idem
3493 4549 3564 4613 in
3610 4548 3877 4615 Christo
3936 4560 4223 4629 tentent,
4291 4551 4589 4615 divinitus

2661 4646 2949 4702 retentos
2994 4657 3138 4701 esse
3181 4643 3432 4700 certum
3471 4643 3590 4714 est,
3636 4645 3712 4699 ut
3744 4636 3987 4700 ossium
4025 4637 4371 4719 integritas
4406 4635 4589 4719 quod-

2660 4722 2813 4788 dam
2858 4730 3029 4789 esset
3072 4722 3411 4805 proximae
3454 4717 3920 4804 redemptionis
3963 4724 4399 4808 praesagium.

3279 5011 3411 5077 Ex
3456 5008 3758 5076 EXODI
3802 5009 4004 5077 XIII.

2836 5148 2897 5215 3.
2951 5149 3128 5215 Tunc
3168 5149 3337 5215 dimit
3371 5145 3583 5214 Moses
3625 5148 3711 5212 ad
3739 5148 4087 5231 populum.-
4130 5147 4435 5214 Memento
4474 5144 4588 5211 diei

2661 5235 2853 5300 huius
2895 5256 3015 5317 quo
3050 5235 3285 5318 cyressi
3332 5234 3481 5300 estis
3524 5252 3601 5298 ex
3636 5234 3931 5317 Ampto,
3975 5256 4007 5300 e
4040 5235 4215 5299 domo
4257 5251 4586 5300 servorum:

2662 5322 2817 5403 quia
2882 5323 2953 5388 in
3012 5320 3380 5401 fortitudine
3428 5340 3661 5386 manue
3717 5320 3932 5387 eduxit
3984 5341 4094 5387 vos
4148 5321 4291 5387 hinc
4346 5320 4589 5385 Ielwva:
