4867 6150
517 456 644 523 ‘107
725 530 728 533 ,

517 643 887 711 sessoribus
940 643 1251 729 legitimis
1266 693 1283 724 ,
1342 652 1422 709 ut
1462 665 1658 728 quam
1706 645 2058 711 minimum
2103 642 2480 711 deflecteret

517 729 801 815 populus
866 750 907 795 a
969 729 1320 814 partitione
1385 730 1508 798 sub
1571 731 1767 798 Iosue
1845 732 2032 798 facta.
2123 728 2480 798 Consuluit

518 817 777 882 interea
820 816 1131 899 privatim
1176 816 1487 902 singulis:
1548 817 1662 883 sed
1716 818 1788 883 in
1846 824 2166 903 perpetua
2222 836 2476 883 succes-

521 903 705 968 sione
749 923 821 968 se
860 903 1079 985 ipsum
1122 904 1336 986 magis
1401 904 1692 987 respexit
1756 924 1952 987 quam
2018 903 2317 970 homines
2335 953 2350 980 ,
2402 907 2479 967 ut

519 1008 862 1072 nunquam
905 986 1324 1053 intercideret
1370 989 1669 1056 beneficii
1727 989 1832 1056 sui
1882 989 2216 1056 memoria.
2304 988 2478 1054 Tan-

523 1073 675 1139 dem
738 1073 922 1139 iubet
986 1093 1161 1140 anno
1224 1074 1490 1141 iubilaei
1556 1095 1748 1161 agros
1818 1096 2048 1142 omnes
2113 1074 2326 1141 redire
2392 1073 2476 1139 ad

521 1179 710 1226 suam
766 1159 1088 1244 originem
1108 1210 1124 1240 ,
1180 1168 1248 1224 et
1304 1160 1720 1227 venditiones
1776 1182 2007 1228 omnes
2054 1163 2251 1227 finem
2310 1161 2477 1227 acci-

522 1265 714 1330 pere:
796 1264 873 1311 ac
937 1245 997 1311 si
1062 1245 1603 1331 quinquagesimo
1673 1268 1928 1331 quoque
1992 1268 2166 1314 anno
2231 1254 2476 1314 sortem

522 1339 879 1398 renovaret
920 1331 993 1395 in
1038 1330 1392 1398 dividenda
1434 1341 1629 1400 terra.

694 1416 800 1483 29.
881 1416 1000 1483 Vir
1062 1422 1272 1483 autem
1335 1438 1526 1500 quum
1587 1418 1930 1485 vendiderit
1993 1420 2257 1486 domum.
2345 1419 2479 1486 Hic

521 1502 749 1570 domos
820 1501 905 1567 ab
959 1504 1137 1587 agris
1205 1504 1577 1588 distinguit,
1645 1526 1730 1571 ne
1784 1502 2150 1573 redimendi
2206 1504 2476 1572 libertas

521 1586 921 1655 extendatur
982 1589 1160 1654 ultra
1223 1609 1499 1656 annum:
1568 1590 1801 1657 deinde
1856 1599 1933 1656 ut
1990 1592 2232 1676 emptio
2278 1593 2476 1658 etiam

516 1677 593 1741 in
625 1674 908 1741 iubilaeo
942 1684 1086 1740 rata
1127 1685 1408 1742 maneat.
1471 1676 1866 1761 Quanquam
1905 1676 2168 1743 additur
2193 1677 2478 1744 secunda

523 1760 859 1827 distinctio
921 1760 1094 1825 inter
1157 1762 1333 1845 ipsas
1395 1762 1653 1841 domos,
1720 1771 1797 1828 ut
1862 1763 2055 1830 aedes
2102 1765 2174 1829 in
2217 1762 2477 1848 oppidis

518 1858 791 1930 prorsus
848 1845 1137 1913 alienare
1193 1848 1414 1914 liceat:
1476 1849 1784 1915 villarum
1842 1859 2063 1915 autem
2111 1848 2341 1916 eadem
2391 1850 2478 1915 sit

519 1953 686 2016 quae
742 1953 1053 2017 agrorum
1097 1935 1412 2012 conditio,
1472 1936 1626 2018 quia
1682 1935 1813 2001 illis
1857 1956 2157 2001 annexae
2200 1944 2357 2002 sunt
2398 1943 2479 2000 ut

520 2017 760 2102 partes.
843 2017 1080 2099 Quoad
1124 2018 1349 2085 domos
1391 2020 1696 2102 urbanas,
1739 2021 1893 2105 quia
1934 2022 2271 2087 interdum
2312 2040 2476 2105 pau-

519 2102 790 2188 peribus
846 2102 1128 2170 dominis
1163 2113 1354 2170 erant
1409 2127 1725 2172 onerosae
1741 2155 1759 2184 ,
1815 2106 1978 2174 utile
2019 2106 2151 2173 fuit
2193 2107 2478 2173 transire

520 2189 605 2255 ad
649 2190 907 2269 divites,
994 2191 1065 2256 ui
1108 2189 1395 2258 ferendis
1439 2192 1826 2260 aedificandi
1868 2192 2241 2276 sumptibus
2284 2213 2478 2277 pares

518 2284 759 2343 essent.
838 2213 1031 2342 Adde
1073 2277 1245 2361 quod
1290 2276 1524 2345 domus
1557 2279 1947 2362 'quotidiana
1985 2280 2301 2346 alimenta
2342 2299 2477 2344 non

517 2361 899 2446 suppeditat
940 2372 1017 2427 ut
1058 2382 1234 2446 ager,
1278 2372 1345 2429 et
1387 2361 1581 2431 domo
1624 2385 1848 2432 carere
1890 2366 2101 2450 magis
2133 2364 2478 2432 tolerabile

522 2458 623 2515 est
664 2469 863 2532 quam
908 2469 1097 2532 agro,
1153 2447 1265 2515 ubi
1307 2457 1373 2515 te
1416 2469 1749 2529 exerceas,
1794 2458 1863 2516 et
1905 2472 1988 2518 ex
2034 2452 2178 2519 eius
2222 2450 2479 2518 cultura

519 2534 775 2600 victum
851 2533 970 2598 tibi
1046 2533 1346 2617 acquiras
1421 2544 1489 2601 et
1570 2536 1874 2603 familiae.
1962 2536 2177 2603 Villas
2252 2547 2475 2603 autem

522 2619 736 2703 excipi
779 2621 1066 2702 oportuit
1108 2628 1427 2704 tanquam
1462 2643 1774 2707 agrorum
1809 2623 2229 2689 accessiones.
2298 2622 2475 2704 Quid

521 2706 701 2772 enim
735 2705 998 2771 iuvaret
1039 2706 1295 2773 fructus
1337 2705 1674 2792 colligere,
1720 2708 1935 2774 locum
1976 2729 2133 2775 vero
2177 2728 2310 2774 non
2357 2708 2477 2774 ha-

521 2790 675 2857 bere
731 2789 845 2855 ubi
888 2791 1213 2875 reponas?
1272 2792 1418 2858 Imo
1466 2792 1623 2877 quid
1666 2794 2006 2877 prodesset
2048 2815 2283 2881 agrum
2327 2815 2476 2879 pos·

518 2875 733 2944 sidere
773 2897 968 2961 quem
1010 2877 1221 2945 colere
1265 2899 1401 2944 non
1433 2879 1701 2962 posses?
1748 2879 2072 2964 quomodo
2106 2882 2283 2946 enim
2328 2900 2475 2947 ara-

521 2964 687 3029 bunt
717 2963 922 3031 boves
955 2962 1192 3047 quibus
1226 2964 1559 3031 stabulum
1596 2986 1727 3031 non
1761 2966 1888 3031 erit
1929 2985 1969 3031 a
2016 2987 2089 3032 ro
2131 2965 2474 3033 vicinum?

517 3046 698 3130 Quia
739 3068 896 3134 ergo
939 3050 1085 3135 agri
1119 3050 1261 3116 sine
1299 3052 1584 3137 tuguriis
1625 3051 1732 3118 vel
1767 3053 1935 3120 casis
2006 3074 2118 3119 ere
2152 3053 2288 3120 sint
2320 3055 2472 3120 inu-

518 3135 689 3212 tiles,
733 3156 857 3202 nec
898 3135 1234 3202 commode
1277 3146 1684 3223 separantur,
1731 3139 1963 3204 merito
2004 3141 2237 3205 statuit
2279 3141 2470 3207 Deus

518 3229 597 3287 ut
649 3242 823 3287 anno
878 3220 1149 3288 iubilaei
1216 3224 1546 3308 quaelibet
1600 3225 1937 3293 rusticana
1998 3226 2322 3309 possessio
2386 3225 2472 3292 ad

511 3305 856 3373 dominum
894 3309 1178 3390 priorem
1223 3308 1485 3377 rediret.

685 3392 790 3458 32.
872 3392 1134 3460 Urbium
1195 3401 1402 3462 autem
1463 3395 1849 3464 LevitaM.
1935 3396 2094 3463 Alia
2156 3399 2471 3483 exceptio,

512 3487 592 3545 ut
642 3480 927 3545 Levitae
986 3478 1211 3546 domos
1266 3480 1573 3548 venditas
1634 3482 1738 3550 vel
1792 3483 1941 3549 iure
1983 3482 2475 3566 redemptionis,

513 3566 624 3629 vel
688 3584 865 3631 anno
942 3565 1204 3632 iubilaei
1285 3571 1494 3652 gratis
1571 3578 1980 3654 recuperent.
2093 3568 2286 3650 Quod
2342 3592 2473 3635 non

513 3651 710 3717 modo
768 3651 838 3715 in
899 3670 1124 3717 eorum
1169 3654 1454 3738 gratiam
1501 3656 1850 3720 statuitur:
1909 3653 2024 3720 sed
2073 3657 2228 3739 quia
2270 3658 2474 3723 totius

513 3736 744 3820 populi
809 3737 1141 3817 interfuit,
1200 3739 1546 3823 dispositos
1601 3760 1745 3806 esse
1800 3741 1987 3824 quasi
2041 3742 2112 3806 in
2159 3742 2474 3821 excubiis,

515 3822 629 3889 ubi
670 3821 887 3888 locum
931 3823 1093 3906 ipsis
1137 3825 1323 3891 Deus
1356 3827 1829 3910 assignaverat.
1889 3825 2084 3907 Quod
2120 3827 2204 3892 ad
2239 3828 2476 3895 subur·

517 3908 627 3974 bia
704 3916 992 3992 spectat,
1073 3910 1179 3975 vel
1246 3931 1442 3996 agros
1499 3912 1719 3996 pecori
1783 3910 2018 3978 alendo
2096 3910 2479 3996 destinatos,

517 4003 702 4061 vetat
765 3994 953 4060 Deus
1015 3995 1318 4062 alienari:
1387 4000 1540 4081 quia
1595 3997 1721 4063 hoc
1774 3997 1969 4063 modo
2035 3998 2268 4067 relicta
2323 4021 2477 4083 pro·

565 4079 668 4145 ria
732 4081 1019 4146 statione
1083 4081 1362 4148 subinde
1405 4084 1533 4149 alio
1575 4086 1992 4168 migrassent.
2078 4084 2276 4151 Hanc
2322 4107 2479 4152 vero

569 4167 584 4181 '
658 4167 1019 4250 ipationem
1063 4188 1200 4234 non
1241 4169 1567 4249 accidere,
1627 4170 1832 4238 totius
1879 4170 2108 4255 populi
2149 4172 2485 4239 interfuit.'

1179 4509 1313 4576 EX
1355 4507 1629 4577 DEU'I'.
1672 4511 1836 4578 XX.

697 4678 800 4744 19.
871 4677 949 4744 Si
991 4678 1304 4746 obsederis
1345 4681 1591 4762 urbem,
1635 4683 1858 4750 diebus
1889 4684 2106 4752 multis
2133 4687 2482 4770 puynando

525 4765 829 4832 adversus
872 4784 1012 4831 eam
1027 4814 1042 4842 ,
1095 4772 1167 4831 ut
1209 4767 1430 4848 capias
1472 4788 1612 4834 eam
1626 4819 1643 4848 ‚
1689 4789 1818 4835 non
1858 4771 2184 4852 disperdes
2225 4772 2481 4838 arbores

522 4852 678 4929 eius,
721 4850 1095 4935 impellendo
1137 4854 1211 4917 in
1253 4873 1363 4919 eas
1403 4854 1701 4920 securim.-
1743 4857 1899 4937 quia
1931 4877 2009 4922 ecc
2028 4857 2289 4923 alarum
2305 4858 2480 4941 frue-

524 4936 694 5002 tibus
735 4938 1002 5004 vesceris
1016 4983 1032 5015 ,
1080 4943 1416 5020 propterea
1452 4940 1633 5021 ipsas
1673 4960 1803 5006 non
1841 4942 2151 5010 succides.-
2196 4946 2351 5028 quia
2393 4966 2483 5011 an

522 5022 707 5087 homo
764 5023 958 5089 arbor
1013 5025 1161 5108 ayri
1221 5029 1291 5089 ut
1345 5026 1741 5109 inyrediatur
1782 5048 1825 5093 a
1876 5028 2043 5111 faeie
2083 5034 2196 5095 tua
2235 5031 2307 5096 in
2345 5052 2484 5096 mu-

522 5109 877 5175 nitionem?
942 5110 1047 5176 20.
1092 5109 1529 5176 Verumtamen
1563 5109 1823 5179 arbores
1862 5134 2025 5197 quas
2063 5119 2313 5183 noveris
2353 5137 2484 5182 non

523 5214 657 5261 esse
707 5195 1105 5280 fructiferas,
1158 5197 1485 5279 disperdes
1500 5246 1516 5276 ,
1563 5204 1621 5263 et
1660 5200 1970 5267 succides:
2024 5206 2081 5268 et
2121 5202 2484 5285 aedificabis

522 5281 934 5348 munitionem
990 5283 1295 5349 adversus
1351 5283 1565 5350 urbem
1620 5284 1799 5352 illam
1854 5307 2015 5369 quae
2061 5293 2260 5354 tecum
2297 5288 2486 5356 dimi-

522 5372 642 5445 eat,
686 5368 882 5434 donec
919 5368 1248 5435 descendat
1284 5368 1449 5453 ipsa.

1955 455 2201 524 OOTA
2210 454 2410 523 VUM
2453 452 3103 523 PRAEOEPTUM.

4386 457 4498 524 708

2755 643 2856 709 19.
2928 643 3005 710 Si
3059 644 3382 712 obsederis,
3468 644 3681 729 Hanc,
3723 643 4088 712 doctrinam
4143 665 4278 710 non
4331 644 4501 712 dubi-

2581 729 2718 797 tavi
2774 740 3125 797 annectere
3178 741 3409 798 octavo
3460 738 3838 817 praecepto,
3889 730 4045 815 quia
4094 752 4295 815 quum
4334 730 4503 800 Deus

2579 815 2651 879 in
2701 815 2917 882 medio
2974 815 3294 883 bellorum
3350 815 3611 885 fervore
3664 817 3942 884 nocendi
3982 816 4312 883 licentiam
4350 818 4504 884 frae-

2580 910 2727 981 net,
2786 901 2997 986 quoad
3054 901 3423 986 perdendas
3478 902 3743 969 arbores
3767 953 3785 982 ,
3827 902 4037 969 multo
4078 903 4285 986 magis
4324 924 4502 987 popu·

2580 985 2719 1052 lum
2777 1008 2975 1054 suum
3041 988 3251 1054 voluit
3311 989 3385 1054 in
3449 1010 3610 1073 pace
3685 989 4015 1054 abstinere
4083 989 4165 1054 ab
4224 991 4507 1057 omnibus

2580 1073 2935 1141 maleficiis.
3024 1073 3305 1141 Summa
3359 1082 3493 1153 est,
3551 1074 3854 1158 quamvis
3912 1075 4398 1158 spoliationibus
4446 1085 4506 1141 et

2580 1160 2831 1242 rapinis
2869 1160 3141 1226 ianuam
3184 1162 3438 1244 aperiat
3476 1161 3584 1226 ius
3627 1159 3961 1239 bellicum,
4021 1159 4379 1228 cavendum
4414 1169 4506 1227 ta·

2578 1265 2732 1309 men
2768 1266 2928 1326 esse,
2964 1245 3179 1330 quoad
3213 1246 3384 1326 licet,
3425 1266 3509 1312 ne
3531 1254 3708 1312 terra
3753 1247 3823 1311 in
3858 1246 4236 1313 vastitatem
4264 1244 4508 1313 redacta

2580 1330 2652 1395 in
2708 1330 3005 1398 futurum
3058 1340 3321 1418 tempus
3386 1332 3478 1400 sit
3540 1332 3809 1400 sterilis:
3875 1332 4155 1415 denique
4219 1331 4508 1416 praedam

2581 1416 2677 1483 sio
2734 1417 3056 1502 agendam
3115 1439 3257 1484 esse
3315 1416 3394 1484 de
3455 1417 3775 1494 hostibus,
3834 1425 3911 1483 ut
3964 1438 4163 1483 curae
4212 1416 4395 1484 nobis
4432 1419 4511 1484 sit

2580 1505 2841 1586 generis
2894 1504 3165 1571 humani
3221 1505 3504 1583 utilitas,
3564 1525 3639 1571 ac
3682 1504 3928 1589 posteri
3984 1503 4300 1569 alimenta
4338 1523 4511 1588 repe-

2581 1589 2757 1655 riant
2812 1589 2886 1654 in
2944 1589 3312 1671 arboribus,
3368 1611 3538 1674 quae
3593 1610 3725 1655 non
3787 1598 3924 1655 tam
3968 1591 4098 1657 cito
4152 1587 4512 1656 adolescunt

2582 1674 2665 1739 ad
2737 1674 3084 1741 ferendum
3148 1677 3455 1742 fructum.
3545 1675 3911 1743 Arboribus
3973 1696 4130 1742 vero
4197 1674 4513 1760 frugiferis

2579 1761 2869 1844 primum
2937 1761 3062 1828 hac
3125 1763 3382 1827 ratione
3443 1782 3712 1846 parcere
3769 1761 3977 1842 iubet,
4045 1761 4217 1846 quod
4282 1762 4510 1828 victum

2580 1847 2833 1913 cunctis
2876 1846 3253 1914 hominibus
3294 1848 3744 1933 suppeditant:
3789 1854 3984 1931 atque
4020 1847 4122 1912 ita
4150 1847 4225 1912 in
4258 1848 4413 1932 ipsis
4449 1868 4515 1914 se

2580 1935 2826 2016 profert
2901 1933 3028 1999 Dei
3106 1932 3493 2001 benedictio.
3595 1933 3922 2018 Adiungit
3998 1931 4237 1999 deinde
4306 1954 4513 2000 secun-

2582 2016 2736 2085 dam
2770 2039 3055 2098 causam,
3094 2018 3268 2104 quod
3296 2019 3560 2086 arbores
3588 2016 3987 2103 quibuslibet
4021 2019 4159 2086 sint
4180 2020 4509 2104 expositae,

2582 2125 2713 2187 qua
2753 2105 3085 2190 significat
3127 2126 3264 2171 non
3307 2127 3450 2173 esse
3492 2103 3855 2192 gerendum
3891 2125 4040 2170 cum
4073 2106 4241 2188 ipsis
4285 2104 4508 2172 bellum

2582 2190 2774 2256 sicuti
2848 2212 3000 2257 cnm
3076 2190 3469 2259 hominibus.
3556 2191 3764 2258 Varie
3840 2190 4103 2289 quidem
4182 2192 4513 2276 exponitur

2581 2276 2690 2343 hic
2734 2277 2934 2357 locus,
2979 2297 3211 2342 verum
3254 2298 3488 2345 sensus
3532 2298 3726 2362 quem
3771 2276 3937 2363 elegi
3982 2280 4229 2360 optime
4263 2278 4423 2356 fluit,
4456 2285 4513 2342 et

2578 2362 2913 2447 genuinus
2968 2362 3247 2429 videtur.
3334 2363 3509 2430 Nam
3565 2363 3868 2447 quamvis
3926 2362 4117 2428 litera
4156 2377 4204 2431 Π
4265 2362 4511 2429 demon-

2580 2449 2859 2514 strativa
2892 2449 2996 2529 sit,
3037 2446 3396 2516 secundum
3422 2450 3748 2515 rationem
3775 2449 4295 2534 grammaticam,
4335 2459 4512 2532 atque

2577 2535 2679 2599 ita
2720 2533 2976 2601 bostem
3022 2533 3349 2620 designet:
3405 2556 3551 2601 meo
3603 2544 3831 2601 tamen
3878 2534 4118 2602 iudicio
4169 2535 4510 2619 interroga·

2579 2619 2716 2685 tive
2771 2619 3052 2705 legenda
3092 2631 3194 2687 est
3242 2623 3588 2688 sententia.
3675 2634 3833 2690 ‘mm
3889 2641 4048 2688 vero
4095 2621 4512 2687 munitionem

2578 2706 2797 2789 potius
2862 2726 3060 2790 quam
3123 2706 3525 2773 obsidionem
3589 2707 3936 2793 significat.
4027 2705 4315 2791 Oblique
4375 2726 4513 2790 ergo

2580 2791 2890 2858 stolidum
2928 2792 3217 2858 furorem
3256 2793 3649 2878 perstringit
3691 2794 3909 2874 Deus,
3960 2791 4117 2858 dum
4163 2795 4302 2859 vim
4343 2811 4513 2859 snam

2582 2886 2901 2944 exserunt
2941 2877 3094 2944 hom
3102 2879 3241 2945 ines
3285 2879 3526 2946 armati
3567 2886 3800 2946 contra
3834 2878 4135 2945 arborem
4180 2899 4348 2964 quae
4386 2877 4514 2944 loco

2578 2984 2714 3030 non
2738 2974 3059 3045 movetur,
3097 2964 3213 3031 sed
3249 2965 3479 3032 obvios
3509 2985 3797 3050 quosque
3830 2971 4188 3049 exspectat.
4234 2964 4344 3030 Ita
4484 2984 4515 3027 r

2578 3049 2692 3134 qui
2735 3048 3025 3135 undique
3081 3059 3351 3138 apertus
3395 3059 3528 3133 est,
3572 3051 3924 3118 munitioni
3958 3052 4331 3136 opponitur.
4375 2984 4513 3116 Ἣ-

2578 3147 2762 3203 terea
2808 3137 3136 3219 permittit
3176 3136 3364 3204 Deus
3407 3159 3490 3203 ex
3533 3137 3875 3204 arboribus
3931 3138 4341 3222 infrugiferis
4380 3158 4510 3203 con·

2576 3223 2687 3290 fici
2743 3243 3047 3309 aggeres,
3101 3223 3340 3303 vallos,
3385 3224 3675 3307 aliasque
3713 3222 3797 3288 ad
3840 3223 4361 3309 oppugnandum
4392 3241 4511 3288 ma-

2576 3309 2840 3377 chinas:
2887 3317 3148 3375 tantum
3183 3310 3515 3394 prospicit,
3550 3330 3635 3375 ne
3664 3329 3994 3376 armorum
4030 3309 4333 3394 procella,
4366 3326 4515 3393 quae

2578 3404 3038 3461 momentanea
3079 3416 3220 3462 esse
3262 3396 3473 3476 debet,
3513 3403 3760 3461 terram
3804 3403 4040 3462 ornatu
4083 3415 4207 3462 suo
4251 3396 4322 3461 in
4363 3392 4513 3459 mul-

2578 3492 2679 3546 tos
2725 3501 2935 3548 annos
2979 3479 3282 3547 denudet.
3342 3481 3551 3547 Porro
3584 3502 3717 3547 non
3761 3480 4057 3549 iniicitur
4096 3480 4361 3567 religio«
4372 3479 4511 3564 quin

2578 3565 2922 3633 excidatur
2957 3566 3151 3633 arbor
3184 3567 3536 3646 fructuosa,
3596 3568 3654 3634 si
3699 3568 3793 3632 ita
3826 3567 4185 3634 necessitas
4221 3565 4512 3651 postulet:

2578 3651 2695 3719 sed
2741 3651 3002 3718 cohibet
3045 3651 3229 3718 Deus
3270 3653 3642 3733 Israelitas‚
3697 3673 3786 3719 ne
3842 3653 3992 3720 odio
4047 3653 4155 3718 vel
4196 3649 4514 3718 iracundia

2578 3737 2846 3821 impulsi
2898 3736 2980 3802 ad
3036 3736 3441 3822 perdendum
3485 3747 3554 3805 et
3595 3738 3991 3806 vastandum
4046 3759 4120 3805 se
4164 3737 4515 3823 proiiciant,

2578 3823 2766 3910 qnasi
2807 3823 3235 3890 humanitatis
3275 3824 3479 3891 obliti.

3222 4252 3345 4319 EX
3387 4251 3657 4320 DEUT.
3701 4251 3901 4320 XXI.

2762 4424 2863 4491 14.
2934 4422 3013 4491 Si
3052 4444 3176 4490 non
3207 4425 3525 4509 placuerit
3566 4424 3683 4490 tibi
3722 4444 3889 4491 uxor
3929 4426 4212 4509 captiva,
4270 4421 4521 4490 dimittes

2586 4530 2903 4598 cumpro
2967 4511 3492 4579 desideriosuo:
3566 4511 4519 4578 neevendendovendeseam

2573 4600 2869 4681 pecunia,
2910 4618 3107 4681 neque
3147 4598 3554 4681 negotiaberis
3585 4598 3664 4664 de
3697 4618 3790 4676 ea,
3833 4597 4000 4680 quod
4032 4596 4349 4680 afflixeris
4378 4611 4515 4660 eam.

2589 4684 2691 4750 15.
2766 4685 2973 4767 Qum
3021 4682 3257 4766 fuerint
3310 4684 3448 4750 viro
3501 4684 3667 4750 duae
3717 4702 3979 4757 uxores,
4032 4704 4168 4749 una
4222 4682 4435 4750 dilecta
4471 4678 4518 4740 d

2586 4771 2789 4837 altera
2842 4789 3060 4850 exosa,
3125 4774 3182 4836 et
3225 4770 3544 4853 pepererit
3595 4771 3655 4835 ei
3701 4768 3874 4851 filios
3928 4768 4153 4835 dilecta
4214 4773 4275 4834 et
4328 4781 4515 4838 exosa,

2583 4857 2783 4941 fuerit
2822 4862 3031 4922 autem
3081 4855 3259 4938 filius
3290 4857 3750 4940 prianoqenitus
3791 4875 4045 4922 exosae.-
4102 4854 4205 4920 16.
4250 4851 4378 4920 Die
4413 4866 4545 4940 quo,

2585 4942 2883 5010 haeredes
2913 4942 3194 5009 instituet
3228 4940 3404 5024 filios
3440 4960 3589 5008 suos
3632 4961 3846 5008 eorum
3880 4961 4041 5024 quae
4080 4939 4376 5017 babuerit,
4410 4952 4516 4999 non

2574 5030 2810 5111 poterit
2883 5029 3039 5096 dare
3099 5028 3208 5093 ius
3257 5027 3797 5111 pm'moyeniturae
3860 5026 3998 5109 filio
4074 5026 4328 5093 dilectae
4393 5022 4516 5087 ante

2582 5116 2794 5198 filium
2857 5134 3082 5180 exosae
3122 5113 3627 5197 primoqenitum.
3717 5113 3819 5179 17.
3898 5112 4023 5178 Sed
4047 5109 4518 5196 primoyenitum

2582 5201 2791 5284 filium
2845 5203 3417 5283 aosaeaynoseet,
3471 5200 3692 5266 utdet
3747 5199 4217 5266 eimewuram
4271 5197 4515 5262 duorum

2587 5308 2665 5354 ex
2741 5285 3028 5353 omnibus
3094 5304 3256 5368 quae
3329 5284 3648 5353 kabuerit:
3720 5287 3859 5368 ipse
3927 5285 4092 5350 enim
4140 5284 4515 5366 principium

2582 5372 2976 5456 fortitudinis
3016 5371 3172 5451 eius,
3214 5371 3427 5455 ipsius
3466 5377 3555 5439 est
3595 5372 3703 5439 ius
3731 5370 4283 5457 primogeniturae.
