<?xml version="1.0" encoding="UTF-8"?>
<!DOCTYPE html PUBLIC "-//W3C//DTD XHTML 1.0 Transitional//EN"
    "http://www.w3.org/TR/xhtml1/DTD/xhtml1-transitional.dtd">
<html xmlns="http://www.w3.org/1999/xhtml" xml:lang="en" lang="en">
 <head>
  <title>
</title>
<meta http-equiv="Content-Type" content="text/html;charset=utf-8" />
  <meta name='ocr-system' content='tesseract 3.04.00' />
  <meta name='ocr-capabilities' content='ocr_page ocr_carea ocr_par ocr_line ocrx_word'/>
</head>
<body>
  <div class='ocr_page' id='page_1' title='image "./ioanniscalvinio04unkngoog_0377.png"; bbox 0 0 4867 6150; ppageno 0'>
   <div class='ocr_carea' id='block_1_1' title="bbox 401 407 530 475">
    <p class='ocr_par' dir='ltr' id='par_1_1' title="bbox 401 407 530 475">
     <span class='ocr_line' id='line_1_1' title="bbox 401 407 530 475; baseline 0.016 -1"><span class='ocrx_word' id='word_1_1' title='bbox 401 407 530 475; x_wconf 80' lang='lat'><strong>709</strong></span> 
     </span>
    </p>
   </div>
   <div class='ocr_carea' id='block_1_2' title="bbox 384 596 2352 2570">
    <p class='ocr_par' dir='ltr' id='par_1_2' title="bbox 394 596 2352 1608">
     <span class='ocr_line' id='line_1_2' title="bbox 577 596 2347 681; baseline 0.001 -19"><span class='ocrx_word' id='word_1_2' title='bbox 577 597 676 663; x_wconf 87' lang='grc'><strong>14.</strong></span> <span class='ocrx_word' id='word_1_3' title='bbox 747 596 825 664; x_wconf 71' lang='lat' dir='ltr'><strong>Si</strong></span> <span class='ocrx_word' id='word_1_4' title='bbox 859 618 983 664; x_wconf 79' lang='lat' dir='ltr'><strong>non</strong></span> <span class='ocrx_word' id='word_1_5' title='bbox 1012 597 1345 679; x_wconf 76' lang='lat' dir='ltr'><strong><em>placuerit.</em></strong></span> <span class='ocrx_word' id='word_1_6' title='bbox 1403 597 1598 664; x_wconf 87' lang='lat' dir='ltr'><strong>Hanc</strong></span> <span class='ocrx_word' id='word_1_7' title='bbox 1634 598 2027 665; x_wconf 88' lang='lat' dir='ltr'><strong>sententiam</strong></span> <span class='ocrx_word' id='word_1_8' title='bbox 2073 616 2114 662; x_wconf 92' lang='lat' dir='ltr'><strong>a</strong></span> <span class='ocrx_word' id='word_1_9' title='bbox 2156 618 2347 681; x_wconf 89' lang='lat' dir='ltr'><strong>supe-</strong></span> 
     </span>
     <span class='ocr_line' id='line_1_3' title="bbox 400 683 2349 768; baseline 0.001 -19"><span class='ocrx_word' id='word_1_10' title='bbox 400 683 562 749; x_wconf 80' lang='lat' dir='ltr'>riori</span> <span class='ocrx_word' id='word_1_11' title='bbox 603 691 916 751; x_wconf 92' lang='lat' dir='ltr'><strong>contextu</strong></span> <span class='ocrx_word' id='word_1_12' title='bbox 960 704 1154 768; x_wconf 90' lang='lat' dir='ltr'><strong>quem</strong></span> <span class='ocrx_word' id='word_1_13' title='bbox 1197 684 1351 751; x_wconf 91' lang='lat' dir='ltr'><strong>alibi</strong></span> <span class='ocrx_word' id='word_1_14' title='bbox 1391 684 1661 766; x_wconf 80' lang='lat' dir='ltr'>exposui</span> <span class='ocrx_word' id='word_1_15' title='bbox 1677 735 1695 766; x_wconf 96' lang='lat'><strong>,</strong></span> <span class='ocrx_word' id='word_1_16' title='bbox 1753 684 2043 750; x_wconf 91' lang='lat' dir='ltr'><strong>dividere</strong></span> <span class='ocrx_word' id='word_1_17' title='bbox 2085 692 2349 750; x_wconf 89' lang='lat' dir='ltr'><strong>coactus</strong></span> 
     </span>
     <span class='ocr_line' id='line_1_4' title="bbox 400 768 2351 853; baseline -0.002 -16"><span class='ocrx_word' id='word_1_18' title='bbox 400 791 566 837; x_wconf 88' lang='lat' dir='ltr'><strong>sum.</strong></span> <span class='ocrx_word' id='word_1_19' title='bbox 654 769 803 835; x_wconf 92' lang='lat' dir='ltr'><strong>Illic</strong></span> <span class='ocrx_word' id='word_1_20' title='bbox 844 768 1018 836; x_wconf 90' lang='lat' dir='ltr'><strong>enim</strong></span> <span class='ocrx_word' id='word_1_21' title='bbox 1062 770 1312 849; x_wconf 90' lang='lat' dir='ltr'><strong>docuit,</strong></span> <span class='ocrx_word' id='word_1_22' title='bbox 1356 770 1413 836; x_wconf 91' lang='lat' dir='ltr'><strong>si</strong></span> <span class='ocrx_word' id='word_1_23' title='bbox 1455 770 1665 835; x_wconf 88' lang='lat' dir='ltr'><strong>forma</strong></span> <span class='ocrx_word' id='word_1_24' title='bbox 1708 769 2004 836; x_wconf 89' lang='lat' dir='ltr'><strong>mulieris</strong></span> <span class='ocrx_word' id='word_1_25' title='bbox 2047 769 2351 853; x_wconf 87' lang='lat' dir='ltr'><strong>captivae</strong></span> 
     </span>
     <span class='ocr_line' id='line_1_5' title="bbox 397 854 2348 939; baseline -0.002 -15"><span class='ocrx_word' id='word_1_26' title='bbox 397 857 543 924; x_wconf 89' lang='lat' dir='ltr'><strong>viro</strong></span> <span class='ocrx_word' id='word_1_27' title='bbox 583 854 828 922; x_wconf 90' lang='lat' dir='ltr'><strong>Iudaeo</strong></span> <span class='ocrx_word' id='word_1_28' title='bbox 869 857 1184 938; x_wconf 89' lang='lat' dir='ltr'><strong>placeret,</strong></span> <span class='ocrx_word' id='word_1_29' title='bbox 1241 854 1561 939; x_wconf 90' lang='lat' dir='ltr'><strong>quomodo</strong></span> <span class='ocrx_word' id='word_1_30' title='bbox 1604 855 1902 922; x_wconf 91' lang='lat' dir='ltr'><strong>ducenda</strong></span> <span class='ocrx_word' id='word_1_31' title='bbox 1949 865 2120 922; x_wconf 85' lang='lat' dir='ltr'><strong>esset</strong></span> <span class='ocrx_word' id='word_1_32' title='bbox 2164 876 2348 922; x_wconf 87' lang='lat' dir='ltr'><strong>uxor.</strong></span> 
     </span>
     <span class='ocr_line' id='line_1_6' title="bbox 398 940 2349 1026; baseline -0.001 -18"><span class='ocrx_word' id='word_1_33' title='bbox 398 942 547 1008; x_wconf 87' lang='lat' dir='ltr'><strong>Lex</strong></span> <span class='ocrx_word' id='word_1_34' title='bbox 605 962 761 1025; x_wconf 89' lang='lat' dir='ltr'><strong>ergo</strong></span> <span class='ocrx_word' id='word_1_35' title='bbox 819 941 935 1008; x_wconf 90' lang='lat' dir='ltr'><strong>illa</strong></span> <span class='ocrx_word' id='word_1_36' title='bbox 988 941 1068 1007; x_wconf 91' lang='lat' dir='ltr'><strong>ad</strong></span> <span class='ocrx_word' id='word_1_37' title='bbox 1126 943 1494 1007; x_wconf 87' lang='lat' dir='ltr'><strong>castitatem</strong></span> <span class='ocrx_word' id='word_1_38' title='bbox 1554 948 1620 1007; x_wconf 93' lang='lat' dir='ltr'><strong>et</strong></span> <span class='ocrx_word' id='word_1_39' title='bbox 1675 941 2085 1026; x_wconf 87' lang='lat' dir='ltr'><strong>coniugalem</strong></span> <span class='ocrx_word' id='word_1_40' title='bbox 2151 940 2349 1007; x_wconf 91' lang='lat' dir='ltr'><strong>fidem</strong></span> 
     </span>
     <span class='ocr_line' id='line_1_7' title="bbox 397 1026 2348 1111; baseline -0.001 -16"><span class='ocrx_word' id='word_1_41' title='bbox 397 1027 760 1110; x_wconf 76' lang='lat' dir='ltr'><strong>spectabat,</strong></span> <span class='ocrx_word' id='word_1_42' title='bbox 818 1029 1205 1111; x_wconf 86' lang='lat' dir='ltr'><strong>praesertim</strong></span> <span class='ocrx_word' id='word_1_43' title='bbox 1262 1048 1418 1093; x_wconf 88' lang='lat' dir='ltr'><strong>vero</strong></span> <span class='ocrx_word' id='word_1_44' title='bbox 1485 1026 1702 1094; x_wconf 91' lang='lat' dir='ltr'><strong>cultus</strong></span> <span class='ocrx_word' id='word_1_45' title='bbox 1767 1028 1896 1093; x_wconf 89' lang='lat' dir='ltr'><strong>Dei</strong></span> <span class='ocrx_word' id='word_1_46' title='bbox 1958 1028 2348 1111; x_wconf 89' lang='lat' dir='ltr'><strong>puritatem:</strong></span> 
     </span>
     <span class='ocr_line' id='line_1_8' title="bbox 395 1113 2349 1199; baseline -0.001 -19"><span class='ocrx_word' id='word_1_47' title='bbox 395 1135 574 1181; x_wconf 83' lang='lat' dir='ltr'><strong>nunc</strong></span> <span class='ocrx_word' id='word_1_48' title='bbox 617 1122 838 1180; x_wconf 90' lang='lat' dir='ltr'><strong>autem</strong></span> <span class='ocrx_word' id='word_1_49' title='bbox 881 1113 1199 1199; x_wconf 76' lang='lat' dir='ltr'><strong>praecipit</strong></span> <span class='ocrx_word' id='word_1_50' title='bbox 1240 1113 1488 1193; x_wconf 85' lang='lat' dir='ltr'><strong>Moses,</strong></span> <span class='ocrx_word' id='word_1_51' title='bbox 1543 1113 1601 1179; x_wconf 91' lang='lat' dir='ltr'><strong>si</strong></span> <span class='ocrx_word' id='word_1_52' title='bbox 1661 1114 1807 1198; x_wconf 88' lang='lat' dir='ltr'><strong>quis</strong></span> <span class='ocrx_word' id='word_1_53' title='bbox 1862 1113 2142 1179; x_wconf 90' lang='lat' dir='ltr'><strong>muliere</strong></span> <span class='ocrx_word' id='word_1_54' title='bbox 2198 1135 2349 1197; x_wconf 89' lang='lat' dir='ltr'><strong>cap-</strong></span> 
     </span>
     <span class='ocr_line' id='line_1_9' title="bbox 397 1197 2349 1283; baseline 0 -17"><span class='ocrx_word' id='word_1_55' title='bbox 397 1201 538 1266; x_wconf 89' lang='lat' dir='ltr'><strong>tiva</strong></span> <span class='ocrx_word' id='word_1_56' title='bbox 581 1199 776 1265; x_wconf 82' lang='lat' dir='ltr'><strong>fuerit</strong></span> <span class='ocrx_word' id='word_1_57' title='bbox 818 1199 1091 1279; x_wconf 87' lang='lat' dir='ltr'><strong>abusus,</strong></span> <span class='ocrx_word' id='word_1_58' title='bbox 1135 1220 1220 1264; x_wconf 95' lang='lat' dir='ltr'><strong>ne</strong></span> <span class='ocrx_word' id='word_1_59' title='bbox 1263 1219 1405 1265; x_wconf 89' lang='lat' dir='ltr'><strong>eam</strong></span> <span class='ocrx_word' id='word_1_60' title='bbox 1451 1197 1729 1276; x_wconf 88' lang='lat' dir='ltr'><strong>vendat,</strong></span> <span class='ocrx_word' id='word_1_61' title='bbox 1774 1199 1889 1265; x_wconf 93' lang='lat' dir='ltr'><strong>sed</strong></span> <span class='ocrx_word' id='word_1_62' title='bbox 1933 1200 2149 1283; x_wconf 89' lang='lat' dir='ltr'><strong>potius</strong></span> <span class='ocrx_word' id='word_1_63' title='bbox 2190 1198 2349 1266; x_wconf 86' lang='lat' dir='ltr'><strong>libe-</strong></span> 
     </span>
     <span class='ocr_line' id='line_1_10' title="bbox 395 1284 2349 1366; baseline -0.002 -15"><span class='ocrx_word' id='word_1_64' title='bbox 395 1306 540 1352; x_wconf 91' lang='lat' dir='ltr'><strong>ram</strong></span> <span class='ocrx_word' id='word_1_65' title='bbox 586 1284 901 1365; x_wconf 90' lang='lat' dir='ltr'><strong>dimittat,</strong></span> <span class='ocrx_word' id='word_1_66' title='bbox 948 1305 1025 1351; x_wconf 91' lang='lat' dir='ltr'><strong>ac</strong></span> <span class='ocrx_word' id='word_1_67' title='bbox 1067 1285 1513 1351; x_wconf 83' lang='lat' dir='ltr'><strong>satisfactione</strong></span> <span class='ocrx_word' id='word_1_68' title='bbox 1558 1285 1812 1351; x_wconf 90' lang='lat' dir='ltr'><strong>aboleat</strong></span> <span class='ocrx_word' id='word_1_69' title='bbox 1854 1285 2162 1351; x_wconf 88' lang='lat' dir='ltr'><strong>iniuriam</strong></span> <span class='ocrx_word' id='word_1_70' title='bbox 2181 1336 2197 1366; x_wconf 96' lang='lat'><strong>,</strong></span> <span class='ocrx_word' id='word_1_71' title='bbox 2243 1284 2349 1352; x_wconf 92' lang='lat' dir='ltr'><strong>vel</strong></span> 
     </span>
     <span class='ocr_line' id='line_1_11' title="bbox 395 1369 2350 1456; baseline -0.001 -18"><span class='ocrx_word' id='word_1_72' title='bbox 395 1371 628 1438; x_wconf 84' lang='lat' dir='ltr'><strong>saltem</strong></span> <span class='ocrx_word' id='word_1_73' title='bbox 672 1379 1006 1437; x_wconf 78' lang='lat' dir='ltr'><strong>extenuet.</strong></span> <span class='ocrx_word' id='word_1_74' title='bbox 1060 1369 1258 1439; x_wconf 86' lang='lat' dir='ltr'><strong>Unde</strong></span> <span class='ocrx_word' id='word_1_75' title='bbox 1296 1370 1690 1455; x_wconf 89' lang='lat' dir='ltr'><strong>coUigimus,</strong></span> <span class='ocrx_word' id='word_1_76' title='bbox 1734 1372 1907 1438; x_wconf 86' lang='lat' dir='ltr'><strong>hanc</strong></span> <span class='ocrx_word' id='word_1_77' title='bbox 1951 1372 2350 1456; x_wconf 78' lang='lat' dir='ltr'><strong>aequitatem</strong></span> 
     </span>
     <span class='ocr_line' id='line_1_12' title="bbox 394 1455 2352 1608; baseline 0 -85"><span class='ocrx_word' id='word_1_78' title='bbox 394 1455 680 1608; x_wconf 59' lang='lat' dir='ltr'><strong>gendere</strong></span> <span class='ocrx_word' id='word_1_79' title='bbox 720 1478 803 1524; x_wconf 93' lang='lat' dir='ltr'><strong>ex</strong></span> <span class='ocrx_word' id='word_1_80' title='bbox 845 1466 1074 1524; x_wconf 88' lang='lat' dir='ltr'><strong>octavo</strong></span> <span class='ocrx_word' id='word_1_81' title='bbox 1118 1464 1487 1542; x_wconf 88' lang='lat' dir='ltr'><strong>praecepto:</strong></span> <span class='ocrx_word' id='word_1_82' title='bbox 1531 1457 1635 1523; x_wconf 89' lang='lat' dir='ltr'><strong>Ne</strong></span> <span class='ocrx_word' id='word_1_83' title='bbox 1677 1458 1822 1541; x_wconf 88' lang='lat' dir='ltr'><strong>quis</strong></span> <span class='ocrx_word' id='word_1_84' title='bbox 1865 1457 2145 1524; x_wconf 88' lang='lat' dir='ltr'><strong>alterum</strong></span> <span class='ocrx_word' id='word_1_85' title='bbox 2180 1458 2352 1523; x_wconf 87' lang='lat' dir='ltr'><strong>frau-</strong></span> 
     </span>
    </p>

    <p class='ocr_par' dir='ltr' id='par_1_3' title="bbox 388 1542 2351 2040">
     <span class='ocr_line' id='line_1_13' title="bbox 441 1542 2350 1627; baseline 0 -18"><span class='ocrx_word' id='word_1_86' title='bbox 441 1550 525 1609; x_wconf 90' lang='lat' dir='ltr'><strong>et.</strong></span> <span class='ocrx_word' id='word_1_87' title='bbox 610 1543 775 1609; x_wconf 85' lang='lat' dir='ltr'><strong>Fuit</strong></span> <span class='ocrx_word' id='word_1_88' title='bbox 833 1552 1050 1610; x_wconf 88' lang='lat' dir='ltr'><strong>autem</strong></span> <span class='ocrx_word' id='word_1_89' title='bbox 1111 1543 1272 1610; x_wconf 90' lang='lat' dir='ltr'><strong>haec</strong></span> <span class='ocrx_word' id='word_1_90' title='bbox 1337 1542 1624 1610; x_wconf 87' lang='lat' dir='ltr'><strong>conditio</strong></span> <span class='ocrx_word' id='word_1_91' title='bbox 1688 1543 1989 1627; x_wconf 86' lang='lat' dir='ltr'><strong>captivae</strong></span> <span class='ocrx_word' id='word_1_92' title='bbox 2053 1543 2350 1609; x_wconf 87' lang='lat' dir='ltr'><strong>mulieris</strong></span> 
     </span>
     <span class='ocr_line' id='line_1_14' title="bbox 392 1628 2350 1714; baseline 0 -19"><span class='ocrx_word' id='word_1_93' title='bbox 392 1628 625 1695; x_wconf 90' lang='lat' dir='ltr'><strong>saltem</strong></span> <span class='ocrx_word' id='word_1_94' title='bbox 672 1629 1060 1695; x_wconf 89' lang='lat' dir='ltr'><strong>tolerabilis:</strong></span> <span class='ocrx_word' id='word_1_95' title='bbox 1125 1629 1280 1714; x_wconf 90' lang='lat' dir='ltr'><strong>quia</strong></span> <span class='ocrx_word' id='word_1_96' title='bbox 1322 1630 1447 1696; x_wconf 89' lang='lat' dir='ltr'><strong>etsi</strong></span> <span class='ocrx_word' id='word_1_97' title='bbox 1490 1629 1818 1713; x_wconf 64' lang='lat' dir='ltr'><strong>pudicitia·</strong></span> <span class='ocrx_word' id='word_1_98' title='bbox 1847 1629 2205 1714; x_wconf 89' lang='lat' dir='ltr'><strong>singularis</strong></span> <span class='ocrx_word' id='word_1_99' title='bbox 2247 1640 2350 1697; x_wconf 90' lang='lat' dir='ltr'><strong>est</strong></span> 
     </span>
     <span class='ocr_line' id='line_1_15' title="bbox 393 1712 2351 1802; baseline 0 -22"><span class='ocrx_word' id='word_1_100' title='bbox 393 1715 775 1793; x_wconf 77' lang='lat' dir='ltr'><strong>thesaurus,</strong></span> <span class='ocrx_word' id='word_1_101' title='bbox 843 1715 1117 1781; x_wconf 90' lang='lat' dir='ltr'><strong>libertas</strong></span> <span class='ocrx_word' id='word_1_102' title='bbox 1180 1724 1402 1782; x_wconf 87' lang='lat' dir='ltr'><strong>tamen</strong></span> <span class='ocrx_word' id='word_1_103' title='bbox 1501 1712 1696 1802; x_wconf 90' lang='lat' dir='ltr'><strong>(quae</strong></span> <span class='ocrx_word' id='word_1_104' title='bbox 1762 1716 1994 1781; x_wconf 86' lang='lat' dir='ltr'><strong>merito</strong></span> <span class='ocrx_word' id='word_1_105' title='bbox 2073 1726 2351 1782; x_wconf 90' lang='lat' dir='ltr'><strong>vocatur</strong></span> 
     </span>
     <span class='ocr_line' id='line_1_16' title="bbox 389 1799 2345 1888; baseline 0.001 -23"><span class='ocrx_word' id='word_1_106' title='bbox 389 1799 868 1867; x_wconf 80' lang='lat' dir='ltr'><strong>inaestimabile</strong></span> <span class='ocrx_word' id='word_1_107' title='bbox 923 1800 1194 1888; x_wconf 92' lang='lat' dir='ltr'><strong>bonum)</strong></span> <span class='ocrx_word' id='word_1_108' title='bbox 1252 1801 1465 1867; x_wconf 90' lang='lat' dir='ltr'><strong>solatii</strong></span> <span class='ocrx_word' id='word_1_109' title='bbox 1504 1822 1635 1866; x_wconf 90' lang='lat' dir='ltr'><strong>non</strong></span> <span class='ocrx_word' id='word_1_110' title='bbox 1673 1800 1973 1885; x_wconf 80' lang='lat' dir='ltr'><strong>vulg-aris</strong></span> <span class='ocrx_word' id='word_1_111' title='bbox 2016 1801 2158 1868; x_wconf 90' lang='lat' dir='ltr'><strong>loco</strong></span> <span class='ocrx_word' id='word_1_112' title='bbox 2201 1801 2345 1867; x_wconf 87' lang='lat' dir='ltr'><strong>fuit.</strong></span> 
     </span>
     <span class='ocr_line' id='line_1_17' title="bbox 388 1885 2349 1971; baseline 0 -19"><span class='ocrx_word' id='word_1_113' title='bbox 388 1887 577 1953; x_wconf 89' lang='lat' dir='ltr'><strong>Haec</strong></span> <span class='ocrx_word' id='word_1_114' title='bbox 621 1896 841 1953; x_wconf 90' lang='lat' dir='ltr'><strong>autem</strong></span> <span class='ocrx_word' id='word_1_115' title='bbox 885 1886 1016 1952; x_wconf 87' lang='lat' dir='ltr'><strong>fuit</strong></span> <span class='ocrx_word' id='word_1_116' title='bbox 1058 1906 1272 1971; x_wconf 89' lang='lat' dir='ltr'><strong>poena</strong></span> <span class='ocrx_word' id='word_1_117' title='bbox 1311 1885 1623 1968; x_wconf 89' lang='lat' dir='ltr'><strong>libidinis,</strong></span> <span class='ocrx_word' id='word_1_118' title='bbox 1668 1895 1748 1952; x_wconf 89' lang='lat' dir='ltr'><strong>ut</strong></span> <span class='ocrx_word' id='word_1_119' title='bbox 1789 1887 2101 1971; x_wconf 90' lang='lat' dir='ltr'><strong>praedam</strong></span> <span class='ocrx_word' id='word_1_120' title='bbox 2137 1887 2349 1955; x_wconf 86' lang='lat' dir='ltr'><strong>victor</strong></span> 
     </span>
     <span class='ocr_line' id='line_1_18' title="bbox 391 1973 1044 2040; baseline -0.011 0"><span class='ocrx_word' id='word_1_121' title='bbox 391 1973 743 2040; x_wconf 90' lang='lat' dir='ltr'><strong>amitteret.</strong></span> <span class='ocrx_word' id='word_1_122' title='bbox 1039 2029 1044 2033; x_wconf 83' lang='lat'><strong>.</strong></span> 
     </span>
    </p>

    <p class='ocr_par' dir='ltr' id='par_1_4' title="bbox 384 2057 2349 2570">
     <span class='ocr_line' id='line_1_19' title="bbox 567 2057 2348 2141; baseline 0.001 -17"><span class='ocrx_word' id='word_1_123' title='bbox 567 2057 667 2124; x_wconf 83' lang='lat'><strong>15.</strong></span> <span class='ocrx_word' id='word_1_124' title='bbox 742 2058 950 2140; x_wconf 75' lang='lat' dir='ltr'><strong>Quum</strong></span> <span class='ocrx_word' id='word_1_125' title='bbox 1000 2059 1243 2141; x_wconf 77' lang='lat' dir='ltr'><strong>fuerint</strong></span> <span class='ocrx_word' id='word_1_126' title='bbox 1296 2058 1454 2124; x_wconf 75' lang='lat' dir='ltr'><strong>vire.</strong></span> <span class='ocrx_word' id='word_1_127' title='bbox 1544 2057 1720 2139; x_wconf 78' lang='lat' dir='ltr'><strong>Quia</strong></span> <span class='ocrx_word' id='word_1_128' title='bbox 1775 2058 1885 2125; x_wconf 92' lang='lat' dir='ltr'><strong>hic</strong></span> <span class='ocrx_word' id='word_1_129' title='bbox 1943 2067 2217 2126; x_wconf 87' lang='lat' dir='ltr'><strong>cavetur</strong></span> <span class='ocrx_word' id='word_1_130' title='bbox 2263 2080 2348 2125; x_wconf 93' lang='lat' dir='ltr'><strong>ne</strong></span> 
     </span>
     <span class='ocr_line' id='line_1_20' title="bbox 387 2143 2349 2229; baseline 0.001 -20"><span class='ocrx_word' id='word_1_131' title='bbox 387 2152 579 2229; x_wconf 87' lang='lat' dir='ltr'><strong>pater</strong></span> <span class='ocrx_word' id='word_1_132' title='bbox 620 2144 794 2228; x_wconf 92' lang='lat' dir='ltr'><strong>quod</strong></span> <span class='ocrx_word' id='word_1_133' title='bbox 840 2146 1037 2211; x_wconf 90' lang='lat' dir='ltr'><strong>unius</strong></span> <span class='ocrx_word' id='word_1_134' title='bbox 1077 2144 1200 2210; x_wconf 87' lang='lat' dir='ltr'><strong>filii</strong></span> <span class='ocrx_word' id='word_1_135' title='bbox 1245 2153 1347 2212; x_wconf 93' lang='lat' dir='ltr'><strong>est</strong></span> <span class='ocrx_word' id='word_1_136' title='bbox 1391 2143 1473 2209; x_wconf 90' lang='lat' dir='ltr'><strong>ad</strong></span> <span class='ocrx_word' id='word_1_137' title='bbox 1518 2144 1798 2210; x_wconf 90' lang='lat' dir='ltr'><strong>alterum</strong></span> <span class='ocrx_word' id='word_1_138' title='bbox 1841 2146 2084 2211; x_wconf 89' lang='lat' dir='ltr'><strong>iniuste</strong></span> <span class='ocrx_word' id='word_1_139' title='bbox 2132 2155 2349 2211; x_wconf 85' lang='lat' dir='ltr'><strong>trans-</strong></span> 
     </span>
     <span class='ocr_line' id='line_1_21' title="bbox 388 2230 2348 2316; baseline 0.001 -19"><span class='ocrx_word' id='word_1_140' title='bbox 388 2232 590 2309; x_wconf 85' lang='lat' dir='ltr'><strong>ferat,</strong></span> <span class='ocrx_word' id='word_1_141' title='bbox 657 2251 811 2314; x_wconf 91' lang='lat' dir='ltr'><strong>pars</strong></span> <span class='ocrx_word' id='word_1_142' title='bbox 854 2237 923 2296; x_wconf 89' lang='lat' dir='ltr'><strong>et</strong></span> <span class='ocrx_word' id='word_1_143' title='bbox 978 2230 1261 2297; x_wconf 87' lang='lat' dir='ltr'><strong>accessio</strong></span> <span class='ocrx_word' id='word_1_144' title='bbox 1319 2239 1423 2296; x_wconf 89' lang='lat' dir='ltr'><strong>est</strong></span> <span class='ocrx_word' id='word_1_145' title='bbox 1477 2231 1693 2297; x_wconf 89' lang='lat' dir='ltr'><strong>octavi</strong></span> <span class='ocrx_word' id='word_1_146' title='bbox 1737 2232 2096 2316; x_wconf 74' lang='lat' dir='ltr'><strong>praesepti:</strong></span> <span class='ocrx_word' id='word_1_147' title='bbox 2161 2232 2348 2298; x_wconf 90' lang='lat' dir='ltr'><strong>cuius</strong></span> 
     </span>
     <span class='ocr_line' id='line_1_22' title="bbox 388 2316 2344 2400; baseline 0.001 -18"><span class='ocrx_word' id='word_1_148' title='bbox 388 2337 650 2382; x_wconf 87' lang='lat' dir='ltr'><strong>summa</strong></span> <span class='ocrx_word' id='word_1_149' title='bbox 702 2324 834 2396; x_wconf 90' lang='lat' dir='ltr'><strong>est,</strong></span> <span class='ocrx_word' id='word_1_150' title='bbox 898 2327 974 2381; x_wconf 91' lang='lat' dir='ltr'><strong>ut</strong></span> <span class='ocrx_word' id='word_1_151' title='bbox 1038 2338 1227 2381; x_wconf 91' lang='lat' dir='ltr'><strong>suum</strong></span> <span class='ocrx_word' id='word_1_152' title='bbox 1287 2317 1520 2400; x_wconf 91' lang='lat' dir='ltr'><strong>cuique</strong></span> <span class='ocrx_word' id='word_1_153' title='bbox 1577 2316 1682 2382; x_wconf 87' lang='lat' dir='ltr'><strong>ius</strong></span> <span class='ocrx_word' id='word_1_154' title='bbox 1744 2316 1998 2382; x_wconf 87' lang='lat' dir='ltr'><strong>salvum</strong></span> <span class='ocrx_word' id='word_1_155' title='bbox 2050 2325 2344 2385; x_wconf 89' lang='lat' dir='ltr'><strong>maneat:</strong></span> 
     </span>
     <span class='ocr_line' id='line_1_23' title="bbox 387 2402 2345 2488; baseline 0 -21"><span class='ocrx_word' id='word_1_156' title='bbox 387 2423 545 2468; x_wconf 89' lang='lat' dir='ltr'><strong>nam</strong></span> <span class='ocrx_word' id='word_1_157' title='bbox 589 2404 645 2469; x_wconf 93' lang='lat' dir='ltr'><strong>si</strong></span> <span class='ocrx_word' id='word_1_158' title='bbox 690 2412 879 2487; x_wconf 90' lang='lat' dir='ltr'><strong>pater</strong></span> <span class='ocrx_word' id='word_1_159' title='bbox 919 2403 991 2467; x_wconf 92' lang='lat' dir='ltr'><strong>in</strong></span> <span class='ocrx_word' id='word_1_160' title='bbox 1034 2402 1249 2469; x_wconf 92' lang='lat' dir='ltr'><strong>locum</strong></span> <span class='ocrx_word' id='word_1_161' title='bbox 1295 2402 1717 2487; x_wconf 87' lang='lat' dir='ltr'><strong>primogeniti</strong></span> <span class='ocrx_word' id='word_1_162' title='bbox 1753 2402 1956 2468; x_wconf 90' lang='lat' dir='ltr'><strong>alium</strong></span> <span class='ocrx_word' id='word_1_163' title='bbox 1997 2402 2345 2488; x_wconf 87' lang='lat' dir='ltr'><strong>subrogas-</strong></span> 
     </span>
     <span class='ocr_line' id='line_1_24' title="bbox 384 2488 2342 2570; baseline 0 -16"><span class='ocrx_word' id='word_1_164' title='bbox 384 2497 520 2567; x_wconf 91' lang='lat' dir='ltr'><strong>set,</strong></span> <span class='ocrx_word' id='word_1_165' title='bbox 589 2509 723 2554; x_wconf 93' lang='lat' dir='ltr'><strong>non</strong></span> <span class='ocrx_word' id='word_1_166' title='bbox 788 2489 1063 2555; x_wconf 89' lang='lat' dir='ltr'><strong>obscura</strong></span> <span class='ocrx_word' id='word_1_167' title='bbox 1120 2498 1265 2554; x_wconf 88' lang='lat' dir='ltr'><strong>erat</strong></span> <span class='ocrx_word' id='word_1_168' title='bbox 1319 2489 1477 2554; x_wconf 82' lang='lat' dir='ltr'><strong>furti</strong></span> <span class='ocrx_word' id='word_1_169' title='bbox 1529 2489 1798 2570; x_wconf 85' lang='lat' dir='ltr'><strong>species.</strong></span> <span class='ocrx_word' id='word_1_170' title='bbox 1889 2488 2066 2570; x_wconf 78' lang='lat' dir='ltr'><strong>Quia</strong></span> <span class='ocrx_word' id='word_1_171' title='bbox 2123 2500 2342 2555; x_wconf 89' lang='lat' dir='ltr'><strong>autem</strong></span> 
     </span>
    </p>
   </div>
   <div class='ocr_carea' id='block_1_3' title="bbox 385 2573 2374 2659">
    <p class='ocr_par' dir='ltr' id='par_1_5' title="bbox 385 2573 2374 2659">
     <span class='ocr_line' id='line_1_25' title="bbox 385 2573 2374 2659; baseline 0.001 -19"><span class='ocrx_word' id='word_1_172' title='bbox 385 2596 539 2640; x_wconf 90' lang='lat' dir='ltr'><strong>raro</strong></span> <span class='ocrx_word' id='word_1_173' title='bbox 583 2575 907 2659; x_wconf 89' lang='lat' dir='ltr'><strong>contingit</strong></span> <span class='ocrx_word' id='word_1_174' title='bbox 948 2582 1025 2639; x_wconf 91' lang='lat' dir='ltr'><strong>ut</strong></span> <span class='ocrx_word' id='word_1_175' title='bbox 1066 2583 1254 2656; x_wconf 87' lang='lat' dir='ltr'><strong>pater</strong></span> <span class='ocrx_word' id='word_1_176' title='bbox 1297 2573 1508 2659; x_wconf 90' lang='lat' dir='ltr'><strong>gradu</strong></span> <span class='ocrx_word' id='word_1_177' title='bbox 1563 2573 1828 2640; x_wconf 92' lang='lat' dir='ltr'><strong>honoris</strong></span> <span class='ocrx_word' id='word_1_178' title='bbox 1872 2585 2101 2641; x_wconf 90' lang='lat' dir='ltr'><strong>contra</strong></span> <span class='ocrx_word' id='word_1_179' title='bbox 2149 2583 2374 2641; x_wconf 89' lang='lat' dir='ltr'><strong>natu-·</strong></span> 
     </span>
    </p>
   </div>
   <div class='ocr_carea' id='block_1_4' title="bbox 325 2658 2346 5414">
    <p class='ocr_par' dir='ltr' id='par_1_6' title="bbox 325 2658 2346 5414">
     <span class='ocr_line' id='line_1_26' title="bbox 385 2658 2346 2745; baseline 0.002 -20"><span class='ocrx_word' id='word_1_180' title='bbox 385 2681 530 2727; x_wconf 90' lang='lat' dir='ltr'><strong>ram</strong></span> <span class='ocrx_word' id='word_1_181' title='bbox 597 2658 861 2727; x_wconf 90' lang='lat' dir='ltr'><strong>deiiciat</strong></span> <span class='ocrx_word' id='word_1_182' title='bbox 924 2661 1435 2745; x_wconf 90' lang='lat' dir='ltr'><strong>primogenitum</strong></span> <span class='ocrx_word' id='word_1_183' title='bbox 1455 2710 1470 2739; x_wconf 94' lang='lat'>‚</span> <span class='ocrx_word' id='word_1_184' title='bbox 1551 2660 1609 2725; x_wconf 91' lang='lat' dir='ltr'><strong>si</strong></span> <span class='ocrx_word' id='word_1_185' title='bbox 1673 2680 1902 2727; x_wconf 90' lang='lat' dir='ltr'><strong>omnes</strong></span> <span class='ocrx_word' id='word_1_186' title='bbox 1967 2682 2052 2725; x_wconf 91' lang='lat' dir='ltr'><strong>ex</strong></span> <span class='ocrx_word' id='word_1_187' title='bbox 2115 2660 2346 2728; x_wconf 89' lang='lat' dir='ltr'><strong>eadem</strong></span> 
     </span>
     <span class='ocr_line' id='line_1_27' title="bbox 384 2746 2344 2832; baseline 0.001 -21"><span class='ocrx_word' id='word_1_188' title='bbox 384 2756 600 2813; x_wconf 90' lang='lat' dir='ltr'><strong>matre</strong></span> <span class='ocrx_word' id='word_1_189' title='bbox 634 2746 772 2812; x_wconf 88' lang='lat' dir='ltr'><strong>sint</strong></span> <span class='ocrx_word' id='word_1_190' title='bbox 851 2746 1031 2826; x_wconf 89' lang='lat' dir='ltr'><strong>eniti,</strong></span> <span class='ocrx_word' id='word_1_191' title='bbox 1078 2746 1387 2812; x_wconf 85' lang='lat' dir='ltr'><strong>admonet</strong></span> <span class='ocrx_word' id='word_1_192' title='bbox 1410 2746 1611 2825; x_wconf 90' lang='lat' dir='ltr'><strong>Deus,</strong></span> <span class='ocrx_word' id='word_1_193' title='bbox 1648 2765 1721 2811; x_wconf 90' lang='lat' dir='ltr'><strong>se</strong></span> <span class='ocrx_word' id='word_1_194' title='bbox 1754 2767 1888 2812; x_wconf 91' lang='lat' dir='ltr'><strong>non</strong></span> <span class='ocrx_word' id='word_1_195' title='bbox 1923 2747 2096 2811; x_wconf 85' lang='lat' dir='ltr'><strong>ferre</strong></span> <span class='ocrx_word' id='word_1_196' title='bbox 2132 2747 2344 2832; x_wconf 92' lang='lat' dir='ltr'><strong>legem</strong></span> 
     </span>
     <span class='ocr_line' id='line_1_28' title="bbox 385 2768 2343 2917; baseline 0.001 -19"><span class='ocrx_word' id='word_1_197' title='bbox 385 2833 560 2899; x_wconf 92' lang='lat' dir='ltr'><strong>hanc</strong></span> <span class='ocrx_word' id='word_1_198' title='bbox 608 2833 689 2898; x_wconf 92' lang='lat' dir='ltr'><strong>de</strong></span> <span class='ocrx_word' id='word_1_199' title='bbox 711 2890 716 2895; x_wconf 83' lang='lat'><strong>.</strong></span> <span class='ocrx_word' id='word_1_200' title='bbox 735 2768 973 2898; x_wconf 50' lang='lat' dir='ltr'><strong>nihilo:</strong></span> <span class='ocrx_word' id='word_1_201' title='bbox 1032 2832 1186 2916; x_wconf 89' lang='lat' dir='ltr'><strong>quia</strong></span> <span class='ocrx_word' id='word_1_202' title='bbox 1242 2831 1353 2898; x_wconf 90' lang='lat' dir='ltr'><strong>ubi</strong></span> <span class='ocrx_word' id='word_1_203' title='bbox 1398 2830 1777 2917; x_wconf 80' lang='lat' dir='ltr'><strong>polygamia</strong></span> <span class='ocrx_word' id='word_1_204' title='bbox 1820 2833 2139 2915; x_wconf 90' lang='lat' dir='ltr'><strong>permissa</strong></span> <span class='ocrx_word' id='word_1_205' title='bbox 2197 2835 2343 2913; x_wconf 89' lang='lat' dir='ltr'><strong>fuit,</strong></span> 
     </span>
     <span class='ocr_line' id='line_1_29' title="bbox 382 2917 2344 3003; baseline 0.001 -19"><span class='ocrx_word' id='word_1_206' title='bbox 382 2919 765 3003; x_wconf 89' lang='lat' dir='ltr'><strong>propensior</strong></span> <span class='ocrx_word' id='word_1_207' title='bbox 821 2927 899 2983; x_wconf 91' lang='lat' dir='ltr'><strong>ut</strong></span> <span class='ocrx_word' id='word_1_208' title='bbox 952 2917 1308 3002; x_wconf 89' lang='lat' dir='ltr'><strong>plurimum</strong></span> <span class='ocrx_word' id='word_1_209' title='bbox 1363 2918 1490 2982; x_wconf 85' lang='lat' dir='ltr'><strong>fuit</strong></span> <span class='ocrx_word' id='word_1_210' title='bbox 1548 2918 1808 2983; x_wconf 90' lang='lat' dir='ltr'><strong>animus</strong></span> <span class='ocrx_word' id='word_1_211' title='bbox 1864 2920 2084 2984; x_wconf 88' lang='lat' dir='ltr'><strong>mariti</strong></span> <span class='ocrx_word' id='word_1_212' title='bbox 2127 2920 2196 2985; x_wconf 91' lang='lat' dir='ltr'><strong>in</strong></span> <span class='ocrx_word' id='word_1_213' title='bbox 2241 2941 2344 2986; x_wconf 92' lang='lat' dir='ltr'><strong>se-</strong></span> 
     </span>
     <span class='ocr_line' id='line_1_30' title="bbox 325 3003 2343 3088; baseline -0.001 -14"><span class='ocrx_word' id='word_1_214' title='bbox 325 3066 334 3074; x_wconf 93' lang='lat'><strong>.</strong></span> <span class='ocrx_word' id='word_1_215' title='bbox 382 3003 667 3073; x_wconf 88' lang='lat' dir='ltr'><strong>cundam</strong></span> <span class='ocrx_word' id='word_1_216' title='bbox 711 3023 1021 3070; x_wconf 91' lang='lat' dir='ltr'><strong>uxorem:</strong></span> <span class='ocrx_word' id='word_1_217' title='bbox 1078 3004 1232 3088; x_wconf 90' lang='lat' dir='ltr'><strong>quia</strong></span> <span class='ocrx_word' id='word_1_218' title='bbox 1275 3003 1334 3070; x_wconf 91' lang='lat' dir='ltr'><strong>si</strong></span> <span class='ocrx_word' id='word_1_219' title='bbox 1368 3003 1653 3088; x_wconf 90' lang='lat' dir='ltr'><strong>primam</strong></span> <span class='ocrx_word' id='word_1_220' title='bbox 1697 3025 1859 3070; x_wconf 83' lang='lat' dir='ltr'><strong>vero</strong></span> <span class='ocrx_word' id='word_1_221' title='bbox 1903 3024 2126 3070; x_wconf 90' lang='lat' dir='ltr'><strong>amore</strong></span> <span class='ocrx_word' id='word_1_222' title='bbox 2165 3026 2343 3073; x_wconf 91' lang='lat' dir='ltr'><strong>com-</strong></span> 
     </span>
     <span class='ocr_line' id='line_1_31' title="bbox 380 3090 2340 3175; baseline 0.002 -20"><span class='ocrx_word' id='word_1_223' title='bbox 380 3091 619 3175; x_wconf 87' lang='lat' dir='ltr'><strong>plexus</strong></span> <span class='ocrx_word' id='word_1_224' title='bbox 662 3099 865 3167; x_wconf 87' lang='lat' dir='ltr'><strong>esset,</strong></span> <span class='ocrx_word' id='word_1_225' title='bbox 910 3112 990 3155; x_wconf 90' lang='lat' dir='ltr'><strong>ea</strong></span> <span class='ocrx_word' id='word_1_226' title='bbox 1032 3091 1208 3156; x_wconf 86' lang='lat' dir='ltr'><strong>vitae</strong></span> <span class='ocrx_word' id='word_1_227' title='bbox 1245 3099 1312 3156; x_wconf 91' lang='lat' dir='ltr'><strong>et</strong></span> <span class='ocrx_word' id='word_1_228' title='bbox 1355 3090 1532 3155; x_wconf 88' lang='lat' dir='ltr'><strong>thori</strong></span> <span class='ocrx_word' id='word_1_229' title='bbox 1575 3093 1750 3156; x_wconf 91' lang='lat' dir='ltr'><strong>socia</strong></span> <span class='ocrx_word' id='word_1_230' title='bbox 1785 3098 2164 3171; x_wconf 89' lang='lat' dir='ltr'><strong>contentus,</strong></span> <span class='ocrx_word' id='word_1_231' title='bbox 2210 3115 2340 3159; x_wconf 91' lang='lat' dir='ltr'><strong>non</strong></span> 
     </span>
     <span class='ocr_line' id='line_1_32' title="bbox 380 3175 2341 3262; baseline 0 -17"><span class='ocrx_word' id='word_1_232' title='bbox 380 3177 735 3262; x_wconf 75' lang='lat' dir='ltr'><strong>cogitasset</strong></span> <span class='ocrx_word' id='word_1_233' title='bbox 779 3175 858 3242; x_wconf 92' lang='lat' dir='ltr'><strong>de</strong></span> <span class='ocrx_word' id='word_1_234' title='bbox 901 3175 1209 3242; x_wconf 90' lang='lat' dir='ltr'><strong>secunda.</strong></span> <span class='ocrx_word' id='word_1_235' title='bbox 1302 3175 1527 3257; x_wconf 79' lang='lat' dir='ltr'><strong>Quum</strong></span> <span class='ocrx_word' id='word_1_236' title='bbox 1572 3197 1730 3261; x_wconf 90' lang='lat' dir='ltr'><strong>ergo</strong></span> <span class='ocrx_word' id='word_1_237' title='bbox 1773 3176 2037 3243; x_wconf 88' lang='lat' dir='ltr'><strong>fastidio</strong></span> <span class='ocrx_word' id='word_1_238' title='bbox 2091 3178 2341 3261; x_wconf 88' lang='lat' dir='ltr'><strong>primae</strong></span> 
     </span>
     <span class='ocr_line' id='line_1_33' title="bbox 381 3261 2341 3346; baseline 0.002 -18"><span class='ocrx_word' id='word_1_239' title='bbox 381 3263 614 3328; x_wconf 90' lang='lat' dir='ltr'><strong>uxoris</strong></span> <span class='ocrx_word' id='word_1_240' title='bbox 692 3262 970 3328; x_wconf 87' lang='lat' dir='ltr'><strong>maritus</strong></span> <span class='ocrx_word' id='word_1_241' title='bbox 1041 3261 1395 3329; x_wconf 87' lang='lat' dir='ltr'><strong>secundam</strong></span> <span class='ocrx_word' id='word_1_242' title='bbox 1466 3271 1830 3346; x_wconf 89' lang='lat' dir='ltr'><strong>appeteret,</strong></span> <span class='ocrx_word' id='word_1_243' title='bbox 1909 3265 2125 3346; x_wconf 87' lang='lat' dir='ltr'><strong>potuit</strong></span> <span class='ocrx_word' id='word_1_244' title='bbox 2201 3266 2341 3331; x_wconf 88' lang='lat' dir='ltr'><strong>eius</strong></span> 
     </span>
     <span class='ocr_line' id='line_1_34' title="bbox 380 3347 2337 3433; baseline 0.002 -20"><span class='ocrx_word' id='word_1_245' title='bbox 380 3347 715 3415; x_wconf 89' lang='lat' dir='ltr'><strong>blanditiis</strong></span> <span class='ocrx_word' id='word_1_246' title='bbox 760 3347 1051 3428; x_wconf 90' lang='lat' dir='ltr'><strong>deliniri,</strong></span> <span class='ocrx_word' id='word_1_247' title='bbox 1103 3356 1180 3413; x_wconf 90' lang='lat' dir='ltr'><strong>ut</strong></span> <span class='ocrx_word' id='word_1_248' title='bbox 1224 3369 1264 3414; x_wconf 89' lang='lat' dir='ltr'><strong>a</strong></span> <span class='ocrx_word' id='word_1_249' title='bbox 1307 3348 1530 3414; x_wconf 89' lang='lat' dir='ltr'><strong>liberis</strong></span> <span class='ocrx_word' id='word_1_250' title='bbox 1568 3349 1766 3431; x_wconf 90' lang='lat' dir='ltr'><strong>primi</strong></span> <span class='ocrx_word' id='word_1_251' title='bbox 1816 3350 2103 3433; x_wconf 91' lang='lat' dir='ltr'><strong>coniugii</strong></span> <span class='ocrx_word' id='word_1_252' title='bbox 2148 3371 2337 3417; x_wconf 90' lang='lat' dir='ltr'><strong>aver-</strong></span> 
     </span>
     <span class='ocr_line' id='line_1_35' title="bbox 379 3433 2340 3518; baseline 0.003 -19"><span class='ocrx_word' id='word_1_253' title='bbox 379 3443 555 3499; x_wconf 89' lang='lat' dir='ltr'><strong>teret</strong></span> <span class='ocrx_word' id='word_1_254' title='bbox 621 3434 792 3518; x_wconf 91' lang='lat' dir='ltr'><strong>quod</strong></span> <span class='ocrx_word' id='word_1_255' title='bbox 852 3434 1241 3500; x_wconf 86' lang='lat' dir='ltr'><strong>naturaliter</strong></span> <span class='ocrx_word' id='word_1_256' title='bbox 1305 3435 1378 3499; x_wconf 93' lang='lat' dir='ltr'><strong>in</strong></span> <span class='ocrx_word' id='word_1_257' title='bbox 1458 3455 1569 3500; x_wconf 91' lang='lat' dir='ltr'><strong>eos</strong></span> <span class='ocrx_word' id='word_1_258' title='bbox 1647 3433 2072 3518; x_wconf 90' lang='lat' dir='ltr'><strong>competebat.</strong></span> <span class='ocrx_word' id='word_1_259' title='bbox 2161 3437 2340 3505; x_wconf 87' lang='lat' dir='ltr'><strong>Hinc</strong></span> 
     </span>
     <span class='ocr_line' id='line_1_36' title="bbox 379 3519 2340 3605; baseline 0.001 -18"><span class='ocrx_word' id='word_1_260' title='bbox 379 3541 538 3605; x_wconf 90' lang='lat' dir='ltr'><strong>ergo</strong></span> <span class='ocrx_word' id='word_1_261' title='bbox 582 3519 855 3586; x_wconf 87' lang='lat' dir='ltr'><strong>remedii</strong></span> <span class='ocrx_word' id='word_1_262' title='bbox 901 3520 1255 3586; x_wconf 76' lang='lat' dir='ltr'><strong>necessitas</strong></span> <span class='ocrx_word' id='word_1_263' title='bbox 1271 3571 1287 3600; x_wconf 92' lang='lat'><strong>,</strong></span> <span class='ocrx_word' id='word_1_264' title='bbox 1338 3519 1496 3585; x_wconf 90' lang='lat' dir='ltr'><strong>dum</strong></span> <span class='ocrx_word' id='word_1_265' title='bbox 1541 3520 1715 3602; x_wconf 90' lang='lat' dir='ltr'><strong>patri</strong></span> <span class='ocrx_word' id='word_1_266' title='bbox 1761 3519 2105 3587; x_wconf 87' lang='lat' dir='ltr'><strong>arbitrium</strong></span> <span class='ocrx_word' id='word_1_267' title='bbox 2165 3522 2340 3588; x_wconf 88' lang='lat' dir='ltr'><strong>tolli-</strong></span> 
     </span>
     <span class='ocr_line' id='line_1_37' title="bbox 379 3604 2338 3691; baseline 0.001 -20"><span class='ocrx_word' id='word_1_268' title='bbox 379 3614 490 3671; x_wconf 87' lang='lat' dir='ltr'><strong>tur</strong></span> <span class='ocrx_word' id='word_1_269' title='bbox 524 3605 824 3672; x_wconf 89' lang='lat' dir='ltr'><strong>mutandi</strong></span> <span class='ocrx_word' id='word_1_270' title='bbox 859 3605 1022 3672; x_wconf 90' lang='lat' dir='ltr'><strong>iuris</strong></span> <span class='ocrx_word' id='word_1_271' title='bbox 1049 3606 1626 3691; x_wconf 87' lang='lat' dir='ltr'><strong>primogeniturae.</strong></span> <span class='ocrx_word' id='word_1_272' title='bbox 1687 3604 2082 3689; x_wconf 82' lang='lat' dir='ltr'><strong>Quanquam</strong></span> <span class='ocrx_word' id='word_1_273' title='bbox 2119 3617 2338 3674; x_wconf 88' lang='lat' dir='ltr'><strong>autem</strong></span> 
     </span>
     <span class='ocr_line' id='line_1_38' title="bbox 377 3691 2343 3777; baseline 0.001 -20"><span class='ocrx_word' id='word_1_274' title='bbox 377 3691 733 3759; x_wconf 84' lang='lat' dir='ltr'><strong>obtendere</strong></span> <span class='ocrx_word' id='word_1_275' title='bbox 769 3703 1072 3775; x_wconf 88' lang='lat' dir='ltr'><strong>poterant</strong></span> <span class='ocrx_word' id='word_1_276' title='bbox 1095 3743 1110 3771; x_wconf 91' lang='lat'><strong>,</strong></span> <span class='ocrx_word' id='word_1_277' title='bbox 1170 3713 1240 3758; x_wconf 89' lang='lat' dir='ltr'><strong>se</strong></span> <span class='ocrx_word' id='word_1_278' title='bbox 1293 3693 1559 3758; x_wconf 90' lang='lat' dir='ltr'><strong>nonnisi</strong></span> <span class='ocrx_word' id='word_1_279' title='bbox 1605 3691 1685 3756; x_wconf 92' lang='lat' dir='ltr'><strong>de</strong></span> <span class='ocrx_word' id='word_1_280' title='bbox 1730 3713 1847 3757; x_wconf 93' lang='lat' dir='ltr'><strong>suo</strong></span> <span class='ocrx_word' id='word_1_281' title='bbox 1891 3692 2153 3777; x_wconf 89' lang='lat' dir='ltr'><strong>largiri,</strong></span> <span class='ocrx_word' id='word_1_282' title='bbox 2215 3693 2343 3759; x_wconf 87' lang='lat' dir='ltr'><strong>fuit</strong></span> 
     </span>
     <span class='ocr_line' id='line_1_39' title="bbox 378 3778 2340 3862; baseline 0.002 -19"><span class='ocrx_word' id='word_1_283' title='bbox 378 3787 603 3844; x_wconf 88' lang='lat' dir='ltr'><strong>tamen</strong></span> <span class='ocrx_word' id='word_1_284' title='bbox 658 3778 786 3844; x_wconf 94' lang='lat' dir='ltr'><strong>hoc</strong></span> <span class='ocrx_word' id='word_1_285' title='bbox 842 3779 1084 3861; x_wconf 91' lang='lat' dir='ltr'><strong>impiae</strong></span> <span class='ocrx_word' id='word_1_286' title='bbox 1141 3779 1519 3862; x_wconf 89' lang='lat' dir='ltr'><strong>superbiae,</strong></span> <span class='ocrx_word' id='word_1_287' title='bbox 1585 3798 1780 3862; x_wconf 88' lang='lat' dir='ltr'><strong>quem</strong></span> <span class='ocrx_word' id='word_1_288' title='bbox 1838 3779 2023 3846; x_wconf 87' lang='lat' dir='ltr'><strong>Deus</strong></span> <span class='ocrx_word' id='word_1_289' title='bbox 2087 3780 2340 3846; x_wconf 92' lang='lat' dir='ltr'><strong>honore</strong></span> 
     </span>
     <span class='ocr_line' id='line_1_40' title="bbox 377 3862 2337 3949; baseline 0.001 -20"><span class='ocrx_word' id='word_1_290' title='bbox 377 3862 691 3949; x_wconf 85' lang='lat' dir='ltr'><strong>dignatus</strong></span> <span class='ocrx_word' id='word_1_291' title='bbox 737 3872 914 3943; x_wconf 88' lang='lat' dir='ltr'><strong>erat,</strong></span> <span class='ocrx_word' id='word_1_292' title='bbox 959 3863 1248 3931; x_wconf 89' lang='lat' dir='ltr'><strong>reiicere.</strong></span> <span class='ocrx_word' id='word_1_293' title='bbox 1337 3862 1508 3929; x_wconf 90' lang='lat' dir='ltr'><strong>Nam</strong></span> <span class='ocrx_word' id='word_1_294' title='bbox 1552 3864 1663 3947; x_wconf 91' lang='lat' dir='ltr'><strong>qui</strong></span> <span class='ocrx_word' id='word_1_295' title='bbox 1709 3863 1836 3930; x_wconf 92' lang='lat' dir='ltr'><strong>sibi</strong></span> <span class='ocrx_word' id='word_1_296' title='bbox 1878 3877 2144 3949; x_wconf 84' lang='lat' dir='ltr'><strong>arrogat</strong></span> <span class='ocrx_word' id='word_1_297' title='bbox 2189 3877 2337 3931; x_wconf 86' lang='lat' dir='ltr'><strong>tan-</strong></span> 
     </span>
     <span class='ocr_line' id='line_1_41' title="bbox 375 3950 2335 4035; baseline 0.002 -20"><span class='ocrx_word' id='word_1_298' title='bbox 375 3957 520 4017; x_wconf 87' lang='lat' dir='ltr'><strong>tum</strong></span> <span class='ocrx_word' id='word_1_299' title='bbox 564 3950 870 4017; x_wconf 90' lang='lat' dir='ltr'><strong>licentiae</strong></span> <span class='ocrx_word' id='word_1_300' title='bbox 911 3958 988 4015; x_wconf 88' lang='lat' dir='ltr'><strong>ut</strong></span> <span class='ocrx_word' id='word_1_301' title='bbox 1040 3950 1626 4035; x_wconf 85' lang='lat' dir='ltr'><strong>primogenituram</strong></span> <span class='ocrx_word' id='word_1_302' title='bbox 1682 3950 1974 4035; x_wconf 90' lang='lat' dir='ltr'><strong>assignet</strong></span> <span class='ocrx_word' id='word_1_303' title='bbox 2016 3952 2124 4017; x_wconf 90' lang='lat' dir='ltr'><strong>cui</strong></span> <span class='ocrx_word' id='word_1_304' title='bbox 2166 3953 2335 4018; x_wconf 88' lang='lat' dir='ltr'><strong>libu-</strong></span> 
     </span>
     <span class='ocr_line' id='line_1_42' title="bbox 375 4034 2333 4121; baseline 0.001 -19"><span class='ocrx_word' id='word_1_305' title='bbox 375 4037 537 4116; x_wconf 88' lang='lat' dir='ltr'><strong>erit,</strong></span> <span class='ocrx_word' id='word_1_306' title='bbox 583 4056 819 4120; x_wconf 90' lang='lat' dir='ltr'><strong>parum</strong></span> <span class='ocrx_word' id='word_1_307' title='bbox 864 4034 1052 4101; x_wconf 90' lang='lat' dir='ltr'><strong>abest</strong></span> <span class='ocrx_word' id='word_1_308' title='bbox 1094 4036 1254 4118; x_wconf 92' lang='lat' dir='ltr'><strong>quin</strong></span> <span class='ocrx_word' id='word_1_309' title='bbox 1300 4034 1384 4100; x_wconf 90' lang='lat' dir='ltr'><strong>ad</strong></span> <span class='ocrx_word' id='word_1_310' title='bbox 1428 4057 1499 4101; x_wconf 93' lang='lat' dir='ltr'><strong>se</strong></span> <span class='ocrx_word' id='word_1_311' title='bbox 1543 4035 1762 4118; x_wconf 88' lang='lat' dir='ltr'><strong>rapiat</strong></span> <span class='ocrx_word' id='word_1_312' title='bbox 1804 4035 2067 4102; x_wconf 91' lang='lat' dir='ltr'><strong>creandi</strong></span> <span class='ocrx_word' id='word_1_313' title='bbox 2112 4045 2333 4121; x_wconf 88' lang='lat' dir='ltr'><strong>potes-</strong></span> 
     </span>
     <span class='ocr_line' id='line_1_43' title="bbox 380 4120 2336 4207; baseline 0.001 -19"><span class='ocrx_word' id='word_1_314' title='bbox 380 4129 606 4189; x_wconf 89' lang='lat' dir='ltr'><strong>tatem.</strong></span> <span class='ocrx_word' id='word_1_315' title='bbox 658 4123 776 4188; x_wconf 88' lang='lat' dir='ltr'><strong>Ius</strong></span> <span class='ocrx_word' id='word_1_316' title='bbox 801 4128 1023 4188; x_wconf 90' lang='lat' dir='ltr'><strong>autem</strong></span> <span class='ocrx_word' id='word_1_317' title='bbox 1059 4121 1225 4187; x_wconf 92' lang='lat' dir='ltr'><strong>illud</strong></span> <span class='ocrx_word' id='word_1_318' title='bbox 1259 4122 1388 4186; x_wconf 85' lang='lat' dir='ltr'><strong>fuit</strong></span> <span class='ocrx_word' id='word_1_319' title='bbox 1423 4120 1669 4206; x_wconf 86' lang='lat' dir='ltr'><strong>duplex</strong></span> <span class='ocrx_word' id='word_1_320' title='bbox 1704 4123 1918 4205; x_wconf 90' lang='lat' dir='ltr'><strong>portio</strong></span> <span class='ocrx_word' id='word_1_321' title='bbox 1952 4124 2020 4188; x_wconf 90' lang='lat' dir='ltr'><strong>in</strong></span> <span class='ocrx_word' id='word_1_322' title='bbox 2058 4134 2336 4207; x_wconf 88' lang='lat' dir='ltr'><strong>paterna</strong></span> 
     </span>
     <span class='ocr_line' id='line_1_44' title="bbox 377 4206 2333 4294; baseline 0.001 -20"><span class='ocrx_word' id='word_1_323' title='bbox 377 4207 784 4274; x_wconf 87' lang='lat' dir='ltr'><strong>haereditate</strong></span> <span class='ocrx_word' id='word_1_324' title='bbox 800 4259 817 4288; x_wconf 91' lang='lat'><strong>,</strong></span> <span class='ocrx_word' id='word_1_325' title='bbox 884 4206 1432 4291; x_wconf 88' lang='lat' dir='ltr'><strong>quemadmodum</strong></span> <span class='ocrx_word' id='word_1_326' title='bbox 1481 4228 1683 4274; x_wconf 85' lang='lat' dir='ltr'><strong>versu</strong></span> <span class='ocrx_word' id='word_1_327' title='bbox 1748 4206 2001 4274; x_wconf 91' lang='lat' dir='ltr'><strong>decimo</strong></span> <span class='ocrx_word' id='word_1_328' title='bbox 2056 4211 2333 4294; x_wconf 89' lang='lat' dir='ltr'><strong>septimo</strong></span> 
     </span>
     <span class='ocr_line' id='line_1_45' title="bbox 376 4293 2335 4379; baseline 0 -18"><span class='ocrx_word' id='word_1_329' title='bbox 376 4294 793 4379; x_wconf 85' lang='lat' dir='ltr'><strong>exprimitur.</strong></span> <span class='ocrx_word' id='word_1_330' title='bbox 882 4294 1081 4360; x_wconf 89' lang='lat' dir='ltr'><strong>Ratio</strong></span> <span class='ocrx_word' id='word_1_331' title='bbox 1137 4314 1303 4378; x_wconf 88' lang='lat' dir='ltr'><strong>quae</strong></span> <span class='ocrx_word' id='word_1_332' title='bbox 1360 4293 1655 4373; x_wconf 90' lang='lat' dir='ltr'><strong>additur,</strong></span> <span class='ocrx_word' id='word_1_333' title='bbox 1713 4293 2104 4360; x_wconf 88' lang='lat' dir='ltr'><strong>tantundem</strong></span> <span class='ocrx_word' id='word_1_334' title='bbox 2159 4297 2335 4362; x_wconf 90' lang='lat' dir='ltr'><strong>valet</strong></span> 
     </span>
     <span class='ocr_line' id='line_1_46' title="bbox 375 4379 2333 4465; baseline 0.001 -17"><span class='ocrx_word' id='word_1_335' title='bbox 375 4400 456 4448; x_wconf 84' lang='lat' dir='ltr'><strong>ac</strong></span> <span class='ocrx_word' id='word_1_336' title='bbox 498 4381 555 4447; x_wconf 90' lang='lat' dir='ltr'><strong>si</strong></span> <span class='ocrx_word' id='word_1_337' title='bbox 598 4379 847 4447; x_wconf 91' lang='lat' dir='ltr'><strong>dictum</strong></span> <span class='ocrx_word' id='word_1_338' title='bbox 889 4388 1094 4458; x_wconf 89' lang='lat' dir='ltr'><strong>esset,</strong></span> <span class='ocrx_word' id='word_1_339' title='bbox 1151 4380 1664 4463; x_wconf 89' lang='lat' dir='ltr'><strong>primogenitum</strong></span> <span class='ocrx_word' id='word_1_340' title='bbox 1719 4400 1861 4446; x_wconf 91' lang='lat' dir='ltr'><strong>esse</strong></span> <span class='ocrx_word' id='word_1_341' title='bbox 1904 4381 2333 4465; x_wconf 90' lang='lat' dir='ltr'><strong>praecipuum</strong></span> 
     </span>
     <span class='ocr_line' id='line_1_47' title="bbox 379 4465 2335 4549; baseline 0.001 -16"><span class='ocrx_word' id='word_1_342' title='bbox 379 4466 577 4533; x_wconf 90' lang='lat' dir='ltr'><strong>decus</strong></span> <span class='ocrx_word' id='word_1_343' title='bbox 620 4486 696 4533; x_wconf 88' lang='lat' dir='ltr'><strong>ac</strong></span> <span class='ocrx_word' id='word_1_344' title='bbox 739 4474 1201 4533; x_wconf 86' lang='lat' dir='ltr'><strong>ornamentum</strong></span> <span class='ocrx_word' id='word_1_345' title='bbox 1262 4466 1486 4549; x_wconf 91' lang='lat' dir='ltr'><strong>patris.</strong></span> <span class='ocrx_word' id='word_1_346' title='bbox 1578 4465 1787 4531; x_wconf 92' lang='lat' dir='ltr'><strong>Porro</strong></span> <span class='ocrx_word' id='word_1_347' title='bbox 1845 4467 1900 4533; x_wconf 91' lang='lat' dir='ltr'><strong>si</strong></span> <span class='ocrx_word' id='word_1_348' title='bbox 1950 4469 2119 4533; x_wconf 89' lang='lat' dir='ltr'><strong>ratio</strong></span> <span class='ocrx_word' id='word_1_349' title='bbox 2160 4469 2335 4536; x_wconf 90' lang='lat' dir='ltr'><strong>iusta</strong></span> 
     </span>
     <span class='ocr_line' id='line_1_48' title="bbox 373 4551 2332 4637; baseline 0.001 -18"><span class='ocrx_word' id='word_1_350' title='bbox 373 4562 520 4619; x_wconf 90' lang='lat' dir='ltr'><strong>erat</strong></span> <span class='ocrx_word' id='word_1_351' title='bbox 573 4551 1060 4618; x_wconf 85' lang='lat' dir='ltr'><strong>exhaeredandi</strong></span> <span class='ocrx_word' id='word_1_352' title='bbox 1116 4551 1570 4637; x_wconf 89' lang='lat' dir='ltr'><strong>primogeniti,</strong></span> <span class='ocrx_word' id='word_1_353' title='bbox 1627 4551 1845 4633; x_wconf 91' lang='lat' dir='ltr'><strong>potuit</strong></span> <span class='ocrx_word' id='word_1_354' title='bbox 1898 4553 2208 4620; x_wconf 90' lang='lat' dir='ltr'><strong>substitui</strong></span> <span class='ocrx_word' id='word_1_355' title='bbox 2262 4556 2332 4620; x_wconf 92' lang='lat' dir='ltr'><strong>in</strong></span> 
     </span>
     <span class='ocr_line' id='line_1_49' title="bbox 377 4637 2331 4721; baseline 0.002 -17"><span class='ocrx_word' id='word_1_356' title='bbox 377 4639 524 4705; x_wconf 90' lang='lat' dir='ltr'><strong>eius</strong></span> <span class='ocrx_word' id='word_1_357' title='bbox 567 4637 787 4704; x_wconf 91' lang='lat' dir='ltr'><strong>locum</strong></span> <span class='ocrx_word' id='word_1_358' title='bbox 830 4637 999 4703; x_wconf 90' lang='lat' dir='ltr'><strong>alter</strong></span> <span class='ocrx_word' id='word_1_359' title='bbox 1041 4655 1402 4705; x_wconf 89' lang='lat' dir='ltr'><strong>successor:</strong></span> <span class='ocrx_word' id='word_1_360' title='bbox 1460 4637 1660 4703; x_wconf 93' lang='lat' dir='ltr'><strong>sicuti</strong></span> <span class='ocrx_word' id='word_1_361' title='bbox 1701 4638 2002 4721; x_wconf 91' lang='lat' dir='ltr'><strong>exemplo</strong></span> <span class='ocrx_word' id='word_1_362' title='bbox 2050 4660 2170 4706; x_wconf 90' lang='lat' dir='ltr'><strong>suo</strong></span> <span class='ocrx_word' id='word_1_363' title='bbox 2216 4641 2331 4707; x_wconf 90' lang='lat' dir='ltr'><strong>do-</strong></span> 
     </span>
     <span class='ocr_line' id='line_1_50' title="bbox 373 4721 2328 4815; baseline 0.002 -23"><span class='ocrx_word' id='word_1_364' title='bbox 373 4725 515 4792; x_wconf 86' lang='lat' dir='ltr'><strong>cuit</strong></span> <span class='ocrx_word' id='word_1_365' title='bbox 576 4723 801 4803; x_wconf 88' lang='lat' dir='ltr'><strong>Iacob,</strong></span> <span class='ocrx_word' id='word_1_366' title='bbox 869 4745 1071 4807; x_wconf 90' lang='lat' dir='ltr'><strong>quum</strong></span> <span class='ocrx_word' id='word_1_367' title='bbox 1112 4722 1350 4790; x_wconf 86' lang='lat' dir='ltr'><strong>Ruben</strong></span> <span class='ocrx_word' id='word_1_368' title='bbox 1415 4721 1745 4789; x_wconf 90' lang='lat' dir='ltr'><strong>abdicavit</strong></span> <span class='ocrx_word' id='word_1_369' title='bbox 1806 4721 2005 4810; x_wconf 84' lang='lat' dir='ltr'><strong>(Gen.</strong></span> <span class='ocrx_word' id='word_1_370' title='bbox 2069 4726 2174 4807; x_wconf 88' lang='lat'><strong>49,</strong></span> <span class='ocrx_word' id='word_1_371' title='bbox 2239 4726 2328 4815; x_wconf 87' lang='lat'><strong>4).</strong></span> 
     </span>
     <span class='ocr_line' id='line_1_51' title="bbox 373 4808 2329 4896; baseline 0.001 -20"><span class='ocrx_word' id='word_1_372' title='bbox 373 4808 573 4893; x_wconf 75' lang='lat' dir='ltr'><strong>Quod</strong></span> <span class='ocrx_word' id='word_1_373' title='bbox 619 4808 883 4877; x_wconf 85' lang='lat' dir='ltr'><strong>dicitur:</strong></span> <span class='ocrx_word' id='word_1_374' title='bbox 931 4812 1110 4876; x_wconf 85' lang='lat' dir='ltr'><strong>Ante</strong></span> <span class='ocrx_word' id='word_1_375' title='bbox 1125 4809 1338 4876; x_wconf 90' lang='lat' dir='ltr'><strong>filium</strong></span> <span class='ocrx_word' id='word_1_376' title='bbox 1357 4829 1616 4888; x_wconf 85' lang='lat' dir='ltr'><strong>exosae,</strong></span> <span class='ocrx_word' id='word_1_377' title='bbox 1660 4809 1927 4892; x_wconf 86' lang='lat' dir='ltr'><strong>quidam</strong></span> <span class='ocrx_word' id='word_1_378' title='bbox 1971 4825 2329 4896; x_wconf 90' lang='lat' dir='ltr'><strong>exponunt,</strong></span> 
     </span>
     <span class='ocr_line' id='line_1_52' title="bbox 374 4894 2327 4980; baseline 0 -18"><span class='ocrx_word' id='word_1_379' title='bbox 374 4896 398 4962; x_wconf 90' lang='lat' dir='ltr'><strong>i</strong></span> <span class='ocrx_word' id='word_1_380' title='bbox 480 4917 520 4963; x_wconf 98' lang='lat' dir='ltr'><strong>o</strong></span> <span class='ocrx_word' id='word_1_381' title='bbox 584 4896 972 4979; x_wconf 89' lang='lat' dir='ltr'><strong>superstite:</strong></span> <span class='ocrx_word' id='word_1_382' title='bbox 1041 4896 1155 4961; x_wconf 88' lang='lat' dir='ltr'><strong>alii</strong></span> <span class='ocrx_word' id='word_1_383' title='bbox 1229 4897 1516 4962; x_wconf 82' lang='lat' dir='ltr'><strong>retinent</strong></span> <span class='ocrx_word' id='word_1_384' title='bbox 1572 4894 1945 4961; x_wconf 77' lang='lat' dir='ltr'><strong>hebraicam</strong></span> <span class='ocrx_word' id='word_1_385' title='bbox 1999 4899 2327 4980; x_wconf 86' lang='lat' dir='ltr'><strong>phrasim:</strong></span> 
     </span>
     <span class='ocr_line' id='line_1_53' title="bbox 373 4917 2330 5050; baseline 0 -1"><span class='ocrx_word' id='word_1_386' title='bbox 373 4917 620 5049; x_wconf 48' lang='lat' dir='ltr'><strong>&amp;gram</strong></span> <span class='ocrx_word' id='word_1_387' title='bbox 689 4980 858 5048; x_wconf 89' lang='lat' dir='ltr'><strong>facie</strong></span> <span class='ocrx_word' id='word_1_388' title='bbox 936 4982 1094 5049; x_wconf 90' lang='lat' dir='ltr'><strong>eius.</strong></span> <span class='ocrx_word' id='word_1_389' title='bbox 1182 4981 1548 5050; x_wconf 88' lang='lat' dir='ltr'><strong>Probabilis</strong></span> <span class='ocrx_word' id='word_1_390' title='bbox 1614 4991 1834 5047; x_wconf 90' lang='lat' dir='ltr'><strong>autem</strong></span> <span class='ocrx_word' id='word_1_391' title='bbox 1913 4992 2016 5048; x_wconf 90' lang='lat' dir='ltr'><strong>est</strong></span> <span class='ocrx_word' id='word_1_392' title='bbox 2099 5004 2330 5049; x_wconf 91' lang='lat' dir='ltr'><strong>eorum</strong></span> 
     </span>
     <span class='ocr_line' id='line_1_54' title="bbox 373 5066 2329 5153; baseline 0.001 -18"><span class='ocrx_word' id='word_1_393' title='bbox 373 5067 712 5135; x_wconf 89' lang='lat' dir='ltr'><strong>sententia</strong></span> <span class='ocrx_word' id='word_1_394' title='bbox 761 5068 875 5152; x_wconf 90' lang='lat' dir='ltr'><strong>qui</strong></span> <span class='ocrx_word' id='word_1_395' title='bbox 931 5069 1376 5151; x_wconf 82' lang='lat' dir='ltr'><strong>comparative</strong></span> <span class='ocrx_word' id='word_1_396' title='bbox 1432 5068 1766 5151; x_wconf 90' lang='lat' dir='ltr'><strong>accipiunt</strong></span> <span class='ocrx_word' id='word_1_397' title='bbox 1820 5066 1992 5135; x_wconf 90' lang='lat' dir='ltr'><strong>hanc</strong></span> <span class='ocrx_word' id='word_1_398' title='bbox 2048 5071 2329 5153; x_wconf 89' lang='lat' dir='ltr'><strong>particu-</strong></span> 
     </span>
     <span class='ocr_line' id='line_1_55' title="bbox 376 5154 2329 5237; baseline 0.002 -19"><span class='ocrx_word' id='word_1_399' title='bbox 376 5154 527 5237; x_wconf 89' lang='lat' dir='ltr'><strong>lam,</strong></span> <span class='ocrx_word' id='word_1_400' title='bbox 572 5176 649 5221; x_wconf 88' lang='lat' dir='ltr'><strong>ac</strong></span> <span class='ocrx_word' id='word_1_401' title='bbox 680 5161 983 5221; x_wconf 90' lang='lat' dir='ltr'><strong>vertunt:</strong></span> <span class='ocrx_word' id='word_1_402' title='bbox 1032 5154 1205 5219; x_wconf 87' lang='lat' dir='ltr'><strong>Prae</strong></span> <span class='ocrx_word' id='word_1_403' title='bbox 1225 5154 1379 5221; x_wconf 89' lang='lat' dir='ltr'><strong>filio.</strong></span> <span class='ocrx_word' id='word_1_404' title='bbox 1445 5154 1592 5220; x_wconf 91' lang='lat' dir='ltr'><strong>Iam</strong></span> <span class='ocrx_word' id='word_1_405' title='bbox 1630 5174 1830 5220; x_wconf 89' lang='lat' dir='ltr'><strong>exosa</strong></span> <span class='ocrx_word' id='word_1_406' title='bbox 1864 5154 2105 5221; x_wconf 89' lang='lat' dir='ltr'><strong>dicitur</strong></span> <span class='ocrx_word' id='word_1_407' title='bbox 2140 5177 2329 5235; x_wconf 89' lang='lat' dir='ltr'><strong>uxor,</strong></span> 
     </span>
     <span class='ocr_line' id='line_1_56' title="bbox 375 5238 2330 5325; baseline 0.001 -18"><span class='ocrx_word' id='word_1_408' title='bbox 375 5260 511 5307; x_wconf 91' lang='lat' dir='ltr'><strong>non</strong></span> <span class='ocrx_word' id='word_1_409' title='bbox 554 5242 658 5308; x_wconf 91' lang='lat' dir='ltr'><strong>cui</strong></span> <span class='ocrx_word' id='word_1_410' title='bbox 702 5241 981 5308; x_wconf 88' lang='lat' dir='ltr'><strong>maritus</strong></span> <span class='ocrx_word' id='word_1_411' title='bbox 1024 5238 1239 5324; x_wconf 87' lang='lat' dir='ltr'><strong>palam</strong></span> <span class='ocrx_word' id='word_1_412' title='bbox 1282 5240 1373 5306; x_wconf 89' lang='lat' dir='ltr'><strong>sit</strong></span> <span class='ocrx_word' id='word_1_413' title='bbox 1413 5239 1647 5307; x_wconf 87' lang='lat' dir='ltr'><strong>hostis:</strong></span> <span class='ocrx_word' id='word_1_414' title='bbox 1708 5238 1822 5307; x_wconf 91' lang='lat' dir='ltr'><strong>sed</strong></span> <span class='ocrx_word' id='word_1_415' title='bbox 1868 5260 2068 5325; x_wconf 90' lang='lat' dir='ltr'><strong>quam</strong></span> <span class='ocrx_word' id='word_1_416' title='bbox 2108 5243 2330 5309; x_wconf 90' lang='lat' dir='ltr'><strong>minus</strong></span> 
     </span>
     <span class='ocr_line' id='line_1_57' title="bbox 373 5324 2327 5414; baseline 0.001 -21"><span class='ocrx_word' id='word_1_417' title='bbox 373 5326 622 5414; x_wconf 87' lang='lat' dir='ltr'><strong>diligit:</strong></span> <span class='ocrx_word' id='word_1_418' title='bbox 680 5327 831 5412; x_wconf 88' lang='lat' dir='ltr'><strong>quia</strong></span> <span class='ocrx_word' id='word_1_419' title='bbox 887 5326 1018 5393; x_wconf 91' lang='lat' dir='ltr'><strong>odii</strong></span> <span class='ocrx_word' id='word_1_420' title='bbox 1072 5325 1212 5393; x_wconf 90' lang='lat' dir='ltr'><strong>loco</strong></span> <span class='ocrx_word' id='word_1_421' title='bbox 1265 5324 1529 5392; x_wconf 86' lang='lat' dir='ltr'><strong>ducitur</strong></span> <span class='ocrx_word' id='word_1_422' title='bbox 1584 5332 2031 5411; x_wconf 90' lang='lat' dir='ltr'><strong>contemptus,</strong></span> <span class='ocrx_word' id='word_1_423' title='bbox 2088 5335 2157 5395; x_wconf 90' lang='lat' dir='ltr'><strong>et</strong></span> <span class='ocrx_word' id='word_1_424' title='bbox 2196 5328 2327 5394; x_wconf 93' lang='lat' dir='ltr'><strong>ini-</strong></span> 
     </span>
    </p>
   </div>
   <div class='ocr_carea' id='block_1_5' title="bbox 1837 407 2987 480">
    <p class='ocr_par' dir='ltr' id='par_1_7' title="bbox 1837 407 2987 480">
     <span class='ocr_line' id='line_1_58' title="bbox 1837 407 2987 480; baseline 0.004 -5"><span class='ocrx_word' id='word_1_425' title='bbox 1837 407 2292 477; x_wconf 73' lang='lat' dir='ltr'>OCTAVUM</span> <span class='ocrx_word' id='word_1_426' title='bbox 2334 407 2987 480; x_wconf 73' lang='lat' dir='ltr'><strong>PRAEOEPTUM.</strong></span> 
     </span>
    </p>
   </div>
   <div class='ocr_carea' id='block_1_6' title="bbox 2379 617 2414 5401">
    <p class='ocr_par' dir='ltr' id='par_1_8' title="bbox 2379 617 2414 5401">
     <span class='ocr_line' id='line_1_59' title="bbox 2379 617 2414 5401; baseline 0 0"><span class='ocrx_word' id='word_1_427' title='bbox 2379 617 2414 5401; x_wconf 95' lang='lat' dir='ltr'><strong> </strong></span> 
     </span>
    </p>
   </div>
   <div class='ocr_carea' id='block_1_7' title="bbox 4290 418 4425 484">
    <p class='ocr_par' dir='ltr' id='par_1_9' title="bbox 4290 418 4425 484">
     <span class='ocr_line' id='line_1_60' title="bbox 4290 418 4425 484; baseline -0.007 0"><span class='ocrx_word' id='word_1_428' title='bbox 4290 418 4425 484; x_wconf 80' lang='lat'><strong>710</strong></span> 
     </span>
    </p>
   </div>
   <div class='ocr_carea' id='block_1_8' title="bbox 2450 597 4419 769">
    <p class='ocr_par' dir='ltr' id='par_1_10' title="bbox 2450 597 4419 769">
     <span class='ocr_line' id='line_1_61' title="bbox 2452 597 4419 752; baseline 0.006 -90"><span class='ocrx_word' id='word_1_429' title='bbox 2452 597 3001 752; x_wconf 50' lang='lat' dir='ltr'><strong>micustagocatur</strong></span> <span class='ocrx_word' id='word_1_430' title='bbox 3062 601 3180 685; x_wconf 92' lang='lat' dir='ltr'><strong>qui</strong></span> <span class='ocrx_word' id='word_1_431' title='bbox 3234 601 3645 688; x_wconf 86' lang='lat' dir='ltr'><strong>coniugalem</strong></span> <span class='ocrx_word' id='word_1_432' title='bbox 3706 603 4231 673; x_wconf 83' lang='lat' dir='ltr'><strong>benevolentiam</strong></span> <span class='ocrx_word' id='word_1_433' title='bbox 4280 627 4419 674; x_wconf 90' lang='lat' dir='ltr'><strong>non</strong></span> 
     </span>
     <span class='ocr_line' id='line_1_62' title="bbox 2450 705 2644 769; baseline 0.005 -17"><span class='ocrx_word' id='word_1_434' title='bbox 2450 705 2644 769; x_wconf 86' lang='lat' dir='ltr'><strong>praes</strong></span> 
     </span>
    </p>
   </div>
   <div class='ocr_carea' id='block_1_9' title="bbox 3107 1030 3758 1099">
    <p class='ocr_par' dir='ltr' id='par_1_11' title="bbox 3107 1030 3758 1099">
     <span class='ocr_line' id='line_1_63' title="bbox 3107 1030 3758 1099; baseline 0.003 -3"><span class='ocrx_word' id='word_1_435' title='bbox 3107 1030 3239 1096; x_wconf 85' lang='lat' dir='ltr'><strong>EX</strong></span> <span class='ocrx_word' id='word_1_436' title='bbox 3283 1031 3552 1098; x_wconf 78' lang='lat' dir='ltr'><strong>DEUT.</strong></span> <span class='ocrx_word' id='word_1_437' title='bbox 3598 1030 3758 1099; x_wconf 78' lang='lat' dir='ltr'><strong>XX.</strong></span> 
     </span>
    </p>
   </div>
   <div class='ocr_carea' id='block_1_10' title="bbox 2438 1200 4417 2401">
    <p class='ocr_par' dir='ltr' id='par_1_12' title="bbox 2438 1200 4417 2401">
     <span class='ocr_line' id='line_1_64' title="bbox 2629 1200 4415 1289; baseline 0.003 -21"><span class='ocrx_word' id='word_1_438' title='bbox 2629 1200 2687 1268; x_wconf 82' lang='lat'><strong>5.</strong></span> <span class='ocrx_word' id='word_1_439' title='bbox 2784 1202 2991 1284; x_wconf 78' lang='lat' dir='ltr'><strong>Quam</strong></span> <span class='ocrx_word' id='word_1_440' title='bbox 3047 1200 3403 1268; x_wconf 78' lang='lat' dir='ltr'><strong>bellandum</strong></span> <span class='ocrx_word' id='word_1_441' title='bbox 3458 1203 3578 1271; x_wconf 75' lang='lat' dir='ltr'><strong>erit</strong></span> <span class='ocrx_word' id='word_1_442' title='bbox 3591 1254 3606 1282; x_wconf 90' lang='lat'><strong>,</strong></span> <span class='ocrx_word' id='word_1_443' title='bbox 3668 1203 4058 1285; x_wconf 67' lang='lat' dir='ltr'><strong>alloquantur</strong></span> <span class='ocrx_word' id='word_1_444' title='bbox 4101 1205 4415 1289; x_wconf 73' lang='lat' dir='ltr'><strong>praefecti</strong></span> 
     </span>
     <span class='ocr_line' id='line_1_65' title="bbox 2445 1287 4414 1371; baseline 0.004 -19"><span class='ocrx_word' id='word_1_445' title='bbox 2445 1288 2772 1371; x_wconf 77' lang='lat' dir='ltr'><strong>populum,</strong></span> <span class='ocrx_word' id='word_1_446' title='bbox 2815 1288 3106 1354; x_wconf 76' lang='lat' dir='ltr'><strong>dicendo.-</strong></span> <span class='ocrx_word' id='word_1_447' title='bbox 3154 1287 3312 1369; x_wconf 73' lang='lat' dir='ltr'><strong>Quis</strong></span> <span class='ocrx_word' id='word_1_448' title='bbox 3345 1293 3434 1354; x_wconf 77' lang='lat' dir='ltr'><strong>est</strong></span> <span class='ocrx_word' id='word_1_449' title='bbox 3474 1289 3575 1354; x_wconf 72' lang='lat' dir='ltr'><strong>vir</strong></span> <span class='ocrx_word' id='word_1_450' title='bbox 3610 1289 3720 1371; x_wconf 77' lang='lat' dir='ltr'><strong>qui</strong></span> <span class='ocrx_word' id='word_1_451' title='bbox 3761 1289 4117 1371; x_wconf 72' lang='lat' dir='ltr'><strong>aedificavit</strong></span> <span class='ocrx_word' id='word_1_452' title='bbox 4157 1291 4414 1359; x_wconf 76' lang='lat' dir='ltr'><strong>domum</strong></span> 
     </span>
     <span class='ocr_line' id='line_1_66' title="bbox 2455 1373 4415 1454; baseline 0.003 -14"><span class='ocrx_word' id='word_1_453' title='bbox 2455 1394 2710 1450; x_wconf 78' lang='lat' dir='ltr'><strong>novam,</strong></span> <span class='ocrx_word' id='word_1_454' title='bbox 2770 1377 2828 1440; x_wconf 79' lang='lat' dir='ltr'><strong>et</strong></span> <span class='ocrx_word' id='word_1_455' title='bbox 2877 1393 3002 1440; x_wconf 73' lang='lat' dir='ltr'><strong>non</strong></span> <span class='ocrx_word' id='word_1_456' title='bbox 3057 1373 3371 1439; x_wconf 76' lang='lat' dir='ltr'><strong>dedicavit</strong></span> <span class='ocrx_word' id='word_1_457' title='bbox 3425 1375 3618 1441; x_wconf 76' lang='lat' dir='ltr'><strong>eam?</strong></span> <span class='ocrx_word' id='word_1_458' title='bbox 3680 1374 3888 1454; x_wconf 79' lang='lat' dir='ltr'><strong>abeat,</strong></span> <span class='ocrx_word' id='word_1_459' title='bbox 3944 1380 4002 1441; x_wconf 76' lang='lat' dir='ltr'><strong>el</strong></span> <span class='ocrx_word' id='word_1_460' title='bbox 4063 1383 4415 1445; x_wconf 70' lang='lat' dir='ltr'><strong>revertatur</strong></span> 
     </span>
     <span class='ocr_line' id='line_1_67' title="bbox 2454 1459 4416 1543; baseline 0.001 -16"><span class='ocrx_word' id='word_1_461' title='bbox 2454 1460 2541 1527; x_wconf 80' lang='lat' dir='ltr'><strong>ad</strong></span> <span class='ocrx_word' id='word_1_462' title='bbox 2595 1461 2847 1527; x_wconf 78' lang='lat' dir='ltr'><strong>domum</strong></span> <span class='ocrx_word' id='word_1_463' title='bbox 2901 1478 3118 1540; x_wconf 68' lang='lat' dir='ltr'><strong>suant,</strong></span> <span class='ocrx_word' id='word_1_464' title='bbox 3179 1479 3257 1523; x_wconf 79' lang='lat' dir='ltr'><strong>ne</strong></span> <span class='ocrx_word' id='word_1_465' title='bbox 3307 1459 3471 1541; x_wconf 75' lang='lat' dir='ltr'><strong>forte</strong></span> <span class='ocrx_word' id='word_1_466' title='bbox 3526 1462 3835 1527; x_wconf 66' lang='lat' dir='ltr'><strong>moriatur</strong></span> <span class='ocrx_word' id='word_1_467' title='bbox 3895 1461 3969 1526; x_wconf 76' lang='lat' dir='ltr'><strong>in</strong></span> <span class='ocrx_word' id='word_1_468' title='bbox 4016 1463 4286 1543; x_wconf 77' lang='lat' dir='ltr'><strong>proelio.</strong></span> <span class='ocrx_word' id='word_1_469' title='bbox 4356 1470 4416 1529; x_wconf 79' lang='lat' dir='ltr'><strong>et</strong></span> 
     </span>
     <span class='ocr_line' id='line_1_68' title="bbox 2454 1544 4417 1630; baseline 0.002 -18"><span class='ocrx_word' id='word_1_470' title='bbox 2454 1546 2628 1612; x_wconf 71' lang='lat' dir='ltr'><strong>azius</strong></span> <span class='ocrx_word' id='word_1_471' title='bbox 2681 1545 2917 1612; x_wconf 76' lang='lat' dir='ltr'><strong>dedicet</strong></span> <span class='ocrx_word' id='word_1_472' title='bbox 2956 1564 3113 1611; x_wconf 80' lang='lat' dir='ltr'><strong>eam.</strong></span> <span class='ocrx_word' id='word_1_473' title='bbox 3200 1544 3263 1610; x_wconf 83' lang='lat'><strong>6.</strong></span> <span class='ocrx_word' id='word_1_474' title='bbox 3329 1544 3420 1610; x_wconf 78' lang='lat' dir='ltr'><strong>Et</strong></span> <span class='ocrx_word' id='word_1_475' title='bbox 3461 1546 3608 1627; x_wconf 76' lang='lat' dir='ltr'><strong>quis</strong></span> <span class='ocrx_word' id='word_1_476' title='bbox 3662 1552 3755 1612; x_wconf 77' lang='lat' dir='ltr'><strong>est</strong></span> <span class='ocrx_word' id='word_1_477' title='bbox 3804 1548 3907 1612; x_wconf 77' lang='lat' dir='ltr'><strong>vir</strong></span> <span class='ocrx_word' id='word_1_478' title='bbox 3947 1549 4061 1629; x_wconf 75' lang='lat' dir='ltr'><strong>qui</strong></span> <span class='ocrx_word' id='word_1_479' title='bbox 4090 1548 4417 1630; x_wconf 76' lang='lat' dir='ltr'><strong>plantavit</strong></span> 
     </span>
     <span class='ocr_line' id='line_1_69' title="bbox 2453 1630 4415 1712; baseline 0.003 -16"><span class='ocrx_word' id='word_1_480' title='bbox 2453 1633 2731 1711; x_wconf 83' lang='lat' dir='ltr'><strong>vineam,</strong></span> <span class='ocrx_word' id='word_1_481' title='bbox 2785 1635 2841 1697; x_wconf 70' lang='lat' dir='ltr'><em>d</em></span> <span class='ocrx_word' id='word_1_482' title='bbox 2882 1651 3006 1697; x_wconf 74' lang='lat' dir='ltr'><strong>non</strong></span> <span class='ocrx_word' id='word_1_483' title='bbox 3042 1630 3190 1712; x_wconf 78' lang='lat' dir='ltr'><strong>fecit</strong></span> <span class='ocrx_word' id='word_1_484' title='bbox 3231 1650 3370 1696; x_wconf 83' lang='lat' dir='ltr'><strong>eam</strong></span> <span class='ocrx_word' id='word_1_485' title='bbox 3409 1632 3836 1698; x_wconf 78' lang='lat' dir='ltr'><strong>communem?</strong></span> <span class='ocrx_word' id='word_1_486' title='bbox 3891 1633 4073 1699; x_wconf 82' lang='lat' dir='ltr'><strong>abeat</strong></span> <span class='ocrx_word' id='word_1_487' title='bbox 4112 1640 4169 1701; x_wconf 77' lang='lat' dir='ltr'><strong>et</strong></span> <span class='ocrx_word' id='word_1_488' title='bbox 4209 1655 4415 1702; x_wconf 78' lang='lat' dir='ltr'><strong>rever-</strong></span> 
     </span>
     <span class='ocr_line' id='line_1_70' title="bbox 2453 1717 4410 1803; baseline 0.003 -19"><span class='ocrx_word' id='word_1_489' title='bbox 2453 1723 2623 1784; x_wconf 77' lang='lat' dir='ltr'><strong>tatur</strong></span> <span class='ocrx_word' id='word_1_490' title='bbox 2664 1717 2749 1783; x_wconf 78' lang='lat' dir='ltr'><strong>ad</strong></span> <span class='ocrx_word' id='word_1_491' title='bbox 2791 1718 3046 1783; x_wconf 75' lang='lat' dir='ltr'><strong>domum</strong></span> <span class='ocrx_word' id='word_1_492' title='bbox 3086 1736 3306 1783; x_wconf 74' lang='lat' dir='ltr'><strong>suam.-</strong></span> <span class='ocrx_word' id='word_1_493' title='bbox 3363 1737 3440 1781; x_wconf 76' lang='grc' dir='ltr'><strong>πε</strong></span> <span class='ocrx_word' id='word_1_494' title='bbox 3478 1717 3639 1799; x_wconf 79' lang='lat' dir='ltr'><strong>forte</strong></span> <span class='ocrx_word' id='word_1_495' title='bbox 3678 1719 3990 1784; x_wconf 73' lang='lat' dir='ltr'><strong>moriatur</strong></span> <span class='ocrx_word' id='word_1_496' title='bbox 4032 1719 4103 1784; x_wconf 77' lang='lat' dir='ltr'><strong>in</strong></span> <span class='ocrx_word' id='word_1_497' title='bbox 4144 1722 4410 1803; x_wconf 73' lang='lat' dir='ltr'><strong>proelio.</strong></span> 
     </span>
     <span class='ocr_line' id='line_1_71' title="bbox 2452 1802 4413 1887; baseline 0.002 -18"><span class='ocrx_word' id='word_1_498' title='bbox 2452 1808 2512 1869; x_wconf 80' lang='lat' dir='ltr'><strong>et</strong></span> <span class='ocrx_word' id='word_1_499' title='bbox 2567 1804 2738 1868; x_wconf 76' lang='lat' dir='ltr'><strong>alius</strong></span> <span class='ocrx_word' id='word_1_500' title='bbox 2790 1821 3171 1869; x_wconf 79' lang='lat' dir='ltr'><strong>communem</strong></span> <span class='ocrx_word' id='word_1_501' title='bbox 3226 1821 3367 1869; x_wconf 82' lang='lat' dir='ltr'><strong>eam</strong></span> <span class='ocrx_word' id='word_1_502' title='bbox 3402 1802 3623 1886; x_wconf 74' lang='lat' dir='ltr'><strong>faciat.</strong></span> <span class='ocrx_word' id='word_1_503' title='bbox 3716 1804 3775 1869; x_wconf 80' lang='lat'><strong>7.</strong></span> <span class='ocrx_word' id='word_1_504' title='bbox 3844 1803 3935 1869; x_wconf 83' lang='lat' dir='ltr'><strong>Et</strong></span> <span class='ocrx_word' id='word_1_505' title='bbox 3971 1805 4120 1887; x_wconf 78' lang='lat' dir='ltr'><strong>quis</strong></span> <span class='ocrx_word' id='word_1_506' title='bbox 4165 1812 4258 1873; x_wconf 78' lang='lat' dir='ltr'><strong>est</strong></span> <span class='ocrx_word' id='word_1_507' title='bbox 4306 1807 4413 1873; x_wconf 79' lang='lat' dir='ltr'><strong>vir</strong></span> 
     </span>
     <span class='ocr_line' id='line_1_72' title="bbox 2452 1888 4416 1971; baseline 0.003 -17"><span class='ocrx_word' id='word_1_508' title='bbox 2452 1889 2562 1971; x_wconf 77' lang='lat' dir='ltr'><strong>qui</strong></span> <span class='ocrx_word' id='word_1_509' title='bbox 2594 1888 2922 1971; x_wconf 64' lang='lat' dir='ltr'><strong>daepondit</strong></span> <span class='ocrx_word' id='word_1_510' title='bbox 2958 1888 3298 1967; x_wconf 63' lang='lat' dir='ltr'><strong>mulier-eon,</strong></span> <span class='ocrx_word' id='word_1_511' title='bbox 3343 1892 3399 1953; x_wconf 82' lang='lat' dir='ltr'><strong>et</strong></span> <span class='ocrx_word' id='word_1_512' title='bbox 3439 1908 3562 1954; x_wconf 77' lang='lat' dir='ltr'><strong>non</strong></span> <span class='ocrx_word' id='word_1_513' title='bbox 3605 1891 3838 1970; x_wconf 77' lang='lat' dir='ltr'><strong>accepit</strong></span> <span class='ocrx_word' id='word_1_514' title='bbox 3878 1891 4068 1955; x_wconf 78' lang='lat' dir='ltr'><strong>eam?</strong></span> <span class='ocrx_word' id='word_1_515' title='bbox 4145 1891 4324 1959; x_wconf 79' lang='lat' dir='ltr'><strong>abeat</strong></span> <span class='ocrx_word' id='word_1_516' title='bbox 4355 1897 4416 1960; x_wconf 77' lang='lat' dir='ltr'><strong>et</strong></span> 
     </span>
     <span class='ocr_line' id='line_1_73' title="bbox 2450 1973 4412 2059; baseline 0.002 -18"><span class='ocrx_word' id='word_1_517' title='bbox 2450 1979 2802 2041; x_wconf 71' lang='lat' dir='ltr'><strong>revertatur</strong></span> <span class='ocrx_word' id='word_1_518' title='bbox 2828 1973 2915 2040; x_wconf 80' lang='lat' dir='ltr'><strong>ad</strong></span> <span class='ocrx_word' id='word_1_519' title='bbox 2934 1974 3187 2040; x_wconf 79' lang='lat' dir='ltr'><strong>domum</strong></span> <span class='ocrx_word' id='word_1_520' title='bbox 3209 1993 3395 2039; x_wconf 70' lang='lat' dir='ltr'><strong>summ</strong></span> <span class='ocrx_word' id='word_1_521' title='bbox 3427 1993 3503 2039; x_wconf 79' lang='lat' dir='ltr'><strong>ne</strong></span> <span class='ocrx_word' id='word_1_522' title='bbox 3533 1973 3692 2057; x_wconf 78' lang='lat' dir='ltr'><strong>forte</strong></span> <span class='ocrx_word' id='word_1_523' title='bbox 3710 1976 4023 2041; x_wconf 77' lang='lat' dir='ltr'><strong>moriatur</strong></span> <span class='ocrx_word' id='word_1_524' title='bbox 4057 1976 4124 2041; x_wconf 78' lang='lat' dir='ltr'><strong>in</strong></span> <span class='ocrx_word' id='word_1_525' title='bbox 4145 1979 4412 2059; x_wconf 74' lang='lat' dir='ltr'><strong>proelia,</strong></span> 
     </span>
     <span class='ocr_line' id='line_1_74' title="bbox 2451 2059 4414 2146; baseline 0.003 -20"><span class='ocrx_word' id='word_1_526' title='bbox 2451 2065 2511 2126; x_wconf 80' lang='lat' dir='ltr'><strong>et</strong></span> <span class='ocrx_word' id='word_1_527' title='bbox 2567 2060 2738 2126; x_wconf 78' lang='lat' dir='ltr'><strong>alius</strong></span> <span class='ocrx_word' id='word_1_528' title='bbox 2790 2080 2928 2126; x_wconf 84' lang='lat' dir='ltr'><strong>eam</strong></span> <span class='ocrx_word' id='word_1_529' title='bbox 2988 2060 3275 2143; x_wconf 74' lang='lat' dir='ltr'><strong>accipiat.</strong></span> <span class='ocrx_word' id='word_1_530' title='bbox 3361 2059 3423 2125; x_wconf 88' lang='lat'><strong>8.</strong></span> <span class='ocrx_word' id='word_1_531' title='bbox 3506 2060 3760 2126; x_wconf 77' lang='lat' dir='ltr'><strong>Addent</strong></span> <span class='ocrx_word' id='word_1_532' title='bbox 3803 2061 4110 2144; x_wconf 69' lang='lat' dir='ltr'><strong>praefecti</strong></span> <span class='ocrx_word' id='word_1_533' title='bbox 4171 2064 4414 2146; x_wconf 76' lang='lat' dir='ltr'><strong>alloqui</strong></span> 
     </span>
     <span class='ocr_line' id='line_1_75' title="bbox 2438 2146 4414 2229; baseline 0.003 -18"><span class='ocrx_word' id='word_1_534' title='bbox 2438 2146 2779 2229; x_wconf 76' lang='lat' dir='ltr'><strong>populum,</strong></span> <span class='ocrx_word' id='word_1_535' title='bbox 2848 2146 3143 2216; x_wconf 75' lang='lat' dir='ltr'><strong>dicendo:</strong></span> <span class='ocrx_word' id='word_1_536' title='bbox 3211 2146 3370 2227; x_wconf 75' lang='lat' dir='ltr'><strong>Quis</strong></span> <span class='ocrx_word' id='word_1_537' title='bbox 3431 2150 3521 2212; x_wconf 74' lang='lat' dir='ltr'><strong>est</strong></span> <span class='ocrx_word' id='word_1_538' title='bbox 3584 2147 3688 2212; x_wconf 81' lang='lat' dir='ltr'><strong>vir</strong></span> <span class='ocrx_word' id='word_1_539' title='bbox 3749 2148 4014 2213; x_wconf 60' lang='lat' dir='ltr'><strong>timidus</strong></span> <span class='ocrx_word' id='word_1_540' title='bbox 4086 2153 4145 2213; x_wconf 81' lang='lat' dir='ltr'><strong>et</strong></span> <span class='ocrx_word' id='word_1_541' title='bbox 4204 2150 4414 2217; x_wconf 74' lang='lat' dir='ltr'><strong>mollis</strong></span> 
     </span>
     <span class='ocr_line' id='line_1_76' title="bbox 2451 2232 4412 2313; baseline 0.002 -15"><span class='ocrx_word' id='word_1_542' title='bbox 2451 2232 2678 2298; x_wconf 78' lang='lat' dir='ltr'><strong>corde?</strong></span> <span class='ocrx_word' id='word_1_543' title='bbox 2719 2232 2911 2313; x_wconf 76' lang='lat' dir='ltr'><strong>abeat,</strong></span> <span class='ocrx_word' id='word_1_544' title='bbox 2953 2236 3009 2296; x_wconf 76' lang='lat' dir='ltr'><strong>et</strong></span> <span class='ocrx_word' id='word_1_545' title='bbox 3049 2236 3392 2297; x_wconf 66' lang='lat' dir='ltr'><strong>revertatur</strong></span> <span class='ocrx_word' id='word_1_546' title='bbox 3434 2232 3520 2298; x_wconf 81' lang='lat' dir='ltr'><strong>ad</strong></span> <span class='ocrx_word' id='word_1_547' title='bbox 3551 2233 3803 2298; x_wconf 75' lang='lat' dir='ltr'><strong>domum</strong></span> <span class='ocrx_word' id='word_1_548' title='bbox 3840 2252 4042 2313; x_wconf 72' lang='lat' dir='ltr'><strong>suant,</strong></span> <span class='ocrx_word' id='word_1_549' title='bbox 4078 2254 4156 2300; x_wconf 79' lang='lat' dir='ltr'><strong>ne</strong></span> <span class='ocrx_word' id='word_1_550' title='bbox 4188 2236 4412 2302; x_wconf 79' lang='lat' dir='ltr'><strong>dissol-</strong></span> 
     </span>
     <span class='ocr_line' id='line_1_77' title="bbox 2449 2317 3876 2401; baseline 0 -17"><span class='ocrx_word' id='word_1_551' title='bbox 2449 2323 2637 2385; x_wconf 74' lang='lat' dir='ltr'><strong>vatur</strong></span> <span class='ocrx_word' id='word_1_552' title='bbox 2678 2337 2782 2385; x_wconf 80' lang='lat' dir='ltr'><strong>cor</strong></span> <span class='ocrx_word' id='word_1_553' title='bbox 2817 2317 3095 2401; x_wconf 74' lang='lat' dir='ltr'><strong>fratrum</strong></span> <span class='ocrx_word' id='word_1_554' title='bbox 3135 2317 3289 2398; x_wconf 74' lang='lat' dir='ltr'><strong>eius,</strong></span> <span class='ocrx_word' id='word_1_555' title='bbox 3331 2319 3495 2384; x_wconf 74' lang='lat' dir='ltr'><strong>sicut</strong></span> <span class='ocrx_word' id='word_1_556' title='bbox 3534 2337 3639 2384; x_wconf 82' lang='lat' dir='ltr'><strong>cor</strong></span> <span class='ocrx_word' id='word_1_557' title='bbox 3680 2318 3876 2385; x_wconf 78' lang='lat' dir='ltr'><strong>illius.</strong></span> 
     </span>
    </p>
   </div>
   <div class='ocr_carea' id='block_1_11' title="bbox 2430 2488 4413 5479">
    <p class='ocr_par' dir='ltr' id='par_1_13' title="bbox 2430 2488 4413 5413">
     <span class='ocr_line' id='line_1_78' title="bbox 2624 2488 4413 2575; baseline 0.001 -18"><span class='ocrx_word' id='word_1_558' title='bbox 2624 2489 2684 2557; x_wconf 83' lang='lat'><strong>5.</strong></span> <span class='ocrx_word' id='word_1_559' title='bbox 2758 2490 2962 2572; x_wconf 77' lang='lat' dir='ltr'><strong>Quum</strong></span> <span class='ocrx_word' id='word_1_560' title='bbox 3025 2488 3380 2556; x_wconf 74' lang='lat' dir='ltr'><strong>bellandum</strong></span> <span class='ocrx_word' id='word_1_561' title='bbox 3441 2490 3579 2556; x_wconf 79' lang='lat' dir='ltr'><strong>erit.</strong></span> <span class='ocrx_word' id='word_1_562' title='bbox 3666 2489 3814 2556; x_wconf 89' lang='lat' dir='ltr'><strong>Hoc</strong></span> <span class='ocrx_word' id='word_1_563' title='bbox 3856 2489 4251 2575; x_wconf 87' lang='lat' dir='ltr'><strong>principium</strong></span> <span class='ocrx_word' id='word_1_564' title='bbox 4299 2491 4413 2558; x_wconf 89' lang='lat' dir='ltr'><strong>ad-</strong></span> 
     </span>
     <span class='ocr_line' id='line_1_79' title="bbox 2451 2574 4411 2661; baseline 0.002 -19"><span class='ocrx_word' id='word_1_565' title='bbox 2451 2575 2606 2655; x_wconf 89' lang='lat' dir='ltr'><strong>didi,</strong></span> <span class='ocrx_word' id='word_1_566' title='bbox 2650 2586 2728 2641; x_wconf 91' lang='lat' dir='ltr'><strong>ut</strong></span> <span class='ocrx_word' id='word_1_567' title='bbox 2771 2576 3016 2641; x_wconf 87' lang='lat' dir='ltr'><strong>scirent</strong></span> <span class='ocrx_word' id='word_1_568' title='bbox 3058 2575 3334 2642; x_wconf 91' lang='lat' dir='ltr'><strong>lectores</strong></span> <span class='ocrx_word' id='word_1_569' title='bbox 3378 2596 3508 2659; x_wconf 91' lang='lat' dir='ltr'><strong>qua</strong></span> <span class='ocrx_word' id='word_1_570' title='bbox 3552 2574 3634 2640; x_wconf 93' lang='lat' dir='ltr'><strong>de</strong></span> <span class='ocrx_word' id='word_1_571' title='bbox 3678 2597 3750 2641; x_wconf 89' lang='lat' dir='ltr'><strong>re</strong></span> <span class='ocrx_word' id='word_1_572' title='bbox 3784 2575 3918 2641; x_wconf 89' lang='lat' dir='ltr'><strong>illic</strong></span> <span class='ocrx_word' id='word_1_573' title='bbox 3955 2586 4207 2661; x_wconf 87' lang='lat' dir='ltr'><strong>agatur.</strong></span> <span class='ocrx_word' id='word_1_574' title='bbox 4253 2578 4411 2645; x_wconf 86' lang='lat' dir='ltr'><strong>Etsi</strong></span> 
     </span>
     <span class='ocr_line' id='line_1_80' title="bbox 2450 2660 4412 2744; baseline 0.002 -16"><span class='ocrx_word' id='word_1_575' title='bbox 2450 2669 2672 2728; x_wconf 91' lang='lat' dir='ltr'><strong>autem</strong></span> <span class='ocrx_word' id='word_1_576' title='bbox 2724 2660 2991 2729; x_wconf 89' lang='lat' dir='ltr'><strong>videtur</strong></span> <span class='ocrx_word' id='word_1_577' title='bbox 3044 2660 3207 2727; x_wconf 87' lang='lat' dir='ltr'><strong>haec</strong></span> <span class='ocrx_word' id='word_1_578' title='bbox 3265 2661 3563 2728; x_wconf 88' lang='lat' dir='ltr'><strong>doctrina</strong></span> <span class='ocrx_word' id='word_1_579' title='bbox 3619 2661 3952 2744; x_wconf 88' lang='lat' dir='ltr'><strong>aliquanto</strong></span> <span class='ocrx_word' id='word_1_580' title='bbox 4013 2663 4327 2729; x_wconf 88' lang='lat' dir='ltr'><strong>remotior</strong></span> <span class='ocrx_word' id='word_1_581' title='bbox 4369 2685 4412 2731; x_wconf 90' lang='lat' dir='ltr'><strong>a</strong></span> 
     </span>
     <span class='ocr_line' id='line_1_81' title="bbox 2448 2746 4406 2831; baseline 0.002 -19"><span class='ocrx_word' id='word_1_582' title='bbox 2448 2746 2714 2815; x_wconf 85' lang='lat' dir='ltr'><strong>furandi</strong></span> <span class='ocrx_word' id='word_1_583' title='bbox 2758 2747 3224 2831; x_wconf 87' lang='lat' dir='ltr'><strong>prohibitione,</strong></span> <span class='ocrx_word' id='word_1_584' title='bbox 3268 2754 3418 2831; x_wconf 87' lang='lat' dir='ltr'><strong>apte</strong></span> <span class='ocrx_word' id='word_1_585' title='bbox 3463 2755 3685 2812; x_wconf 89' lang='lat' dir='ltr'><strong>tamen</strong></span> <span class='ocrx_word' id='word_1_586' title='bbox 3728 2747 4063 2826; x_wconf 88' lang='lat' dir='ltr'><strong>cohaeret,</strong></span> <span class='ocrx_word' id='word_1_587' title='bbox 4100 2767 4176 2815; x_wconf 89' lang='lat' dir='ltr'><strong>ac</strong></span> <span class='ocrx_word' id='word_1_588' title='bbox 4220 2769 4406 2831; x_wconf 89' lang='lat' dir='ltr'><strong>pror-</strong></span> 
     </span>
     <span class='ocr_line' id='line_1_82' title="bbox 2449 2832 4408 2917; baseline 0.001 -17"><span class='ocrx_word' id='word_1_589' title='bbox 2449 2855 2564 2900; x_wconf 90' lang='lat' dir='ltr'><strong>sus</strong></span> <span class='ocrx_word' id='word_1_590' title='bbox 2603 2854 2867 2900; x_wconf 90' lang='lat' dir='ltr'><strong>annexa</strong></span> <span class='ocrx_word' id='word_1_591' title='bbox 2901 2842 3019 2899; x_wconf 88' lang='lat' dir='ltr'><strong>est.</strong></span> <span class='ocrx_word' id='word_1_592' title='bbox 3086 2833 3258 2898; x_wconf 91' lang='lat' dir='ltr'><strong>Nam</strong></span> <span class='ocrx_word' id='word_1_593' title='bbox 3299 2832 3425 2899; x_wconf 89' lang='lat' dir='ltr'><strong>hac</strong></span> <span class='ocrx_word' id='word_1_594' title='bbox 3458 2832 3872 2917; x_wconf 89' lang='lat' dir='ltr'><strong>indulgentia</strong></span> <span class='ocrx_word' id='word_1_595' title='bbox 3900 2833 4186 2899; x_wconf 89' lang='lat' dir='ltr'><strong>ostendit</strong></span> <span class='ocrx_word' id='word_1_596' title='bbox 4221 2835 4408 2902; x_wconf 92' lang='lat' dir='ltr'><strong>Deus</strong></span> 
     </span>
     <span class='ocr_line' id='line_1_83' title="bbox 2449 2918 4409 3004; baseline 0.001 -18"><span class='ocrx_word' id='word_1_597' title='bbox 2449 2942 2647 3004; x_wconf 86' lang='lat' dir='ltr'><strong>quam</strong></span> <span class='ocrx_word' id='word_1_598' title='bbox 2691 2929 2948 2984; x_wconf 92' lang='lat' dir='ltr'><strong>rectum</strong></span> <span class='ocrx_word' id='word_1_599' title='bbox 3008 2918 3095 2983; x_wconf 90' lang='lat' dir='ltr'><strong>sit</strong></span> <span class='ocrx_word' id='word_1_600' title='bbox 3150 2939 3688 3002; x_wconf 90' lang='lat' dir='ltr'><strong>unumquemque</strong></span> <span class='ocrx_word' id='word_1_601' title='bbox 3738 2919 3878 2985; x_wconf 89' lang='lat' dir='ltr'><strong>suis</strong></span> <span class='ocrx_word' id='word_1_602' title='bbox 3930 2919 4116 2985; x_wconf 87' lang='lat' dir='ltr'><strong>bonis</strong></span> <span class='ocrx_word' id='word_1_603' title='bbox 4177 2930 4409 3003; x_wconf 88' lang='lat' dir='ltr'><strong>pacate</strong></span> 
     </span>
     <span class='ocr_line' id='line_1_84' title="bbox 2449 3003 4404 3088; baseline -0.001 -15"><span class='ocrx_word' id='word_1_604' title='bbox 2449 3007 2600 3073; x_wconf 86' lang='lat' dir='ltr'><strong>frui.</strong></span> <span class='ocrx_word' id='word_1_605' title='bbox 2691 3005 2866 3088; x_wconf 77' lang='lat' dir='ltr'><strong>Quia</strong></span> <span class='ocrx_word' id='word_1_606' title='bbox 2909 3005 2966 3070; x_wconf 95' lang='lat' dir='ltr'><strong>si</strong></span> <span class='ocrx_word' id='word_1_607' title='bbox 3010 3003 3251 3069; x_wconf 84' lang='lat' dir='ltr'><strong>durum</strong></span> <span class='ocrx_word' id='word_1_608' title='bbox 3295 3014 3429 3086; x_wconf 90' lang='lat' dir='ltr'><strong>est,</strong></span> <span class='ocrx_word' id='word_1_609' title='bbox 3472 3004 3672 3069; x_wconf 90' lang='lat' dir='ltr'><strong>etiam</strong></span> <span class='ocrx_word' id='word_1_610' title='bbox 3716 3004 3800 3070; x_wconf 90' lang='lat' dir='ltr'><strong>ob</strong></span> <span class='ocrx_word' id='word_1_611' title='bbox 3843 3004 4147 3070; x_wconf 88' lang='lat' dir='ltr'><strong>militiam</strong></span> <span class='ocrx_word' id='word_1_612' title='bbox 4192 3006 4404 3073; x_wconf 91' lang='lat' dir='ltr'><strong>homi-</strong></span> 
     </span>
     <span class='ocr_line' id='line_1_85' title="bbox 2449 3090 4404 3176; baseline 0.001 -17"><span class='ocrx_word' id='word_1_613' title='bbox 2449 3114 2567 3160; x_wconf 91' lang='lat' dir='ltr'><strong>nes</strong></span> <span class='ocrx_word' id='word_1_614' title='bbox 2593 3093 2841 3176; x_wconf 88' lang='lat' dir='ltr'><strong>privari</strong></span> <span class='ocrx_word' id='word_1_615' title='bbox 2862 3110 3187 3158; x_wconf 90' lang='lat' dir='ltr'><strong>novarum</strong></span> <span class='ocrx_word' id='word_1_616' title='bbox 3216 3090 3476 3158; x_wconf 88' lang='lat' dir='ltr'><strong>aedium</strong></span> <span class='ocrx_word' id='word_1_617' title='bbox 3503 3111 3647 3170; x_wconf 91' lang='lat' dir='ltr'><strong>usu,</strong></span> <span class='ocrx_word' id='word_1_618' title='bbox 3684 3110 3760 3156; x_wconf 89' lang='lat' dir='ltr'><strong>ac</strong></span> <span class='ocrx_word' id='word_1_619' title='bbox 3783 3102 4107 3175; x_wconf 89' lang='lat' dir='ltr'><strong>proventu</strong></span> <span class='ocrx_word' id='word_1_620' title='bbox 4146 3092 4404 3175; x_wconf 88' lang='lat' dir='ltr'><strong>vineae,</strong></span> 
     </span>
     <span class='ocr_line' id='line_1_86' title="bbox 2448 3176 4406 3263; baseline 0.001 -18"><span class='ocrx_word' id='word_1_621' title='bbox 2448 3186 2696 3263; x_wconf 90' lang='lat' dir='ltr'><strong>quanto</strong></span> <span class='ocrx_word' id='word_1_622' title='bbox 2753 3176 3186 3244; x_wconf 88' lang='lat' dir='ltr'><strong>inhumanius</strong></span> <span class='ocrx_word' id='word_1_623' title='bbox 3243 3198 3318 3244; x_wconf 89' lang='lat' dir='ltr'><strong>ac</strong></span> <span class='ocrx_word' id='word_1_624' title='bbox 3374 3177 3598 3242; x_wconf 90' lang='lat' dir='ltr'><strong>minus</strong></span> <span class='ocrx_word' id='word_1_625' title='bbox 3653 3176 3995 3243; x_wconf 86' lang='lat' dir='ltr'><strong>ferendum</strong></span> <span class='ocrx_word' id='word_1_626' title='bbox 4039 3178 4198 3259; x_wconf 89' lang='lat' dir='ltr'><strong>erit,</strong></span> <span class='ocrx_word' id='word_1_627' title='bbox 4254 3198 4406 3262; x_wconf 89' lang='lat' dir='ltr'><strong>spo-</strong></span> 
     </span>
     <span class='ocr_line' id='line_1_87' title="bbox 2446 3262 4406 3348; baseline 0 -18"><span class='ocrx_word' id='word_1_628' title='bbox 2446 3265 2593 3331; x_wconf 89' lang='lat' dir='ltr'><strong>liari</strong></span> <span class='ocrx_word' id='word_1_629' title='bbox 2659 3264 2975 3341; x_wconf 89' lang='lat' dir='ltr'><strong>fortunis,</strong></span> <span class='ocrx_word' id='word_1_630' title='bbox 3043 3262 3149 3329; x_wconf 93' lang='lat' dir='ltr'><strong>vel</strong></span> <span class='ocrx_word' id='word_1_631' title='bbox 3215 3284 3298 3328; x_wconf 87' lang='lat' dir='ltr'><strong>ex</strong></span> <span class='ocrx_word' id='word_1_632' title='bbox 3365 3263 3542 3348; x_wconf 90' lang='lat' dir='ltr'><strong>agris</strong></span> <span class='ocrx_word' id='word_1_633' title='bbox 3606 3282 3768 3345; x_wconf 86' lang='lat' dir='ltr'><strong>quos</strong></span> <span class='ocrx_word' id='word_1_634' title='bbox 3831 3262 4002 3329; x_wconf 92' lang='lat' dir='ltr'><strong>iuste</strong></span> <span class='ocrx_word' id='word_1_635' title='bbox 4066 3262 4406 3346; x_wconf 89' lang='lat' dir='ltr'><strong>possident</strong></span> 
     </span>
     <span class='ocr_line' id='line_1_88' title="bbox 2448 3348 4404 3433; baseline 0 -16"><span class='ocrx_word' id='word_1_636' title='bbox 2448 3350 2756 3417; x_wconf 80' lang='lat' dir='ltr'><strong>extrudi?</strong></span> <span class='ocrx_word' id='word_1_637' title='bbox 2847 3350 3027 3433; x_wconf 83' lang='lat' dir='ltr'><strong>Ergo</strong></span> <span class='ocrx_word' id='word_1_638' title='bbox 3063 3350 3367 3433; x_wconf 88' lang='lat' dir='ltr'><strong>quoniam</strong></span> <span class='ocrx_word' id='word_1_639' title='bbox 3406 3348 3801 3431; x_wconf 90' lang='lat' dir='ltr'><strong>reipublicae</strong></span> <span class='ocrx_word' id='word_1_640' title='bbox 3842 3349 4134 3428; x_wconf 89' lang='lat' dir='ltr'><strong>interest,</strong></span> <span class='ocrx_word' id='word_1_641' title='bbox 4174 3350 4404 3417; x_wconf 88' lang='lat' dir='ltr'><strong>vineas</strong></span> 
     </span>
     <span class='ocr_line' id='line_1_89' title="bbox 2447 3433 4404 3519; baseline -0.001 -16"><span class='ocrx_word' id='word_1_642' title='bbox 2447 3438 2579 3506; x_wconf 85' lang='lat' dir='ltr'><strong>seri</strong></span> <span class='ocrx_word' id='word_1_643' title='bbox 2631 3437 2739 3503; x_wconf 93' lang='lat' dir='ltr'><strong>vel</strong></span> <span class='ocrx_word' id='word_1_644' title='bbox 2781 3435 3086 3519; x_wconf 82' lang='lat' dir='ltr'><strong>plantari,</strong></span> <span class='ocrx_word' id='word_1_645' title='bbox 3132 3433 3486 3518; x_wconf 91' lang='lat' dir='ltr'><strong>domosque</strong></span> <span class='ocrx_word' id='word_1_646' title='bbox 3530 3434 3816 3502; x_wconf 88' lang='lat' dir='ltr'><strong>exstrui:</strong></span> <span class='ocrx_word' id='word_1_647' title='bbox 3861 3434 3945 3499; x_wconf 91' lang='lat' dir='ltr'><strong>ad</strong></span> <span class='ocrx_word' id='word_1_648' title='bbox 3974 3434 4137 3502; x_wconf 90' lang='lat' dir='ltr'><strong>haec</strong></span> <span class='ocrx_word' id='word_1_649' title='bbox 4181 3444 4404 3502; x_wconf 91' lang='lat' dir='ltr'><strong>autem</strong></span> 
     </span>
     <span class='ocr_line' id='line_1_90' title="bbox 2445 3520 4403 3607; baseline -0.001 -18"><span class='ocrx_word' id='word_1_650' title='bbox 2445 3523 2660 3589; x_wconf 87' lang='lat' dir='ltr'><strong>officia</strong></span> <span class='ocrx_word' id='word_1_651' title='bbox 2715 3543 2907 3588; x_wconf 92' lang='lat' dir='ltr'><strong>nemo</strong></span> <span class='ocrx_word' id='word_1_652' title='bbox 2961 3521 3119 3588; x_wconf 90' lang='lat' dir='ltr'><strong>satis</strong></span> <span class='ocrx_word' id='word_1_653' title='bbox 3178 3520 3483 3600; x_wconf 73' lang='lat' dir='ltr'><strong>alacriter</strong></span> <span class='ocrx_word' id='word_1_654' title='bbox 3528 3540 3601 3586; x_wconf 94' lang='lat' dir='ltr'><strong>se</strong></span> <span class='ocrx_word' id='word_1_655' title='bbox 3655 3521 4058 3607; x_wconf 79' lang='lat' dir='ltr'><strong>accingeret,</strong></span> <span class='ocrx_word' id='word_1_656' title='bbox 4114 3522 4241 3586; x_wconf 93' lang='lat' dir='ltr'><strong>nisi</strong></span> <span class='ocrx_word' id='word_1_657' title='bbox 4285 3542 4403 3606; x_wconf 90' lang='lat' dir='ltr'><strong>spe</strong></span> 
     </span>
     <span class='ocr_line' id='line_1_91' title="bbox 2445 3605 4401 3691; baseline 0 -18"><span class='ocrx_word' id='word_1_658' title='bbox 2445 3608 2705 3675; x_wconf 87' lang='lat' dir='ltr'><strong>fruendi</strong></span> <span class='ocrx_word' id='word_1_659' title='bbox 2784 3609 3214 3673; x_wconf 89' lang='lat' dir='ltr'><strong>animaretur:</strong></span> <span class='ocrx_word' id='word_1_660' title='bbox 3295 3605 3642 3691; x_wconf 88' lang='lat' dir='ltr'><strong>privilegio</strong></span> <span class='ocrx_word' id='word_1_661' title='bbox 3711 3605 3899 3673; x_wconf 89' lang='lat' dir='ltr'><strong>Deus</strong></span> <span class='ocrx_word' id='word_1_662' title='bbox 3974 3626 4018 3670; x_wconf 88' lang='lat' dir='ltr'><strong>a</strong></span> <span class='ocrx_word' id='word_1_663' title='bbox 4095 3609 4401 3673; x_wconf 90' lang='lat' dir='ltr'><strong>conflictu</strong></span> 
     </span>
     <span class='ocr_line' id='line_1_92' title="bbox 2445 3689 4403 3775; baseline 0 -15"><span class='ocrx_word' id='word_1_664' title='bbox 2445 3694 2680 3760; x_wconf 84' lang='lat' dir='ltr'><strong>eximit</strong></span> <span class='ocrx_word' id='word_1_665' title='bbox 2721 3714 3046 3760; x_wconf 90' lang='lat' dir='ltr'><strong>novarum</strong></span> <span class='ocrx_word' id='word_1_666' title='bbox 3091 3691 3351 3758; x_wconf 91' lang='lat' dir='ltr'><strong>aedium</strong></span> <span class='ocrx_word' id='word_1_667' title='bbox 3401 3689 3736 3771; x_wconf 89' lang='lat' dir='ltr'><strong>dominos,</strong></span> <span class='ocrx_word' id='word_1_668' title='bbox 3781 3713 4115 3775; x_wconf 90' lang='lat' dir='ltr'><strong>quousque</strong></span> <span class='ocrx_word' id='word_1_669' title='bbox 4155 3693 4227 3757; x_wconf 93' lang='lat' dir='ltr'><strong>in</strong></span> <span class='ocrx_word' id='word_1_670' title='bbox 4270 3694 4403 3760; x_wconf 90' lang='lat' dir='ltr'><strong>illis</strong></span> 
     </span>
     <span class='ocr_line' id='line_1_93' title="bbox 2446 3775 4402 3863; baseline 0 -18"><span class='ocrx_word' id='word_1_671' title='bbox 2446 3780 2908 3848; x_wconf 88' lang='lat' dir='ltr'><strong>habitaverint.</strong></span> <span class='ocrx_word' id='word_1_672' title='bbox 2994 3777 3184 3844; x_wconf 90' lang='lat' dir='ltr'><strong>Idem</strong></span> <span class='ocrx_word' id='word_1_673' title='bbox 3243 3788 3310 3843; x_wconf 93' lang='lat' dir='ltr'><strong>et</strong></span> <span class='ocrx_word' id='word_1_674' title='bbox 3366 3775 3449 3842; x_wconf 91' lang='lat' dir='ltr'><strong>de</strong></span> <span class='ocrx_word' id='word_1_675' title='bbox 3505 3777 3892 3844; x_wconf 82' lang='lat' dir='ltr'><strong>vinitoribus</strong></span> <span class='ocrx_word' id='word_1_676' title='bbox 3950 3779 4223 3858; x_wconf 88' lang='lat' dir='ltr'><strong>statuit,</strong></span> <span class='ocrx_word' id='word_1_677' title='bbox 4289 3781 4402 3863; x_wconf 90' lang='lat' dir='ltr'><strong>qui</strong></span> 
     </span>
     <span class='ocr_line' id='line_1_94' title="bbox 2443 3863 4400 3950; baseline -0.001 -18"><span class='ocrx_word' id='word_1_678' title='bbox 2443 3866 2739 3932; x_wconf 91' lang='lat' dir='ltr'><strong>nondum</strong></span> <span class='ocrx_word' id='word_1_679' title='bbox 2815 3872 3170 3950; x_wconf 88' lang='lat' dir='ltr'><strong>gustarunt</strong></span> <span class='ocrx_word' id='word_1_680' title='bbox 3245 3863 3491 3930; x_wconf 89' lang='lat' dir='ltr'><strong>laboris</strong></span> <span class='ocrx_word' id='word_1_681' title='bbox 3556 3863 3663 3929; x_wconf 93' lang='lat' dir='ltr'><strong>sui</strong></span> <span class='ocrx_word' id='word_1_682' title='bbox 3731 3864 4046 3942; x_wconf 84' lang='lat' dir='ltr'><strong>fructum,</strong></span> <span class='ocrx_word' id='word_1_683' title='bbox 4125 3885 4400 3948; x_wconf 88' lang='lat' dir='ltr'><strong>sponsos</strong></span> 
     </span>
     <span class='ocr_line' id='line_1_95' title="bbox 2444 3948 4399 4029; baseline -0.001 -11"><span class='ocrx_word' id='word_1_684' title='bbox 2444 3952 2645 4019; x_wconf 89' lang='lat' dir='ltr'><strong>etiam</strong></span> <span class='ocrx_word' id='word_1_685' title='bbox 2705 3972 2837 4017; x_wconf 90' lang='lat' dir='ltr'><strong>non</strong></span> <span class='ocrx_word' id='word_1_686' title='bbox 2897 3950 3044 4016; x_wconf 90' lang='lat' dir='ltr'><strong>vult</strong></span> <span class='ocrx_word' id='word_1_687' title='bbox 3098 3969 3139 4014; x_wconf 90' lang='lat' dir='ltr'><strong>a</strong></span> <span class='ocrx_word' id='word_1_688' title='bbox 3200 3949 3448 4015; x_wconf 85' lang='lat' dir='ltr'><strong>futuris</strong></span> <span class='ocrx_word' id='word_1_689' title='bbox 3513 3948 3829 4015; x_wconf 87' lang='lat' dir='ltr'><strong>uxoribus</strong></span> <span class='ocrx_word' id='word_1_690' title='bbox 3894 3949 4122 4029; x_wconf 87' lang='lat' dir='ltr'><strong>avelli,</strong></span> <span class='ocrx_word' id='word_1_691' title='bbox 4191 3949 4399 4016; x_wconf 91' lang='lat' dir='ltr'><strong>donec</strong></span> 
     </span>
     <span class='ocr_line' id='line_1_96' title="bbox 2443 4033 4398 4121; baseline -0.001 -17"><span class='ocrx_word' id='word_1_692' title='bbox 2443 4058 2672 4104; x_wconf 90' lang='lat' dir='ltr'><strong>earum</strong></span> <span class='ocrx_word' id='word_1_693' title='bbox 2714 4037 3059 4121; x_wconf 89' lang='lat' dir='ltr'><strong>complexu</strong></span> <span class='ocrx_word' id='word_1_694' title='bbox 3102 4036 3295 4119; x_wconf 92' lang='lat' dir='ltr'><strong>potiti</strong></span> <span class='ocrx_word' id='word_1_695' title='bbox 3338 4036 3493 4101; x_wconf 88' lang='lat' dir='ltr'><strong>sint.</strong></span> <span class='ocrx_word' id='word_1_696' title='bbox 3561 4034 3800 4115; x_wconf 77' lang='lat' dir='ltr'><strong>Quarti</strong></span> <span class='ocrx_word' id='word_1_697' title='bbox 3844 4033 4092 4101; x_wconf 88' lang='lat' dir='ltr'><strong>ordinis</strong></span> <span class='ocrx_word' id='word_1_698' title='bbox 4136 4034 4398 4103; x_wconf 85' lang='lat' dir='ltr'><strong>diversa</strong></span> 
     </span>
     <span class='ocr_line' id='line_1_97' title="bbox 2441 4120 4394 4208; baseline -0.001 -18"><span class='ocrx_word' id='word_1_699' title='bbox 2441 4124 2640 4205; x_wconf 87' lang='lat' dir='ltr'><strong>ratio,</strong></span> <span class='ocrx_word' id='word_1_700' title='bbox 2696 4125 2849 4208; x_wconf 89' lang='lat' dir='ltr'><strong>quia</strong></span> <span class='ocrx_word' id='word_1_701' title='bbox 2905 4121 3163 4206; x_wconf 91' lang='lat' dir='ltr'><strong>indigni</strong></span> <span class='ocrx_word' id='word_1_702' title='bbox 3219 4129 3378 4188; x_wconf 88' lang='lat' dir='ltr'><strong>sunt</strong></span> <span class='ocrx_word' id='word_1_703' title='bbox 3430 4120 3661 4186; x_wconf 89' lang='lat' dir='ltr'><strong>molles</strong></span> <span class='ocrx_word' id='word_1_704' title='bbox 3713 4131 3781 4187; x_wconf 89' lang='lat' dir='ltr'><strong>et</strong></span> <span class='ocrx_word' id='word_1_705' title='bbox 3834 4121 4061 4206; x_wconf 89' lang='lat' dir='ltr'><strong>ignavi</strong></span> <span class='ocrx_word' id='word_1_706' title='bbox 4119 4142 4394 4204; x_wconf 88' lang='lat' dir='ltr'><strong>quorum</strong></span> 
     </span>
     <span class='ocr_line' id='line_1_98' title="bbox 2443 4206 4398 4291; baseline -0.001 -15"><span class='ocrx_word' id='word_1_707' title='bbox 2443 4209 2780 4276; x_wconf 88' lang='lat' dir='ltr'><strong>timiditati</strong></span> <span class='ocrx_word' id='word_1_708' title='bbox 2823 4209 3177 4274; x_wconf 88' lang='lat' dir='ltr'><strong>subveniat</strong></span> <span class='ocrx_word' id='word_1_709' title='bbox 3218 4206 3436 4286; x_wconf 91' lang='lat' dir='ltr'><strong>Deus,</strong></span> <span class='ocrx_word' id='word_1_710' title='bbox 3479 4206 3593 4272; x_wconf 92' lang='lat' dir='ltr'><strong>ubi</strong></span> <span class='ocrx_word' id='word_1_711' title='bbox 3638 4206 3990 4272; x_wconf 88' lang='lat' dir='ltr'><strong>discrimen</strong></span> <span class='ocrx_word' id='word_1_712' title='bbox 4033 4226 4152 4291; x_wconf 92' lang='lat' dir='ltr'><strong>pro</strong></span> <span class='ocrx_word' id='word_1_713' title='bbox 4186 4210 4398 4274; x_wconf 89' lang='lat' dir='ltr'><strong>salute</strong></span> 
     </span>
     <span class='ocr_line' id='line_1_99' title="bbox 2442 4291 4399 4380; baseline -0.002 -17"><span class='ocrx_word' id='word_1_714' title='bbox 2442 4295 2774 4363; x_wconf 88' lang='lat' dir='ltr'><strong>communi</strong></span> <span class='ocrx_word' id='word_1_715' title='bbox 2795 4294 3151 4380; x_wconf 88' lang='lat' dir='ltr'><strong>refugiunt.</strong></span> <span class='ocrx_word' id='word_1_716' title='bbox 3208 4293 3463 4360; x_wconf 87' lang='lat' dir='ltr'><strong>Verum</strong></span> <span class='ocrx_word' id='word_1_717' title='bbox 3493 4291 3647 4376; x_wconf 89' lang='lat' dir='ltr'><strong>quia</strong></span> <span class='ocrx_word' id='word_1_718' title='bbox 3689 4295 3889 4358; x_wconf 87' lang='lat' dir='ltr'><strong>totius</strong></span> <span class='ocrx_word' id='word_1_719' title='bbox 3978 4293 4156 4377; x_wconf 92' lang='lat' dir='ltr'><strong>opuli</strong></span> <span class='ocrx_word' id='word_1_720' title='bbox 4198 4295 4399 4360; x_wconf 85' lang='lat' dir='ltr'><strong>inter-</strong></span> 
     </span>
     <span class='ocr_line' id='line_1_100' title="bbox 2441 4315 4395 4464; baseline -0.002 -16"><span class='ocrx_word' id='word_1_721' title='bbox 2441 4390 2575 4461; x_wconf 91' lang='lat' dir='ltr'><strong>est,</strong></span> <span class='ocrx_word' id='word_1_722' title='bbox 2653 4381 2894 4447; x_wconf 90' lang='lat' dir='ltr'><strong>milites</strong></span> <span class='ocrx_word' id='word_1_723' title='bbox 2965 4400 3195 4446; x_wconf 90' lang='lat' dir='ltr'><strong>omnes</strong></span> <span class='ocrx_word' id='word_1_724' title='bbox 3251 4391 3553 4464; x_wconf 87' lang='lat' dir='ltr'><strong>prompto</strong></span> <span class='ocrx_word' id='word_1_725' title='bbox 3612 4379 3830 4444; x_wconf 89' lang='lat' dir='ltr'><strong>animo</strong></span> <span class='ocrx_word' id='word_1_726' title='bbox 3880 4315 3976 4443; x_wconf 52' lang='lat' dir='ltr'><strong>ad)</strong></span> <span class='ocrx_word' id='word_1_727' title='bbox 4017 4377 4395 4446; x_wconf 89' lang='lat' dir='ltr'><strong>bellandum</strong></span> 
     </span>
     <span class='ocr_line' id='line_1_101' title="bbox 2441 4464 4398 4551; baseline -0.001 -18"><span class='ocrx_word' id='word_1_728' title='bbox 2441 4467 2862 4547; x_wconf 89' lang='lat' dir='ltr'><strong>descendere,</strong></span> <span class='ocrx_word' id='word_1_729' title='bbox 2919 4487 3051 4532; x_wconf 93' lang='lat' dir='ltr'><strong>non</strong></span> <span class='ocrx_word' id='word_1_730' title='bbox 3105 4465 3255 4532; x_wconf 89' lang='lat' dir='ltr'><strong>vult</strong></span> <span class='ocrx_word' id='word_1_731' title='bbox 3312 4464 3500 4531; x_wconf 91' lang='lat' dir='ltr'><strong>Deus</strong></span> <span class='ocrx_word' id='word_1_732' title='bbox 3556 4464 3706 4548; x_wconf 89' lang='lat' dir='ltr'><strong>plus</strong></span> <span class='ocrx_word' id='word_1_733' title='bbox 3762 4485 3802 4529; x_wconf 90' lang='lat' dir='ltr'><strong>a</strong></span> <span class='ocrx_word' id='word_1_734' title='bbox 3844 4478 4171 4549; x_wconf 89' lang='lat' dir='ltr'><strong>quoquam</strong></span> <span class='ocrx_word' id='word_1_735' title='bbox 4216 4466 4398 4551; x_wconf 89' lang='lat' dir='ltr'><strong>exigi</strong></span> 
     </span>
     <span class='ocr_line' id='line_1_102' title="bbox 2439 4550 4395 4638; baseline -0.001 -19"><span class='ocrx_word' id='word_1_736' title='bbox 2439 4575 2635 4638; x_wconf 90' lang='lat' dir='ltr'><strong>quam</strong></span> <span class='ocrx_word' id='word_1_737' title='bbox 2692 4556 2779 4620; x_wconf 89' lang='lat' dir='ltr'><strong>sit</strong></span> <span class='ocrx_word' id='word_1_738' title='bbox 2831 4551 3119 4618; x_wconf 85' lang='lat' dir='ltr'><strong>ferendo.</strong></span> <span class='ocrx_word' id='word_1_739' title='bbox 3207 4550 3404 4618; x_wconf 90' lang='lat' dir='ltr'><strong>Nunc</strong></span> <span class='ocrx_word' id='word_1_740' title='bbox 3461 4559 3762 4616; x_wconf 88' lang='lat' dir='ltr'><strong>tenemus</strong></span> <span class='ocrx_word' id='word_1_741' title='bbox 3809 4571 4134 4617; x_wconf 89' lang='lat' dir='ltr'><strong>summam</strong></span> <span class='ocrx_word' id='word_1_742' title='bbox 4199 4551 4395 4618; x_wconf 90' lang='lat' dir='ltr'><strong>huius</strong></span> 
     </span>
     <span class='ocr_line' id='line_1_103' title="bbox 2435 4634 4394 4724; baseline -0.002 -19"><span class='ocrx_word' id='word_1_743' title='bbox 2435 4640 2598 4719; x_wconf 90' lang='lat' dir='ltr'><strong>loci,</strong></span> <span class='ocrx_word' id='word_1_744' title='bbox 2656 4658 2896 4724; x_wconf 91' lang='lat' dir='ltr'><strong>nempe</strong></span> <span class='ocrx_word' id='word_1_745' title='bbox 2960 4638 3074 4704; x_wconf 92' lang='lat' dir='ltr'><strong>ubi</strong></span> <span class='ocrx_word' id='word_1_746' title='bbox 3132 4635 3412 4720; x_wconf 88' lang='lat' dir='ltr'><strong>singulis</strong></span> <span class='ocrx_word' id='word_1_747' title='bbox 3463 4636 3780 4702; x_wconf 88' lang='lat' dir='ltr'><strong>asseritur</strong></span> <span class='ocrx_word' id='word_1_748' title='bbox 3823 4637 3996 4720; x_wconf 89' lang='lat' dir='ltr'><strong>quod</strong></span> <span class='ocrx_word' id='word_1_749' title='bbox 4041 4634 4394 4720; x_wconf 90' lang='lat' dir='ltr'><strong>possident,</strong></span> 
     </span>
     <span class='ocr_line' id='line_1_104' title="bbox 2437 4721 4391 4810; baseline -0.003 -17"><span class='ocrx_word' id='word_1_750' title='bbox 2437 4746 2721 4810; x_wconf 89' lang='lat' dir='ltr'><strong>eousque</strong></span> <span class='ocrx_word' id='word_1_751' title='bbox 2772 4733 2998 4809; x_wconf 90' lang='lat' dir='ltr'><strong>patere</strong></span> <span class='ocrx_word' id='word_1_752' title='bbox 3042 4730 3117 4789; x_wconf 90' lang='lat' dir='ltr'><strong>ut</strong></span> <span class='ocrx_word' id='word_1_753' title='bbox 3168 4725 3280 4807; x_wconf 90' lang='lat' dir='ltr'><strong>qui</strong></span> <span class='ocrx_word' id='word_1_754' title='bbox 3325 4722 3593 4788; x_wconf 91' lang='lat' dir='ltr'><strong>domum</strong></span> <span class='ocrx_word' id='word_1_755' title='bbox 3653 4721 4028 4790; x_wconf 88' lang='lat' dir='ltr'><strong>aedificavit</strong></span> <span class='ocrx_word' id='word_1_756' title='bbox 4076 4744 4205 4788; x_wconf 91' lang='lat' dir='ltr'><strong>non</strong></span> <span class='ocrx_word' id='word_1_757' title='bbox 4258 4732 4391 4787; x_wconf 88' lang='lat' dir='ltr'><strong>tra-</strong></span> 
     </span>
     <span class='ocr_line' id='line_1_105' title="bbox 2437 4807 4394 4893; baseline -0.002 -14"><span class='ocrx_word' id='word_1_758' title='bbox 2437 4812 2636 4880; x_wconf 89' lang='lat' dir='ltr'><strong>hatur</strong></span> <span class='ocrx_word' id='word_1_759' title='bbox 2699 4812 2951 4878; x_wconf 90' lang='lat' dir='ltr'><strong>invitus</strong></span> <span class='ocrx_word' id='word_1_760' title='bbox 3021 4809 3105 4875; x_wconf 91' lang='lat' dir='ltr'><strong>ad</strong></span> <span class='ocrx_word' id='word_1_761' title='bbox 3171 4807 3523 4893; x_wconf 90' lang='lat' dir='ltr'><strong>proelium,</strong></span> <span class='ocrx_word' id='word_1_762' title='bbox 3604 4807 3813 4874; x_wconf 91' lang='lat' dir='ltr'><strong>donec</strong></span> <span class='ocrx_word' id='word_1_763' title='bbox 3877 4829 3961 4873; x_wconf 92' lang='lat' dir='ltr'><strong>ex</strong></span> <span class='ocrx_word' id='word_1_764' title='bbox 4026 4809 4394 4891; x_wconf 88' lang='lat' dir='ltr'><strong>sumptibus</strong></span> 
     </span>
     <span class='ocr_line' id='line_1_106' title="bbox 2434 4892 4390 4982; baseline -0.002 -18"><span class='ocrx_word' id='word_1_765' title='bbox 2434 4898 2750 4982; x_wconf 91' lang='lat' dir='ltr'><strong>impensis</strong></span> <span class='ocrx_word' id='word_1_766' title='bbox 2829 4896 3128 4963; x_wconf 85' lang='lat' dir='ltr'><strong>fructum</strong></span> <span class='ocrx_word' id='word_1_767' title='bbox 3205 4893 3488 4978; x_wconf 90' lang='lat' dir='ltr'><strong>aliquem</strong></span> <span class='ocrx_word' id='word_1_768' title='bbox 3567 4892 3927 4961; x_wconf 90' lang='lat' dir='ltr'><strong>habitando</strong></span> <span class='ocrx_word' id='word_1_769' title='bbox 4008 4895 4390 4977; x_wconf 89' lang='lat' dir='ltr'><strong>perceperit.</strong></span> 
     </span>
     <span class='ocr_line' id='line_1_107' title="bbox 2433 4979 4390 5064; baseline -0.002 -15"><span class='ocrx_word' id='word_1_770' title='bbox 2433 4985 2716 5050; x_wconf 86' lang='lat' dir='ltr'><strong>Vineam</strong></span> <span class='ocrx_word' id='word_1_771' title='bbox 2746 5001 3160 5051; x_wconf 89' lang='lat' dir='ltr'><strong>communem</strong></span> <span class='ocrx_word' id='word_1_772' title='bbox 3187 4980 3418 5060; x_wconf 84' lang='lat' dir='ltr'><strong>facere,</strong></span> <span class='ocrx_word' id='word_1_773' title='bbox 3453 4980 3560 5046; x_wconf 94' lang='lat' dir='ltr'><strong>vel</strong></span> <span class='ocrx_word' id='word_1_774' title='bbox 3596 4981 3961 5064; x_wconf 88' lang='lat' dir='ltr'><strong>profanare,</strong></span> <span class='ocrx_word' id='word_1_775' title='bbox 3997 4979 4390 5045; x_wconf 88' lang='lat' dir='ltr'><strong>tantundem</strong></span> 
     </span>
     <span class='ocr_line' id='line_1_108' title="bbox 2432 5065 4390 5137; baseline -0.002 -1"><span class='ocrx_word' id='word_1_776' title='bbox 2432 5069 2614 5136; x_wconf 90' lang='lat' dir='ltr'><strong>valet</strong></span> <span class='ocrx_word' id='word_1_777' title='bbox 2690 5090 2767 5137; x_wconf 92' lang='lat' dir='ltr'><strong>ac</strong></span> <span class='ocrx_word' id='word_1_778' title='bbox 2847 5066 3216 5135; x_wconf 90' lang='lat' dir='ltr'><strong>vindemias</strong></span> <span class='ocrx_word' id='word_1_779' title='bbox 3279 5075 3540 5132; x_wconf 90' lang='lat' dir='ltr'><strong>vertere</strong></span> <span class='ocrx_word' id='word_1_780' title='bbox 3596 5068 3667 5132; x_wconf 91' lang='lat' dir='ltr'><strong>in</strong></span> <span class='ocrx_word' id='word_1_781' title='bbox 3734 5085 4146 5133; x_wconf 89' lang='lat' dir='ltr'><strong>communem</strong></span> <span class='ocrx_word' id='word_1_782' title='bbox 4210 5065 4390 5132; x_wconf 87' lang='lat' dir='ltr'><strong>vitae</strong></span> 
     </span>
     <span class='ocr_line' id='line_1_109' title="bbox 2432 5150 4389 5240; baseline -0.002 -19"><span class='ocrx_word' id='word_1_783' title='bbox 2432 5177 2657 5234; x_wconf 85' lang='lat' dir='ltr'><strong>usum,</strong></span> <span class='ocrx_word' id='word_1_784' title='bbox 2722 5177 2936 5240; x_wconf 91' lang='lat' dir='ltr'><strong>neque</strong></span> <span class='ocrx_word' id='word_1_785' title='bbox 2990 5154 3166 5220; x_wconf 93' lang='lat' dir='ltr'><strong>enim</strong></span> <span class='ocrx_word' id='word_1_786' title='bbox 3220 5152 3408 5219; x_wconf 89' lang='lat' dir='ltr'><strong>licuit</strong></span> <span class='ocrx_word' id='word_1_787' title='bbox 3460 5152 3709 5237; x_wconf 90' lang='lat' dir='ltr'><strong>primos</strong></span> <span class='ocrx_word' id='word_1_788' title='bbox 3766 5152 4019 5217; x_wconf 86' lang='lat' dir='ltr'><strong>fructus</strong></span> <span class='ocrx_word' id='word_1_789' title='bbox 4061 5150 4389 5236; x_wconf 88' lang='lat' dir='ltr'><strong>colligere,</strong></span> 
     </span>
     <span class='ocr_line' id='line_1_110' title="bbox 2431 5236 4388 5320; baseline -0.003 -12"><span class='ocrx_word' id='word_1_790' title='bbox 2431 5262 2508 5309; x_wconf 88' lang='lat' dir='ltr'><strong>ac</strong></span> <span class='ocrx_word' id='word_1_791' title='bbox 2542 5244 2598 5308; x_wconf 90' lang='lat' dir='ltr'><strong>si</strong></span> <span class='ocrx_word' id='word_1_792' title='bbox 2619 5241 2854 5307; x_wconf 83' lang='lat' dir='ltr'><strong>fuisset</strong></span> <span class='ocrx_word' id='word_1_793' title='bbox 2886 5239 3103 5307; x_wconf 91' lang='lat' dir='ltr'><strong>adhuc</strong></span> <span class='ocrx_word' id='word_1_794' title='bbox 3137 5239 3613 5320; x_wconf 87' lang='lat' dir='ltr'><strong>incircumcisa,</strong></span> <span class='ocrx_word' id='word_1_795' title='bbox 3646 5246 3724 5303; x_wconf 91' lang='lat' dir='ltr'><strong>ut</strong></span> <span class='ocrx_word' id='word_1_796' title='bbox 3744 5236 4032 5304; x_wconf 87' lang='lat' dir='ltr'><strong>vidimus</strong></span> <span class='ocrx_word' id='word_1_797' title='bbox 4064 5236 4136 5303; x_wconf 92' lang='lat' dir='ltr'><strong>in</strong></span> <span class='ocrx_word' id='word_1_798' title='bbox 4172 5236 4388 5320; x_wconf 90' lang='lat' dir='ltr'><strong>primo</strong></span> 
     </span>
     <span class='ocr_line' id='line_1_111' title="bbox 2430 5321 4395 5413; baseline -0.004 -18"><span class='ocrx_word' id='word_1_799' title='bbox 2430 5336 2800 5413; x_wconf 88' lang='lat' dir='ltr'><strong>praecepto.</strong></span> <span class='ocrx_word' id='word_1_800' title='bbox 2888 5326 3071 5412; x_wconf 87' lang='lat' dir='ltr'><strong>Ergo</strong></span> <span class='ocrx_word' id='word_1_801' title='bbox 3146 5345 3395 5392; x_wconf 90' lang='lat' dir='ltr'><strong>merces</strong></span> <span class='ocrx_word' id='word_1_802' title='bbox 3472 5322 3836 5390; x_wconf 86' lang='lat' dir='ltr'><strong>industriae</strong></span> <span class='ocrx_word' id='word_1_803' title='bbox 3915 5331 3983 5387; x_wconf 91' lang='lat' dir='ltr'><strong>et</strong></span> <span class='ocrx_word' id='word_1_804' title='bbox 4050 5321 4395 5390; x_wconf 87' lang='lat' dir='ltr'><strong>sedulitati</strong></span> 
     </span>
    </p>

    <p class='ocr_par' dir='ltr' id='par_1_14' title="bbox 3865 5423 3968 5479">
     <span class='ocr_line' id='line_1_112' title="bbox 3865 5423 3968 5479; baseline 0 -25"><span class='ocrx_word' id='word_1_805' title='bbox 3865 5423 3968 5479; x_wconf 65' lang='lat'><strong>45*</strong></span> 
     </span>
    </p>
   </div>
  </div>
 </body>
</html>
