4867 6150
561 409 692 476 599

737 602 796 666 6.
849 599 1090 683 Septem
1133 599 1565 667 hebdomadas.
1613 597 1990 663 Notandum
2037 606 2140 663 est
2184 596 2356 662 diem
2404 615 2518 677 pa-

565 688 815 756 schatis
859 686 1167 752 incidisse
1210 687 1283 751 in
1328 696 1582 768 partem
1630 687 1787 749 anni
1834 704 1961 767 qua
2005 694 2258 767 segetes
2304 693 2519 745 matu-

570 774 950 841 rescebant:
997 784 1156 838 tune
1201 793 1359 856 ergo
1403 769 1659 836 oblatae
1707 771 1974 836 fuerunt
2015 769 2379 853 primitiae,
2441 765 2521 831 de

571 860 810 944 quibus
856 858 1133 923 disserui
1173 857 1241 923 in
1287 857 1499 942 primo
1545 868 1911 941 praecepto.
1973 854 2140 920 Inde
2183 866 2330 939 post
2374 875 2521 937 sep-

572 962 708 1012 tem
752 943 1193 1010 hebdomadas
1237 942 1654 1009 celebrarunt
1700 943 1977 1008 alterum
2039 940 2208 1005 diem
2263 940 2521 1017 festum,

572 1033 686 1117 qui
746 1052 785 1096 a
830 1030 1104 1096 Graecis
1161 1038 1536 1112 pentecoste
1584 1044 1847 1095 vocatus
1892 1037 2024 1107 est,
2083 1026 2271 1110 quasi
2330 1026 2521 1108 quin-

573 1116 1011 1203 quagesimus.
1122 1116 1212 1181 Et
1276 1114 1547 1180 totidem
1630 1113 1769 1180 dies
1847 1116 2365 1178 intercesserunt
2442 1111 2523 1175 ab

571 1204 759 1269 exitu
804 1202 1022 1286 populi
1071 1222 1277 1285 usque
1322 1201 1404 1266 ad
1449 1201 1616 1285 legis
1662 1200 2274 1284 promulgationem.
2337 1198 2525 1262 Tunc

574 1310 733 1356 vero
776 1289 905 1353 alia
949 1287 1076 1352 fuit
1116 1287 1561 1371 primitiarum
1605 1287 1862 1362 oblatio,
1911 1296 1986 1350 ut
2029 1304 2150 1368 pro
2188 1304 2309 1349 sua
2345 1283 2521 1366 quis-

575 1398 703 1460 que
746 1372 1070 1453 facultate,
1112 1384 1180 1438 et
1219 1373 1581 1439 secundum
1628 1375 1785 1437 anni
1822 1383 2234 1455 proventum,
2282 1391 2524 1434 munus

574 1484 659 1527 ex
706 1460 1008 1544 frugibus
1049 1459 1338 1526 collectis
1391 1459 1537 1524 Deo
1581 1466 2055 1524 consecrarent.
2144 1457 2351 1521 Porro
2397 1474 2525 1537 quo

621 1546 940 1629 romptior
999 1552 1065 1609 et
1120 1544 1394 1610 hilarior
1454 1554 1628 1610 esset
1678 1543 2071 1623 liberalitas,
2136 1542 2528 1625 proponitur

648 1633 706 1698 ei
751 1631 1116 1698 benedictio
1159 1632 1230 1695 in
1277 1629 1584 1709 medium,
1642 1651 1715 1696 ac
1761 1630 1815 1695 si
1862 1630 2112 1695 iuberet
2157 1629 2375 1693 Moses
2417 1648 2528 1710 po-

627 1718 806 1784 ulum
844 1716 1313 1801 gratitudinem
1350 1738 1537 1782 suam
1561 1718 1819 1781 testari:
1867 1716 2017 1798 quia
2043 1735 2296 1780 merum
2320 1715 2526 1797 ipsius

648 1806 707 1870 ei
754 1803 1143 1869 beneficium
1188 1802 1276 1867 sit
1317 1801 1636 1885 quidquid
1679 1824 1761 1866 ex
1808 1812 1988 1866 terra
2042 1800 2352 1866 nascitur.

752 1890 851 1954 11.
899 1888 989 1954 Et
1031 1888 1377 1955 laetaberis.
1489 1888 1643 1953 Alia
1684 1888 1939 1954 ratione
1984 1908 2093 1952 eos
2138 1887 2219 1951 ad
2264 1905 2527 1969 promp-

580 1975 932 2041 titudinem
979 1976 1279 2039 hortatur
1324 1984 1389 2039 et
1434 1975 1699 2048 incitat,
1759 1973 1911 2056 quia
1967 1973 2180 2039 cultus
2229 1971 2353 2036 Dei
2397 1971 2530 2036 illis

574 2063 794 2146 pariat
837 2061 1185 2128 laetitiam:
1233 2060 1402 2125 nihil
1438 2071 1655 2125 autem
1702 2070 1803 2126 est
1838 2059 2007 2142 quod
2045 2058 2255 2142 magis
2298 2057 2377 2121 ad
2416 2055 2527 2120 ob·

578 2148 874 2231 sequium
935 2147 1274 2212 stimulare
1338 2167 1459 2210 nos
1502 2144 1735 2211 debeat
1780 2167 1974 2229 quam
2020 2144 2136 2209 ubi
2196 2143 2529 2227 cognosci-

497 2268 514 2291 ι
577 2254 722 2299 mus
782 2234 1001 2299 Deum
1068 2233 1255 2298 nobis
1321 2233 1538 2315 potius
1599 2233 1937 2297 consulere
1993 2252 2187 2313 quam
2247 2252 2286 2294 a
2342 2227 2530 2293 nobis

576 2330 845 2403 captare
936 2317 1290 2401 quidquam
1372 2318 1695 2383 utilitatis.
1815 2317 2188 2383 Laetantur
2266 2314 2527 2398 quidem

576 2407 778 2471 etiam
822 2404 1077 2488 profani
1128 2404 1439 2483 homines,
1485 2404 1618 2468 imo
1660 2404 1732 2467 in
1777 2424 1899 2469 suo
1935 2401 2173 2487 gaudio
2209 2403 2526 2483 intempe-

576 2502 802 2556 ranter
845 2490 1227 2556 lasciviunt:
1273 2489 1395 2554 sed·
1433 2491 1586 2573 quia
1630 2511 1757 2554 non
1805 2490 1992 2553 modo
2038 2487 2389 2553 evanidum
2428 2496 2531 2551 est

577 2575 895 2662 gaudium
960 2576 1143 2652 illud,
1209 2575 1323 2640 sed
1391 2576 1563 2641 risus
1630 2576 1908 2640 vertitur
1953 2574 2017 2639 in
2078 2574 2406 2656 lacrymas
2464 2581 2532 2636 et

577 2662 923 2728 stridorem
974 2663 1299 2726 dentium:
1348 2683 1477 2726 non
1522 2662 1767 2727 frustra
1810 2661 1918 2725 hic
1953 2668 2265 2740 tanquam
2303 2659 2528 2742 singu-

580 2750 716 2814 lare
761 2748 1002 2814 bonum
1042 2746 1458 2813 commendat
1501 2748 1755 2827 Moses,
1813 2767 2029 2812 coram
2078 2747 2220 2811 Deo
2264 2744 2527 2809 laetari:

579 2855 655 2900 ac
689 2834 747 2900 si
831 2843 970 2899 ater
1005 2833 1175 2899 filios
1218 2854 1370 2898 suos
1413 2834 1672 2913 invitet,
1720 2842 1794 2897 ut
1831 2832 2268 2899 communiter
2303 2852 2527 2896 secum

578 2942 690 2986 eos
734 2941 772 2985 o
820 2920 1034 2985 lectet.
1125 2917 1475 2984 Caeterum
1542 2928 1819 2984 externo
1865 2917 1989 2984 hoc
2050 2918 2358 2982 exercitio
2419 2916 2529 2981 ad-

577 3007 813 3071 moniti
860 3007 1124 3070 fuerunt
1166 3005 1410 3085 fideles,
1460 3005 1711 3069 nullum
1761 3026 1902 3069 esse
1945 3003 2225 3069 solidum
2265 3003 2366 3067 vel
2414 3022 2526 3085 op-

577 3093 778 3159 tabile
823 3093 1171 3177 gaudium,
1219 3093 1346 3157 nisi
1390 3091 1472 3157 ad
1517 3091 1738 3157 Deum
1785 3092 2124 3156 referatur.
2215 3091 2306 3156 Et
2350 3103 2529 3155 certe

463 3258 473 3268 ,
578 3193 911 3262 utcunque
970 3179 1039 3241 in
1100 3177 1235 3243 suis
1280 3177 1521 3244 delitiis
1566 3178 1901 3243 exsultent
1947 3175 2165 3260 impii,
2232 3185 2299 3241 et
2342 3197 2412 3241 se
2458 3175 2527 3240 in

575 3265 952 3347 voluptates
997 3264 1375 3345 proiiciant,
1435 3265 1590 3347 quia
1645 3275 1866 3328 tamen
1928 3283 2039 3328 eos
2098 3261 2318 3328 deficit
2375 3283 2527 3327 con-

576 3351 889 3417 scientiae
956 3350 1429 3432 tranquillitas,
1497 3370 1663 3432 quae
1729 3349 1869 3414 sola
1947 3369 2104 3414 vere
2181 3347 2527 3423 exhilarat,

578 3434 818 3519 gaudio
905 3434 1074 3518 quod
1157 3435 1562 3519 ingurgitare
1641 3435 1916 3518 cupiunt
1995 3456 2127 3499 non
2205 3435 2532 3498 fruuntur.

581 3520 877 3587 Tandem
902 3522 1139 3586 bonum
1168 3521 1334 3587 illud
1355 3543 1481 3603 quo
1520 3522 1934 3604 potiebantur
1971 3522 2037 3584 in
2068 3522 2204 3585 Deo
2240 3518 2529 3596 colendo,

581 3609 801 3674 Moses
846 3608 1332 3690 comparatione
1376 3608 1751 3691 amplificat,
1798 3607 1910 3672 ubi
1957 3606 2146 3672 dicit:
2203 3605 2531 3671 Recorda-⁴

584 3692 756 3758 beris
802 3705 866 3757 te
912 3693 1118 3759 fuisse
1161 3716 1424 3759 servum
1471 3694 1542 3757 in
1587 3697 1921 3777 Aegypto:
1981 3694 2134 3776 quia
2184 3703 2254 3755 ut
2299 3693 2533 3757 iucun-

584 3777 727 3844 dior
772 3790 943 3844 esset
986 3781 1146 3861 ipsis
1190 3802 1310 3846 sua
1352 3779 1654 3857 conditio,
1713 3781 1855 3843 eius
1896 3778 2306 3844 dulcedinem
2353 3779 2538 3842 auxit

582 3864 1000 3930 tristissimae
1045 3866 1448 3949 captivitatis
1491 3868 1826 3930 memoria.
1873 3865 2001 3930 Hic
2048 3886 2087 3929 a
2132 3884 2236 3928 me
2281 3862 2538 3928 subtilis

587 3950 705 4016 illa
749 3952 923 4016 inter
969 3951 1277 4034 gaudium
1314 3960 1382 4017 et
1417 3951 1735 4016 laetitiam
1757 3950 2094 4016 Ciceronis
2125 3948 2171 4036 ¹)
2208 3949 2540 4014 distinctio

590 4037 978 4122 negligitur:
1041 4038 1195 4120 quia
1250 4038 1373 4102 nisi
1431 4038 1500 4101 in
1561 4038 1796 4101 bonam
1864 4048 2116 4120 partem
2187 4044 2540 4117 utrumque

591 4144 832 4189 nomen
876 4144 1153 4202 sumam,
1200 4144 1334 4188 non
1360 4144 1613 4206 possem
1639 4120 1909 4188 reddere
1934 4144 2123 4189 voces
2169 4120 2540 4187 hebraicas:

589 4210 828 4293 quibus
897 4217 1113 4273 tamen
1162 4212 1531 4292 exprimere
1576 4209 1789 4274 voluit
1833 4208 2019 4274 Deus
2078 4228 2271 4290 quam
2332 4206 2541 4271 indul·

592 4305 826 4378 genter
870 4307 1023 4378 agat
1068 4317 1216 4360 cum
1261 4296 1416 4362 filiis
1458 4296 1611 4360 suis.
1700 4295 1962 4359 Interea
2022 4316 2179 4359 vero
2238 4292 2545 4357 exhorta-

593 4382 836 4528 ῑὶουθὲιι
880 4381 1174 4447 continet
1217 4381 1326 4446 hic
1371 4382 1571 4459 locus,
1619 4381 1698 4445 ad
1745 4382 1992 4465 gratias
2020 4380 2165 4445 Deo
2211 4379 2545 4445 liberatori

591 4488 759 4550 agen
811 4489 900 4531 as.

772 4551 871 4617 13.
937 4552 1376 4619 Solennitatem
1429 4552 1987 4618 tabernaculorum.
2091 4551 2385 4617 Vocatus
2448 4559 2546 4616 est

594 4639 849 4722 primus
910 4638 1364 4705 collectionum
1412 4638 1577 4719 dies,
1642 4641 1795 4721 quia
1852 4650 2007 4703 tunc
2052 4640 2119 4701 in
2168 4638 2420 4702 horreis
2481 4646 2547 4701 et

593 4724 775 4789 cellis
822 4726 1154 4808 penuariis
1200 4726 1576 4792 reconditus
1622 4733 1765 4790 erat
1811 4724 2014 4789 totius
2057 4726 2214 4788 anni
2262 4743 2542 4807 proven·

595 4821 724 4876 tus.
837 4811 1016 4895 Ergo
1087 4834 1292 4894 quum
1361 4812 1443 4876 ab
1508 4812 1812 4895 operibus
1882 4811 2145 4876 rusticis
2212 4821 2542 4888 vacarent,

594 4898 1006 4962 commodum
1067 4897 1194 4963 fuit
1236 4899 1395 4964 illud
1444 4899 1602 4963 anni
1651 4906 1908 4982 tempus
1954 4898 2034 4960 ad
2080 4896 2542 4961 celebrandum

591 4984 833 5048 festum
880 4983 1084 5049 diem:
1148 5004 1300 5049 nam
1368 5005 1495 5066 quo
1541 4983 1848 5048 libentius
1893 4981 2322 5049 ascenderent
2367 4983 2541 5045 Iero-

591 5069 936 5154 solymam,
985 5069 1301 5136 divinitus
1322 5081 1735 5152 prospectum
1761 5069 1885 5134 fuit
1907 5080 1979 5134 ut
2005 5069 2254 5134 minore
2278 5079 2545 5151 sumptu

762 5361 820 5424 1)
849 5362 1075 5422 Aauaa
1113 5361 1189 5417 aa
1229 5360 1447 5417 Tuscia.
1489 5361 1596 5414 JV.
1633 5361 1669 5414 e
1704 5376 1780 5430 sq.
1822 5367 1871 5417 et
1906 5359 1991 5413 31.

1999 406 2461 491 QUARTUM
2519 405 3159 475 PRAECEP'I'UM.

4418 408 4521 474 600

2622 611 2688 664 et
2733 597 2829 663 rei
2876 598 3271 664 domesticae
3315 598 3565 663 iactura
3623 595 3687 661 id
3750 598 3955 661 fieret.
4047 594 4174 662 Ubi
4232 595 4527 675 vertimus,

2623 683 2844 766 Quum
2894 682 3302 749 benedixerit
3345 684 3466 749 tibi
3511 682 3788 761 Iehova‚
3849 680 3931 748 ad
3980 682 4253 748 verbum
4297 681 4528 765 legitur:

2623 771 2800 852 Quia
2844 768 3184 836 benedicet
3230 768 3381 848 tibi,
3416 769 3563 857 „sed
3633 769 3860 834 eodem
3926 769 4064 833 fere
4120 788 4345 833 sensu:
4398 788 4528 850 quo-

2625 857 2802 923 niam
2848 857 3158 922 admonet
3202 855 3451 936 Moses,
3512 855 3702 920 modo
3760 855 4015 921 animos
4058 864 4126 919 et
4181 852 4390 919 studia
4435 874 4535 918 sua

2624 943 2905 1009 fideliter
2973 941 3332 1030 adtDeum
3401 941 3748 1007 colendum
3817 940 4156 1012 adiiciant,
4230 959 4534 1022 nunquam

2624 1029 2755 1094 illis
2815 1029 3034 1094 defore
3091 1025 3417 1112 gaudendi
3477 1027 3851 1104 materiam,
3908 1027 4065 1110 quia
4107 1029 4246 1111 ipse
4303 1047 4536 1091 cursum

2626 1136 2785 1179 suae
2845 1114 3309 1180 benedictionis
3366 1135 3700 1196 nunquam
3769 1114 4131 1196 abrumpet.
4218 1111 4435 1193 Itaque
4479 1112 4537 1175 in

2626 1204 2760 1267 fine
2821 1223 3048 1266 versus
3117 1199 3563 1283 decimiquinti
3620 1221 3750 1265 non
3812 1199 4090 1281 simplex
4146 1211 4246 1264 est
4304 1195 4541 1261 manda·

2627 1297 2797 1367 tum,
2859 1286 2972 1352 sed
3019 1287 3217 1351 etiam
3267 1287 3643 1369 promissio:
3691 1306 3764 1352 ac
3810 1286 3865 1351 si
3906 1285 4179 1363 diceret,
4241 1282 4421 1348 modo
4474 1302 4544 1346 ne

2628 1375 2763 1440 sint
2807 1374 3074 1457 ingrati,
3122 1373 3389 1437 minime
3425 1370 3791 1436 timendum
3827 1393 3970 1437 esse
4006 1372 4168 1454 quin
4194 1368 4374 1434 Deus
4405 1370 4546 1433 assi·

2629 1461 2756 1526 due
2802 1480 3042 1524 novam
3080 1458 3367 1523 laetitiae
3404 1457 3745 1522 materiam
3782 1467 4122 1542 suggerat:
4161 1466 4227 1520 et
4270 1457 4548 1520 coniunc-

2628 1548 2749 1611 tim
2794 1545 2957 1609 haee
3001 1545 3129 1609 duo
3175 1543 3471 1609 membra
3505 1543 3783 1626 legenda
3817 1553 4008 1610 sunt:
4053 1541 4407 1608 Benedicet
4447 1539 4550 1606 tibi

2631 1633 2833 1711 Deus,
2872 1630 3141 1714 ideoque
3179 1629 3629 1695 tantummodo
3653 1630 3867 1695 laetus
3886 1630 4034 1695 eris.
4081 1628 4250 1694 Nam
4292 1626 4549 1692 hocloco

2629 1718 3019 1802 particulam
3063 1728 3152 1818 'ji-t
3200 1716 3482 1781 libenter
3538 1716 3633 1781 ita
3674 1717 4101 1799 interpretor:
4162 1712 4551 1781 adversative

2630 1804 2891 1887 quidem
2930 1825 3101 1868 sumi
3138 1802 3489 1868 absurdum
3524 1814 3638 1868 est.
3687 1802 4045 1868 Exclusive
4068 1822 4225 1886 ergo
4248 1819 4552 1883 exponere

2632 1913 2763 1956 non
2806 1890 2975 1954 male
3020 1890 3383 1968 conveniet,
3432 1910 3506 1953 ac
3549 1887 3607 1953 si
3659 1887 3917 1966 diceret,
3966 1888 4128 1954 nihil
4186 1887 4327 1952 fore
4371 1885 4553 1951 tristi-

2634 1977 2759 2041 tiae
2805 1975 2910 2040 vel
2956 1974 3411 2041 sollicitudinis
3456 1972 3625 2056 quod
3673 1976 3843 2057 ipsos
3886 1976 3955 2039 in
4000 1972 4393 2057 praestando
4435 1971 4555 2055 pie·

2631 2062 2789 2127 tatis
2835 2061 3049 2127 officio
3087 2059 3434 2145 impediat:
3501 2062 3609 2143 qui
3669 2061 3902 2144 legunt
3957 2061 4223 2143 Utique,
4271 2059 4352 2125 ad
4399 2059 4556 2125 hunc

2631 2170 2883 2232 quoque
2928 2168 3193 2212 sensum
3238 2145 3574 2212 accedunt.

2807 2235 2907 2300 16.
2961 2233 3198 2299 Tribus
3237 2232 3492 2298 vicibus
3541 2232 3851 2298 Diximus
3897 2242 4109 2309 autea,
4147 2233 4447 2315 quamvis
4471 2252 4559 2296 re·

2631 2321 2791 2404 liqui
2829 2320 2957 2385 duo
2997 2320 3141 2385 festi
3179 2318 3318 2384 dies
3354 2341 3485 2385 non
3516 2328 3733 2384 essent
3770 2318 4142 2402 spernendi,
4180 2319 4337 2401 quia
4358 2326 4561 2383 tamen

2631 2406 2875 2491 aliquid
2921 2405 3150 2490 populi
3194 2407 3295 2471 sui
3338 2405 3707 2471 infirmitati
3754 2403 4107 2471 concedere
4132 2404 4318 2469 Deus
4353 2404 4560 2480 voluit,

2630 2515 2765 2559 non
2825 2493 3020 2557 fuisse
3084 2492 3451 2575 impositam
3524 2491 4011 2569 necessitatem,
4088 2500 4159 2555 ut
4227 2490 4563 2574 quinquies

2631 2579 3061 2646 ascenderent
3102 2577 3590 2663 lerosolymam.
3680 2576 3935 2642 Deinde
3979 2578 4131 2660 quia
4174 2584 4434 2643 tantum
4478 2576 4565 2641 di-

2631 2665 2833 2731 midia
2878 2687 3030 2748 pars
3076 2664 3331 2746 septimi
3382 2665 3621 2730 mensis
3667 2671 3802 2729 tres
3848 2662 3987 2728 dies
4028 2664 4230 2729 festos
4286 2684 4564 2747 compre·

2633 2750 2995 2828 hendebat‚
3066 2771 3106 2814 a
3166 2748 3476 2815 Calendis
3536 2749 3814 2830 scilicet,
3875 2770 4080 2832 usque
4125 2749 4207 2814 ad
4253 2749 4565 2816 decimum

2632 2840 2968 2921 quintum:
3027 2835 3255 2900 eadem
3314 2836 3566 2901 ratione
3623 2843 3884 2901 tantum
3944 2855 3983 2900 a
4029 2835 4336 2902 masculis
4382 2836 4568 2919 exigi·

2632 2933 2761 3001 tur,
2808 2933 2884 2988 ut
2929 2923 3171 2988 relictis
3216 2921 3511 2987 domibus
3556 2942 3772 2988 sacros
3817 2932 4180 2988 conventus
4216 2922 4568 2988 celebrent:

2634 3009 3017 3076 mulieribus
3082 3009 3255 3075 enim
3321 3008 3445 3074 hoc
3511 3008 3701 3074 modo
3780 3009 4072 3092 parcitur
4151 3009 4395 3094 quibus
4459 3007 4572 3073 iter

2635 3098 2844 3162 faeere
2913 3118 3044 3162 non
3110 3097 3202 3160 ita
3267 3094 3679 3161 commodum
3746 3105 3862 3160 est.
3976 3094 4163 3159 Adde
4230 3093 4409 3179 quod
4467 3115 4571 3177 pro

2633 3182 3073 3250 foecunditate
3119 3181 3436 3246 divinitus
3491 3183 3839 3264 promissa,
3904 3181 4009 3247 vel
4054 3182 4375 3264 gravidae
4418 3202 4569 3246 sem·

2637 3291 2752 3352 per
2797 3270 2931 3334 fere
2972 3277 3161 3333 erant
3203 3268 3308 3332 vel
3356 3271 3665 3333 nutrices.
3763 3268 4011 3333 Pueros
4066 3267 4265 3332 etiam
4327 3279 4397 3334 et
4440 3267 4579 3332 ado·

2633 3355 2954 3422 loscentes
3000 3355 3238 3438 viginti
3291 3354 3482 3419 annis
3540 3353 3824 3418 minores
3878 3352 4088 3437 excipi
4146 3362 4406 3421 certum
4468 3360 4575 3430 est,

2635 3444 2787 3525 quia
2853 3462 2971 3524 per
3038 3438 3361 3505 masculos
3419 3439 3602 3505 Deus
3669 3461 3802 3504 non
3868 3439 4029 3505 alios
4085 3440 4403 3525 intelligit
4459 3438 4574 3504 nisi

2634 3529 2744 3611 qui
2790 3528 2911 3592 sub
2955 3547 3223 3591 censum
3269 3526 3657 3592 transibant.
3726 3523 3805 3591 Si
3848 3526 3992 3609 quis
4037 3523 4303 3592 obiiciat
4348 3527 4413 3591 in
4459 3525 4574 3608 spi-

2636 3614 2857 3678 rituali
2904 3612 3031 3678 Dei
3077 3612 3256 3677 cultu
3299 3613 3575 3677 feminas
3634 3634 3670 3675 a
3716 3611 4024 3678 masculis
4076 3612 4240 3676 nihil
4292 3612 4576 3677 differre:

2635 3700 2970 3783 responsio
2992 3700 3061 3763 in
3086 3707 3395 3783 promptu
3432 3710 3548 3776 est,
3598 3707 3813 3781 patres
3857 3696 4142 3764 familias
4176 3698 4313 3765 illic
4352 3718 4575 3762 nomen

2640 3787 2896 3851 dedisse
2952 3807 3068 3868 pro
3139 3783 3449 3849 uxoribus
3516 3793 3579 3849 et
3645 3784 3884 3850 liberis.
3992 3784 4097 3849 Ita
4163 3783 4244 3849 ad
4309 3784 4577 3849 alterum

2640 3894 2903 3946 sexum,
2963 3878 3030 3935 et
3090 3870 3172 3936 ad
3218 3881 3514 3935 teneram
3574 3880 3853 3935 aetatem
3900 3867 4385 3936 extendebatur
4432 3869 4578 3934 haee

2642 3961 2975 4042 professio.
3014 3958 3104 4021 Et
3128 3957 3257 4021 huc
3280 3954 3539 4021 videtur
3559 3956 3851 4022 alludere
3873 3954 4091 4021 David
4116 3954 4321 4042 (Psal.
4346 3956 4487 4035 110,
4503 3953 4581 4040 3),

2643 4066 2845 4130 quum
2886 4043 3070 4109 dicit:
3160 4043 3452 4125 Populus
3512 4052 3664 4109 tuus
3707 4042 4176 4109 liberalitatum
4224 4052 4327 4108 est
4372 4044 4443 4107 in
4488 4039 4580 4104 die

2645 4130 3170 4214 congregationis
3252 4141 3433 4205 tuae,
3513 4131 3583 4193 in
3665 4127 4122 4212 splendoribus
4200 4126 4587 4196 sanctitatis:

2646 4218 2802 4301 quia
2844 4215 2923 4280 de
2971 4216 3358 4281 voluntariis
3405 4214 3698 4280 fidelium
3736 4216 4061 4297 obsequiis
4098 4214 4299 4281 verba
4334 4216 4585 4288 faciens,

2648 4325 2829 4368 more
2873 4302 3250 4385 prophetico
3296 4302 3437 4366 eius
3481 4301 3820 4384 exemplar
3860 4302 4107 4382 petit‚a
4149 4301 4351 4386 legali
4397 4301 4585 4367 cultu.

2647 4390 2791 4454 Iam
2840 4410 2921 4453 ne
2966 4388 3273 4453 obiiciant
3316 4387 3580 4467 Iudaei,
3640 4387 4003 4470 periculum
4063 4386 4203 4453 fore
4249 4387 4333 4453 ab
4377 4384 4585 4452 hostili

2649 4476 2934 4552 incursu,
2982 4475 3038 4540 si
3082 4474 3386 4539 omnibus
3433 4474 3591 4539 viris
3638 4475 3704 4537 in
3751 4474 3964 4539 locum
4011 4495 4219 4539 unum
4266 4475 4584 4540 confluen-

2651 4561 2825 4627 tibus
2891 4574 3064 4626 terra
3110 4560 3397 4625 nudetur
3453 4558 3805 4643 praesidio:
3854 4559 4007 4626 huic
4052 4558 4452 4625 dubitationi
4492 4579 4583 4622 ca·

2650 4651 2783 4733 pite
2831 4647 3045 4713 Exodi
3091 4647 3192 4712 24.
3242 4647 3423 4712 Deus
3466 4646 3782 4713 occurrit:
3844 4668 3915 4711 se
3957 4647 4287 4713 facturum
4333 4645 4587 4728 promit-

2652 4748 2797 4800 tens
2842 4757 2925 4799 ne
2974 4734 3120 4816 quis
3165 4734 3448 4817 grassari
3510 4733 3893 4816 appetatin
3940 4732 4166 4799 domos
4232 4731 4581 4797 derelictas.

2652 4822 2821 4885 Nam
2883 4820 3012 4886 huc
3071 4829 3319 4902 spectat
3378 4820 3737 4884 sententia:
3822 4818 4199 4884 Eliminabo
4267 4831 4491 4901 gentes
4548 4835 4582 4878 a

2651 4917 3002 4989 conspectu
3070 4918 3212 4983 tue,
3283 4917 3347 4970 et
3414 4903 3822 4988 amplificabo
3888 4906 4201 4971 terminos
4268 4917 4443 4981 tuos,
4521 4910 4583 4965 ut

2650 4994 2870 5058 nullus
2917 4992 3241 5059 desideret
3286 5003 3527 5056 terram
3576 5003 3779 5056 tuam.
3867 4990 4059 5057 Unde
4105 4992 4304 5057 etiam
4349 4986 4581 5071 colligi·

2652 5091 2793 5158 tur,
2848 5081 2976 5144 Dei
3032 5078 3278 5144 cultum
3344 5098 3473 5142 non
3532 5077 3732 5143 fuisse
3776 5079 3955 5142 omni
4002 5100 4084 5142 ex
4129 5088 4313 5161 parte
4354 5072 4587 5141 stabili-

2651 5178 2816 5242 tum,
2863 5166 3068 5230 donec
3111 5164 3397 5229 subactis
3441 5163 3742 5228 omnibus
3777 5164 4079 5228 finitimis
4117 5164 4375 5247 populis
4409 5178 4579 5226 sanc-

2652 5253 2937 5317 tuarium
2998 5272 3193 5315 suum
3254 5250 3490 5315 locavit
3547 5250 3616 5313 in
3678 5260 3900 5315 monte
3946 5249 4128 5315 Sion.
4219 5250 4366 5314 Non
4425 5268 4504 5328 qu

2653 5351 2805 5402 ante
2859 5337 3025 5401 illud
3085 5344 3341 5420 tempus
3410 5336 3650 5420 populo
3693 5336 3791 5402 fas
3836 5337 4033 5401 fuerit
4078 5334 4581 5420 praetermittere
