4867 6150
324 463 445 529 333

491 650 550 717 1.
598 650 735 717 Hoc
776 656 866 717 est
905 656 1202 717 statutmn
1245 652 1414 735 leyis.
1486 654 1659 733 Quia
1702 655 1848 719 fieri
1886 676 2016 721 non
2057 664 2269 739 potest

322 738 476 821 quin
529 736 755 803 fideles
805 737 959 803 dum
1006 747 1360 803 versantur
1405 742 1472 803 iu
1509 740 1771 819 mund0,
1824 741 2068 825 aliquid
2115 763 2270 807 con-

321 824 601 907 tagionis
635 823 911 889 subinde
947 843 1029 889 ex
1066 823 1426 889 multarum
1470 825 1760 891 sordium
1811 838 2061 893 attactu
2114 849 2266 894 con-

318 910 609 989 trahant,
655 908 1048 975 describitur
1069 909 1179 974 hic
1214 930 1420 994 aquae
1456 912 1790 991 confectio,
1828 914 2012 979 cuius
2048 935 2270 999 asper-

318 997 499 1061 sione
558 995 830 1061 abluant
885 1002 954 1060 et
1007 996 1279 1080 expient
1337 1017 1520 1062 snam
1566 998 2082 1065 immunditiem:
2152 999 2264 1065 de-

316 1082 471 1146 inde
525 1091 842 1148 notantur
893 1094 1074 1148 certa
1147 1102 1391 1166 genera
1447 1082 1914 1166 pollutionum,
1982 1106 2261 1168 quarum

313 1168 618 1252 purgatio
651 1168 956 1253 exigitur.
1015 1167 1207 1233 Iubet
1232 1169 1414 1234 Deus
1438 1171 1710 1235 mactari
1737 1190 2000 1236 vaccam
2024 1173 2259 1249 rufam,

314 1274 482 1336 quae
524 1253 751 1338 iugum
797 1275 1132 1336 nunquam
1178 1275 1371 1338 passa
1415 1255 1532 1320 sit:
1592 1266 1657 1319 et
1713 1257 2005 1322 comburi
2067 1269 2262 1322 extra

314 1349 528 1405 castra
605 1338 799 1404 simul
867 1360 1017 1405 cum
1087 1340 1256 1422 pelle
1332 1351 1400 1406 et
1462 1343 1927 1422 excrementis,
2006 1344 2260 1409 cineres

313 1424 534 1509 colligi
582 1428 663 1490 ab
699 1425 962 1490 homine
999 1424 1263 1501 mundo,
1311 1435 1377 1490 et
1422 1427 1660 1509 exponi
1696 1437 1889 1493 extra
1924 1437 2139 1494 castra
2175 1430 2257 1493 ad

311 1532 687 1578 communes
728 1510 953 1594 populi
997 1532 1175 1576 usus.
1221 1511 1474 1576 Verum
1515 1522 1589 1577 ut
1622 1513 1755 1579 vim
1794 1513 2257 1580 reconciliandi

309 1596 550 1663 habeat
608 1617 774 1680 aqua
832 1617 999 1681 quae
1065 1597 1270 1663 tincta
1326 1597 1526 1661 fuerit
1579 1596 1702 1663 hoc
1766 1599 2017 1679 cinere,
2074 1599 2258 1666 iubet

308 1682 510 1749 simul
561 1684 741 1747 Deus
788 1685 1030 1766 septies
1079 1702 1301 1748 coram
1351 1681 1543 1748 altari
1601 1685 1823 1768 spargi
1867 1686 2254 1770 sanguinem

309 1768 515 1854 digito
557 1768 933 1835 sacerdotis.
1025 1770 1232 1834 Porro
1277 1768 1475 1835 huius
1518 1771 1967 1836 caeremoniae
2011 1771 2255 1855 duplex

307 1855 430 1920 fuit
476 1856 649 1921 finis.
732 1855 964 1920 Voluit
1007 1856 1182 1919 enim
1227 1852 1412 1920 Deus
1455 1862 1780 1921 attentum
1827 1855 2100 1923 reddere
2143 1879 2253 1940 po·

305 1941 535 2025 pulum
581 1940 663 2005 ad
711 1940 936 2008 sordes
971 1961 1123 2006 suas
1164 1941 1435 2025 propius
1469 1941 1896 2024 reputandas:
1951 1953 2146 2027 atque
2182 1953 2257 2009 ut

304 2027 485 2092 intus
519 2029 667 2109 puri
704 2038 944 2099 essent,
990 2027 1201 2093 voluit
1236 2036 1452 2091 tamen
1491 2026 1721 2092 sedulo
1760 2028 2255 2113 circumspicere

301 2134 383 2178 ne
447 2112 711 2177 aliunde
766 2113 1291 2196 inquinarentur.
1398 2112 1654 2178 Deinde
1709 2116 1963 2195 quoties
2028 2115 2252 2181 infecti

302 2209 527 2264 essent
583 2198 799 2280 aliqua
853 2198 1035 2274 labe,
1097 2198 1316 2264 docuit
1372 2197 1638 2263 aliunde
1702 2200 2053 2282 petendam
2110 2221 2254 2267 esse

300 2284 767 2368 expiationem,
812 2304 1051 2367 nempe
1096 2305 1135 2349 a
1178 2284 1498 2350 sacrificio
1542 2294 1609 2348 et
1652 2285 2049 2368 aspersione.
2139 2290 2253 2351 At-

299 2391 424 2454 que
471 2370 566 2435 ita
610 2369 965 2448 admonuit,
1011 2371 1254 2436 frustra
1295 2368 1595 2436 homines
1640 2392 1680 2436 a
1722 2391 1793 2435 se
1836 2372 1998 2454 ipsis
2039 2393 2250 2439 reme-

299 2455 406 2522 dia
465 2475 779 2539 quaerere
834 2455 918 2521 ad
973 2476 1043 2521 se
1099 2454 1504 2540 purgandos:
1571 2457 1723 2539 quia
1767 2457 1950 2523 nulla
1994 2459 2250 2542 puritas

296 2542 428 2608 nisi
476 2564 558 2607 ex
604 2541 978 2608 sanctuario
1021 2540 1333 2625 prodiret.
1431 2540 1566 2622 Qui
1610 2541 1940 2609 subtiliter
1983 2546 2053 2609 in
2112 2546 2248 2610 sin·

296 2629 473 2714 gulis
532 2636 957 2711 argutantur,
1014 2627 1333 2711 quaedam
1393 2648 1624 2711 parum
1690 2630 1881 2695 firma
1925 2630 2247 2695 afferunt:

296 2715 614 2781 fruantur
662 2735 821 2799 ergo
870 2736 990 2780 suo
1024 2735 1238 2780 sensu.
1340 2713 1547 2779 Nobis
1597 2735 1752 2780 vero
1801 2716 2088 2781 sufficiat
2145 2725 2244 2783 te-

293 2821 458 2866 nere
501 2821 817 2884 quorsum
863 2800 1047 2865 Deus
1089 2799 1491 2883 spectaverit
1530 2801 1603 2864 in
1651 2800 1775 2867 hac
1817 2803 2244 2883 caeremonia,

294 2895 359 2950 et
399 2906 575 2969 quae
609 2885 768 2952 inde
812 2886 1062 2951 utilitas
1106 2884 1373 2951 redierit
1415 2884 1499 2950 ad
1542 2886 1875 2971 populum.
1963 2888 2098 2954 Per
2138 2911 2244 2955 co-

292 2972 504 3038 lorem
549 2974 769 3038 rufum
813 2972 1047 3037 volunt
1090 2973 1305 3038 notari
1351 2982 1709 3055 peccatum.
1754 2972 2022 3040 Interea
2052 2997 2134 3040 ne
2173 2975 2241 3040 in

292 3059 709 3125 manifestam
765 3060 1268 3144 repugnantiam
1325 3058 1696 3139 incurrant,
1756 3068 2081 3145 coguntur
2125 3059 2238 3127 ab·

292 3145 499 3212 surde
540 3145 961 3295 inerremri
1005 3144 1175 3229 quod
1221 3146 1546 3227 sequitur,
1611 3146 1936 3231 integram
1994 3148 2240 3230 requiri

290 3251 559 3299 vaccam
586 3241 714 3296 eta
760 3252 918 3315 sque
962 3231 1237 3310 macula,
1282 3250 1358 3295 ac
1401 3231 1456 3296 si
1502 3231 1746 3297 dictum
1783 3240 1973 3313 esset,
2009 3254 2243 3317 nequa

289 3318 375 3384 sit
407 3319 486 3383 in
524 3317 674 3401 pilis
705 3319 1016 3384 varietas:
1054 3337 1256 3401 quum
1291 3316 1464 3382 idem
1501 3318 1727 3402 exigat
1750 3319 1929 3383 Deus
1965 3319 2133 3402 quod
2168 3320 2238 3384 in

289 3404 566 3487 reliquis
608 3403 963 3482 sacrificiis,
1020 3422 1186 3486 qnae
1228 3411 1306 3467 ut
1348 3404 1589 3469 vitiosa
1631 3403 2124 3479 reiiciebantur,
2184 3404 2242 3472 si

289 3511 418 3573 qua
466 3491 536 3555 in
585 3488 716 3555 illis
751 3496 1042 3555 exstaret
1076 3487 1389 3554 deformis
1423 3498 1596 3555 nota.
1643 3488 1791 3571 Quo
1827 3511 2023 3556 sensu
2059 3489 2240 3557 addi-

288 3584 435 3642 tur:
478 3574 667 3657 Quae
689 3594 1027 3659 nunquam
1051 3575 1275 3659 iugum
1299 3574 1543 3641 tulerit.
1580 3576 1763 3660 Ergo
1787 3575 1951 3641 mihi
1972 3575 2239 3643 dubium

288 3682 426 3727 non
468 3672 569 3726 est
605 3662 762 3745 quin
800 3660 1368 3745 praecipiat-Deus
1404 3661 1558 3744 eligi
1599 3683 1829 3744 puram
1872 3663 2241 3745 iuvencam,

288 3768 422 3813 non
451 3748 750 3812 mutilam
777 3747 881 3812 vel
905 3746 1227 3825 claudam,
1248 3756 1318 3812 et
1338 3767 1465 3829 quo
1489 3747 1721 3814 melius
1743 3758 2055 3831 appareat
2076 3749 2241 3814 inte-

289 3834 524 3916 gritas,
561 3833 698 3918 iugi
722 3832 938 3900 adhuc
962 3841 1321 3916 expertem.
1360 3831 1535 3914 Quid
1560 3854 1718 3917 ergo
1741 3833 1864 3900 sibi
1889 3835 2033 3900 vult
2055 3836 2242 3901 rufus

289 3918 513 3985 color?
556 3919 858 3985 Primum
912 3920 1162 3985 nescire
1213 3918 1384 3984 malo
1435 3939 1627 4002 qnam
1681 3919 1947 3985 dubium
1993 3921 2239 4004 aliquid

289 4024 617 4072 asserere:
665 4004 900 4070 deinde
944 4004 1298 4088 probabilis
1340 4005 1716 4071 coniectura
1766 4016 1894 4084 est,
1961 4007 2241 4074 electum

289 4090 495 4158 fuisse
539 4091 818 4158 colorem
880 4091 1093 4174 magis
1151 4090 1495 4174 vulgarem
1564 4100 1631 4156 et
1687 4101 2067 4157 consuetum
2088 4142 2106 4173 ,
2160 4114 2242 4158 ne

292 4177 449 4262 quid
496 4191 667 4243 esset
704 4177 899 4242 nimis
943 4176 1389 4259 conspicuum,
1425 4177 1536 4242 vel
1571 4178 1639 4242 in
1677 4175 1997 4258 albedine,
2032 4180 2136 4244 vel
2173 4181 2240 4244 in

292 4263 663 4350 nigredine.
752 4262 901 4329 Hoc
945 4261 1209 4345 quidem
1253 4264 1461 4328 fixum
1509 4284 1775 4328 manere
1820 4261 2028 4344 debet,
2071 4266 2240 4330 inte-

293 4371 485 4435 gram
525 4359 591 4414 et
624 4349 803 4413 omni
837 4349 999 4413 vitio
1035 4369 1266 4431 puram
1304 4350 1652 4415 iuvencam
1690 4349 1986 4416 debuisse
2021 4350 2242 4415 offerri

294 4446 363 4500 et
418 4457 585 4520 quae
641 4432 725 4499 ad
781 4433 1126 4500 ferendum
1181 4435 1410 4518 iugum
1476 4457 1603 4500 non
1646 4437 1899 4509 fuisset,
1938 4436 2243 4501 manibus

294 4521 643 4587 hominum
688 4520 973 4599 subacta,
1017 4530 1094 4586 ut
1136 4522 1441 4605 purgatio
1487 4520 1653 4586 nihil
1696 4521 1970 4587 haberet
2011 4522 2241 4587 hnma-

295 4629 483 4673 num.
584 4607 732 4672 'Doti
792 4617 1012 4672 autem
1067 4608 1309 4690 populo
1378 4607 1572 4673 datur
1636 4607 2015 4673 mandatum
2084 4608 2243 4673 offe-

296 4693 522 4760 rendi:
567 4693 749 4776 quia,
801 4703 876 4757 nt
920 4692 1272 4759 ablutionis
1315 4694 1520 4758 simus
1562 4693 1932 4775 participes,
1980 4714 2245 4759 necesse

297 4792 397 4847 est
433 4789 505 4846 ut
528 4778 872 4846 Christum
897 4778 1177 4862 quisque
1214 4777 1385 4862 patri
1423 4778 1673 4844 offerat.
1735 4780 1878 4845 Etsi
1905 4780 2078 4844 enim
2105 4780 2247 4864 ipse

297 4887 507 4946 unus,
564 4875 630 4930 et
686 4864 950 4947 quidem
1005 4864 1240 4940 semel,
1307 4886 1377 4930 se
1434 4866 1654 4947 ipsum
1705 4863 1974 4949 obtulit,
2033 4867 2244 4950 quoti-

297 4951 499 5016 diana
542 4961 762 5016 tamen
809 4950 1081 5028 oblatio,
1138 4971 1301 5034 quae
1352 4952 1428 5016 fit
1483 4971 1603 5035 per
1651 4951 1846 5016 fldem
1892 4959 1958 5017 et
2002 4972 2244 5036 preces,

295 5035 491 5103 nobis
532 5035 911 5102 mandatur:
961 5055 1095 5101 non
1138 5035 1395 5120 qualem
1439 5035 1781 5121 imaginati
1825 5048 1981 5103 sunt
2029 5040 2245 5123 papis·

299 5133 445 5202 tae,
510 5142 549 5186 a
592 5120 834 5206 quibus
878 5141 1083 5187 coena
1122 5123 1319 5204 impie
1374 5123 1499 5189 hoc
1543 5143 1851 5204 perverso
1896 5144 2116 5189 errore
2175 5126 2245 5188 in

298 5209 693 5275 sacrificium
749 5228 1064 5275 conversa
1117 5208 1272 5283 fuit,
1347 5208 1517 5291 quod
1576 5208 1905 5292 putabant
1959 5211 2249 5293 quotidie

298 5294 774 5360 immolandum
818 5315 959 5359 esse
987 5292 1350 5373 Christum,
1387 5303 1464 5359 ut
1505 5316 1681 5361 mors
1716 5296 1859 5361 eius
1894 5294 2247 5379 prodesset.

299 5381 558 5446 Verum
611 5380 804 5465 longe
860 5379 1125 5445 diversa
1174 5387 1275 5445 est
1319 5379 1482 5446 haec
1526 5379 1607 5445 de
1650 5402 1778 5464 qua
1828 5380 2050 5465 loquor
2096 5382 2251 5447 fidei

1779 466 2159 534 PRIMUM
2200 467 2853 535 PRAECEP'PUM.

4187 472 4318 539 334

2374 664 2442 721 et
2498 676 2764 741 precum
2822 655 3095 734 oblati0‚
3164 676 3291 738 qua
3346 665 3606 722 tantum
3660 658 3845 725 nobis
3911 660 4315 744 applicamus

2371 741 2511 807 vim
2556 751 2625 806 et
2666 744 2953 808 fructum
2998 744 3226 808 mortis
3268 741 3541 809 Christi.
4342 780 4351 783 -

2543 828 2603 892 3.
2645 825 2735 894 Et
2774 828 3008 893 dabitis
3040 848 3179 893 eam
3217 823 3517 895 Eleazar.
3575 829 3708 895 Hic
3749 829 3999 896 clarum
4044 834 4316 915 ponitur

2371 912 2719 980 discrimen
2777 914 2950 979 inter
3009 912 3169 979 duas
3214 915 3609 980 oblationes:
3676 915 3828 998 quia
3883 918 4122 1001 populo
4178 940 4312 984 non

2368 1000 2770 1082 permittitur
2813 1000 3163 1065 iuvencam
3207 1008 3525 1080 mactare,
3584 1002 3697 1066 sed
3765 1001 3889 1067 hoc
3931 1024 4171 1070 munus
4216 1017 4316 1071 est

2368 1087 2704 1169 proprium
2772 1086 3143 1151 sacerdotis.
3244 1086 3349 1152 Ita
3402 1087 3683 1153 mediate
3738 1086 3977 1153 obtulit
4033 1090 4315 1175 populus

2364 1192 2487 1256 per
2551 1171 2908 1238 sacerdotis
2972 1191 3241 1235 manum
3266 1222 3283 1251 ,
3362 1193 3487 1255 quo
3552 1171 3743 1238 modo
3821 1175 4019 1238 etiam
4099 1176 4311 1257 hodie,

2365 1259 2667 1340 quamvis
2724 1255 2869 1322 Deo
2929 1255 3244 1340 placando
3298 1268 3449 1323 ante
3507 1260 3649 1324 eins
3693 1259 3920 1324 faciem
3969 1260 4311 1328 Christum

2365 1345 2705 1422 sistamus,
2767 1363 3031 1408 necesse
3096 1351 3316 1408 tamen
3372 1352 3472 1409 est
3513 1345 3729 1428 ipsum
3784 1345 4187 1413 intervenire
4245 1356 4313 1415 et

2362 1431 2551 1512 fungi
2609 1427 2966 1495 sacerdotis
3023 1429 3337 1512 partibus.
3438 1430 3645 1496 Porro
3709 1430 4058 1498 iuvencam
4124 1433 4311 1501 educi

2360 1514 2649 1597 oportuit
2691 1536 2727 1580 e
2770 1515 3020 1591 castris,
3065 1516 3137 1579 in
3181 1516 3444 1598 signum
3480 1516 3946 1584 anathematis:
3998 1519 4311 1602 quoniam

2359 1600 2690 1685 piaculum
2737 1610 2896 1666 erat.
2987 1599 3141 1681 Qua
3183 1601 3435 1666 ratione
3477 1602 3673 1666 etiam
3719 1603 4083 1685 piaculares
4127 1606 4312 1672 victi-

2360 1708 2526 1765 mae,
2571 1707 2851 1770 qnarum
2897 1687 3167 1770 sanguis
3209 1686 3618 1753 inferebatur
3660 1686 3733 1752 in
3777 1700 4006 1755 sancta
4047 1700 4307 1758 saucto-

2359 1793 2528 1851 rum,
2573 1770 3033 1838 cremabantur
3077 1780 3266 1837 extra
3308 1782 3541 1838 castra.
3570 1772 3797 1840 Cuius
3840 1775 4091 1859 figurae
4135 1778 4308 1843 veri-

2358 1865 2462 1924 tas
2516 1858 2585 1923 in
2634 1857 2903 1925 Christo
2949 1857 3218 1942 impleta
3263 1860 3418 1924 fuit:
3487 1860 3598 1942 qui
3642 1859 3788 1924 ideo
3831 1869 4022 1926 extra
4078 1873 4305 1946 portas

2360 1945 2546 2011 urbis
2613 1964 2847 2028 passus
2911 1952 3041 2021 est,
3124 1955 3291 2010 teste
3366 1946 3657 2029 apostolo
3720 1944 3919 2033 (Heb.
3989 1947 4102 2029 13,
4172 1947 4299 2035 11).

2354 2028 2531 2112 Quia
2577 2042 2802 2096 autem
2865 2030 3027 2095 haec
3070 2030 3389 2114 quaedam
3435 2040 3576 2096 erat
3617 2033 3991 2099 reiectionis
4036 2037 4303 2117 species,

2355 2138 2441 2182 ne
2482 2118 2755 2183 minoris
2797 2117 2990 2200 pretii
3034 2124 3207 2202 esset
3249 2117 3628 2195 iuvencula,
3689 2128 3803 2183 ant
3845 2118 4303 2186 maledictione

2359 2202 2678 2286 pollutam
2724 2202 3041 2269 ducerent
3075 2202 3435 2282 Israelitae,
3480 2224 3737 2270 sacrum
3775 2220 3838 2267 et
3878 2206 4052 2289 grati
4083 2205 4304 2274 odoris

2355 2289 2497 2355 eius
2552 2289 2942 2373 sanguinem
3001 2286 3288 2354 ostendit
3322 2287 3539 2366 Deus,
3601 2292 3840 2373 septies
3896 2291 4105 2358 altare
4159 2293 4303 2376 ipso

2355 2375 2621 2459 aspergi
2664 2374 2927 2454 iubens,
2986 2373 3155 2457 quod
3198 2376 3301 2441 fas
3342 2396 3472 2441 non
3521 2386 3666 2461 erat
3709 2374 3842 2441 ulla
3886 2376 4302 2445 immunditie

2351 2461 2703 2544 inquinari.
2750 2460 2896 2526 Hoc
2937 2461 3110 2525 idem
3155 2460 3225 2526 in
3271 2461 3541 2527 Christo
3583 2461 3946 2528 clarissime
3989 2463 4301 2547 perspici·

2352 2557 2479 2612 tur.
2569 2547 2720 2613 Etsi
2763 2549 2939 2613 enim
2985 2547 3196 2613 factus
3237 2556 3342 2612 est
3383 2569 3503 2632 pro
3546 2548 3731 2614 nobis
3775 2546 4176 2626 maledicti0,
4234 2556 4302 2615 et

2352 2641 2693 2717 peccatum
2758 2641 3061 2711 vocatur,
3140 2634 3293 2716 quia
3359 2641 3621 2716 peccata
3685 2646 3911 2700 nostra
3972 2634 4045 2698 in
4110 2655 4301 2703 cruce

2355 2718 2702 2784 maledicta
2761 2718 3116 2803 portand0,
3191 2718 3526 2802 expiatrix
3582 2720 3709 2785 fuit
3764 2721 4067 2800 victima,
4131 2720 4298 2787 nihil

2352 2813 2576 2869 tamen
2622 2826 2704 2869 ex
2750 2808 2891 2869 eius
2939 2805 3224 2888 puritate
3291 2805 3654 2870 detractum
3699 2813 3833 2884 est,
3894 2825 4096 2887 quum
4153 2807 4300 2874 eius

2349 2890 2666 2956 sanctitas
2722 2891 2923 2955 totius
2981 2889 3212 2955 mundi
3265 2899 3440 2956 esset
3502 2890 3947 2956 sanctificatio.
4036 2890 4300 2957 Obtulit

2349 2977 2525 3041 enim
2582 2996 2653 3041 se
2706 2977 2923 3059 ipsum
2980 2976 3050 3041 in
3102 2976 3371 3059 spiritu,
3431 2983 3500 3041 et
3561 2997 3680 3059 per
3722 2997 3841 3043 san
3940 2977 4108 3042 ’nem
4154 2998 4302 3061 pro-

2348 3062 2563 3146 prium
2621 3062 2895 3127 intravit
2944 3061 3018 3126 in
3074 3075 3300 3128 sancta
3356 3060 3554 3149 (Heb.
3615 3062 3726 3141 10,
3791 3061 3873 3127 14
3916 3114 3932 3140 ,
3997 3073 4063 3129 et
4118 3085 4299 3130 mors

2347 3149 2492 3215 eius
2545 3157 2825 3214 vocatur
2876 3146 3033 3213 alibi
3093 3168 3132 3212 a
3188 3148 3396 3213 Paulo
3460 3147 3854 3214 sacrificium
3922 3149 4297 3216 suavissimi

2348 3233 2565 3299 odoris
2607 3231 2878 3320 (Ephes.
2924 3232 2984 3310 5,
3028 3233 3071 3298 2
3114 3245 3180 3298 et
3222 3232 3397 3299 Phil.
3441 3233 3503 3314 4,
3551 3231 3678 3319 18).

2521 3321 2582 3386 6.
2638 3321 2812 3386 Tunc
2853 3319 3111 3401 accipiet
3150 3320 3440 3385 sacerdos
3495 3319 3738 3404 lignum
3778 3320 4112 3386 cedrium.
4201 3321 4299 3387 Ut

2348 3427 2498 3473 cum
2522 3425 2726 3489 aquae
2751 3406 3126 3491 aspersione
3150 3406 3501 3471 coniuncta
3523 3405 3721 3470 simul
3751 3419 3923 3473 esset
3959 3408 4299 3491 sanguinis

2347 3494 2664 3577 aspersio,
2710 3492 2781 3558 in
2828 3492 3054 3576 ignem
3089 3490 3602 3557 conficiebantur
3639 3492 3895 3576 lignum
3937 3491 4296 3573 cedrinum,

2346 3578 2695 3664 hyssopus,
2742 3587 2809 3643 et
2843 3579 3217 3644 coccineum
3252 3577 3559 3661 ligamen,
3606 3599 3689 3642 ex
3728 3579 3966 3661 quibus
4000 3598 4296 3660 asperso-

2346 3666 2519 3731 rium
2563 3666 2708 3730 fieri
2754 3663 3022 3731 solebat.
3112 3662 3258 3728 Nisi
3303 3665 3478 3728 enim
3525 3664 3648 3730 hoc
3693 3664 3938 3727 visibili
3998 3663 4296 3749 symbolo

2346 3752 2666 3817 admoniti
2708 3751 2991 3816 fuissent
3032 3747 3402 3829 Israelitae,
3462 3770 3597 3814 non
3640 3750 3735 3814 ita
3776 3749 4026 3833 liquido
4068 3750 4295 3816 scivis-

2345 3847 2495 3903 sent
2536 3859 2607 3903 se
2651 3858 2783 3903 non
2830 3846 3088 3901 tantum
3133 3855 3302 3918 aqna
3344 3835 3544 3914 ablui,
3589 3834 3704 3900 sed
3748 3835 4049 3902 sacrificii
4093 3834 4296 3901 etiam

2346 3922 2675 3989 oblatione
2720 3921 2926 3987 deleri
2969 3942 3123 3987 suas
3167 3919 3410 3987 sordes.
3460 3920 3864 4006 Sanguinem
3909 3942 4067 3985 vero
4106 3921 4295 3986 fundi

2344 4030 2476 4074 non
2520 4009 2682 4074 satis
2728 4018 2890 4086 erat,
2934 4008 3063 4073 nisi
3107 4009 3249 4073 eius
3292 4007 3675 4093 irrigatione
3716 4005 4016 4072 mundati
4059 4016 4295 4087 essent,

2344 4103 2421 4160 ut
2464 4103 2617 4160 ante
2659 4095 2882 4160 visum
2926 4095 3070 4160 fuit.
3123 4092 3346 4175 Quum
3393 4103 3610 4158 autem
3654 4092 3819 4177 ligni
3860 4092 4107 4158 cedrini
4145 4113 4294 4176 pre-

2345 4179 2550 4246 tiosus
2610 4180 2698 4245 sit
2752 4179 2944 4260 odor,
3003 4181 3069 4244 in
3130 4179 3418 4265 hyssopo
3461 4178 3563 4244 vis
3607 4178 3696 4244 sit
3739 4177 4090 4262 purgandi:
4138 4179 4294 4243 hinc

2346 4267 2585 4331 iterum
2635 4266 3036 4354 colligimus,
3089 4264 3408 4331 mundam
3440 4265 3641 4330 fuisse
3697 4263 3877 4328 illam
3935 4264 4292 4344 victimam,

2347 4353 2648 4435 quamvis
2690 4363 2958 4436 peccata
3000 4351 3194 4417 simul
3253 4373 3400 4417 cum
3458 4371 3683 4415 eorum
3726 4348 4185 4415 maledictione
4228 4357 4297 4416 et

2350 4438 2607 4521 piaculo
2673 4441 3048 4504 sustineret.
3161 4436 3505 4518 Quomodo
3584 4444 3804 4501 autem
3868 4456 4299 4520 aspergamur

2350 4523 2602 4590 Christi
2646 4527 2987 4608 sanguine,
3035 4524 3220 4589 docet
3257 4522 3517 4600 Petrus,
3564 4542 3798 4605 nempe
3843 4543 3960 4605 per
3994 4522 4299 4605 spiritum

2349 4607 2437 4697 (1.
2484 4611 2625 4676 Pet.
2674 4611 2732 4689 1,
2779 4608 2880 4697 2):
2925 4611 3057 4676 imo
3100 4608 3398 4693 singulas
3441 4607 3640 4672 huius
3673 4609 4121 4674 caeremoniae
4155 4629 4301 4690 par-

2350 4711 2453 4762 tes
2496 4697 2564 4760 in
2611 4695 2880 4762 Christo
2923 4695 3212 4761 inveniri
3261 4694 3451 4758 docet
3490 4693 3773 4759 Ioannes
3826 4695 3894 4759 in
3940 4713 4059 4758 sua
4102 4714 4296 4760 cano-

2352 4784 2502 4850 nica
2545 4780 2631 4869 (1.
2680 4783 2905 4849 loann.
2951 4782 3012 4863 5,
3056 4779 3143 4868 6),
3201 4780 3545 4846 Christum
3589 4780 3850 4847 venisse
3894 4779 4185 4846 scribens
4225 4780 4293 4843 in

2351 4888 2521 4951 aqua
2565 4877 2632 4934 et
2670 4869 3010 4953 sanguine,
3054 4879 3120 4933 et
3161 4867 3467 4951 spiritum
3502 4865 3616 4950 qui
3652 4865 3894 4932 veritas
3937 4875 4058 4944 est,
4103 4864 4184 4929 de
4218 4884 4296 4929 eo

2350 4954 2706 5021 testificari.

2527 5041 2564 5105 7
2571 5092 2585 5106 .
2632 5038 2722 5107 Et
2764 5039 2999 5106 lavabit
3036 5043 3228 5105 vestes
3270 5058 3439 5105 suaa.
3508 5036 3839 5104 Videntur
3883 5038 4042 5103 haec
4086 5036 4298 5119 primo

2351 5126 2599 5191 intuitu
2644 5147 2957 5211 pugnare,
3012 5144 3262 5192 sacram
3305 5125 3451 5190 Deo
3494 5135 3562 5191 et
3605 5145 3837 5209 puram
3885 5144 4027 5189 esse
4070 5122 4298 5187 iuven-

2352 5233 2498 5278 cam
2522 5222 2836 5278 ettamen
2869 5212 3163 5295 polluere
3188 5211 3589 5277 sacerdotem
3616 5231 3736 5276 suo
3759 5219 4095 5275 contactu:
4131 5228 4297 5290 quae

2353 5306 2577 5363 tamen
2622 5299 2867 5383 optime
2910 5299 3083 5363 inter
3126 5319 3197 5363 se
3239 5296 3656 5364 conveniunt.
3703 5293 3892 5377 Quod
3938 5294 4113 5358 enim
4161 5303 4297 5357 tam

2355 5384 2659 5451 sacerdos
2747 5405 2942 5468 quam
3033 5384 3333 5450 minister
3420 5379 3886 5449 combustionis
3973 5378 4299 5444 immundi
