4867 6150
368 454 490 520 101

362 644 720 712 roboratum
758 643 887 725 fuit
925 660 1028 709 eor
1075 642 1442 710 Pharaonis
1459 693 1475 723 ,
1517 663 1627 709 neo
1666 643 1917 710 audivit
1957 664 2090 725 eos,
2155 645 2318 712 siccat

361 731 650 815 loquutus
693 734 827 796 erat
870 728 1119 796 [ehova.

542 903 642 968 16.
710 902 886 967 Tum
940 901 1104 967 dixit
1156 900 1387 966 Iehova
1451 900 1535 966 ad
1580 899 1820 967 Mosen.
1910 901 2056 969 Hoc
2113 902 2311 968 etiam

360 990 506 1057 loeo
541 987 645 1075 (ιιι
678 985 889 1074 prius)
925 986 1183 1070 prodire
1217 986 1480 1052 iubetur
1498 986 1774 1053 Aharon
1801 989 1986 1063 Mose
2020 988 2309 1068 inferior,

361 1077 474 1160 qui
518 1095 805 1159 poenam
847 1073 1075 1156 exigat
1117 1071 1196 1137 de
1232 1082 1551 1159 tyranno:
1596 1071 1793 1155 idque
1827 1073 2090 1139 maioris
2125 1074 2312 1158 igno·

359 1162 611 1227 miniae
654 1178 851 1226 causa
895 1180 1089 1242 quam
1122 1160 1179 1226 si
1225 1159 1400 1224 solus
1422 1160 1642 1224 Moses
1688 1159 1917 1225 fuisset
1960 1159 2311 1227 adhibitus.

359 1246 637 1331 Species
680 1266 835 1312 vero
878 1246 1109 1310 tertiae
1153 1243 1382 1329 plagae
1439 1244 1736 1328 apprime
1778 1258 1877 1310 est
1922 1246 2311 1312 memorabi-

356 1333 474 1399 lis:
521 1330 691 1417 quod
725 1331 913 1397 Deus
956 1352 1088 1396 non
1133 1331 1347 1396 solum
1393 1352 1507 1413 per
1550 1351 1763 1409 ranas,
1809 1331 1920 1397 sed
1967 1353 2085 1414 per
2130 1331 2309 1414 pedi·

356 1419 545 1486 culos
586 1418 968 1502 Aegyptum
1011 1415 1298 1484 infestat.
1389 1415 1785 1499 Quanquam
1843 1417 2019 1482 enim
2066 1415 2147 1480 de
2190 1430 2310 1486 m:

356 1526 495 1571 non
530 1526 802 1588 prorsus
836 1502 1144 1569 convenit
1166 1503 1341 1569 inter
1362 1501 1721 1582 Hebraeos,
1756 1503 2051 1569 fatentur
2085 1511 2309 1568 tamen

355 1590 757 1657 animalcula
810 1611 985 1666 esse,
1034 1589 1138 1655 vel
1192 1588 1475 1667 insecta,
1537 1609 1702 1671 quae
1769 1589 1970 1655 etiam
2029 1588 2308 1654 sordidis

354 1677 741 1744 hominibus
763 1675 1080 1758 pudorem
1102 1695 1249 1741 cum
1280 1674 1580 1740 molestia
1616 1675 1917 1741 afferunt.
1986 1673 2308 1740 Videmus

353 1783 519 1849 ergo
563 1783 758 1846 quam
805 1762 1148 1844 magnifice
1192 1761 1561 1844 superbiam
1610 1762 1900 1846 Aegypti
1956 1761 2310 1827 calcaverit

262 1859 269 1865 '
351 1849 564 1929 Deus,
610 1846 970 1915 vindictam
1012 1847 1442 1913 contumeliae
1478 1857 1545 1911 et
1587 1848 1807 1929 probri
1844 1846 2103 1929 plenam
2139 1847 2307 1911 infli-

350 1936 593 2020 gendo,
682 1933 855 1999 Nam
913 1934 1035 1999 etsi
1095 1933 1403 1999 miserum
1461 1933 1694 1998 fuisset
1750 1934 1871 1999 sub
1931 1933 2186 2015 potenti
2239 1941 2305 1997 et

352 2021 665 2088 bellicoso
711 2019 897 2086 hoste
937 2019 1203 2099 cadere,
1267 2018 1464 2104 longe
1521 2029 1745 2084 tamen
1801 2020 2054 2084 tristius
2099 2018 2225 2083 fuit
2265 2038 2305 2082 a

350 2107 677 2192 pediculis
741 2106 1021 2189 turpiter
1085 2106 1329 2172 confici.
1437 2106 1575 2170 Nec
1640 2103 1912 2169 dubium
1978 2113 2080 2171 est
2143 2105 2303 2188 quin

351 2195 537 2260 hunc
581 2193 866 2258 maxime
910 2191 1272 2257 exercitum
1318 2191 1504 2256 Deus
1563 2194 1919 2258 armaverit
1967 2200 2044 2255 ut
2085 2190 2303 2273 palam

348 2279 606 2346 faceret
651 2278 771 2345 sibi
816 2278 1004 2344 facile
1047 2298 1189 2343 esse
1232 2275 1545 2360 quidquid
1591 2287 1691 2341 est
1731 2286 2032 2343 terrenae
2075 2284 2297 2359 poten-

351 2368 491 2432 tiae
549 2363 650 2431 vel
710 2364 959 2430 roboris
1016 2384 1134 2446 per
1189 2364 1405 2428 lusum
1472 2361 1706 2428 delere.
1796 2364 1889 2429 Et
1943 2370 2122 2427 certe
2178 2363 2304 2428 nisi

352 2452 675 2537 Aegyptii
710 2450 857 2533 plus
892 2470 1091 2533 quam
1126 2449 1368 2532 stupidi
1408 2448 1684 2515 fuissent
1720 2459 1785 2513 et
1806 2458 2119 2530 amenoes,
2144 2448 2302 2514 haee

349 2538 490 2605 illis
554 2538 952 2620 comparatio
1009 2536 1079 2600 in
1137 2545 1428 2601 mentem
1487 2536 1712 2602 venire
1777 2533 2083 2613 debebat,
2147 2534 2303 2619 quid

350 2623 623 2691 tandem
670 2622 969 2687 futurum
1017 2629 1192 2686 esset
1225 2621 1278 2688 si
1314 2620 1474 2687 coeli
1513 2629 1581 2685 et
1624 2630 1840 2687 terrae
1881 2621 2101 2704 opifex
2145 2621 2302 2685 totis

349 2708 611 2779 viribus
651 2707 1060 2774 incumberet
1116 2708 1198 2773 ad
1240 2729 1350 2773 eos
1407 2706 1805 2789 perdendos,
1860 2706 2045 2773 cuius
2097 2727 2301 2789 prope

347 2795 609 2862 ludicro
655 2795 1011 2860 certamine
1046 2794 1126 2858 ad
1165 2792 1381 2859 tabem
1418 2793 1624 2876 redigi
1662 2813 1732 2858 se
1770 2792 2096 2859 videbant.
2163 2792 2301 2857 Nos

347 2901 518 2948 vero
583 2903 665 2946 ex
735 2880 856 2945 hac
920 2879 1195 2945 historia
1258 2879 1616 2958 discamus,
1680 2899 1910 2949 omnes
1967 2886 2302 2944 creaturas

345 2977 617 3052 praesto
660 2987 801 3033 esse
845 2965 927 3031 ad
951 2966 1078 3031 Dei
1121 2978 1379 3045 nutum,
1423 2965 1677 3048 quoties
1719 2964 1852 3030 illis
1896 2964 2039 3028 vult
2081 2966 2179 3030 uti
2216 2963 2298 3030 ad

345 3055 582 3121 hostes
606 3075 758 3120 suos
793 3049 1232 3137 castigandos:
1271 3050 1505 3117 deinde
1540 3051 1794 3116 nullum
1834 3071 1975 3117 esse
2010 3058 2148 3116 tam
2171 3050 2298 3118 vile

344 3149 475 3209 aut
515 3147 961 3222 contemptum
1007 3139 1284 3218 animal,
1327 3138 1432 3204 cui
1475 3161 1605 3203 non
1650 3138 1810 3203 satis
1853 3148 2163 3221 suppetat
2204 3137 2298 3203 fa-

342 3227 617 3296 cultatis
640 3225 722 3292 ad
748 3224 1116 3290 nocendum
1139 3224 1250 3289 ubi
1273 3223 1591 3290 divinitus
1612 3234 1936 3289 armatur:
1967 3234 2298 3307 postremo

342 3312 665 3398 reprobos
710 3309 1144 3394 superbiendo
1183 3311 1307 3377 hoc
1352 3309 1617 3375 tandem
1662 3311 1988 3392 consequi,
2034 3319 2109 3375 ut
2153 3331 2298 3375 ver-

342 3400 570 3466 mibus
634 3398 793 3483 ipsis
862 3397 964 3464 vel
1042 3396 1361 3480 pediculis
1439 3418 1589 3463 cum
1660 3395 1955 3461 maxima
2031 3396 2300 3460 infamia

342 3486 752 3554 subiaceant.
1704 3551 1709 3556 ,

531 3571 631 3637 18.
676 3566 766 3640 Et
805 3570 899 3634 sic
950 3569 1249 3651 fecerunt,
1282 3568 1472 3650 mayi.
1560 3566 1807 3633 Facere
1864 3566 1974 3633 hic
2014 3565 2299 3632 sumitur

343 3678 475 3742 pro
517 3657 756 3723 conari.
844 3654 1071 3737 Neque
1115 3655 1291 3720 enim
1333 3653 1467 3718 illis
1511 3653 1836 3733 successit,
1883 3651 2303 3736 quemadmo-

344 3745 514 3810 dum
576 3764 732 3807 mox
798 3741 1107 3824 sequitur.
1215 3739 1551 3805 Dicuntur
1615 3760 1771 3824 ergo
1835 3740 2061 3805 fecisse
2127 3740 2296 3822 quod

342 3831 601 3897 frustra
622 3835 976 3907 tentarunt,
1015 3826 1116 3892 vel
1137 3825 1309 3909 quod
1346 3827 1637 3910 aggressi
1672 3835 1832 3891 sunt
1865 3825 2007 3890 sine
2044 3825 2296 3891 effectu.

345 3919 575 3998 Atque
628 3914 750 3980 hoe
801 3912 992 3978 modo
1050 3911 1384 3978 Pharaoni
1448 3912 1687 3996 eripuit
1742 3912 1923 3976 Deus
1986 3911 2299 3995 quidquid

342 4009 496 4069 erat
537 3999 978 4066 excusationis
1021 3997 1354 4064 residuum
1393 4020 1473 4062 ex
1509 3998 1781 4063 obtentu
1818 3997 2077 4062 erroris.
2149 3998 2297 4064 Etsi

346 4089 529 4154 enim
574 4089 758 4170 prius
793 4085 918 4151 sibi
955 4084 1246 4151 fallacias
1280 4083 1619 4165 asciverat,
1656 4083 1870 4150 colore
1907 4091 2125 4148 tamen
2163 4105 2297 4148 non

340 4175 567 4241 caruit
599 4173 739 4237 eins
783 4171 1158 4256 pertinacia,
1202 4191 1403 4253 quum
1449 4171 1626 4254 magi
1670 4192 1751 4234 ox
1796 4189 2002 4252 aequo
2047 4189 2297 4253 pugna-

345 4269 504 4326 rent
557 4279 704 4325 cum
763 4258 966 4323 Mose.
1071 4256 1323 4322 Verum
1388 4256 1495 4321 ubi
1564 4255 1746 4320 videt
1802 4276 2025 4321 eorum
2086 4265 2293 4321 artem

344 4346 647 4421 deficere,
685 4365 767 4409 ex
801 4344 1089 4427 professo
1113 4342 1427 4409 adversus
1451 4343 1666 4407 Deum
1690 4342 1999 4425 confligit.
2069 4339 2295 4422 Quan-

347 4452 551 4515 quam
609 4450 739 4494 non
799 4430 976 4496 illius
1033 4437 1295 4494 tantum
1349 4439 1647 4512 respectu
1707 4428 2097 4510 impostores
2151 4428 2295 4493 illos

340 4516 650 4583 cohibuit
691 4516 901 4593 Deus,
946 4513 1062 4580 sed
1105 4513 1408 4579 ridendos
1449 4512 1751 4579 omnibus
1796 4513 2163 4596 prostituit,
2190 4563 2200 4576 .
2223 4522 2296 4579 ιιι

346 4602 474 4669 sibi
520 4602 639 4667 uni
682 4601 947 4667 virtutis
990 4601 1314 4685 perfectae
1357 4600 1631 4684 gloriam
1675 4600 1745 4663 in
1791 4598 2074 4665 solidum
2119 4621 2292 4666 asse—

346 4697 548 4756 reret.
614 4686 805 4754 Unde
846 4687 1217 4771 colligimus
1259 4707 1450 4770 quam
1497 4685 1663 4750 bene
1707 4705 1826 4768 pro
1868 4705 1990 4749 sua
2026 4684 2292 4751 inaesti-

348 4774 578 4840 mabili
634 4774 954 4857 sapientia
1006 4783 1322 4855 temperet
1383 4792 1580 4855 quam
1625 4769 1912 4836 Satanae
1972 4771 2293 4842 ministris

346 4861 685 4927 licentiam
744 4858 827 4925 ad
899 4870 1156 4941 tempus
1214 4858 1558 4943 permittit.
1656 4856 1828 4923 Nam
1897 4854 2006 4920 ubi
2065 4877 2288 4923 eorum

345 4947 689 5013 audaciam
756 4945 1091 5011 tolerando
1154 4946 1314 5011 satis
1377 4944 1681 5029 probavit
1742 4961 2010 5008 suorum
2075 4942 2290 5023 fidem,

350 5034 537 5117 quasi
582 5054 665 5098 ex
709 5032 983 5114 abrupto
1026 5031 1382 5098 subsistere
1419 5030 1598 5113 ipsos
1641 5030 1844 5113 cogit,
1906 5037 1982 5092 ut
2036 5028 2293 5095 iaceant

346 5118 633 5196 confusi,
688 5138 811 5182 nec
851 5119 1196 5201 proficiant
1250 5117 1321 5182 in
1383 5116 1601 5200 peius,
1659 5117 1833 5182 sicut
1886 5114 1977 5178 ait
2019 5114 2288 5197 Paulus,

348 5203 523 5270 hanc
564 5204 901 5271 historiam
947 5223 1460 5271 commemorans
1500 5200 1587 5288 (2.
1635 5202 1801 5266 Tim.
1847 5199 1908 5278 3,
1955 5197 2047 5286 8).

527 5289 627 5356 19.
691 5289 867 5356 Tunc
914 5290 1207 5357 dixerunt
1260 5289 1434 5373 maye]
1495 5288 1582 5354 ad
1627 5287 2038 5354 Pharaonem.
2126 5286 2288 5354 Pro—

349 5375 566 5442 babile
610 5385 710 5442 est
752 5376 997 5443 duriter
1049 5376 1250 5442 fuisse
1306 5375 1681 5459 obiurgatos
1734 5372 1903 5457 quod
1947 5373 2019 5439 in
2063 5392 2286 5440 aemu-

1508 452 2256 523 COMMENTARIUS
2301 456 2402 523 IN
2446 456 2748 525 EXODI
2791 458 2992 528 OAP.
3036 459 3232 527 VIII.

4246 463 4378 531 102

2416 647 2661 713 latione
2715 669 3055 715 servorum
3114 648 3244 714 Dei
3311 657 3657 716 cessarent.
3756 650 3995 735 Itaque
4051 662 4374 721 excusant

2414 755 2549 799 non
2584 755 2728 801 esse
2772 735 3054 819 amplius
3088 736 3398 801 scientiae
3434 747 3502 800 et
3537 737 3811 821 magicis
3847 738 4095 804 artibus
4131 740 4369 806 locum.

2415 819 2612 887 Unde
2655 819 3054 905 colligimus,
3117 823 3254 888 suis
3315 823 3686 907 praestigiis
3748 824 3841 887 ita
3894 824 4128 891 lusisse
4172 835 4248 891 ut
4294 848 4368 893 se

2414 915 2730 988 putarent
2764 907 3044 990 optimos
3066 916 3133 972 et
3152 907 3344 973 laude
3368 906 3603 992 dignos
3639 909 4022 975 illusionum
4060 913 4366 979 artifices.

2413 992 2647 1074 Neque
2689 993 2866 1058 enim
2905 993 3034 1058 alia
3080 993 3160 1058 de
3194 1012 3390 1060 causa
3426 993 3663 1079 vulgus
3699 997 4026 1078 sapientes
4062 1017 4174 1063 eos
4217 1017 4368 1065 cen—

2412 1077 2600 1143 sebat
2635 1079 2764 1144 nisi
2797 1078 2967 1161 quod
3003 1079 3127 1161 ipsi
3178 1088 3333 1145 ante
3368 1080 3669 1147 fiduciam
3708 1079 3878 1147 hanc
3913 1090 4366 1166 conceperant.

2412 1162 2718 1247 Digitum
2761 1168 2936 1229 enim
2983 1166 3111 1230 Dei
3154 1176 3493 1248 opponunt
3536 1187 3694 1232 suae
3740 1167 4041 1234 solertiae
4086 1176 4153 1234 et
4192 1170 4368 1253 peri-

2413 1250 2563 1329 tiae,
2606 1252 2793 1333 quasi
2838 1249 3135 1315 dicerent
3178 1271 3308 1315 non
3346 1273 3487 1317 esse
3522 1254 3654 1317 iam
3699 1263 4031 1321 certamen
4076 1254 4156 1320 de
4199 1255 4364 1322 artis

2413 1337 2831 1418 praestantia,
2878 1336 2990 1402 sed
3028 1336 3343 1420 quidquid
3378 1338 3458 1403 ab
3495 1338 3839 1423 astrologis
3874 1350 3941 1404 et
3977 1341 4220 1424 praesti
4267 1342 4364 1406 ia-

2411 1442 2561 1486 rum
2625 1422 2955 1506 magistris
3013 1423 3260 1506 requiri
3316 1433 3597 1506 poterat,
3657 1423 4176 1491 extraordinaria
4299 1427 4363 1493 ei

2414 1507 2654 1573 virtute
2719 1509 2790 1572 in
2851 1508 3133 1573 nihilum
3201 1507 3429 1593 redigi.
3533 1510 3850 1594 Pugnant
3914 1512 4172 1595 quidem
4233 1513 4364 1597 ipsi

2410 1615 2663 1660 secum:
2714 1614 2868 1659 nam
2912 1590 3220 1676 quorsum
3268 1595 3538 1660 attinuit
3579 1617 3728 1661 cum
3765 1596 3949 1663 Mose
3986 1608 4048 1663 et
4087 1598 4361 1664 Aharon

2411 1681 2797 1763 confligere,
2857 1681 2985 1746 nisi
3043 1690 3121 1745 ut
3166 1682 3381 1746 Deum
3427 1701 3467 1745 a
3509 1701 3628 1747 sua
3687 1692 3873 1764 parte
3924 1691 4098 1749 stare
4153 1684 4357 1751 iacta-

2408 1765 2600 1829 rent?
2649 1763 2841 1846 Quod
2884 1766 2940 1832 si
2977 1788 3082 1831 res
3114 1767 3262 1832 illas
3296 1766 3614 1850 gerebant
3635 1768 3764 1833 Dei
3797 1769 4120 1852 auspiciis,
4159 1792 4355 1854 quam

2408 1851 2759 1917 ridiculum
2819 1859 2921 1917 est
2964 1873 3126 1935 quos
3178 1854 3359 1937 prius
3415 1864 3958 1937 oppugnaverant
4009 1856 4200 1922 fateri
4245 1878 4356 1923 su·

2407 1938 2716 2019 periores,
2759 1938 3051 2021 ipsisque
3095 1939 3406 2005 victoriae
3441 1939 3702 2005 laudem
3738 1939 4013 2019 deferre,
4048 1942 4202 2024 quia
4224 1941 4356 2009 Dei

2407 2024 2701 2107 potentia
2742 2024 2878 2090 sint
2920 2024 3273 2090 instructi?
3321 2024 3641 2091 Videmus
3685 2046 3841 2110 ergo
3876 2049 4025 2093 cum
4062 2038 4202 2092 tota
4236 2049 4358 2094 sua

2408 2110 2666 2176 vafritie
2713 2110 2912 2176 fuisse
2948 2110 3324 2177 infatuatos.
3394 2110 3528 2177 Sed
3563 2112 3818 2177 interea
3853 2113 4211 2179 tenendum
4253 2124 4357 2180 est

2407 2193 2580 2278 quod
2627 2217 2719 2262 nu
2766 2218 2838 2261 er
2883 2198 3088 2281 attigi,
3135 2217 3267 2262 non
3313 2195 3503 2262 modo
3548 2198 3829 2265 traxisse
3865 2197 4024 2265 alios
4058 2201 4129 2265 in
4176 2221 4355 2267 erro-

2404 2303 2579 2360 rem,
2639 2303 2711 2347 se
2814 2283 3014 2348 etiam
3081 2282 3279 2349 fuisse
3337 2283 3669 2366 deceptos,
3726 2283 3896 2367 quod
3949 2287 4020 2350 in
4079 2285 4355 2354 fallaciis

2405 2368 2570 2433 artis
2638 2368 2929 2452 magicae
2983 2380 3296 2451 putarent
3350 2369 3615 2435 subesse
3670 2371 4030 2437 scientiam.
4137 2371 4353 2440 Sicuti

2405 2452 2598 2519 hodie
2663 2454 2967 2521 videmus
3018 2454 3466 2539 genethliacos
3520 2464 3586 2520 et
3640 2456 3885 2523 similes
3942 2458 4350 2540 impostores,

2405 2541 2517 2622 qui
2564 2560 2637 2605 se
2678 2540 3039 2625 astrologos
3082 2540 3457 2606 iudiciarios
3504 2543 3878 2620 nominant,
3925 2543 4052 2609 sibi
4095 2545 4354 2627 plaeere

2403 2627 2472 2690 in
2516 2626 2653 2691 suis
2700 2624 2968 2702 deliriis,
3014 2636 3088 2690 nt
3133 2648 3261 2691 non
3315 2625 3618 2693 dubitent
3674 2626 3950 2711 gradum
3997 2630 4118 2695 sibi
4164 2652 4353 2713 prae·-

2402 2713 2668 2795 cipuum
2713 2711 2888 2778 inter
2937 2713 3230 2778 doctores
3273 2734 3549 2780 sumere.
3643 2714 3942 2798 Denique
3986 2737 4168 2782 mera
4212 2738 4351 2783 am-

2404 2798 2564 2864 bitio
2617 2818 2845 2881 magos
2909 2798 3168 2881 impulit
3234 2808 3307 2863 ut
3361 2800 3576 2864 Deum
3640 2821 3756 2883 per
3813 2822 4086 2866 manum
4145 2803 4352 2870 Mosis

2403 2884 2659 2966 operari
2705 2884 3015 2950 dicerent.
3108 2883 3405 2951 Pudebat
3462 2886 3636 2950 enim
3695 2885 3912 2965 fateri,
3959 2908 4351 2972 quemquam

2402 2970 2782 3037 mortalium
2817 2971 3089 3037 scientia
3124 2970 3535 3054 praecellere.
3607 2971 3858 3037 Verum
3908 2981 4168 3039 extorta
4216 2975 4350 3042 illis

2402 3055 2532 3122 fuit
2574 3056 2907 3137 confessio,
2953 3077 3082 3140 qua
3123 3057 3471 3142 magnifice
3505 3057 3704 3124 unius
3740 3059 3880 3124 veri
3903 3058 4028 3124 Dei
4071 3060 4350 3144 gloriam

2400 3142 2838 3223 celebrarent,
2881 3152 2947 3208 et
2990 3144 3183 3208 simul
3240 3144 3678 3227 approbarent
3732 3144 4092 3229 legitimam
4137 3147 4348 3215 Mosis

2402 3229 2832 3295 vocationem.
2936 3229 3107 3293 Nam
3172 3231 3226 3295 si
3291 3230 3361 3293 in
3418 3230 3601 3295 Mose
3667 3230 3884 3312 palam
3951 3233 4350 3316 conspicitur

2401 3313 2532 3380 Dei
2575 3316 2896 3399 potentia,
2946 3315 3241 3398 sequitur
3284 3337 3512 3381 verum
3559 3337 3700 3381 esse
3744 3325 3811 3382 et
3852 3314 4152 3383 divinum
4199 3340 4348 3403 pro·

2402 3400 2690 3484 phetam.
2758 3399 2953 3483 Quod
2988 3409 3206 3466 autem
3243 3423 3314 3468 se
3349 3422 3476 3467 non
3515 3402 3763 3484 pariter
3805 3402 3876 3467 in
3911 3402 4044 3468 illis
4080 3406 4345 3486 exserit,

2401 3485 2517 3552 sed
2583 3487 2903 3570 pervertit
2967 3508 3193 3552 eorum
3259 3497 3563 3566 conatus,
3632 3487 3790 3554 hinc
3846 3496 4136 3555 statuere
4193 3490 4348 3558 licet

2400 3573 2527 3639 Dei
2574 3594 2715 3639 esse
2760 3572 3187 3639 adversarios.
3279 3572 3461 3640 Satis
3505 3572 3587 3638 ad
3646 3574 4060 3640 refutandam
4118 3598 4345 3643 eorum

2399 3661 2758 3725 vanitatem
2802 3657 2866 3724 id
2915 3669 3084 3739 erat,
3134 3680 3432 3744 pugnare
3475 3660 3825 3726 infeliciter
3883 3670 3951 3725 et
4002 3662 4069 3726 in
4131 3663 4344 3730 medio

2400 3766 2595 3811 cursu
2662 3745 2960 3811 destitui:
3029 3744 3140 3809 sed
3200 3745 3322 3811 hoc
3373 3745 3583 3810 multo
3637 3747 3910 3829 gravius
3976 3755 4106 3824 est,
4174 3749 4345 3831 quod

2398 3832 2616 3896 Deum
2639 3832 2765 3896 arti
2798 3851 2956 3896 suae
2989 3830 3242 3897 hostem
3275 3843 3630 3914 opponunt.
3702 3830 3940 3897 Verum
3963 3834 4223 3916 quidem
4247 3843 4352 3902 est

2397 3915 2878 3982 inconsiderate
2897 3917 2991 3982 ita
3012 3916 3208 3999 loqui,
3232 3918 3384 3999 quia
3407 3927 3659 3982 tantum
3697 3919 4163 3985 existimationi
4188 3942 4345 3988 suae

2399 4003 2739 4069 consulere
2800 4003 3141 4082 volebant,
3209 4013 3278 4067 et
3332 4005 3504 4067 tueri
3549 4003 3785 4069 falsum
3832 4005 4142 4070 scientiae
4185 4027 4345 4073 suae

2400 4089 2748 4154 honorem:
2819 4087 2932 4154 sed
2987 4086 3134 4153 Deo
3197 4089 3439 4171 placuit
3504 4090 3596 4153 ita
3655 4109 3765 4155 eos
3822 4110 4206 4174 coarguere,
4275 4102 4349 4159 ut

2398 4176 2672 4240 sentiret
2695 4174 2960 4241 Pharao
3000 4195 3072 4240 se
3106 4195 3255 4240 cum
3289 4175 3430 4240 Deo
3468 4176 3636 4255 vivo,
3673 4197 3803 4239 non
3841 4187 4056 4240 autem
4095 4174 4347 4246 duobus

2398 4262 2721 4345 gregariis
2781 4259 3158 4326 hominibus
3223 4259 3554 4344 congredi.
3656 4257 3845 4340 Quod
3916 4259 3999 4325 ad
4062 4261 4346 4330 formam

2396 4346 2703 4429 loquendi
2750 4354 3018 4429 spectat,
3061 4344 3574 4429 metaphoricam
3617 4365 3758 4411 esse
3801 4354 3998 4428 patet.
4073 4348 4343 4433 Digitus

2396 4435 2572 4498 enim
2640 4433 2765 4497 Dei
2844 4431 3018 4515 apud
3075 4432 3329 4514 Lucam
3399 4431 3500 4507 11,
3561 4430 3647 4497 20
3705 4441 3975 4497 vocatur
4039 4434 4341 4516 spiritus:

2395 4519 2589 4585 sicuti
2648 4517 2870 4583 multis
2924 4518 3081 4583 locis
3143 4539 3257 4600 per
3311 4538 3574 4582 manum
3624 4517 3749 4582 Dei
3808 4518 4110 4585 similiter
4166 4521 4339 4588 idem

2395 4605 2670 4689 spiritus
2725 4603 3137 4688 intelligitur.
3229 4601 3529 4668 Notanda
3589 4612 3808 4669 tamen
3853 4606 4022 4669 ratio
4068 4615 4186 4685 est,
4253 4630 4340 4676 ne

2395 4693 2540 4775 quis
2585 4689 2886 4755 indoctus
2943 4688 3027 4753 ad
3084 4689 3433 4754 essentiam
3493 4688 3767 4766 referat,
3827 4690 4013 4772 quasi
4067 4693 4339 4773 spiritus

2393 4778 2504 4861 qui
2563 4798 2718 4843 vere
2772 4784 3079 4841 aeternus
3138 4773 3320 4841 Deus
3376 4784 3506 4853 est,
3568 4775 3786 4858 aliqua
3842 4785 4018 4840 esset
4071 4774 4337 4846 deitatis

2392 4862 2623 4947 porti0.
2715 4861 2939 4941 Quum
2986 4869 3201 4926 autem
3249 4861 3454 4926 coacti
3511 4862 3760 4926 fuerint
3800 4863 3975 4945 magi
4022 4862 4089 4927 in
4136 4867 4334 4930 mira-

2391 4947 2538 5014 culo
2604 4946 2870 5013 tandem
2934 4967 3290 5031 agnoscere
3346 4947 3470 5013 Dei
3530 4947 3923 5029 potentiam,
3992 4949 4334 5032 plusquam

2391 5033 2604 5117 turpis
2639 5033 2970 5100 socordiae
3005 5034 3217 5100 eritsi
3258 5032 3415 5099 haec
3451 5032 3676 5098 eadem
3702 5033 4136 5099 consideratio
4158 5035 4334 5118 apud

2391 5141 2510 5185 nos
2554 5141 2682 5185 non
2731 5120 2968 5203 vigeat.
3050 5118 3437 5202 Quanquam
3485 5118 3734 5184 duobus
3776 5118 3985 5183 modis
4020 5120 4145 5185 Dei
4190 5142 4326 5186 ma·-

2390 5227 2552 5271 num
2598 5216 2903 5287 reputare
2947 5225 3065 5270 nos
3108 5202 3313 5272 decet.
3392 5204 3619 5286 Neque
3663 5205 3837 5270 enim
3885 5203 3999 5269 ubi
4041 5205 4179 5289 agit

2388 5289 2607 5359 media
2648 5289 2752 5377 (ιιι
2791 5289 3171 5378 loquuntur)
3214 5290 3335 5357 sibi
3377 5288 3727 5374 quidquam
3768 5289 4076 5355 detrahit.
4138 5290 4360 5359 Ideo-

2391 5398 2517 5461 que
2560 5379 2629 5442 in
2676 5384 2813 5442 toto
2857 5384 3134 5444 naturae
3175 5398 3371 5444 cursu
3424 5375 3576 5441 fidei
3620 5375 3828 5443 oculis
3871 5377 4336 5460 conspicienda

2395 5489 2405 5498 .
3853 5475 3920 5529 7*
