4867 6150
604 424 734 494 695
2038 425 2495 494 OCTAVUM
2560 425 3113 494 PRAEOEPTU
3118 427 3209 493 M.
4461 429 4562 498 696

1198 615 1329 681 EX
1376 615 1647 682 DEU'I'.
1691 613 1964 682 XXHI.

790 787 878 854 24
898 785 968 874 ¹).
1001 787 1206 870 Quum
1243 787 1565 872 inyressus
1595 788 1801 871 fueris
1839 789 2090 854 vineam
2120 786 2413 869 proximi
2453 787 2567 864 tui,

609 875 887 942 comedes
942 892 1103 938 uvas
1141 894 1269 954 pro
1321 874 1632 940 desiderio
1685 879 1788 939 tuo
1840 875 1926 940 ad
1969 874 2315 939 satietatem
2356 877 2569 938 tuam.-

612 966 682 1027 at
731 962 801 1026 in
839 979 988 1026 vase
1022 963 1127 1023 tuo
1168 979 1298 1024 non
1327 979 1542 1042 pone-5.
1607 958 1710 1026 25.
1744 965 1950 1041 Quum
1991 961 2317 1043 inyressus
2355 959 2567 1041 fueris

611 1051 865 1131 segetem
884 1045 1175 1127 proximi
1208 1047 1322 1124 tui,
1366 1046 1650 1127 decerpes
1681 1046 1892 1129 spicas
1923 1066 2119 1111 manu
2151 1050 2294 1111 tua.-
2335 1050 2406 1110 at
2444 1044 2568 1127 fal-

608 1152 739 1201 cem
781 1152 907 1199 non
945 1131 1180 1198 attolles
1221 1132 1294 1198 in
1334 1137 1590 1216 seqetem
1619 1132 1908 1213 proximi
1950 1132 2064 1197 tui.

784 1304 1113 1386 Quoniam
1147 1303 1254 1371 hic
1299 1303 1696 1388 pauperibus
1739 1302 2093 1370 admodum
2117 1301 2304 1367 Deus
2349 1300 2564 1366 indul·

610 1396 757 1475 get,
801 1391 1216 1475 restringunt
1260 1392 1526 1474 quidam
1571 1390 1653 1455 ad
1700 1410 2052 1469 messores,
2098 1397 2165 1454 et
2202 1386 2566 1454 vindemia-

610 1485 813 1542 tores:
871 1478 1058 1560 quasi
1118 1478 1526 1560 permitteret
1567 1476 1751 1542 Deus
1796 1478 2009 1560 spicas
2054 1495 2256 1541 manu
2299 1473 2562 1553 vellere,

610 1568 679 1628 et
712 1561 1018 1645 colligere
1063 1583 1351 1628 racemos
1395 1562 1721 1628 duntaxat
1764 1563 1835 1627 in
1880 1560 2114 1640 cibum,
2161 1582 2237 1627 ao
2279 1581 2364 1625 ne
2407 1559 2564 1643 quid

611 1658 982 1733 exportent.
1044 1649 1188 1734 Ego
1233 1669 1392 1714 vero
1437 1669 1572 1714 non
1618 1648 1841 1714 dubito
1885 1667 2254 1713 sermonem
2299 1644 2381 1710 de
2425 1667 2565 1711 om-

610 1733 807 1800 nibus
862 1735 1122 1800 haberi:
1184 1756 1396 1819 neque
1453 1744 1675 1800 tamen
1734 1735 1882 1818 plus
1937 1734 2201 1800 concedi
2261 1732 2565 1798 licentiae

612 1838 813 1903 quam
874 1822 1040 1887 ferat
1110 1821 1505 1887 humanitas.
1594 1821 1825 1903 Neque
1879 1819 2057 1886 enim
2116 1820 2403 1903 praecise
2462 1840 2567 1882 ur-

611 1906 828 1991 genda
871 1918 1030 1973 sunt
1074 1907 1301 1986 verba,
1344 1905 1463 1973 sed
1504 1907 1845 1972 attendere
1887 1907 2200 1971 convenit
2241 1904 2324 1969 ad
2368 1903 2567 1988 legis·

610 1992 841 2059 latoris
908 1992 1275 2059 consilium.
1379 1991 1583 2057 Vetat
1647 1993 1832 2060 Deus
1895 1993 2129 2058 falcem
2197 1990 2431 2056 tollere
2494 1990 2565 2054 in

611 2099 893 2144 messem
968 2079 1278 2144 alienam:
1350 2097 1531 2144 nune
1598 2078 1655 2144 si
1714 2079 1860 2161 quis
1918 2086 2175 2143 tantum
2235 2077 2563 2160 spicarum

609 2165 914 2230 manibus
973 2164 1206 2243 vellat,
1268 2174 1591 2248 quantum
1651 2163 1942 2229 humeris
2001 2173 2258 2248 gestare
2308 2163 2566 2247 poterit,

610 2251 719 2317 vel
779 2269 947 2333 equo
1002 2251 1370 2333 imponere,
1427 2271 1511 2315 an
1573 2250 1811 2333 puerili
1884 2250 2008 2316 hoo
2052 2248 2288 2316 cavillo
2332 2269 2404 2314 se
2450 2269 2565 2313 ex·

609 2338 881 2413 (meabit,
923 2335 1098 2419 quod
1133 2336 1296 2403 falce
1332 2358 1467 2401 non
1501 2337 1701 2401 fuerit
1744 2335 1943 2401 usus?
1991 2334 2185 2415 Quod
2231 2335 2285 2399 si
2331 2354 2566 2399 sensus

605 2421 751 2505 ipse
787 2423 1155 2488 communis
1192 2422 1354 2487 adeo
1389 2443 1678 2488 crassam
1716 2421 2194 2505 impudentiam
2238 2420 2563 2503 repudiat,

609 2519 863 2573 eertum
902 2516 1002 2573 est
1045 2508 1258 2592 legem
1304 2508 1432 2573 alio
1477 2518 1801 2590 spectare:
1844 2528 1930 2573 ne
1974 2509 2119 2590 quis
2164 2507 2413 2573 scilicet
2458 2506 2564 2571 vel

608 2592 857 2676 spicam
931 2595 1214 2677 attingat
1270 2616 1353 2659 ex
1412 2594 1682 2659 alterius
1740 2601 1993 2676 segete,
2068 2592 2200 2658 nisi
2257 2613 2376 2677 pro
2434 2614 2562 2657 usu

606 2679 958 2763 praesenti.
1049 2679 1243 2760 Quod
1289 2678 1542 2746 Christi
1585 2677 1921 2762 discipulis
1957 2679 2312 2762 contingit,
2359 2699 2560 2761 quum

608 2763 828 2830 inedia
869 2767 1072 2832 coacti
1116 2775 1273 2830 sunt
1313 2767 1526 2848 spicas
1571 2764 1873 2831 manibus
1916 2773 2272 2843 conterere,
2321 2786 2405 2829 ne
2452 2764 2564 2828 de-

607 2851 880 2917 ficerent
936 2852 1007 2916 in
1068 2851 1178 2916 via
1220 2850 1411 2937 (Mat.
1472 2852 1586 2929 12,
1644 2849 1729 2937 1).
1817 2850 2005 2916 Idem
2050 2858 2118 2915 et
2162 2849 2242 2916 de
2286 2850 2564 2916 racemis

605 2935 1040 3003 sentiendum.
1122 2937 1198 3003 Si
1242 2939 1388 3021 quis
1433 2937 1586 3002 data
1629 2957 1827 3019 opera
1860 2948 2245 3022 perrumpat
2286 2939 2356 3001 in
2399 2936 2560 3002 alte-

606 3023 747 3089 rius
790 3024 1074 3103 vineam,
1118 3044 1315 3107 seque
1358 3024 1493 3091 illic
1536 3023 1919 3109 ingurgitet,
1967 3023 2283 3107 quidquid
2331 3023 2559 3089 obten-

604 3108 737 3188 dat,
783 3131 902 3193 pro
941 3111 1083 3175 fure
1119 3109 1484 3177 habebitur.
1550 3111 1732 3194 Ergo
1770 3109 2038 3176 dubium
2085 3131 2213 3178 non
2259 3118 2362 3177 est
2403 3111 2562 3193 quin

605 3194 716 3261 lex
774 3196 1140 3262 viatoribus
1193 3196 1511 3263 famelicis
1568 3196 1917 3279 permittat
1973 3216 2043 3262 se
2087 3197 2355 3261 reficere
2398 3215 2561 3261 uva-

604 3302 756 3346 rum
801 3303 939 3361 esu,
984 3280 1093 3347 ubi
1139 3304 1274 3347 non
1320 3282 1612 3366 suppetit
1654 3282 1825 3348 alius
1870 3283 2072 3348 cibuS.
2163 3282 2559 3365 Quanquam

607 3376 833 3433 autem
890 3368 1162 3435 libertas
1222 3367 1602 3433 comedendi
1646 3367 1840 3433 datur
1883 3389 2089 3451 usque
2133 3369 2216 3433 ad
2262 3368 2565 3434 saturita-

608 3460 766 3532 tem,
810 3474 944 3520 non
983 3463 1204 3519 tamen
1249 3454 1434 3520 licuit
1476 3454 1599 3520 hoc
1640 3461 1991 3537 praetextu
2034 3454 2403 3538 ingluviem
2448 3476 2562 3519 ex-

606 3538 808 3623 plere.
897 3539 1089 3605 Adde
1157 3539 1327 3623 quod
1407 3539 1633 3606 vineae
1705 3540 2007 3606 maceriis
2065 3549 2288 3623 septae
2353 3549 2561 3619 erant,

608 3632 677 3688 et
733 3626 1298 3691 custodiebantur:
1358 3625 1535 3690 unde
1591 3634 1896 3709 apparet,
1958 3626 2376 3692 helluonibus
2433 3647 2564 3691 non

607 3710 808 3775 fuisse
848 3732 1012 3778 uvas
1048 3714 1396 3794 expositas.
1465 3712 1718 3776 Verum
1764 3712 1926 3778 haec
1965 3732 2227 3777 summa
2266 3723 2385 3791 est,
2430 3733 2565 3777 non

607 3795 928 3879 Mputari
963 3798 1030 3862 in
1076 3799 1324 3862 furtum
1372 3798 1427 3863 si
1471 3797 1619 3880 quis
1664 3798 1883 3863 viator
1927 3797 2009 3862 ad
2054 3798 2293 3863 famem
2337 3799 2565 3864 levan-

609 3879 760 3947 dam
800 3903 1070 3948 manum
1108 3882 1482 3948 extenderit
1515 3882 1597 3948 ad
1635 3884 1889 3949 fructus
1933 3883 2310 3966 pendentes,
2356 3883 2564 3951 donec

608 3967 973 4052 hospitium
1013 3980 1241 4035 nactus
1284 3989 1520 4054 panem
1565 3980 1630 4034 et
1674 3970 1909 4035 vinum
1954 3979 2145 4035 emat.

1223 4257 1354 4324 EX
1399 4259 1704 4325 LEVI'P.
1748 4257 1949 4325 XIX.

788 4394 849 4459 9.
881 4396 1083 4477 Quum
1118 4396 1505 4462 messueritis
1536 4415 1796 4463 messem
1828 4397 2104 4481 reqionis
2142 4402 2395 4477 vestrae,
2438 4418 2565 4463 non

609 4478 802 4561 finies
838 4486 1055 4548 metere
1095 4481 1397 4566 anyulum
1438 4483 1582 4565 aori
1624 4483 1751 4563 tui,
1794 4487 1852 4547 et
1893 4483 2298 4549 collectionem
2338 4483 2565 4549 messis

612 4570 758 4631 tuae
798 4586 921 4631 non
964 4569 1224 4653 colliqes.
1276 4568 1376 4634 10.
1401 4567 1490 4632 Et
1531 4569 1777 4633 vineam
1819 4574 1992 4633 tuam
2033 4590 2157 4636 non
2199 4569 2562 4648 racemabis,

613 4672 808 4734 neque
837 4670 1047 4735 yrana
1079 4655 1295 4720 vineae
1337 4659 1483 4721 tuae
1522 4654 1795 4738 colliqes:
1826 4656 2104 4738 pauperi
2145 4660 2205 4721 et
2233 4656 2564 4739 pereyrino

611 4739 925 4819 relinques
964 4758 1071 4803 ea:
1113 4759 1218 4822 eye
1263 4740 1491 4807 Iebova
1536 4739 1717 4806 Deus
1756 4745 1967 4807 vester.

1187 5028 1319 5094 EX
1362 5031 1664 5097 LEVIT.
1709 5029 1983 5099 XXIII.

789 5167 894 5232 22.
947 5168 1155 5249 Quum
1207 5170 1444 5233 metetis
1492 5187 1753 5234 messem
1802 5170 2075 5253 reqionis
2115 5174 2385 5250 vestrae,
2442 5190 2568 5236 non

795 5354 854 5424 1)
887 5353 1049 5409 Hebr.
1087 5355 1170 5411 25.
1208 5353 1293 5410 26.

2672 614 2947 681 absolves
2987 636 3185 698 usque
3227 617 3313 682 ad
3355 617 3655 701 anyulum
3700 617 3843 700 aori
3886 618 4020 681 tui:
4072 636 4181 682 nec
4223 615 4568 684 collectionem

2671 702 2894 767 messis
2963 706 3106 768 tuae
3161 703 3439 786 colliqes.-
3497 703 3779 785 pauperi
3832 707 3891 767 et
3920 704 4253 787 pereyrino
4305 702 4571 786 relinques

2669 807 2836 853 eam.-
2879 787 3016 872 qu
3057 787 3289 854 Iebooa
3331 787 3513 855 Deus
3552 792 3766 854 vester.

3273 1132 3400 1197 EX
3449 1130 3722 1200 DEUT.
3769 1131 4032 1198 XXIV.

2844 1302 2943 1368 19.
2996 1302 3201 1384 Quum
3248 1304 3591 1370 messueris
3631 1324 3890 1370 messem
3931 1304 4002 1369 in
4042 1323 4196 1387 a9ro
4235 1309 4363 1383 tuo,
4415 1308 4467 1368 ct
4497 1305 4576 1370 ob-

2665 1388 2818 1454 litus
2877 1388 3085 1470 fueris
3148 1390 3548 1471 manipulum
3609 1391 3678 1454 in
3722 1410 3875 1474 ayro
3893 1441 3909 1465 ,
3976 1411 4098 1456 non
4152 1391 4464 1455 reverteris
4508 1392 4577 1458 ad

2665 1495 2804 1539 eum
2847 1474 3217 1554 tollendum,
3247 1478 3615 1560 pereyrino,
3649 1476 3934 1560 pupillo,
3978 1480 4034 1541 et
4074 1476 4303 1542 viduae
4343 1477 4478 1541 erit.-
4523 1482 4579 1542 ut

2665 1559 2980 1627 benedicat
3032 1561 3145 1627 tibi
3198 1562 3428 1627 Iebova
3471 1561 3651 1628 Deus
3705 1568 3855 1628 tuus
3908 1564 3980 1627 in
4037 1564 4206 1627 omni
4255 1583 4427 1644 opere
4471 1583 4579 1629 ma-

2664 1666 2864 1711 nuum
2932 1652 3204 1713 tuarum.
3309 1648 3413 1713 20.
3479 1649 3685 1730 Quum
3741 1649 4092 1714 excusseris
4141 1649 4372 1714 olivam
4415 1652 4576 1728 mam,

2666 1753 2787 1796 non
2843 1735 3220 1800 scrutaberis
3258 1754 3469 1799 ramos
3503 1740 3647 1819 post
3686 1740 3772 1800 te.-
3827 1735 4185 1818 peregrino,
4229 1733 4494 1816 pupillo,
4535 1738 4581 1800 et

2664 1819 2894 1884 viduae
2935 1820 3069 1884 erit.
3148 1821 3250 1886 21.
3305 1820 3511 1902 Quum
3552 1821 3925 1886 videmiabis
3964 1822 4214 1886 vineam
4259 1826 4443 1897 tuam,
4480 1840 4578 1885 non

2664 1904 2909 1989 colliyes
2947 1926 3225 1972 racemos
3257 1911 3403 1988 post
3444 1912 3526 1973 te:
3562 1907 3928 1991 peregrino,
3963 1907 4252 1988 pupillo,
4296 1911 4353 1971 et
4387 1907 4581 1972 viduae

2666 1995 2862 2056 erunt.
2943 1991 3047 2056 22.
3096 1992 3400 2057 Memento
3453 1993 3616 2074 quod
3656 2012 3878 2058 servus
3916 1992 4124 2074 fueris
4165 1995 4237 2057 in
4278 1996 4442 2057 terra
4477 1994 4577 2057 Ae-

2662 2078 2869 2160 qypti:
2910 2077 3142 2144 idcirco
3171 2078 3502 2161 praecipio
3543 2078 3658 2144 tibi
3698 2085 3769 2144 ut
3807 2078 3917 2143 hoc
3953 2078 4182 2160 facias.

2837 2247 2969 2315 Hic
3032 2249 3529 2316 beneficentiam
3584 2250 3766 2315 Deus
3828 2248 4247 2317 commendat
4310 2269 4580 2333 agrorum

2667 2335 3178 2419 possessoribus,
3238 2336 3351 2401 ubi
3403 2356 3631 2401 eorum
3691 2337 3944 2402 fructus
4003 2335 4358 2420 colligitur.
4440 2335 4580 2400 Nam

2666 2424 2807 2487 eius
2865 2420 3224 2487 liberalitas
3281 2423 3393 2488 ubi
3451 2432 3756 2487 versatur
3796 2422 3984 2488 nobis
4029 2430 4184 2486 ante
4229 2421 4471 2498 oculos,
4516 2418 4580 2485 ad

2664 2506 3102 2573 imitationem
3148 2528 3270 2573 nos
3314 2509 3587 2573 invitat:
3634 2516 3703 2572 et
3747 2509 4011 2592 signum
4055 2518 4155 2573 est
4199 2507 4581 2592 ingratitudi-

2668 2595 2802 2671 nis,
2847 2592 3019 2676 quod
3064 2594 3250 2659 nobis
3295 2616 3376 2659 ex
3422 2594 3563 2660 eius
3609 2592 4059 2659 benedictione
4103 2594 4439 2676 provenit,
4475 2611 4580 2656 ma-

2665 2678 2843 2764 ligne
2887 2690 2954 2744 et
2994 2679 3444 2745 inhumaniter
3480 2681 3907 2764 supprimere.
3987 2678 4138 2744 Non
4174 2679 4324 2745 vult
4359 2678 4580 2763 quidem

2669 2766 2852 2831 Deus
2907 2786 3018 2831 eos
3076 2767 3186 2848 qui
3241 2765 3581 2831 abundant
3635 2768 3727 2831 ita
3782 2767 4047 2849 profuse
4099 2766 4333 2851 largiri
4379 2787 4456 2831 ex
4490 2783 4582 2828 suo

2667 2859 3008 2935 proventu,
3045 2866 3119 2916 ut
3152 2851 3314 2918 alios
3350 2851 3616 2917 ditando
3652 2853 3919 2936 seipsos
3958 2851 4262 2934 spolient.
4321 2852 4409 2916 Et
4440 2864 4583 2917 certe

2668 2936 2916 3003 Paulus
2952 2937 3231 3004 eleemos
3284 2938 3386 3004 nis
3421 2938 3689 3004 modum
3727 2938 3902 3003 hunc
3949 2937 4197 3017 definit,
4247 2959 4334 3003 ne
4377 2957 4583 3021 paupe·

2667 3045 2812 3090 rum
2871 3023 3189 3091 relaxatio
3257 3023 3660 3108 ocupletibus
3703 3025 3813 3108 qui
3860 3024 4141 3108 benigne
4184 3032 4460 3108 erogant
4496 3044 4586 3088 an·

2666 3109 2953 3195 gustiam
2998 3112 3231 3175 afferat
3274 3110 3360 3197 (2.
3387 3112 3535 3177 Cor.
3583 3111 3642 3189 8,
3692 3110 3818 3199 13).
3877 3111 4218 3177 Permittit
4262 3132 4415 3195 ergo
4438 3111 4583 3176 Deus

2667 3197 2901 3280 cuique
2946 3197 3239 3263 triticum
3283 3218 3479 3262 suum
3537 3208 3813 3278 metere,
3873 3195 4319 3276 vindemiare,
4375 3208 4438 3262 et
4487 3216 4584 3262 sua

2667 3285 2854 3365 eopia
2899 3283 3054 3349 frui:
3110 3283 3301 3348 modo
3360 3285 3496 3349 suis
3540 3282 3887 3349 vindemiis
3930 3293 3998 3347 et
4040 3303 4160 3348 sua
4204 3304 4419 3348 messe
4459 3302 4583 3346 con-

2667 3368 2833 3435 tenti
2899 3367 3141 3435 divites
3196 3369 3500 3454 inopibus
3544 3370 4051 3435 racemationem
4095 3377 4163 3434 et
4204 3368 4585 3453 spicilegium

2666 3477 2798 3520 non
2856 3455 3218 3521 invideant.
3320 3456 3470 3521 Non
3531 3455 3705 3539 quod
3773 3455 4168 3538 pauperibus
4236 3453 4585 3538 simpliciter

2666 3540 2993 3607 adiudicet
3036 3541 3352 3624 quidquid
3395 3540 3729 3608 residuum
3767 3542 3911 3618 erit,
3958 3549 4037 3605 ut
4071 3551 4183 3606 tan
4235 3562 4394 3607 uam
4426 3557 4587 3605 suum

2664 3638 3016 3711 occupent:
3073 3625 3188 3693 sed
3244 3636 3323 3692 ut
3377 3628 3674 3713 precario
3727 3628 3967 3711 exigua
4025 3647 4192 3709 quae
4243 3650 4348 3691 am
4407 3624 4587 3710 portio

2666 3734 2749 3778 ex
2793 3712 3074 3778 divitum
3124 3714 3575 3780 munificentia
3618 3713 3700 3779 ad
3743 3734 3852 3778 eos
3898 3733 4105 3796 usque
4150 3711 4416 3778 defluat.
4477 3710 4585 3776 No·

2664 3799 2875 3864 minat
2915 3799 3180 3882 quidem
3225 3800 3540 3884 pupillos,
3600 3800 3863 3878 viduas,
3925 3806 3994 3863 et
4046 3800 4455 3883 peregrinos:
4494 3794 4586 3862 sed

2666 3885 2935 3950 dubium
2992 3906 3122 3950 non
3179 3895 3280 3951 est
3338 3887 3499 3969 quin
3555 3895 3787 3952 tenues
3851 3892 3921 3949 et
3986 3904 4231 3968 egenos
4301 3882 4587 3969 designet,

2665 3971 2902 4053 quibus
2938 3970 3103 4036 nulli
3138 3981 3300 4038 sunt
3336 3972 3524 4037 fundi
3558 3973 3631 4037 in
3664 3971 3900 4055 quibus
3942 3980 4164 4036 serant
4200 3969 4311 4038 vel
4346 3976 4586 4036 metant.

2665 4056 3021 4142 Continget
3076 4059 3247 4123 enim
3304 4058 3633 4124 interdum
3690 4069 3764 4123 ut
3821 4055 4053 4141 pupilli
4107 4057 4384 4122 minime
4443 4052 4586 4119 indi·

2666 4152 2884 4227 geant,
2929 4144 3091 4226 quin
3135 4144 3351 4227 potius
3392 4142 3474 4210 ad
3510 4142 3923 4230 largiendum
3944 4151 4269 4225 'suppetat
4306 4142 4586 4209 facultas:

2664 4249 2875 4312 neque
2919 4250 3179 4313 semper
3221 4231 3521 4296 esuriunt
3576 4232 3813 4298 viduae
3868 4231 3945 4293 et'
3995 4228 4326 4313 hospites:
4387 4244 4589 4294 verum

2665 4334 2783 4379 cur
2827 4323 2962 4380 tres
3005 4314 3169 4382 istos
3210 4315 3473 4383 ordines
3516 4328 3735 4402 ponat,
3779 4313 3934 4381 alibi
3977 4316 4274 4398 exposui.

3313 4658 3445 4725 EX
3488 4658 3757 4726 DEU'I'.
3804 4657 3961 4726 XV.

2842 4829 2898 4893 l.
2984 4826 3256 4911 Septimo
3332 4848 3571 4911 quoque
3638 4849 3807 4895 anno
3891 4830 4089 4913 facies
4163 4829 4589 4895 remissionem.

2665 4913 2727 4979 2.
2776 4913 2949 4979 Haec
2990 4920 3196 4979 autem
3229 4919 3321 4979 est
3353 4916 3516 4980 ratio
3548 4916 3958 4996 remissionis,
4000 4921 4074 4981 ut
4105 4917 4380 4982 remittat
4410 4909 4591 4980 orna&

2667 5000 2778 5082 qui
2817 5005 3106 5065 mutuum
3148 5000 3388 5064 dederit
3428 5021 3627 5066 manu
3668 5022 3792 5068 sua
3806 5051 3824 5082 ,
3866 5003 3940 5069 id
3981 5002 4145 5084 quod
4186 5006 4470 5067 mutuum
4503 4996 4590 5062 de·

2667 5086 2832 5152 derit
2884 5087 3086 5152 amico
3140 5105 3286 5150 suo:
3334 5105 3458 5150 non
3508 5092 3774 5168 reposcet
3832 5087 3910 5153 ab
3967 5089 4166 5155 amico
4216 5108 4364 5162 sue,
4418 5087 4589 5149 mata

2663 5171 2869 5255 fratre
2930 5191 3074 5250 suo,
3153 5171 3307 5252 quia
3367 5171 3762 5252 proclamata
3824 5178 3916 5240 est
3973 5174 4260 5242 remissio
4329 5170 4583 5237 Iehovae.

2669 5257 2729 5322 3.
2789 5257 2893 5321 Ab
2948 5257 3297 5340 alieniyena
3349 5278 3658 5339 reposces,
3716 5264 3784 5323 at
3823 5260 3985 5342 quod
4025 5260 4224 5343 fuerit
4279 5257 4395 5324 tibi
4436 5250 4587 5338 apud

2664 5341 2934 5425 fratrem
2976 5346 3168 5422 tumn,
3211 5344 3476 5409 remittet
3515 5365 3745 5411 manus
3785 5349 3934 5411 tua.-
3995 5346 4055 5411 4.
4104 5345 4258 5413 Nisi
4292 5343 4444 5426 quia
4479 5355 4587 5403 non
