4867 6150
528 436 655 503 587

527 626 751 693 Moses
816 624 1068 690 nullam
1134 623 1528 690 oblationem
1595 624 1699 689 ius
1768 622 2105 708 acquirere
2171 641 2484 705 agrorum

528 710 830 790 dominis,
876 719 952 776 ut
993 710 1306 793 privatim
1351 709 1478 776 sibi
1524 708 1952 776 vendicarent
1995 708 2166 792 quod
2212 708 2283 771 in
2333 707 2484 772 viti·

528 798 651 864 bus
716 806 949 863 natum
1014 805 1189 873 erat,
1244 817 1515 878 nempe,
1584 797 1737 879 quia
1797 793 2145 880 plausibile
2201 804 2344 859 erat
2399 815 2483 859 ex

527 883 882 950 vindemiis
938 882 1260 964 primitias
1318 882 1555 947 offerre
1601 882 1770 947 Deo:
1836 893 1905 946 et
1963 880 2141 946 hunc
2200 879 2480 946 colorem

529 968 850 1036 obducere
914 965 1178 1034 Iudaeis
1243 978 1624 1052 promptum
1703 979 1844 1033 erat
1866 1018 1883 1046 ,
1969 965 2341 1032 consecrari
2409 965 2483 1030 in

527 1055 835 1140 primitiis
902 1065 1112 1119 totum
1179 1065 1594 1138 proventum.
1685 1054 1890 1137 Atqui
1953 1052 2191 1119 cavillo
2257 1051 2484 1118 obviat

526 1143 745 1216 Deus,
807 1160 1150 1223 perperam
1211 1141 1384 1205 trahi
1431 1139 1514 1205 ad
1572 1159 1821 1206 annum
1880 1136 2481 1205 extraordinarium

528 1225 942 1303 cessationis,
1004 1225 1176 1310 quod
1233 1224 1314 1290 de
1372 1225 1667 1310 legitima
1725 1226 1984 1291 cultura
2026 1224 2271 1290 dictum
2318 1233 2478 1289 erat.

526 1313 782 1379 Verum
819 1313 975 1397 quia
1010 1332 1244 1378 nomen
1292 1324 1407 1380 Ἦ)
1451 1313 1930 1395 separationem
1962 1309 2309 1395 significat,
2347 1330 2479 1375 non

527 1400 719 1468 video
763 1419 882 1465 cur
926 1408 1255 1464 mutemus
1298 1396 1473 1480 quod
1530 1397 1778 1481 optime
1833 1397 2165 1463 convenit.
2254 1394 2482 1477 Quan-

521 1506 722 1570 quam
766 1484 982 1550 adhuc
1025 1484 1093 1548 in
1139 1504 1335 1549 sensu
1394 1482 1792 1550 dissentiunt
1848 1483 2270 1565 interpretes:
2330 1481 2484 1564 quia

527 1572 642 1638 alii
686 1571 1020 1654 accipiunt
1063 1590 1181 1654 pro
1225 1568 1667 1649 derelictione,
1711 1569 1883 1653 quod
1926 1588 2258 1652 possessor
2303 1567 2483 1651 quis-

527 1679 655 1743 que
699 1679 768 1723 se
812 1657 1078 1741 proprio
1123 1656 1266 1720 iure
1321 1654 1692 1732 abdicabat,
1757 1663 1831 1720 ut
1886 1655 2251 1719 communis
2311 1666 2485 1718 esset

526 1742 880 1810 vindemia.
970 1742 1110 1808 Alii
1164 1755 1539 1826 exponunt,
1597 1740 1754 1826 quia
1810 1762 1882 1806 se
1939 1739 2387 1806 abstinuerint
2443 1758 2485 1804 a

527 1830 787 1896 cultura
844 1828 1021 1893 illius
1077 1826 1254 1893 anni.
1341 1827 1489 1912 Ego
1550 1848 1707 1893 vero
1753 1836 1828 1891 ut
1871 1829 2003 1892 iam
2049 1824 2186 1891 dixi
2229 1824 2484 1909 simpli-

527 1917 692 1983 citer
759 1915 1063 1980 existimo
1125 1914 1608 1998 separationem
1674 1913 1895 1979 vocari
1961 1913 2065 1978 ius
2129 1910 2482 1994 peculiare,

528 2001 700 2086 quod
747 1998 1026 2066 habebat
1069 2020 1430 2084 possessor,
1490 2009 1565 2066 ut
1610 2019 1739 2065 11011
1785 1998 2013 2064 1100101
2058 1997 2292 2063 01101110
2335 1997 2483 2063 vin-

530 2086 815 2154 demiam
875 2086 1200 2171 attingere
1216 2136 1232 2164 ,
1304 2092 1577 2170 excepto
1650 2084 1981 2151 sabbatho.
2091 2080 2226 2171 [Ita
2297 2101 2485 2166 sepa-

527 2173 698 2240 ratio
762 2172 1114 2256 opponitur
1179 2172 1357 2257 agris
1422 2170 1879 2240 communibus
1938 2177 2005 2237 et
2057 2168 2313 2253 publice
2369 2191 2486 2234 ex-

647 2259 803 2325 itis·
871 2310 884 2324 .

702 2258 919 2411 Leint.
966 2343 1071 2422 25,
1117 2343 1221 2409 20.
1276 2344 1453 2426 Quod
1485 2342 1547 2408 si
1577 2343 1894 2410 dixeritis.
1964 2341 2317 2424 Nunquam
2355 2339 2488 2406 Dei

528 2430 892 2516 praeceptis
958 2429 1265 2513 morigeri
1334 2439 1533 2495 erunt
1608 2429 1912 2494 homines
1994 2428 2115 2492 nisi
2196 2437 2489 2492 correcta

527 2517 935 2584 diffidentia:
995 2527 1064 2580 et
1117 2536 1378 2599 semper
1422 2515 1748 2599 ingeniosi
1795 2524 1955 2580 sunt
1996 2513 2077 2577 ad
2124 2510 2487 2595 captandos

529 2611 931 2689 praetextus,
978 2623 1061 2668 110
1105 2611 1395 2685 pareant.
1485 2601 1644 2666 Fuit
1686 2607 1907 2665 autem
1952 2598 2245 2683 speciosa
2288 2617 2483 2664 excu-

529 2689 700 2756 satio
744 2686 1006 2754 Iudaeis
1050 2707 1091 2752 a
1135 2686 1553 2753 difficultate:
1598 2687 1749 2771 quia
1795 2686 2050 2751 duobus
2096 2684 2287 2750 annis
2331 2704 2485 2749 con-

529 2778 725 2843 ficere
755 2794 866 2840 eos
907 2781 1165 2858 poterat
1199 2774 1467 2854 esuries,
1511 2793 1713 2857 quum
1750 2793 1926 2838 anno
1960 2771 2240 2855 septimo
2277 2789 2488 2852 neque

529 2868 855 2941 sererent,
916 2880 1130 2943 neque
1187 2868 1543 2925 meterent:
1601 2856 2116 2939 adqmetendum
2165 2878 2322 2922 vero
2367 2878 2485 2921 ex-

529 2947 929 3033 spectandus
994 2965 1166 3011 esset
1229 2946 1383 3011 finis
1440 2947 1598 3011 anni
1652 2945 1888 3010 octavi.
1973 2943 2117 3008 Iam
2164 2941 2339 3009 unde
2383 2964 2485 3009 se·

529 3034 772 3102 mentis
816 3031 1022 3116 copia,
1068 3044 1412 3117 postquam
1455 3038 1636 3097 terra
1679 3050 1929 3096 annum
1972 3029 2308 3114 integrum
2352 3050 2489 3096 ces-

532 3118 835 3188 saverat?
919 3119 1068 3184 Non
1135 3119 1252 3185 abs
1320 3139 1392 3183 re
1447 3138 1607 3201 ergo
1663 3118 1845 3183 Deus
1900 3115 2024 3182 1100
2079 3114 2487 3181 dubitatione

533 3208 709 3291 ipsos
746 3205 1013 3282 liberat,
1075 3204 1579 3273 foecunditatem
1623 3203 2017 3287 promittens
2060 3223 2131 3267 se
2175 3200 2487 3268 daturum

533 3314 709 3359 anno
753 3303 939 3357 sexto
960 3341 974 3368 ,
1030 3311 1196 3374 quae
1254 3291 1572 3356 exuberet
1614 3291 1684 3355 in
1729 3289 1892 3355 alios
1936 3286 2098 3353 duos
2137 3297 2488 3372 sequentes

532 3399 759 3444 annos.
825 3379 926 3443 Ac
969 3377 1256 3442 notanda
1299 3387 1399 3443 est
1433 3374 1762 3461 loquutio:
1813 3375 2032 3441 Deum
2066 3395 2252 3440 suam
2289 3372 2487 3439 bene-

529 3462 891 3530 dictionem
939 3461 1249 3527 mandare
1302 3462 1625 3546 singulari
1681 3460 1872 3528 modo
1918 3470 1983 3525 et
2028 3470 2290 3543 praeter
2332 3482 2488 3527 0011-

535 3559 793 3617 suetum
841 3569 1123 3626 morem,
1182 3556 1259 3612 ut
1316 3559 1493 3613 terra
1547 3546 1743 3631 duplo
1790 3548 1893 3614 vel
1940 3545 2135 3630 triplo
2178 3547 2265 3613 sit
2305 3545 2490 3612 ferti-

534 3636 678 3701 1101.
769 3633 962 3702 Unde
1012 3632 1200 3699 nobis
1255 3634 1634 3718 suggeritur
1691 3655 1828 3699 non
1871 3631 2168 3716 vulgaris
2214 3632 2492 3697 materia

533 3721 816 3786 611110100
860 3719 941 3784 011
985 3740 1226 3803 panem
1272 3730 1569 3785 nostrum
1616 3718 2068 3803 quotidianum
2112 3717 2488 3801 petendum.

537 3805 678 3872 Sed
717 3805 878 3871 haec
913 3804 1213 3888 specialis
1249 3805 1375 3870 fuit
1407 3806 1774 3889 promissio,
1816 3827 1945 3871 non
1982 3803 2204 3869 defore
2225 3803 2491 3870 Iudaeis

539 3892 858 3959 alimenta
915 3900 1181 3974 propter
1246 3889 1674 3957 sabbathum:
1741 3891 1926 3957 cuius
1991 3892 2088 3956 rei
2154 3891 2488 3974 specimen

540 3977 728 4045 Deus
784 3978 916 4043 iam
975 3986 1129 4042 ante
1181 3975 1252 4040 in
1314 3976 1571 4042 deserto
1632 3976 1959 4054 ediderat,
2019 3997 2219 4060 quum
2278 3975 2493 4060 pridie

540 4063 843 4131 sabbathi
909 4071 1291 4146 suppeteret
1355 4062 1815 4147 colligentibus
1888 4061 2134 4145 duplex
2211 4082 2492 4127 mannae

540 4150 766 4234 portic.
835 4147 1051 4215 Hodie
1084 4148 1208 4215 hoc
1244 4148 1727 4215 incommodum
1765 4149 2011 4214 vitatur
2054 4148 2492 4232 agricolarum

539 4235 897 4314 industria,
964 4236 1074 4318 qui
1134 4235 1228 4301 010
1291 4255 1600 4319 agrorum
1648 4236 1879 4318 iugera
1921 4234 2152 4317 partiti
2195 4243 2370 4313 sunt,
2415 4244 2495 4298 ut

544 4342 882 4406 nunquam
926 4323 992 4385 in
1038 4328 1249 4387 totum
1297 4321 1507 4386 011000
1551 4322 1638 4386 011
1683 4333 1885 4399 10110,
1948 4319 2104 4385 1111111
2160 4339 2314 4402 pars
2360 4341 2495 4385 una

541 4407 806 4490 supplet
882 4407 1157 4473 alterius
1225 4406 1572 4473 defectum.
1687 4407 1788 4473 Ea
1866 4404 2238 4471 distributio
2316 4405 2493 4490 apud

541 4491 822 4559 Iudaeos
864 4493 1084 4559 locum
1128 4513 1265 4559 non
1311 4492 1560 4559 habuit.
1646 4493 1827 4578 Ergo
1878 4492 2196 4576 penuriae
2241 4501 2493 4558 metum

539 4581 676 4645 illis
726 4578 970 4644 ademit
1028 4577 1209 4646 Deus
1266 4599 1473 4664 usque
1539 4579 1621 4644 ad
1682 4600 1961 4645 messem
2020 4578 2179 4642 anni
2243 4578 2493 4644 octavi:

541 4684 920 4751 quanquam
991 4665 1252 4731 videtur
1320 4666 1518 4731 simul
1587 4687 1699 4730 eos
1765 4665 1848 4729 ad
1912 4664 2233 4748 frugalem
2301 4685 2495 4730 usum

537 4752 967 4827 assuefacere,
1005 4772 1088 4815 ne
1120 4752 1629 4834 intemperantia
1663 4761 1732 4817 et
1765 4752 1931 4817 luxu
1969 4750 2290 4833 dissipent
2323 4749 2495 4832 quod

546 4838 796 4922 largius
854 4836 1161 4914 contulit,
1216 4847 1293 4902 ut
1352 4839 1420 4902 in
1479 4837 1642 4905 duos
1701 4859 1905 4904 annos
1957 4835 2296 4902 redundet.
2393 4836 2495 4901 Ad

547 4924 673 4990 1100
719 4936 1132 5006 praeceptum
1177 4922 1413 4988 alludit
1455 4923 1674 5004 Deus,
1735 4944 1937 5009 quum
1982 4942 2099 5007 per
2142 4921 2497 5006 prophetas

548 5010 899 5077 denunciat
945 5019 1189 5074 terram
1233 5009 1586 5076 fruituram
1622 5010 1757 5077 suis
1794 5009 2150 5086 sabbathis,
2198 5008 2308 5073 ubi
2345 5030 2499 5074 suos

547 5097 797 5162 incolas
863 5095 1227 5161 evomuerit
1294 5093 1380 5181 (2.
1450 5096 1602 5162 Ρο1.
1669 5096 1772 5176 36,
1837 5094 1968 5184 21).
2080 5092 2255 5176 Quia
2321 5095 2500 5160 enim

550 5181 938 5248 sabbathum
987 5180 1290 5247 violando
1341 5182 1552 5265 ipsam
1612 5182 2014 5267 polluerant,
2075 5189 2151 5245 ut
2209 5190 2502 5265 gemeret

724 5370 781 5441 1)
823 5370 974 5441 Quae
1011 5373 1169 5429 uncis
1203 5369 1541 5428 includimus
1573 5369 1776 5427 &sunt
1807 5373 1870 5425 in
1904 5371 1986 5425 ed.
2023 5368 2176 5426 1563.

1957 431 2420 515 QUARTUM
2465 431 3114 502 PRAEGEP'PUM.

4414 435 4525 503 588

2590 623 2713 689 sub
2758 623 2946 707 gravi
2991 644 3205 703 onere,
3251 621 3409 691 dicit
3454 623 3647 709 longa
3692 632 3759 689 01
3803 624 4113 690 continua
4157 625 4325 691 serie
4367 626 4530 709 quie-

2588 719 2843 862 fugam,
2903 717 2977 774 ut
3038 710 3311 776 cessatio
3369 719 3748 795 compenset
3802 710 4158 777 multorum
4220 732 4531 778 annorum

2616 815 2654 860 a
2701 815 2900 862 orem.

3178 1137 3311 1204 EX
3357 1138 3662 1207 LEVI'I'.
3709 1138 3935 1205 XXV.

2757 1308 2816 1375 8.
2892 1309 3272 1376 Nmnerabis
3332 1331 3567 1393 quoque
3630 1309 3742 1376 tibi
3820 1315 4051 1395 septem
4128 1309 4541 1377 hebdomadas

2589 1414 2916 1474 annorum,
2963 1397 3033 1463 id
3075 1400 3163 1461 est
3206 1401 3433 1480 septem
3467 1417 3665 1462 annos
3706 1401 3932 1478 septem
3952 1396 4210 1475 vicibus,
4245 1397 4362 1479 qui
4404 1400 4536 1478 qni-

2583 1481 2724 1547 dem
2766 1482 2904 1547 dies
2945 1486 3174 1565 septem
3233 1481 3670 1549 sabbathorum
3735 1503 4048 1548 annornm
4099 1480 4369 1567 efficient
4429 1482 4537 1546 tibi

2585 1566 3013 1653 quadraginta
3077 1588 3289 1635 novem
3346 1588 3561 1635 annos.
3662 1568 3723 1634 9.
3788 1569 3962 1634 Tune
4013 1569 4292 1634 transire
4344 1568 4537 1650 facies

2584 1652 2800 1720 tubam
2853 1653 3250 1721 iubilationis
3299 1674 3508 1720 mense
3563 1655 3824 1738 septimo
3866 1655 3969 1721 die
4010 1655 4243 1722 decimo
4265 1705 4280 1730 ,
4338 1654 4410 1719 id
4460 1659 4543 1720 est

2586 1738 2691 1805 die
2731 1740 3191 1823 expiationum.-
3232 1741 3525 1819 transire,
3571 1742 3854 1823 inquam,
3894 1740 4143 1822 facietis
4183 1739 4401 1806 tubam
4424 1760 4541 1822 per

2585 1825 2949 1892 universam
3022 1830 3259 1892 terram
3332 1831 3621 1892 vestram.
3748 1827 3847 1892 10.
3940 1825 4542 1909 Sandifioabitisque

2587 1931 2822 1977 annum
2855 1912 3457 1997 quinquayesimum.
3501 1917 3559 1978 et
3589 1911 4068 1996 proclamabitis
4101 1911 4445 1979 libertatem
4477 1914 4541 1977 in

2587 2001 2757 2062 terra
2798 1997 3034 2064 eunetis
3075 1997 3529 2064 habitatoribus
3569 2000 3741 2065 eius.-
3784 1998 3956 2065 Iobel
3996 1999 4134 2080 ipse
4176 2000 4302 2063 erit
4341 1998 4543 2064 vobis.-
4582 2000 4588 2007 ’

2588 2087 2646 2148 et
2685 2085 3075 2149 revertemini
3115 2086 3378 2166 quisque
3422 2084 3509 2150 ad
3538 2085 3995 2165 possessionem
4027 2105 4233 2164 suam,
4281 2089 4342 2149 et
4374 2085 4543 2167 qnis-

2589 2189 2706 2252 que
2760 2168 2847 2234 ad
2896 2168 3217 2252 familiam
3272 2188 3458 2235 snam
3511 2171 3919 2237 revertemini.
4024 2171 4125 2236 11.
4183 2169 4364 2236 Iohel
4417 2170 4546 2252 ipse

2590 2275 2798 2322 annus
2841 2256 3295 2341 quinquaqinta
3332 2275 3642 2322 annorum
3686 2257 3808 2322 erit
3864 2257 4066 2322 vobis:
4124 2277 4251 2322 non
4309 2256 4541 2335 seretis,

2589 2361 2781 2424 neque
2800 2343 3037 2408 metetis
3057 2362 3218 2424 quae
3237 2346 3452 2424 sponte
3477 2342 3857 2424 produxerit
3878 2347 4088 2409 terra.-
4123 2363 4325 2425 neque
4343 2342 4549 2409 vinde-

2589 2426 2871 2493 miabitis
2904 2428 3331 2510 separationes
3364 2427 3518 2494 eius.
3591 2427 3690 2494 12.
3736 2428 3909 2510 Quia
3944 2427 4118 2495 Iohel
4149 2433 4257 2508 est,
4296 2433 4546 2495 sandes

2589 2513 2710 2577 erit
2748 2513 2950 2594 vobis,
3007 2515 3155 2599 ayri
3206 2514 3531 2579 comedetis
3587 2514 3882 2597 fructum.
3976 2513 4077 2580 13.
4142 2515 4337 2581 Anno
4383 2513 4547 2580 Iohel

2589 2599 2708 2664 isto
2749 2601 3144 2666 revertemini
3185 2599 3423 2684 sinyuli
3465 2600 3553 2666 ad
3583 2600 4048 2682 possessionem
4079 2621 4290 2667 suam.

2763 2769 2821 2835 8.
2873 2770 3258 2837 Numerabis
3289 2791 3546 2855 quoqne.
3613 2771 3981 2839 Subiicitur
4027 2774 4298 2839 tertium
4347 2794 4548 2859 genus

2591 2856 2894 2921 sabbathi
2919 2856 3090 2939 quod
3128 2859 3471 2923 conficitur
3506 2878 3591 2922 ex
3625 2860 3817 2924 annis
3852 2858 4549 2944 quadragintanovem,

2594 2941 2700 3007 vel
2736 2964 2817 3007 ex
2855 2953 3105 3025 septem
3144 2965 3465 3010 annorum
3502 2944 3910 3027 septenariis.
3968 2944 4119 3012 Hoc
4153 2944 4547 3012 sabbathum

2593 3027 3092 3096 celeberrimum
3152 3040 3324 3110 erat,
3383 3030 3538 3116 quia
3595 3038 3734 3096 tam
3778 3031 3847 3096 in
3893 3031 4192 3115 personis
4287 3052 4441 3099 uam
4481 3030 4548 3098 in

2592 3113 2860 3180 aedibus
2894 3124 2961 3180 et
2997 3137 3306 3200 agrorum
3343 3114 3565 3183 fundis
3601 3115 4042 3183 renovabatur
4062 3138 4236 3202 popu
4269 3118 4550 3185 istatus.

2593 3200 2990 3285 Quanquam
3037 3212 3255 3267 autem
3302 3203 3427 3268 hoc
3471 3202 3665 3269 modo
3710 3203 4009 3287 publicae
4071 3203 4357 3271 utilitati
4400 3225 4548 3272 con-

2593 3287 2798 3353 suluit
2846 3288 3061 3366 Deus,
3117 3289 3510 3372 pauperibus
3568 3289 3926 3373 opitulatus
3986 3297 4119 3369 est,
4174 3311 4264 3356 ne
4326 3311 4547 3357 eorum

2592 3374 3076 3459 opprimeretur
3119 3374 3409 3454 libertas,
3454 3374 3755 3441 ordinem
3791 3396 4047 3460 quoque
4080 3395 4122 3441 a
4155 3395 4228 3442 se
4266 3377 4549 3460 posit-um

2592 3461 2919 3525 servavit:
2970 3460 3243 3525 minime
3287 3468 3509 3527 tamen
3555 3460 3826 3527 dubium
3871 3474 3973 3528 est
4015 3462 4176 3546 quin
4222 3461 4550 3528 addiderit

2593 3545 2795 3611 alium
2834 3546 3181 3612 stimulum
3203 3568 3330 3631 quo
3354 3546 3587 3612 Iudaei
3621 3545 3705 3612 ad
3748 3546 3998 3615 cultum
4041 3545 4353 3614 sabbathi
4398 3548 4550 3615 inci-

2593 3640 2911 3697 tarentur.
3002 3633 3165 3698 Fuit
3207 3635 3381 3698 enim
3428 3632 3689 3718 insigne
3735 3632 3999 3718 aliquod
4042 3643 4546 3701 monumentum

2592 3738 2817 3784 sacrae
2861 3719 3113 3800 quietis,
3161 3718 3384 3785 videre
3428 3740 3653 3785 servos
3697 3719 4095 3799 manumitti,
4142 3730 4211 3785 et
4258 3721 4410 3787 6011
4450 3742 4546 3785 re·

2594 3817 2789 3886 pente
2847 3804 3118 3882 liberos,
3181 3804 3440 3871 aedium
3503 3813 3569 3870 et
3704 3827 3924 3871 rorum
3971 3805 4424 3889 possessiones
4469 3804 4546 3871 ad

2595 3890 2906 3975 pristinos
2951 3889 3248 3956 dominos
3292 3893 3402 3974 qui
3448 3889 3648 3956 vendi
3694 3904 3916 3971 erant,
3962 3891 4215 3957 redire:
4268 3893 4545 3977 denique

2594 3977 2867 4060 proferri
2895 3997 3132 4042 novam
3159 3998 3380 4042 rerum
3403 3978 3698 4042 omnium
3723 3977 3973 4044 faciem.
4012 3977 4195 4044 Iobel
4218 3979 4546 4047 vocabant

2593 4062 2768 4128 hunc
2805 4083 3052 4127 annum
3091 4085 3130 4128 a
3165 4064 3383 4129 sonitu
3420 4085 3622 4129 cornu
3668 4064 3951 4142 arietini,
3997 4085 4124 4146 quo
4170 4063 4444 4130 libertas
4486 4074 4545 4128 et

2597 4169 2906 4233 agrorum
2942 4148 3275 4215 restitutio
3311 4149 3889 4234 promulgabatur:
3928 4170 4159 4215 verum
4196 4151 4373 4217 sicut
4395 4150 4545 4227 dixi,

2597 4236 2842 4316 primas
2884 4243 3106 4318 partes
3151 4235 3415 4301 tenebat
3466 4235 3859 4317 solennitas,
3905 4257 3986 4301 ex
4034 4256 4166 4320 qua
4208 4235 4547 4304 discebant

2595 4341 2666 4386 se
2711 4342 2751 4385 0
2811 4320 3080 4404 reliquis
3137 4320 3444 4404 gentibus
3504 4331 3841 4404 separatos
3897 4342 4073 4398 esse,
4134 4330 4211 4386 ut
4270 4322 4543 4407 populus

2594 4414 2819 4472 essent
2876 4407 3226 4491 peculiaris
3279 4418 3348 4471 et
3399 4427 3583 4473 sacer
3642 4408 3819 4473 Deo:
3886 4409 4017 4473 imo
4075 4406 4544 4493 redintegratio

2594 4491 2725 4559 huc
2760 4492 3128 4576 spectabat,
3177 4502 3256 4558 ut
3300 4514 3539 4577 magno
3576 4493 3895 4560 sabbatho
3950 4494 4192 4559 iterum
4230 4492 4545 4578 redempti

2597 4599 2668 4644 se
2711 4578 2858 4644 Deo
2902 4577 3234 4645 liberatori
3283 4580 3549 4664 penitus
3593 4578 3987 4647 addicerent.

3189 4921 3318 4987 EX.
3362 4922 3667 4988 LEVIT.
3712 4922 3983 4989 xxm.

2779 5095 2836 5160 l.
2919 5093 3243 5177 Loquutus
3320 5097 3408 5158 est
3476 5093 3707 5161 Iehova
3783 5095 3869 5160 ad
3935 5093 4190 5176 Mosen,
4267 5095 4547 5163 dieendo:

2603 5181 2664 5247 2.
2712 5180 3048 5262 Alloquere
3076 5179 3245 5260 filios
3284 5177 3506 5260 Israel,
3545 5185 3602 5246 et
3634 5181 3740 5248 die
3773 5181 3940 5248 illis.-
3983 5181 4131 5249 Hae
4172 5187 4321 5249 sunt
4357 5182 4545 5265 feriae

2605 5287 2768 5350 quas
2809 5264 3105 5331 vocabitis
3147 5267 3600 5333 convocationes
3640 5272 3908 5344 sanetas,
3955 5268 4073 5334 hae
4114 5273 4261 5335 sunt
4293 5267 4543 5334 solenni-

2605 5358 2760 5418 tates
2802 5372 2989 5417 meae.
3057 5352 3117 5416 4.
3169 5351 3313 5417 Hae
3353 5358 3503 5418 sunt
3540 5353 3746 5436 feriae
3787 5374 3954 5436 quas
3985 5354 4396 5421 celebrabitis.-
4434 5352 4542 5418 hae
