4867 6150
548 429 633 494 75
1720 425 2466 496 COMMENTARIUS
2513 430 2612 497 IN
2659 426 2962 496 EXODI
3004 426 3209 492 OAP.
3255 426 3375 492 VI.
4461 425 4535 492 76

547 637 792 684 servos.
892 616 1307 683 Describitur
1364 624 1583 680 autem
1642 615 1750 680 hie
1805 638 2034 682 caecus
2096 616 2309 694 dolor,
2378 616 2491 699 qui

548 703 802 768 rabioso
845 701 981 768 fere
1025 704 1277 785 impetu
1323 702 1456 785 egit
1490 701 1826 767 Israelitas
1863 713 1933 766 ut
1978 703 2216 767 iniuste
2253 723 2492 768 excan-

549 788 888 855 descerent
954 798 1182 853 contra
1245 787 1572 867 insontes,
1638 801 1705 852 et
1771 780 1936 852 nihil
2004 789 2136 852 tale
2202 789 2490 854 meritos.

547 875 698 940 Non
750 874 991 939 mirum
1046 873 1305 957 quidem
1364 881 1466 937 est
1526 873 1842 938 malorum
1904 874 2227 957 gravitate
2295 874 2493 940 fuisse

546 961 918 1037 hebetatoS‚
981 972 1056 1025 ut
1099 959 1441 1042 aequitatis
1485 957 1749 1023 modum
1797 981 1922 1024 non
1969 967 2301 1036 tenerent,
2358 961 2492 1024 imo

548 1046 749 1112 fuisse
805 1044 1275 1129 quodammodo
1333 1064 1674 1129 percussos
1719 1046 2026 1123 amentia,
2073 1058 2147 1110 ut
2190 1046 2492 1129 indigna-

551 1133 793 1198 tionem
866 1152 1050 1197 suam
1110 1136 1337 1195 contra
1394 1130 1625 1195 salutis
1682 1151 1841 1195 suae
1899 1132 2234 1197 ministros
2307 1154 2492 1214 prae·

548 1227 807 1302 pestere
851 1224 1231 1282 evomerent
1273 1214 1465 1300 (solet
1507 1217 1683 1281 enim
1741 1217 1864 1281 hoe
1907 1238 2098 1300 saepe
2143 1215 2490 1302 accidere):

549 1302 667 1369 sed
725 1304 1025 1387 quamvis
1082 1302 1205 1367 hoc
1263 1302 1461 1367 nimis
1519 1303 1606 1367 sit
1649 1323 1991 1368 commune
2037 1303 2302 1379 vitium,
2363 1325 2495 1367 non

549 1398 771 1454 tamen
816 1388 896 1454 ab
941 1387 1434 1472 ingratitudinis
1479 1388 1756 1453 erimine
1793 1400 2159 1472 purgantur
2204 1391 2310 1471 qui
2359 1401 2493 1454 tam

547 1472 1020 1541 inconsiderate
1077 1475 1376 1539 feruntur
1430 1475 1795 1556 impetuoso
1853 1476 2121 1541 affectu:
2184 1477 2313 1539 imo
2373 1475 2496 1540 hoc

546 1560 843 1644 exemplo
900 1559 1283 1626 discendum
1340 1559 1525 1625 nobis
1565 1570 1667 1625 est
1711 1572 1956 1642 quanta
1998 1584 2157 1627 cura
2202 1561 2493 1630 dolorem

544 1648 846 1712 fraenare
905 1655 1233 1730 oporteat,
1299 1647 1402 1711 cui
1460 1649 1515 1711 si
1580 1644 1991 1730 indulgetur,
2065 1647 2371 1713 iudicium
2430 1655 2495 1712 et

546 1734 1026 1799 humanitatem
1093 1733 1358 1797 excutit.
1462 1731 1638 1812 Quid
1708 1732 1885 1796 enim
1952 1733 2273 1816 iniquius,
2341 1733 2495 1815 quia

546 1821 889 1904 tyrannice
934 1818 1142 1883 saevit
1185 1817 1466 1893 Pharao,
1516 1838 1710 1900 quam
1754 1818 1824 1882 in
1863 1818 2092 1884 Mosen
2130 1830 2198 1882 et
2219 1818 2494 1883 Aharon

545 1906 806 1988 culpam
853 1902 1166 1970 reiicere?
1214 1903 1466 1968 Verum
1514 1904 1622 1967 hic
1666 1924 1971 1970 excessus
2006 1927 2087 1969 ex
2128 1904 2498 1970 diffidentia

545 1991 872 2056 manavit:
928 1991 1081 2072 quia
1139 1990 1421 2071 gratiam
1480 1989 1601 2054 Dei
1660 2010 1743 2077 ex
1792 1992 2118 2072 praesenti
2189 2011 2496 2056 successu

548 2078 914 2142 aestimant.
1007 2076 1238 2158 Nuper
1276 2074 1356 2138 de
1400 2073 1844 2157 redemptione
1889 2078 2210 2158 promissa
2253 2077 2498 2159 grat-ias

547 2172 822 2246 egerant
848 2162 1014 2226 Deo:
1077 2182 1270 2239 nunc,
1317 2161 1507 2242 quasi
1551 2160 1800 2244 decepti
1846 2163 2108 2239 fuerint,
2159 2163 2385 2227 Mosen
2432 2172 2500 2226 et

547 2248 825 2314 Aharon
870 2258 1198 2313 accusant.
1293 2246 1484 2313 Unde
1529 2247 1858 2331 colligitur
1892 2268 2087 2331 quam
2130 2249 2315 2313 fluxa
2358 2249 2498 2311 fue-

548 2336 637 2398 rit
680 2355 902 2398 eorum
950 2332 1131 2411 fides,
1200 2353 1365 2414 quae
1411 2333 1538 2398 levi
1584 2331 1664 2397 de
1708 2354 1906 2399 causa
1948 2355 2103 2398 mox
2147 2334 2497 2401 evanescit.

546 2420 692 2485 Nisi
747 2420 1081 2485 miraculis
1140 2419 1391 2484 sancita
1452 2419 1680 2483 fuisset
1726 2419 1927 2485 Mosis
1980 2422 2255 2496 vocatio,
2319 2428 2498 2503 pote·

548 2516 699 2572 rant
757 2528 839 2571 ex
895 2505 1171 2570 adverso
1229 2525 1531 2570 successu
1592 2507 1994 2571 occasionem
2048 2506 2338 2590 arripere
2383 2528 2497 2571 ex-

548 2591 1006 2659 candescendi:
1047 2611 1220 2655 nunc
1244 2610 1403 2655 vero
1440 2603 1779 2674 postquam
1806 2593 2058 2674 experti
2099 2603 2251 2656 sunt
2278 2590 2497 2656 Deum

548 2700 690 2744 esse
740 2679 938 2741 totius
972 2676 1247 2742 actionis
1283 2690 1612 2754 autorem,
1659 2697 1966 2759 perverse
2016 2688 2082 2741 et
2124 2676 2286 2742 falso
2345 2699 2498 2743 eum

550 2763 943 2829 temeritatis
979 2762 1399 2826 insimulant:
1460 2773 1653 2845 atque
1711 2763 1803 2827 ita
1864 2785 1989 2828 non
2039 2764 2289 2828 homini
2349 2776 2495 2828 tan-

550 2864 690 2915 tum
734 2849 1013 2923 mortali,
1058 2846 1171 2912 sed
1220 2848 1358 2913 Deo
1401 2847 1799 2930 redemptori
1856 2849 2112 2914 faciunt
2154 2851 2495 2914 iniuriam:

553 2956 720 3019 quae
766 2934 1136 3017 duplicatur
1190 2934 1507 3018 sacrilego
1566 2935 1850 3000 nominis
1918 2937 2057 2999 eius
2101 2937 2325 3012 abusu,
2387 2934 2499 3000 ubi

549 3042 700 3088 eum
744 3021 992 3087 faciunt
1027 3019 1235 3086 malae
1279 3040 1511 3086 causae
1547 3028 1916 3103 patronum.
1991 3022 2275 3087 Perinde
2320 3022 2499 3088 enim

550 3116 653 3174 est
710 3129 785 3174 ac
841 3108 898 3174 si
954 3107 1172 3191 legem
1231 3108 1640 3190 imponerent
1707 3129 1777 3172 se
1841 3108 2055 3191 ipsum
2121 3106 2496 3174 damnandi.

550 3194 700 3275 Quo
744 3193 958 3279 magis
1015 3191 1307 3257 cavenda
1366 3201 1465 3264 est
1526 3192 1765 3257 doloris
1820 3193 2270 3277 intemperies,
2331 3215 2499 3277 quae

551 3281 706 3345 dum
754 3302 822 3345 se
867 3280 1372 3362 praecipitanter
1416 3277 1691 3344 effundit
1737 3279 1806 3343 in
1853 3280 2181 3358 homines,
2231 3302 2311 3344 ne
2358 3282 2499 3346 Deo

552 3365 817 3450 quidem
876 3366 1102 3447 parcit.
1196 3366 1342 3428 Non
1403 3375 1725 3448 putarunt
1781 3365 2043 3448 quidem
2100 3367 2195 3430 illi
2244 3367 2385 3431 Deo
2428 3389 2499 3432 se

551 3473 692 3517 esse
751 3450 1282 3549 contumeliosos,
1356 3472 1431 3516 ac
1505 3472 1810 3533 respuere
1877 3452 2018 3516 eius
2079 3450 2495 3518 beneficium:

551 3558 787 3619 nempe
847 3557 1000 3619 qma
1059 3538 1429 3618 passionum
1482 3558 1786 3602 excessus
1824 3537 2003 3620 ipsos
2048 3549 2500 3604 transversum

552 3623 804 3708 agebat.
893 3622 1157 3688 Interea
1222 3624 1408 3706 origo
1473 3623 1631 3687 mali
1690 3623 2009 3703 notanda,
2078 3624 2249 3707 quod
2295 3625 2498 3707 impa—

555 3714 797 3774 tienter
852 3709 1127 3773 tulerint
1186 3729 1316 3772 non
1378 3710 1599 3773 statim
1661 3731 1699 3775 a
1757 3710 1899 3774 Deo
1953 3710 2267 3793 compleri
2325 3709 2503 3793 quod

554 3795 957 3879 promiserat,
994 3794 1108 3859 sed
1150 3795 1399 3860 differri
1436 3796 1515 3859 ad
1556 3805 1842 3878 tempus:
1891 3796 2127 3861 deinde
2162 3797 2333 3879 quod
2379 3797 2501 3860 im-

554 3882 949 3946 munitatem
1008 3882 1408 3963 quaesierint
1473 3882 1553 3945 ab
1621 3883 1797 3945 omni
1867 3883 2294 3948 incommode.
2397 3879 2504 3948 Ita

553 3968 891 4033 malebant
946 3967 1013 4030 in
1074 3969 1213 4031 suis
1256 3967 1447 4032 malis
1492 3977 1887 4049 putrescere,
1949 3988 2144 4049 quam
2191 3969 2270 4033 ob
2315 3989 2501 4051 spem

555 4055 808 4138 gratiae
833 4053 960 4116 Dei
1005 4051 1359 4136 quidquam
1398 4053 1731 4118 molestiae
1767 4053 1921 4135 pati.
1971 4051 2159 4134 Quae
2196 4054 2503 4118 mollities

555 4138 742 4204 nobis
786 4138 922 4203 fere
966 4139 1267 4203 omnibus
1291 4139 1588 4222 ingenita
1623 4150 1739 4216 est,
1791 4150 1864 4202 ut
1886 4139 2195 4204 malimus
2232 4162 2349 4204 nos
2374 4140 2503 4205 Dei

555 4225 799 4290 auxilio
846 4224 1132 4309 destitui,
1180 4244 1370 4307 quam
1418 4226 1705 4290 exerceri
1753 4225 1872 4289 sub
1909 4245 2116 4303 cruce,
2164 4224 2319 4289 dum
2351 4247 2504 4310 gra-

557 4310 762 4375 datim
805 4323 873 4375 et
908 4309 1163 4392 obliqua
1200 4311 1395 4374 etiam
1436 4309 1766 4374 interdum
1807 4311 1917 4375 via
1953 4332 2072 4375 nos
2106 4312 2189 4374 ad
2226 4312 2502 4377 salutem

557 4396 753 4462 ducit.
845 4396 1024 4460 Nihil
1087 4397 1349 4478 quidem
1411 4396 1664 4461 dulcius
1721 4417 1914 4478 quam
1976 4397 2203 4461 audire
2274 4398 2503 4480 respici

558 4505 597 4548 a
655 4481 799 4547 Deo
869 4495 1124 4548 nostras
1191 4483 1602 4560 afflictiones,
1671 4494 1745 4545 ut
1810 4481 2258 4548 laborantibus
2313 4505 2504 4566 opem

556 4570 760 4633 ferat:
824 4590 1050 4633 verum
1113 4568 1170 4633 si
1224 4568 1349 4632 Dei
1410 4568 1623 4652 gratia
1687 4569 2040 4650 impiorum
2087 4571 2369 4635 furorem
2434 4571 2504 4633 in

558 4675 679 4719 nos
724 4656 1024 4730 concitet,
1073 4654 1400 4736 quaslibet
1442 4654 1909 4737 promissiones
1954 4655 2236 4720 abiicere
2293 4656 2506 4738 parati

557 4743 821 4818 erimus,
867 4742 1087 4823 potius
1131 4762 1325 4823 quam
1374 4761 1555 4822 spem
1592 4740 1856 4805 illarum
1896 4753 2030 4805 tam
2068 4742 2257 4824 gravi
2293 4741 2505 4824 pretio

558 4828 898 4892 redimere.
989 4826 1249 4892 Interea
1296 4827 1592 4891 videmus
1637 4847 1831 4908 quam
1879 4827 2255 4892 humaniter
2298 4837 2505 4892 certa-

558 4914 733 4978 verit
780 4911 960 4978 Deus
1004 4932 1151 4976 cum
1199 4914 1421 4995 populi
1467 4913 1570 4977 sui
1613 4914 2118 4995 intemperantia
2176 4924 2240 4977 et
2288 4915 2502 4995 pravi-

558 5011 708 5065 tate.
818 4998 989 5063 Nam
1047 5011 1220 5064 certe
1284 4999 1515 5064 Mosen
1584 5007 1651 5062 et
1724 4998 1984 5063 Aharon
2051 5009 2184 5063 tam
2251 5001 2507 5064 duriter

558 5085 972 5168 increpando,
1033 5085 1422 5165 repulerunt
1486 5084 1822 5148 Israelitae
1885 5082 2229 5169 (quantum
2299 5086 2365 5150 in
2434 5108 2504 5151 se

557 5171 725 5259 erat)
791 5193 983 5255 quem
1045 5171 1233 5236 avide
1294 5171 1475 5254 prius
1533 5168 1612 5235 de
1679 5170 2124 5254 redemptione
2190 5172 2500 5236 nuncium

555 5271 977 5341 exceperant,
1051 5278 1261 5340 neque
1330 5269 1546 5322 tamen
1615 5255 1870 5321 destitit
1933 5277 2094 5338 opus
2163 5279 2361 5325 suum
2416 5258 2500 5323 ad

552 5345 749 5408 finem
795 5366 1000 5427 usque
1036 5344 1359 5426 persequi.

2769 617 2871 683 22.
2925 618 3099 682 Tunc
3140 636 3423 683 reversus
3465 621 3554 681 est
3598 615 3822 683 Moses,
3872 615 4153 681 Reditus
4197 614 4281 680 ad
4327 615 4530 680 Deum

2597 702 2719 769 hoc
2765 703 2903 768 loco
2947 703 3230 767 sumitur
3288 705 3356 766 in
3413 702 3652 767 malam
3714 712 3965 785 partem
4012 722 4130 784 pro
4175 700 4534 768 defectione

2597 787 2679 857 ab
2714 787 2946 855 officie.
3017 789 3245 872 Neque
3288 789 3463 853 enim
3501 787 3740 854 dicitur
3786 788 4004 852 Moses
4045 787 4148 852 vel
4186 787 4528 869 composito

2596 876 2813 939 animo
2848 896 3085 953 orasse,
3135 874 3235 939 vel
3271 874 3669 957 suppliciter,
3714 885 3790 938 ut
3833 876 3902 937 in
3949 894 4020 937 re
4057 873 4384 956 perplexa,
4425 892 4533 955 pe·

2597 961 2778 1025 tiisse
2822 961 3188 1036 consilium,
3232 960 3346 1025 sed
3385 960 3754 1026 hominibus
3792 960 4173 1043 quibuscum
4212 959 4530 1041 negotium

2596 1057 2738 1111 erat
2782 1047 3027 1113 relictis
3074 1068 3230 1130 prae
3265 1046 3476 1111 taedio
3522 1046 3603 1110 ad
3631 1047 3851 1110 Deum
3888 1044 4143 1122 rediise,
4193 1054 4264 1109 ut
4288 1045 4532 1108 missio-

2598 1152 2748 1197 nem
2794 1143 3062 1215 peteret.
3123 1133 3458 1197 Reversus
3502 1154 3658 1215 ergo
3695 1141 3798 1196 est
3840 1131 3923 1196 ad
3966 1130 4199 1210 Deum,
4246 1140 4318 1194 ut
4353 1130 4531 1195 irrita

2598 1228 2771 1283 esset
2815 1229 2950 1284 tota
2990 1218 3351 1300 expeditio:
3401 1218 3668 1299 perinde
3716 1239 3789 1284 ae
3835 1218 3891 1282 si
3937 1238 4269 1299 nunquam
4314 1216 4536 1281 fuisset

2599 1305 2860 1370 missus.
2908 1303 2987 1368 Id
3033 1306 3232 1368 etiam
3270 1304 3471 1369 verba
3506 1316 3771 1369 sonant:
3817 1304 4120 1386 quoniam
4146 1310 4370 1384 aperte
4391 1321 4531 1366 cum

2597 1389 2741 1455 Deo
2797 1390 3177 1474 expostulat
3239 1390 3409 1473 quod
3473 1390 3854 1455 liberatione
3920 1390 4238 1471 promissa
4317 1387 4536 1452 durius

2599 1476 2800 1560 affligi
2847 1497 3079 1559 passus
3126 1476 3319 1541 fuerit
3357 1477 3668 1560 populum
3706 1496 3918 1540 suum.
4010 1477 4109 1539 Ac
4143 1474 4357 1557 primo
4400 1473 4540 1556 qui-

2599 1562 2745 1627 dem
2796 1562 3040 1627 intuitu
3096 1561 3299 1627 videri
3363 1574 3579 1645 posset
3622 1562 3828 1626 maior
3872 1561 4012 1627 eius
4056 1561 4314 1624 insania
4350 1580 4537 1641 quam

2598 1650 2797 1714 totius
2861 1649 3102 1731 populi,
3170 1648 3341 1731 quod
3409 1646 3652 1713 directe
3719 1660 3785 1711 et
3845 1649 4064 1729 palam
4123 1647 4265 1711 Deo
4311 1666 4539 1727 expro-

2599 1735 2749 1799 brat
2814 1735 2894 1799 ab
2961 1735 3101 1817 ipso
3159 1734 3483 1817 proficisci
3549 1732 3864 1816 quidquid
3930 1733 4254 1797 malorum
4322 1731 4542 1796 intulit

2601 1821 2880 1885 Pharao.
2943 1821 3147 1902 Atqui
3194 1841 3328 1885 non
3375 1820 3599 1884 dubito
3642 1822 3796 1903 quin
3844 1818 4066 1901 populi
4103 1816 4540 1900 querimonias

2599 1905 2896 1971 dolenter
2962 1904 3269 1970 detulerit
3347 1907 3563 1987 potius
3633 1927 3829 1988 quam
3908 1904 4220 1985 loquutus
4300 1904 4386 1967 sit
4462 1923 4537 1967 ex

2599 1993 2861 2075 proprio
2906 2012 3121 2057 sensu.
3214 1991 3603 2074 Quanquam
3655 2012 3786 2055 non
3834 2000 3934 2055 est
3977 1992 4045 2053 in
4094 1997 4304 2052 totum
4352 2007 4540 2053 excu-

2598 2077 2822 2143 sabilis
2891 2079 3031 2143 eius
3098 2077 3563 2155 amarulentia,
3650 2075 3911 2160 quando
3976 2097 4123 2140 eum
4187 2073 4540 2140 vocationis

2600 2185 2756 2231 suae
2810 2164 3128 2245 poenitet,
3187 2184 3262 2229 ac
3321 2162 3701 2246 indignatur
3746 2162 3866 2227 sibi
3914 2162 4319 2243 provinciam
4371 2160 4540 2224 nullo

2601 2251 2891 2333 profectu
2949 2250 3321 2314 mandatam
3379 2271 3540 2315 esse.
3631 2248 3824 2331 Quod
3885 2269 4036 2312 vero
4094 2245 4220 2311 Dei
4279 2245 4542 2309 tardita-

2603 2346 2735 2400 tem
2806 2336 2874 2400 in
2951 2334 3185 2417 populo
3259 2335 3634 2400 redimendo
3698 2342 3990 2411 accusat,
4066 2331 4216 2397 inde
4275 2344 4543 2415 apparet

2602 2442 2799 2505 quam
2847 2421 3088 2487 densae
3131 2422 3436 2487 tenebrae
3480 2432 3769 2485 mentem
3817 2421 3958 2484 eius
3995 2430 4153 2483 tunc
4188 2438 4543 2500 occupave-

2604 2508 2753 2572 rint.
2846 2507 3308 2573 Praemonitus
3352 2507 3422 2571 in
3467 2518 3758 2590 tempore
3799 2506 4012 2570 fuerat
4055 2504 4134 2569 de
4179 2503 4546 2569 Pharaonis

2603 2593 2874 2671 duritie,
2943 2595 3241 2658 audierat
3279 2613 3412 2657 non
3457 2614 3793 2659 cessurum
3839 2591 4042 2656 donec
4086 2592 4335 2655 fractus
4381 2600 4546 2655 esset

2604 2700 2803 2743 manu
2853 2679 3099 2745 valida:
3160 2701 3336 2745 nune
3380 2681 3675 2744 omnium
3720 2678 3979 2757 oblitus,
4031 2675 4540 2758 redemptionem

2605 2764 2892 2830 nondum
2953 2766 3343 2848 completam
3402 2787 3545 2831 esse
3603 2765 3902 2829 miratur.
3989 2761 4174 2827 Idem
4235 2775 4303 2825 et
4364 2760 4544 2827 nobis

2603 2873 2793 2932 saepe
2829 2853 3170 2935 contingit,
3216 2862 3291 2915 ut
3328 2849 3626 2917 doctrina
3661 2850 3814 2915 fidei
3852 2857 3916 2913 et
3960 2850 4115 2932 spei,
4153 2867 4321 2931 quae
4360 2848 4546 2913 rebus

2610 2937 2978 3018 tranquillis
3033 2938 3098 3001 in
3160 2937 3352 3001 corde
3409 2948 3631 3002 nostro
3687 2936 3893 3016 fulget
3953 2950 4020 3000 et
4066 2936 4129 2998 in
4177 2935 4407 3018 lingua
4448 2954 4546 2997 re·

2609 3039 2815 3102 sonat,
2862 3022 2972 3088 ubi
3018 3023 3097 3087 ad
3145 3026 3348 3089 serios
3392 3024 3730 3089 conflictus
3774 3029 4041 3088 ventum
4088 3028 4218 3100 est,
4275 3040 4546 3086 evanes-

2605 3119 2727 3175 cat.
2819 3107 2969 3190 Quo
3028 3111 3271 3174 maiore
3328 3109 3544 3174 studio
3599 3112 3670 3174 in
3714 3110 3853 3174 eius
3899 3106 4393 3173 meditationem
4451 3107 4550 3169 in·-

2604 3196 2909 3263 cumbere
2953 3205 3225 3279 oportet,
3296 3205 3367 3260 ut
3412 3196 3482 3260 in
3529 3195 3724 3260 rebus
3764 3196 4051 3258 maxime
4094 3194 4386 3258 confusis
4428 3211 4546 3257 nos

2606 3291 2825 3347 tamen
2872 3282 3192 3348 sustineat
3237 3282 3377 3347 eius
3423 3281 3805 3347 recordatio,

3364 3625 3666 3691 OAPU'I'
3711 3624 3833 3690 VI.

2779 3801 2833 3862 1.
2880 3795 2969 3861 Et
3010 3796 3178 3861 dixit
3200 3795 3431 3861 Iehova
3473 3797 3560 3860 ad
3584 3795 3831 3861 Mosen.-
3879 3796 4065 3861 Nunc
4107 3795 4350 3862 videbis
4391 3795 4549 3878 quod

2601 3885 2890 3965 facturus
2946 3903 3092 3948 sum
3141 3881 3501 3948 Pharaoni:
3565 3884 3720 3963 qaia
3772 3883 3843 3946 in
3894 3901 4091 3946 manu
4141 3882 4400 3948 robusta
4454 3881 4547 3947 di·

2604 3972 2799 4035 mittet
2863 3990 2997 4049 eos,
3062 3969 3134 4033 in
3196 3988 3390 4032 mana
3456 3969 3721 4049 inquam
3785 3968 4034 4032 robusta
4098 3968 4304 4033 eiiciet
4368 3989 4466 4034 eos
4516 3986 4546 4029 e

2605 4062 2776 4121 terra
2818 4075 2958 4120 sua.
3045 4059 3100 4118 2.
3148 4049 3236 4118 Et
3277 4052 3567 4135 loquutus
3608 4059 3698 4119 est
3734 4053 3911 4119 Deus
3956 4054 4042 4118 ad
4079 4052 4320 4128 Mosen,
4365 4053 4548 4120 dixit-

2606 4162 2721 4222 que
2763 4141 2894 4206 illi.-
2951 4135 3089 4223 1390
3151 4139 3400 4204 Iehova.
3490 4139 3549 4204 3.
3596 4140 3901 4220 Apparui
3944 4140 4194 4220 quidem
4238 4139 4544 4214 Abrahae,

2608 4228 2801 4292 Isaac
2843 4231 2898 4290 et
2943 4224 3129 4292 Iacob
3170 4225 3238 4289 in
3281 4225 3415 4290 Deo
3458 4227 3888 4306 omnipotente:
3936 4226 4004 4290 in
4061 4226 4310 4291 nomine
4353 4232 4544 4290 tamen

2606 4334 2738 4378 meo
2782 4312 3010 4377 Iehova
3054 4331 3178 4376 non
3219 4331 3364 4376 sum
3412 4314 3688 4395 coynitus
3741 4311 3892 4376 illis,
3988 4311 4048 4377 4.
4105 4316 4316 4394 Atque
4368 4312 4546 4376 etiam

2608 4400 2779 4463 erexi
2810 4403 3073 4479 pactum
3113 4417 3317 4462 meum
3360 4417 3500 4472 eum
3542 4398 3697 4473 illis,
3758 4402 3828 4461 ut
3868 4398 4084 4462 darem
4111 4397 4274 4462 -illis
4320 4403 4545 4463 terram

2614 4485 2936 4562 Ghanaan,
2980 4489 3213 4548 terram
3236 4485 3811 4567 pereqrinationum
3845 4504 4072 4559 eorum,
4118 4483 4191 4547 in
4223 4504 4354 4565 qua
4381 4503 4547 4568 pere

2602 4572 2844 4653 yrinati
2883 4574 3048 4633 sunt.
3115 4569 3173 4634 5.
3225 4569 3490 4651 Ideoque
3536 4591 3640 4653 eyo
3684 4569 3908 4635 audivi
3944 4569 4240 4651 yemitum
4278 4570 4547 4651 filiorum

2609 4656 2837 4735 Israel,
2880 4676 3032 4735 quos
3076 4656 3376 4738 Aeyyptii
3432 4656 3742 4721 serviliter
3799 4656 4185 4737 opprimunt.-
4242 4662 4299 4720 et
4354 4674 4544 4720 reeor-

2605 4744 2791 4807 datus
2825 4762 2968 4806 sum
2998 4740 3266 4823 foederis
3301 4743 3440 4806 mei.
3514 4743 3573 4807 6.
3618 4741 3960 4821 Propterea
3992 4741 4096 4806 die
4124 4741 4290 4820 filiis
4315 4739 4518 4808 Israel
4527 4762 4546 4803 .-

2606 4828 2741 4912 Eyo
2787 4827 3018 4893 Iehova
3035 4877 3050 4906 ,
3109 4832 3164 4891 et
3206 4827 3463 4892 educam
3515 4848 3622 4892 vos
3664 4847 3742 4891 ex
3785 4827 4079 4893 oneribus
4137 4829 4433 4912 Ampe,
4491 4829 4546 4891 et

2605 4935 2823 4979 eruam
2884 4934 2993 4978 vos
3055 4933 3091 4978 e
3155 4914 3447 4978 servitute
3503 4915 3786 4992 illorum,
3845 4920 3904 4978 et
3957 4914 4267 4978 redimam
4323 4934 4430 4978 vos
4477 4913 4543 4976 in

2606 4999 2856 5065 brachio
2897 5004 3163 5077 extem,
3223 5004 3277 5063 et
3334 5001 3403 5063 in
3457 5000 3717 5064 iudicii-5
3777 4999 4045 5081 maqnis.
4138 4999 4194 5063 7.
4241 5000 4327 5064 Et
4371 5019 4541 5064 assu·

2604 5106 2776 5150 mam
2819 5105 2925 5149 vos
2968 5084 3127 5148 mihi
3170 5086 3241 5150 in
3273 5085 3594 5166 populum,
3656 5090 3709 5150 et
3753 5107 3854 5149 ero
3896 5083 4069 5154 vobis
4112 5087 4177 5149 in
4224 5086 4451 5164 Deum,
4492 5088 4544 5147 et

2605 5173 2813 5238 scietis
2865 5172 3025 5252 quod
3081 5191 3186 5254 eyo
3239 5190 3381 5234 eum
3440 5170 3668 5235 Iekova
3729 5170 3908 5235 Deus
3964 5176 4193 5250 vester,
4253 5173 4401 5236 dam
4443 5189 4542 5235 vos

2606 5258 2794 5323 educo
2836 5277 2912 5322 ex
2955 5255 3246 5321 oneribus
3290 5256 3571 5339 Aeyypti.
3659 5254 3719 5322 8.
3766 5256 3856 5321 Et
3895 5258 4285 5323 introducam
4325 5277 4430 5322 vos
4474 5256 4541 5319 in

2607 5349 2843 5409 terram
2860 5394 2876 5422 ,
2943 5342 3020 5407 de
3078 5364 3205 5424 qua
3260 5342 3460 5406 levavi
3500 5362 3759 5407 manum
3801 5362 4000 5409 meam
4042 5348 4111 5407 ut
4151 5344 4366 5409 darem
4408 5360 4542 5408 eam
