4867 6150
544 419 585 484 7
2274 356 2832 482 PRAEsATIO.
4507 411 4556 478 8

546 626 638 673 ne
682 605 997 692 peccandi
1038 605 1306 673 licentia
1347 605 1536 672 nobis
1577 605 2015 689 indulgentes,
2059 604 2226 671 falso
2269 624 2390 670 nos
2435 624 2581 670 esse
2615 602 2746 669 Dei
2788 602 2960 669 filios
3003 602 3382 688 gloriemur.
3449 601 3623 668 Nam
3666 621 3871 686 quum
3916 608 4054 667 tam
4097 622 4325 670 severe
4368 602 4555 669 ultus

546 709 638 776 sit
681 711 866 777 Deus
909 709 1364 789 idololatriam,
1408 729 1648 792 pravas
1689 709 2082 793 cupiditates
2126 730 2203 775 ac
2242 705 2549 773 libidines
2567 756 2584 787 ,
2628 706 3125 786 contumaciam,
3171 705 3430 790 aliaque
3473 704 3752 772 scelera:
3799 705 3956 771 hinc
4000 705 4383 772 discendum
4427 714 4548 786 est,

544 833 868 898 nusquam
916 812 1131 879 Deum
1175 812 1578 878 luculentius
1619 831 1739 878 sua
1781 812 2026 879 iudicia
2079 832 2382 878 exserere
2415 809 2464 897 ยน)
2508 829 2705 895 quam
2748 809 2822 874 in
2865 808 3167 876 ecclesia:
3214 816 3290 874 ut
3336 807 3513 893 quod
3555 808 3897 875 fallacibus
3939 809 4206 876 Iudaeis
4247 812 4547 896 contigit,

547 914 634 982 ad
675 936 903 982 omnes
945 924 1206 982 nostrae
1250 915 1482 981 aetatis
1526 913 1905 1000 hypocritas
1948 913 2528 981 accommodemus.
3642 998 3649 1004 .

857 1016 1218 1085 Doctrinae
1275 1017 1539 1101 partitio
1596 1026 1877 1102 quatuor
1933 1018 2280 1102 praecipue
2337 1015 2653 1083 membris
2696 1013 3294 1102 comprehenditur.
3383 1014 3557 1081 Nam
3601 1026 3678 1081 ut
3720 1014 3802 1081 ad
3847 1014 4247 1082 docilitatem
4292 1018 4547 1084 animos

550 1130 915 1204 comparet,
974 1121 1201 1186 multis
1240 1121 1471 1206 elogiis
1512 1121 1930 1188 commendat
1972 1122 2138 1207 legis
2181 1120 2623 1186 autoritatem.
2713 1119 3162 1203 Quaecunque
3204 1118 3412 1204 igitur
3455 1120 3825 1185 sententiae
3869 1129 4216 1186 occurrent
4258 1120 4339 1185 de
4381 1119 4548 1205 legis

550 1222 908 1309 dignitate,
963 1224 1389 1308 praefationis
1433 1226 1573 1290 vice
1614 1234 1981 1309 ponuntur,
2038 1232 2115 1290 ut
2156 1225 2399 1289 iustam
2440 1223 2877 1289 reverentiam
2919 1222 3105 1288 Deus
3147 1222 3470 1288 obtineat:
3529 1221 3805 1306 ideoque
3862 1221 4092 1289 ordine
4150 1222 4551 1306 praecedunt

546 1326 715 1411 legis
756 1336 1121 1411 praecepta,
1166 1335 1233 1393 et
1274 1329 1344 1392 in
1388 1326 1512 1392 hac
1554 1328 1770 1412 prima
1811 1327 2019 1394 classe
2061 1327 2337 1394 locanda
2379 1332 2593 1393 erunt.

862 1427 1253 1513 Sequuntur
1290 1428 1508 1495 decem
1546 1440 1909 1514 praecepta,
1955 1431 2191 1515 quibus
2225 1430 2331 1514 pie
2362 1431 2662 1512 iusteque
2698 1427 2965 1494 vivendi
2998 1427 3316 1513 regulam,
3360 1428 3649 1495 breviter
3684 1428 3965 1512 quidem,
4002 1430 4116 1497 sed
4152 1430 4226 1495 in
4260 1429 4548 1497 solidum

551 1532 936 1616 complexus
981 1548 1081 1599 est
1124 1531 1340 1599 Deus:
1399 1533 1591 1599 modo
1635 1555 1719 1599 ne
1762 1554 2141 1618 separemus
2185 1555 2347 1617 quas
2390 1532 2669 1617 sparsim
2729 1531 3303 1615 interpretationes
3359 1530 3611 1597 addidit
3663 1531 4018 1618 legislator.
4108 1532 4324 1599 Multa
4367 1533 4546 1598 enim

549 1642 744 1702 extra
777 1635 941 1702 duas
975 1636 1233 1702 tabulas
1266 1636 1595 1721 leguntur,
1633 1659 1805 1722 quae
1839 1660 2036 1704 sensu
2073 1645 2297 1703 tamen
2331 1635 2502 1701 nihil
2538 1634 2883 1700 differunt:
2931 1635 3202 1719 ideoque
3245 1633 3618 1702 adhibenda
3654 1646 3756 1703 est
3789 1635 4142 1721 prudentia
4176 1645 4254 1702 ut
4287 1637 4550 1721 singula

551 1761 816 1806 annexa
857 1741 998 1805 suis
1042 1740 1409 1823 praeceptis
1451 1739 1662 1824 legem
1709 1741 2036 1825 integram
2080 1740 2268 1806 nobis
2311 1738 2677 1805 conficiant.

861 1843 1158 1908 Tertium
1216 1851 1411 1926 caput
1467 1842 1803 1911 doctrinae
1861 1852 2118 1911 constat
2172 1864 2251 1908 ex
2310 1839 2811 1926 appendicibus,
2869 1861 2998 1923 qua
3052 1861 3211 1908 voce
3266 1841 3600 1926 intelligo,
3668 1843 3907 1926 prioris
3965 1845 4225 1930 quidem
4289 1844 4550 1911 tabulae

548 1952 875 2028 respectu,
910 1946 1352 2011 caeremonias
1385 1954 1451 2011 et
1486 1958 1765 2014 externa
1797 1948 2062 2033 pietatis
2093 1946 2435 2013 exercitia:
2483 1944 2717 2012 deinde
2762 1943 3087 2012 secundae
3131 1953 3432 2027 respectu
3467 1945 3647 2028 leges
3690 1947 4025 2031 politicas.-
4068 1949 4381 2034 quoniam
4415 1971 4550 2015 non

553 2047 682 2113 alio
727 2047 939 2115 tendit
993 2058 1272 2132 utraque
1316 2070 1503 2134 pars,
1562 2051 1688 2116 nisi
1734 2059 1809 2117 ut
1852 2050 2017 2135 legis
2062 2049 2331 2115 moralis
2384 2048 2913 2115 observationem
2964 2047 3300 2114 adiuvent.
3389 2049 3611 2131 Atque
3656 2050 3779 2117 hoc
3825 2055 4091 2137 cognitu
4138 2074 4272 2118 non
4317 2074 4554 2137 parum

549 2151 714 2216 utile
749 2161 866 2229 est,
903 2151 1072 2217 nihil
1106 2153 1550 2218 caeremonias
1586 2152 1689 2220 vel
1728 2152 2101 2219 iudicialem
2138 2152 2499 2219 doctrinam
2535 2160 2811 2230 mutare,
2848 2151 2958 2217 vel
2993 2150 3334 2217 detrahere
3373 2150 3452 2216 de
3488 2153 3718 2237 regula
3751 2154 3973 2221 decem
4018 2157 4235 2223 verbis
4279 2155 4556 2222 tradita:

555 2255 672 2320 sed
719 2254 1170 2321 tantummodo
1213 2255 1613 2322 adminicula
1657 2278 1800 2323 esse
1843 2276 2008 2341 quae
2050 2255 2130 2320 ad
2157 2254 2375 2321 Deum
2420 2256 2545 2320 rite
2590 2254 2954 2334 colendum,
3000 2262 3066 2319 et
3109 2253 3191 2319 ad
3234 2254 3553 2320 iustitiam
3599 2276 3750 2323 cum
3795 2257 4170 2326 hominibus
4213 2258 4558 2326 colendam

556 2378 680 2424 nos
722 2360 910 2441 quasi
955 2379 1157 2424 manu
1203 2356 1462 2425 ducant.
1552 2358 1818 2427 Scimus
1875 2361 2257 2426 continuum
2304 2358 2460 2424 olim
2521 2358 2855 2442 prophetis
2899 2357 3100 2424 fuisse
3158 2368 3492 2425 certamen
3537 2382 3687 2427 cum
3742 2362 3981 2445 populo
4023 2363 4322 2441 Iudaico,
4382 2362 4559 2448 quod

560 2462 989 2531 caeremoniis
1047 2471 1317 2529 strenue
1373 2462 1793 2544 incumbens,
1853 2484 1929 2529 ac
1972 2465 2027 2529 si
2087 2463 2341 2529 inclusa
2397 2462 2527 2527 illis
2582 2470 2752 2528 esset
2807 2463 3094 2545 perfecta
3147 2461 3377 2547 religio
3421 2472 3489 2527 et
3541 2465 3889 2553 sanctitas,
3950 2488 4180 2532 veram
4238 2468 4559 2533 iustitiam

556 2563 951 2649 negligebat.
1054 2566 1287 2650 Itaque
1343 2575 1546 2651 negat
1600 2567 1782 2633 Deus
1840 2588 1911 2631 se
1968 2564 2324 2649 quidquam
2384 2564 2465 2630 de
2520 2565 2854 2632 sacrificiis
2912 2566 3346 2649 praecepisse:
3416 2588 3491 2634 ac
3559 2588 3786 2634 omnes
3846 2578 4154 2637 externos
4214 2571 4381 2637 ritus
4440 2590 4560 2655 pro

556 2667 908 2734 inutilibus
961 2669 1154 2753 nugis
1212 2667 1423 2748 ducit,
1479 2669 1536 2736 si
1578 2670 1711 2735 illis
1754 2669 1864 2734 vel
1919 2668 2270 2733 minimum
2318 2668 2512 2752 pretii
2558 2688 2849 2734 seorsum
2895 2690 2935 2733 a
2979 2667 3202 2734 decem
3248 2671 3611 2754 praeceptis
3655 2672 3990 2740 tribuitur.
4079 2673 4273 2740 Unde
4318 2675 4562 2740 certius

563 2770 934 2853 colligimus
971 2772 1139 2855 quod
1177 2771 1390 2857 attigi,
1437 2793 1571 2837 non
1614 2794 1759 2839 esse
1804 2794 1890 2837 ex
1934 2770 2304 2838 substantia
2346 2771 2532 2855 legis,
2576 2769 2677 2857 (ut
2720 2771 3102 2859 loquuntur)
3146 2794 3267 2839 nec
3312 2794 3429 2857 per
3463 2796 3533 2841 se
3570 2774 3654 2840 ad
3690 2774 3817 2840 Dei
3862 2777 4112 2842 cultum
4157 2777 4395 2854 valere,
4441 2797 4564 2842 nec

560 2893 672 2939 eas
709 2897 749 2938 a
782 2874 1156 2960 legislatore
1195 2876 1337 2958 ipso
1373 2877 1551 2961 exigi
1586 2876 1775 2960 quasi
1808 2874 2236 2953 necessarias,
2273 2874 2385 2940 vel
2421 2875 2621 2941 etiam
2659 2874 2873 2953 utiles,
2913 2874 3038 2941 nisi
3076 2876 3146 2940 in
3178 2876 3390 2960 gradu
3424 2879 3732 2944 inferiore
3753 2879 4113 2946 subsidant.
4181 2883 4261 2946 In
4284 2901 4564 2960 summa,

563 2978 963 3045 accessiones
998 2988 1171 3057 sunt,
1210 3000 1343 3045 non
1379 2998 1545 3063 quae
1581 2978 1714 3064 legi
1757 2977 1867 3044 vel
1909 2999 2114 3044 unum
2160 2978 2413 3061 apicem
2458 2977 2721 3056 addant,
2760 2977 2875 3043 sed
2919 2998 3086 3062 quae
3126 2979 3389 3062 pietatis
3433 2981 3718 3049 cultores
3762 2984 4090 3050 retineant
4122 2984 4193 3050 in
4236 2983 4568 3068 spirituali

563 3083 765 3161 cultu,
790 3083 899 3167 qui
926 3083 1071 3160 fide,
1096 3082 1518 3167 poenitentia,
1555 3083 1682 3149 Dei
1702 3083 2137 3163 invocatione,
2160 3091 2229 3148 et
2248 3081 2555 3148 laudibus
2580 3104 2746 3166 quae
2768 3082 3238 3167 gratitudinem
3263 3082 3734 3168 demonstrant,
3761 3089 3972 3155 crucis
3995 3091 4191 3155 etiam
4217 3089 4569 3154 tolerantia

556 3187 952 3253 continetur.
1019 3186 1104 3251 In
1139 3186 1417 3270 politicis
1460 3187 1763 3252 omnibus
1796 3185 2164 3270 praeceptis
2206 3185 2375 3250 nihil
2411 3185 2606 3269 plane
2651 3187 3014 3270 reperietur
3046 3186 3222 3268 quod
3257 3186 3500 3270 aliquid
3539 3191 3859 3257 secundae
3905 3191 4164 3258 tabulae
4200 3193 4278 3258 ad
4317 3193 4567 3276 perfec-

560 3290 807 3355 tionem
878 3289 1093 3356 addat.
1192 3289 1507 3372 Sequitur
1557 3291 1807 3375 itaque,
1874 3288 1957 3355 ad
2014 3289 2313 3373 regulam
2369 3288 2538 3354 bene
2599 3298 2901 3372 recteque
2956 3288 3262 3368 vivendi,
3321 3299 3585 3372 praeter
3642 3292 3865 3360 decem
3920 3296 4153 3376 verba,
4210 3293 4570 3362 desiderari

561 3392 726 3458 nihil
771 3414 976 3477 posse.

869 3496 1123 3563 Ultima
1179 3516 1330 3579 pars
1386 3497 1584 3562 finem
1628 3515 1951 3579 usumque
1994 3494 2164 3580 legis
2205 3494 2523 3561 ostendit:
2585 3516 2660 3563 ac
2707 3495 2980 3580 proinde
3023 3494 3166 3560 eius
3207 3494 3459 3564 utilitas
3504 3497 3828 3566 latissime
3874 3509 4074 3585 patet.
4167 3502 4304 3584 Qui
4332 3501 4568 3569 denim

564 3600 753 3666 nobis
797 3598 1136 3685 prodesset
1178 3598 1262 3665 ad
1303 3599 1475 3665 iuste
1534 3596 1894 3665 vivendum
1952 3596 2248 3677 institui,
2305 3598 2434 3665 nisi
2479 3598 2709 3682 culpae
2753 3606 2821 3665 et
2863 3607 3087 3666 reatus
3133 3600 3383 3683 agnitio
3427 3622 3547 3667 nos
3592 3602 3672 3667 ad
3719 3605 4163 3687 quaerendum
4209 3605 4574 3672 remedium

567 3703 903 3769 traheret?
950 3702 1146 3784 Quod
1189 3724 1347 3787 ergo
1384 3701 1926 3785 promissionibus
1966 3709 2102 3765 tam
2137 3698 2376 3767 blande
2413 3710 2482 3766 et
2515 3703 2808 3769 suaviter
2841 3718 2963 3769 nos
3001 3702 3182 3768 Deus
3218 3702 3442 3781 allicit,
3489 3703 3661 3786 quod
3697 3728 3962 3773 rursum
4000 3709 4575 3776 maledictionibus

563 3806 893 3885 fulminat,
941 3807 1185 3890 partim
1228 3826 1350 3870 nos
1394 3804 1611 3870 reddit
1653 3803 2161 3883 inexcusabiles,
2208 3807 2452 3888 partim
2497 3805 2679 3870 omni
2724 3804 3014 3870 instit-iae
3058 3803 3295 3871 fiducia
3339 3808 3734 3890 exspoliatos
3779 3810 4034 3888 deficit,
4092 3821 4166 3878 ut
4208 3814 4574 3897 gratuitum

568 3912 711 3976 eius
756 3910 987 3975 foedus
1033 3909 1340 3992 amplexi,
1387 3907 1471 3973 ad
1505 3906 1850 3974 Christum
1896 3906 2065 3991 legis
2109 3909 2307 3973 finem
2347 3908 2697 3992 confugere
2741 3907 3084 3975 discamus.
3173 3908 3327 3975 Huc
3370 3920 3677 3993 spectant
3721 3915 4183 3995 promissiones
4226 3916 4463 3999 quibus
4506 3938 4576 3983 se

567 4015 928 4098 propitium
971 4013 1113 4078 sore
1158 4019 1457 4091 testatur,
1503 4020 1577 4075 ut
1621 4021 1851 4094 parata
1893 4010 1982 4075 sit
2024 4013 2308 4093 peccatis
2352 4011 2580 4076 venia:
2631 4010 2868 4076 deinde
2913 4012 3218 4095 spiritum
3265 4014 3781 4096 regenerationis
3817 4017 4023 4084 offert.
4096 4019 4291 4085 Unde
4335 4020 4581 4103 pendet

568 4116 685 4183 illa
728 4118 1083 4183 sententia:
1131 4114 1472 4182 Christum
1519 4133 1662 4179 esse
1710 4116 1911 4179 finem
1955 4113 2141 4198 legis.
2212 4114 2444 4198 Neque
2482 4123 2705 4179 tamen
2744 4112 2915 4180 hanc
2959 4113 3233 4181 classem
3272 4135 3311 4180 a
3347 4116 3790 4199 superioribus
3837 4119 4153 4202 discerno,
4197 4144 4273 4189 ac
4308 4124 4367 4187 si
4409 4122 4582 4188 nihil

570 4219 849 4286 haberet
901 4240 1051 4285 cum
1109 4218 1240 4284 illis
1295 4238 1645 4284 commune
1707 4227 1775 4281 et
1828 4217 2292 4299 promiscuum.
2383 4222 2760 4301 Antequam
2820 4218 2998 4282 enim
3059 4240 3135 4283 eo
3193 4228 3582 4301 perventum
3646 4222 3874 4302 fuerit,
3932 4225 4258 4310 attingere
4317 4227 4579 4310 saepius

570 4343 837 4390 necesse
873 4323 1001 4386 erit
1037 4329 1169 4385 tam
1210 4322 1648 4386 miserrimam
1689 4320 1966 4385 humani
2006 4321 2264 4404 generis
2307 4319 2576 4401 cladem,
2622 4341 2817 4403 quam
2861 4322 3183 4403 peculiare
3228 4322 3595 4405 adoptionis
3641 4325 4044 4407 beneficium,
4090 4339 4158 4393 et
4201 4331 4579 4396 continuam

570 4428 813 4495 seriam
851 4425 1110 4510 paterni
1145 4423 1410 4500 favoris,
1447 4444 1575 4505 quo
1614 4422 1797 4487 Deus
1833 4444 1984 4487 suos
2021 4425 2458 4506 prosequitur.
2528 4423 2756 4506 Neque
2792 4424 2968 4488 enim
3006 4426 3182 4490 aliud
3219 4423 3344 4489 sibi
3383 4426 3611 4491 volunt
3646 4449 3872 4493 omnes
3908 4433 4336 4515 expiationes,
4385 4453 4580 4517 quam

574 4533 795 4598 Deum
852 4549 1110 4612 semper
1158 4527 1295 4593 fore
1332 4525 1858 4607 misericordem,
1908 4527 2162 4609 quoties
2210 4527 2290 4590 ad
2342 4526 2578 4592 veniae
2636 4525 2895 4610 asylum
2940 4529 3310 4612 confugerit
3361 4538 3681 4611 peccator.
3772 4530 3905 4597 Sed
3956 4555 4155 4617 quam
4214 4538 4583 4601 necessaria

581 4634 781 4700 fuerit
838 4631 1001 4698 haec
1056 4629 1457 4709 distributio,
1521 4629 1757 4693 melius
1815 4650 1901 4693 ex
1973 4638 2294 4695 contextu
2353 4630 2784 4711 intelligetur.
2851 4630 3220 4699 โCanticum
3280 4639 3348 4696 et
3397 4651 3577 4697 mors
3634 4633 3871 4714 Mosis,
3936 4648 4219 4718 quatuor
4265 4638 4581 4704 librorum

581 4738 711 4802 erit
752 4734 1064 4801 clausula.

889 5079 945 5149 1)
986 5078 1127 5133 Edd.
1166 5093 1436 5132 exercere.
