4867 6150
310 459 434 525 109

307 650 600 726 redeant,
646 670 888 734 poenas
932 647 1231 732 septuplo
1273 646 1556 713 maiores
1599 646 1974 712 denunciat.
2064 645 2262 727 Quod

314 737 476 804 dicit
519 744 862 801 mortuum
911 755 1055 801 esse
1099 755 1292 799 omne
1347 753 1576 817 pecus,
1644 732 2118 816 synecdochica
2163 740 2262 798 est

309 823 627 906 loquutio.
715 821 888 886 Nam
935 822 1245 887 continuo
1291 826 1439 902 post
1483 818 1732 902 patebit
1775 818 2107 885 residuam
2155 818 2266 882 ad-

306 909 441 975 hue
484 908 689 974 fuisse
731 907 982 990 copiam
1024 905 1430 971 animalium.
1502 904 1636 972 Sed
1670 905 1982 987 intelligit
2016 905 2260 987 passim

308 1003 612 1061 armenta
657 1004 841 1078 peste
886 993 1084 1059 fuisse
1129 1000 1532 1075 consumpta,
1583 1001 1650 1056 et
1685 1011 1919 1076 greges
1954 990 2260 1055 afflictos:

305 1081 418 1146 vel
465 1077 551 1165 (si
572 1077 812 1165 mavis)
850 1087 1098 1163 pestem
1142 1078 1343 1143 fuisse
1389 1077 1629 1160 ubique
1663 1086 2048 1161 grassatam,
2096 1095 2264 1158 quae

307 1168 629 1232 iumentis
668 1166 946 1247 aliisque
990 1164 1383 1229 animalibus
1440 1163 1708 1229 insolito
1774 1163 1970 1226 modo
2013 1160 2261 1241 occisis,

310 1255 695 1338 Aegyptum
759 1249 1089 1335 redegerit
1147 1248 1230 1314 ad
1286 1250 1647 1332 penuriam.
1750 1248 2059 1332 Denique
2103 1255 2262 1312 nota

306 1336 709 1405 universalis
755 1359 886 1402 non
933 1336 1062 1401 alio
1107 1344 1393 1418 spectat,
1439 1335 1567 1400 nisi
1612 1335 1874 1418 plagam
1934 1333 2105 1398 hanc
2159 1334 2258 1397 in-

307 1425 500 1508 signe
544 1423 746 1487 fuisse
792 1423 1258 1488 documentum
1321 1421 1458 1485 irae
1505 1422 1665 1486 Dei:
1727 1422 1878 1502 quia
1928 1420 2074 1485 lues
2128 1440 2261 1483 non

308 1530 519 1594 pauca
585 1521 840 1573 tantum
900 1507 1210 1573 animalia
1265 1505 1369 1593 (ut
1429 1506 1570 1572 fieri
1617 1504 1809 1593 solet)
1851 1505 2259 1588 corripuerit,

306 1596 423 1662 sed
468 1596 667 1678 longe
709 1595 968 1677 lateque
998 1593 1334 1676 'populata
1378 1593 1464 1659 sit
1507 1594 1844 1676 ingentem
1888 1613 1970 1656 ex
2014 1591 2259 1676 pecori-

306 1683 432 1748 bus
478 1692 546 1745 et
589 1680 902 1765 gregibus
946 1700 1316 1745 numerum.

487 1768 544 1832 7.
589 1767 679 1832 Et
720 1768 900 1832 misit
948 1764 1225 1831 Pharao.
1318 1768 1425 1831 An
1471 1765 1724 1830 miserit
1768 1772 1926 1829 tunc
1969 1763 2257 1845 primum

307 1874 465 1921 suos
511 1854 909 1936 inspectores
951 1852 1024 1916 in
1067 1850 1284 1916 medio
1343 1851 1665 1934 relinquo:
1737 1850 1881 1914 fieri
1926 1856 2142 1932 potest
2183 1857 2262 1913 ut

306 1940 726 2007 contumacia
783 1958 903 2003 sua
968 1957 1199 2004 caecus
1271 1936 1621 2003 discrimen
1686 1934 1808 2001 hoc
1876 1935 2259 2019 neglexerit,

308 2026 518 2092 donee
575 2044 615 2089 a
670 2026 855 2090 Mose
909 2023 1035 2087 fuit
1092 2022 1486 2089 admonitus.
1613 2020 1876 2088 Scimus
1934 2021 2111 2085 enim
2187 2026 2261 2085 ut

308 2111 715 2180 conniveant
766 2110 1025 2192 reprobi
1082 2109 1164 2174 ad
1221 2109 1606 2174 manifestas
1673 2108 1809 2173 irae
1867 2107 1996 2173 Dei
2054 2119 2260 2187 notas,

309 2209 676 2282 sponteque
713 2216 996 2261 errorem
1037 2216 1231 2262 suum
1270 2195 1550 2260 foveant.
1597 2194 1795 2259 Certe
1816 2214 1946 2258 non
1985 2192 2257 2258 dubium

309 2293 409 2351 est
459 2285 617 2367 quin
667 2281 951 2360 Pharao,
1010 2279 1170 2345 dum
1223 2303 1294 2345 se
1343 2280 1557 2346 modis
1592 2280 1896 2345 omnibus
1939 2278 2262 2344 obdurare

308 2370 589 2453 appetit,
648 2367 924 2433 libenter
989 2368 1401 2450 praeterierit
1442 2366 1612 2450 quod
1658 2366 1945 2431 maxime
1988 2366 2259 2448 cognitu

308 2466 453 2522 erat
496 2456 679 2520 utile.
753 2452 885 2522 Sed
974 2454 1084 2518 uia
1128 2451 1208 2517 de
1252 2455 1444 2538 signo
1480 2453 1893 2517 discretionis
1930 2452 2104 2515 inter
2127 2453 2258 2516 Ae-

309 2543 575 2628 gyptios
637 2552 704 2604 et
759 2539 941 2606 Istae
969 2540 1094 2604 itas
1150 2539 1390 2605 certior
1449 2559 1488 2603 a
1532 2539 1719 2605 Mose
1778 2536 2073 2602 redditus
2116 2537 2258 2601 fue-

307 2640 433 2709 rat,
477 2627 763 2711 cogitur,
820 2626 982 2692 velit
1023 2625 1217 2703 nolit,
1275 2647 1355 2691 ex
1401 2624 1647 2690 intuitu
1692 2625 1833 2706 ipso
1876 2624 2041 2689 scire
2085 2622 2258 2706 quod

304 2713 591 2780 libenter
633 2713 1017 2792 ignorasset.
1130 2711 1290 2777 Fuit
1333 2722 1553 2776 autem
1600 2710 1761 2777 haec
1805 2729 1937 2774 non
1983 2708 2257 2774 obscura

306 2799 570 2883 paterni
627 2818 783 2882 erga
837 2798 1117 2864 electum
1174 2797 1491 2881 populum
1551 2796 1792 2863 favoris
1850 2794 2255 2860 demonstra·

307 2886 428 2952 tio:
473 2883 645 2969 quod
692 2884 1026 2967 regionem
1071 2885 1144 2949 in
1189 2892 1328 2949 tota
1354 2888 1653 2969 Aegypto
1699 2882 1984 2948 maxime
2023 2900 2256 2964 pecua-

304 2973 477 3038 riam
524 2971 826 3055 contagio
871 2992 1002 3036 non
1046 2970 1340 3054 attigerit
1385 2990 1551 3052 quac
1595 2976 1800 3034 totam
1836 2968 2139 3034 viciniam
2184 2968 2256 3031 in

302 3058 586 3126 circuitu
614 3065 1079 3140 occupaverat.
1170 3054 1321 3138 Quo
1365 3056 1619 3140 turpior
1660 3063 1725 3120 et
1778 3053 1990 3139 magis
2033 3051 2254 3138 prodi·

300 3145 491 3230 giosa
534 3144 654 3209 fuit
695 3144 878 3226 impii
924 3143 1101 3227 regis
1145 3142 1470 3223 socordia,
1532 3144 1641 3225 qui
1687 3164 1770 3207 ne
1829 3141 1952 3207 hoc
1991 3138 2254 3225 quidem

302 3239 447 3297 tam
491 3229 901 3295 memorabili
946 3229 1247 3312 exemplo
1292 3239 1653 3295 commotus
1696 3228 1838 3294 fuit.
1926 3227 2031 3293 Re
2075 3225 2253 3293 enim

299 3337 426 3400 per
472 3338 626 3383 suos
671 3315 989 3382 satellites
1032 3323 1371 3399 perspecta
1415 3323 1484 3380 et
1517 3322 1867 3398 comperta,
1910 3333 2024 3379 cor
2058 3332 2253 3378 suum

298 3403 685 3554 retinpisse,
743 3424 828 3468 ne
871 3403 1351 3488 obtemperaret
1393 3400 1574 3481 Deo,
1630 3399 1964 3467 horribilis
2029 3421 2252 3467 amen-

301 3490 444 3556 tiae
517 3491 632 3555 uit.

481 3660 541 3726 8.
596 3661 771 3727 Tunc
824 3662 994 3727 dixit
1037 3662 1268 3728 Iehova
1326 3660 1410 3726 ad
1455 3659 1678 3727 Mosen
1731 3665 1787 3726 et
1826 3660 1911 3725 ad
1955 3656 2257 3723 Ahar-on.-

308 3746 540 3812 Toaite
587 3747 759 3813 vobis
788 3747 1010 3829 plenos
1038 3748 1324 3831 puyizlos
1378 3750 1615 3812 vestros
1649 3745 1914 3828 favillae
1952 3743 2253 3828 fornaci&

302 3839 357 3899 et
398 3838 667 3916 sparyat
708 3832 889 3899 illam
912 3833 1125 3899 Moses
1158 3854 1277 3917 per
1316 3832 1544 3898 coelum
1573 3829 1618 3918 ¹)
1662 3851 1871 3898 eoram
1895 3830 2252 3897 Pharaone.

304 3920 364 3986 9.
412 3918 508 3985 Et
551 3919 672 3984 erit
712 3922 785 3985 in
832 3919 1154 4003 pulverem
1209 3939 1400 4002 super
1439 3922 1630 3984 totam
1673 3923 1910 3984 terram
1951 3916 2224 4001 Aeyypti
2237 3938 2257 3979 :

305 4011 361 4072 et
403 4005 528 4071 erit
566 4025 758 4088 super
797 4005 1121 4082 hominem,
1175 4010 1235 4072 et
1270 4023 1464 4087 super
1505 4005 1850 4070 iumentum
1891 4003 2255 4085 uleuspm-

306 4093 541 4159 dacens
594 4096 864 4158 mores
917 4093 989 4158 in
1040 4096 1166 4158 tota
1208 4097 1378 4157 terra
1420 4090 1708 4174 Aeqypti.
1800 4089 1901 4155 10.
1953 4088 2257 4154 Tulerunt

305 4198 451 4263 erqo
501 4178 796 4259 favillam
834 4177 1145 4260 formenta,
1204 4183 1263 4243 et
1301 4181 1596 4243 steterant
1632 4196 1841 4243 eoram
1889 4174 2257 4240 Pharaone.-

305 4268 363 4330 et
404 4265 648 4346 sparsit
687 4264 868 4330 illam
912 4263 1124 4330 Moses
1155 4285 1275 4346 per
1312 4262 1558 4329 eoelum.
1645 4262 1735 4328 Et
1770 4262 1897 4345 fuit
1938 4262 2120 4328 ulcus
2155 4266 2252 4327 tu·

304 4369 542 4416 morem
581 4350 941 4431 producens
981 4351 1049 4416 in
1102 4349 1347 4416 homine
1388 4354 1445 4413 et
1485 4350 1555 4413 in
1595 4348 1886 4414 iumento.
1993 4348 2094 4412 11.
2166 4346 2260 4412 Et

306 4456 433 4502 non
474 4441 769 4519 poterant
818 4438 997 4520 magi
1047 4442 1217 4502 stare
1272 4454 1481 4503 eoram
1524 4434 1704 4501 Mose
1747 4438 2007 4517 propter
2046 4434 2224 4500 ulcus
2238 4457 2258 4497 .·

305 4522 465 4604 quia
517 4522 649 4604 fuit
702 4521 882 4588 ulcus
936 4523 1006 4586 in
1057 4523 1260 4607 mayis
1315 4525 1385 4587 ut
1432 4520 1502 4585 in
1558 4519 1843 4586 omnibus
1905 4520 2253 4605 Aeyyptiia

308 4608 412 4673 12.
466 4607 557 4672 Et
593 4608 917 4674 induravit
973 4607 1204 4674 Iehova
1261 4627 1365 4673 cor
1412 4604 1813 4673 Pharaonis.-
1874 4612 1931 4673 et
1969 4627 2098 4673 non
2138 4627 2254 4673 au-

303 4694 471 4847 ιῗῦῗ
518 4714 648 4760 eos.-
711 4694 1225 4776 quemadmodum
1268 4693 1555 4777 loquutus
1615 4692 1828 4775 fuerat
1882 4692 2119 4758 lehova
2172 4693 2258 4759 ad

459 4800 551 4846 en.

486 4952 545 5018 8.
609 4953 783 5018 Tune
835 4954 1005 5020 dimit
1061 4951 1291 5019 Iekova
1350 4952 1437 5017 ad
1484 4949 1728 5017 Mosen.
1837 4950 1968 5015 Hic
2014 4970 2257 5033 poenae

308 5045 577 5121 tempus
622 5059 753 5104 non
793 5047 1102 5124 prorogat
1144 5037 1349 5117 Deus,
1395 5038 1510 5103 sed
1554 5037 1783 5122 plagas
1818 5038 2125 5103 continuo
2160 5044 2256 5101 te·

309 5144 476 5190 nore
518 5125 907 5209 ingeminat:
966 5146 1176 5209 neque
1233 5124 1568 5190 Pharaoni
1623 5123 1941 5203 minatur,
2002 5122 2117 5189 sed
2180 5143 2257 5188 eo

487 5329 544 5400 1)
582 5329 659 5385 12·
693 5332 939 5399 maryine
973 5329 1062 5385 hic
1097 5336 1147 5385 et
1179 5345 1231 5384 v.
1251 5328 1347 5383 10.-
1385 5331 1503 5398 Vel,
1538 5346 1638 5400 per
1656 5333 1855 5392 aerem,
1889 5327 2039 5400 qaod
2060 5329 2261 5385 Gallus

309 5402 376 5454 in
411 5399 539 5467 ipso
574 5405 722 5455 texta
755 5399 926 5457 habet.

1478 455 2227 525 COMMENTARIUS
2273 458 2374 525 IN
2417 457 2722 525 EXODI
2760 458 2959 527 OAP.
3003 459 3131 525 IX.

4192 463 4319 530 110

2364 648 2593 715 relicto
2648 649 3029 732 exsequitur
3086 648 3261 733 quod
3321 649 3612 717 decrevit
3665 648 4019 716 iudicium:
4082 673 4319 737 nempe

2366 735 2520 818 quia
2555 735 2704 816 plus
2739 736 2899 801 satis
2936 746 3343 819 compertum
3367 745 3510 801 erat
3534 735 3703 801 nihil
3738 735 3911 819 apud
3948 758 4097 803 eum
4123 738 4317 823 prod·

2364 841 2510 885 esse
2555 820 3069 887 admonitiones:
3118 821 3356 887 deinde
3401 832 3472 887 ut
3517 821 3725 887 modis
3771 822 4080 888 omnibus
4138 846 4319 891 coar-

2362 912 2607 990 guatur
2651 906 2995 988 desperata
3037 907 3178 973 eius
3219 908 3618 992 improbitas.
3707 909 3856 974 Etsi
3902 909 4074 973 enim
4120 912 4316 993 paulo

2363 1002 2517 1056 ante
2562 991 2700 1056 dixi
2736 1013 2869 1059 non
2906 993 3131 1059 omnia
3165 995 3427 1060 recitari
3461 1015 3626 1077 quae
3662 1004 3846 1079 gesta
3868 1004 4040 1074 eunt,
4084 1018 4315 1062 narra-

2364 1078 2459 1142 tio
2504 1089 2723 1143 tamen
2771 1077 2978 1143 Mosis
3023 1079 3153 1144 huc
3197 1081 3412 1163 magis
3455 1080 3748 1159 inclinat,
3795 1080 3963 1146 nihil
4011 1080 4091 1147 de
4137 1082 4314 1149 ulce-

2364 1162 2548 1229 ribus
2592 1163 2791 1229 fuisse
2836 1164 3241 1246 praedictum
3285 1166 3655 1244 Pharaoni,
3724 1165 3837 1231 sed
3882 1187 4084 1250 quum
4145 1168 4314 1235 nihil

2364 1249 2496 1314 tale
2541 1250 3000 1331 suspicaretur,
3047 1251 3374 1334 proiectas
3417 1251 3619 1317 fuisse
3653 1251 3934 1319 favillas.
3982 1252 4176 1335 Quod
4201 1275 4318 1321 au-

2364 1345 2500 1400 tem
2560 1335 2828 1417 pulvere
2886 1335 3337 1401 obnubilatum
3399 1337 3524 1402 fuit
3558 1339 3843 1418 coelum,
3891 1349 3959 1404 et
4002 1340 4153 1406 inde
4198 1363 4313 1406 ex·

2364 1431 2507 1485 orta
2551 1420 2722 1501 lues,
2781 1442 2912 1486 non
2960 1420 3194 1488 accidit
3240 1423 3646 1488 naturaliter.
3736 1422 4082 1505 Quomodo
4132 1428 4312 1492 enim

2363 1508 2603 1590 exigua
2647 1506 2879 1572 favilla
2917 1515 3092 1573 totus
3138 1521 3252 1573 aer
3295 1508 3704 1593 operiretur?
3749 1508 3883 1577 Sed
3921 1511 4045 1579 hoc
4070 1512 4314 1578 visibili

2363 1592 2661 1678 symbolo
2718 1592 2987 1659 edoctus
3043 1594 3169 1658 fuit
3213 1602 3568 1678 tyrannus,
3627 1594 3875 1662 cladem
3934 1617 4101 1680 quae
4157 1598 4313 1664 inde

2362 1687 2641 1762 sequuta
2700 1691 2829 1760 est,
2896 1701 2936 1744 a
2990 1679 3176 1745 Mose
3242 1690 3307 1746 et
3365 1681 3641 1746 Aharon
3701 1682 3902 1748 fuisse
3965 1684 4309 1751 inflictum.

2362 1766 2574 1831 Porro
2619 1765 2869 1849 insigni
2915 1773 2979 1829 et
3023 1787 3280 1831 summa
3321 1775 3645 1850 potestate
3680 1789 3905 1834 servos
3949 1790 4104 1836 suos
4127 1768 4313 1836 Deus

2361 1850 2646 1928 ornavit,
2693 1849 2851 1916 dum
2896 1871 3006 1917 eos
3043 1852 3352 1935 praefecit
3396 1853 3568 1920 aeris
3612 1854 3908 1937 imtmrio,
3976 1863 4050 1920 ut
4092 1855 4310 1938 ipsum

2360 1939 2745 2021 obtegerent
2788 1937 3086 2020 caligine,
3132 1946 3201 2003 et
3243 1940 3630 2024 contagione
3672 1941 4036 2007 inficerent.
4116 1940 4316 2008 Unde

2361 2021 2693 2107 colligitur
2737 2021 3027 2089 diabolos
3072 2024 3296 2091 vocari
3340 2026 3668 2108 principes
3712 2026 3915 2106 aeris,
3978 2047 4111 2092 non
4156 2028 4311 2111 quia

2358 2109 2496 2175 illic
2531 2130 2649 2191 pro
2670 2108 2946 2174 libidine
2968 2107 3408 2191 dominentur,
3443 2111 3556 2177 sed
3579 2120 3903 2195 quatenus
3932 2112 4318 2179 conceditur

2360 2193 2651 2280 vagandi
2685 2194 2972 2260 licentia.
4061 2212 4076 2227 ‘

2537 2280 2637 2346 11.
2681 2279 2773 2346 Et
2812 2302 2935 2347 non
2964 2285 3260 2362 poterant
3300 2282 3487 2365 magi.
3580 2282 3803 2363 Quum
3847 2290 4005 2349 tunc
4047 2292 4318 2367 praesto

2360 2387 2616 2451 quoque
2660 2376 2884 2432 essent
2935 2367 3147 2451 magi,
3214 2365 3485 2433 dubium
3545 2390 3677 2434 non
3737 2378 3839 2434 est
3895 2369 4123 2435 eadem
4181 2393 4310 2455 qua

2360 2453 2545 2536 prius
2588 2454 2874 2518 amentia
2915 2453 3118 2519 fuisse
3162 2464 3521 2537 correptos,
3582 2464 3655 2519 ut
3698 2462 3953 2521 starent
3995 2457 4180 2539 quasi
4237 2458 4309 2521 in

2359 2539 2721 2623 procinctu,
2768 2538 2826 2604 si
2871 2537 3259 2623 confligendi
3305 2537 3582 2607 facultas
3628 2539 3913 2607 daretur.
4001 2537 4097 2606 Et
4135 2550 4316 2609 certe

2361 2623 2908 2708 quemadmodum
2958 2623 3165 2691 Satan
3210 2624 3426 2692 decies
3469 2627 3716 2709 victus,
3772 2626 4165 2712 infatigabili
4208 2635 4308 2693 ta-

2360 2731 2515 2775 men
2585 2711 2948 2794 pertinacia
3014 2732 3272 2793 semper
3335 2712 3600 2797 longius
3665 2713 3919 2796 rapitur
3941 2765 3958 2794 ,
4025 2714 4121 2779 ita
4185 2735 4311 2781 nec

2359 2798 2502 2862 eius
2545 2797 2854 2876 ministri,
2900 2797 3325 2880 quantumvis
3369 2798 3625 2882 experti
3670 2799 3804 2864 sint
3846 2819 3917 2864 se
3959 2799 4311 2867 infeliciter

2358 2903 2678 2966 pugnare,
2721 2904 2760 2947 a
2802 2882 3023 2948 furore
3066 2891 3290 2948 tamen
3334 2905 3452 2949 suo
3498 2884 3820 2949 desinunt.
3886 2884 4116 2969 Nuper
4157 2908 4309 2952 con·

2358 2969 2512 3035 fessi
2557 2969 2823 3034 fuerant
2865 2970 3397 3055 praestigiatores
3431 2970 3542 3036 isti
3576 2970 3740 3035 nihil
3767 2971 3985 3038 valere
4015 2971 4305 3056 amplius

2358 3064 2570 3120 artem
2608 3076 2816 3133 suam,
2857 3077 2927 3122 se
2963 3063 3186 3122 tamen
3226 3056 3621 3123 confirmant
3655 3055 3739 3122 ad
3775 3064 4072 3124 extrema
4151 3080 4303 3124 uae·

2358 3163 2484 3226 que
2531 3142 2877 3227 tentanda,
2934 3140 3139 3209 donec
3195 3142 3488 3208 ulcerum
3534 3143 3718 3209 tabes
3759 3165 3869 3210 eos
3913 3163 4061 3208 cum
4152 3144 4303 3210 ede-

2358 3250 2507 3295 corc
2551 3226 2842 3310 expellit.
2890 3226 3132 3309 Quare,
3178 3249 3263 3293 ne
3305 3228 3540 3294 similis
3584 3228 3853 3295 audacia
3895 3250 4014 3297 nos
4037 3229 4303 3296 demen-

2358 3321 2474 3393 tet‚
2520 3312 2847 3381 discamus
2889 3321 3123 3398 sponte
3165 3313 3456 3381 cedendo
3489 3316 3816 3400 integram
3839 3316 3981 3384 Deo
4025 3317 4301 3401 gloriam

2354 3408 2711 3487 praestare.
2800 3400 2991 3483 Quod
3053 3407 3273 3468 autem
3324 3400 3585 3468 Pharao
3642 3424 3774 3468 non
3840 3402 4030 3468 modo
4075 3424 4303 3469 eorum

2356 3488 2605 3555 auxilio
2664 3488 3051 3567 destitutus,
3119 3488 3235 3555 sed
3305 3486 3592 3554 nudatus
3648 3489 3846 3554 etiam
3913 3496 3981 3553 et
4034 3488 4303 3556 orbatus

2354 3576 2747 3659 praesentia,
2793 3595 2925 3639 non
2961 3574 3248 3639 flectitur
3283 3596 3404 3640 nec
3440 3573 3789 3641 mollescit:
3837 3574 3991 3640 hinc
4029 3585 4305 3658 apparet

2356 3682 2491 3726 non
2546 3669 2682 3726 tam
2741 3660 2972 3725 alienis
3029 3660 3416 3744 imposturis
3470 3659 3672 3726 fuisse
3717 3659 4062 3744 deceptum
4105 3681 4303 3744 quam

2354 3747 2875 3830 obstupefactum
2919 3747 3184 3830 propria
3227 3745 3483 3811 malitia
3525 3754 3593 3811 et
3635 3745 3980 3829 pravitate.
4071 3744 4299 3827 Quan-

2354 3852 2550 3917 quam
2595 3833 2720 3898 hoc
2761 3832 2901 3897 loco
2947 3832 3185 3913 repetit
3231 3832 3440 3897 Moses
3483 3853 3596 3897 cor
3637 3832 3781 3898 eius
3819 3833 4018 3899 fuisse
4075 3855 4113 3897 a
4159 3831 4304 3897 Deo

2356 3917 2787 3987 obduratum:
2849 3939 3085 4001 nempe
3165 3916 3317 4000 quia
3382 3917 3676 3997 volebat,
3756 3919 3942 4001 quasi
4006 3919 4302 4000 opposito

2354 4026 2614 4090 aggere,
2660 4004 3005 4070 materiam
3050 4002 3298 4069 habere
3339 4002 3772 4070 illustrandae
3813 4023 3971 4069 suae
4014 4003 4299 4076 virtutis.

2354 4094 2576 4175 Atque
2627 4089 2735 4156 hic
2792 4089 3113 4155 refellitur
3177 4111 3403 4156 eorum
3448 4088 3711 4157 inscitia
3753 4090 3867 4172 qui
3924 4088 4167 4154 nudam
4224 4089 4297 4154 in

2355 4178 2499 4243 Deo
2534 4176 3036 4262 praescientiam
3080 4175 3548 4261 imaginantur.
3637 4175 3811 4242 Nam
3855 4173 3968 4240 ubi
4002 4173 4296 4240 additur:

2356 4262 2552 4330 Sicut
2606 4263 2916 4346 loquutus
2972 4263 3219 4341 fuerat,
3285 4259 3687 4328 coniunctim
3759 4258 3883 4326 sibi
3950 4271 4300 4344 utrumque

2357 4350 2618 4416 asserit:
2679 4369 2914 4431 nempe
2968 4358 3104 4412 tam
3167 4348 3470 4415 effectum
3529 4366 3723 4430 quam
3765 4345 4296 4431 praedictionem.

2359 4434 2512 4517 Qua
2556 4435 2635 4500 de
2679 4456 2751 4500 re
2796 4434 2991 4518 paulo
3034 4441 3183 4518 post
3227 4434 3436 4500 fusius
3480 4431 3900 4499 tractandum
3944 4434 4089 4497 erit.
4163 4432 4298 4498 No·

2358 4520 2635 4587 tandum
2678 4528 2901 4585 tamen
2945 4519 3143 4586 simul
3186 4542 3225 4585 a
3269 4518 3542 4587 erimine
3586 4540 3719 4583 non
3764 4518 4020 4585 absolvi
4067 4532 4295 4604 tyran-

2357 4629 2556 4691 num,
2615 4607 2803 4672 cuius
2846 4605 3217 4671 voluntaria
3258 4605 3387 4670 fuit
3430 4604 3722 4670 durities.
3815 4603 4081 4671 Scabies
4133 4623 4299 4688 quae

2355 4694 2668 4759 iumentis
2723 4693 3087 4758 communis
3129 4689 3277 4770 fuit,
3345 4690 3717 4756 testimonio
3762 4698 3864 4756 est
3905 4690 4036 4756 alia
4079 4698 4300 4775 strage

2358 4801 2493 4845 non
2537 4780 2756 4844 omnia
2798 4777 3092 4860 periisse.
3967 4797 3974 4804 ·

2533 4949 2634 5015 13.
2681 4947 2769 5013 Et
2812 4949 2908 5013 ait
2948 4947 3182 5014 lehova
3225 4948 3312 5014 ad
3353 4946 3614 5014 Mosen:
3682 4946 3886 5034 Sur-,qe
3927 4967 4110 5014 mane
4149 4950 4206 5011 et
4245 4950 4300 5012 te

2356 5037 2507 5102 siste
2549 5037 2619 5100 in
2659 5038 2978 5116 conspectu
3023 5033 3398 5113 Pharaoni&
3444 5039 3499 5099 et
3539 5034 3643 5101 dic
3683 5034 3772 5100 ei:
3846 5032 3954 5100 Sic
3995 5034 4150 5098 dicit
4193 5030 4298 5097 Ie-

2359 5121 2518 5188 hova
2574 5119 2754 5186 Deus
2810 5117 3261 5199 Hebraeorum,
3319 5121 3559 5186 dimitte
3603 5120 3915 5203 populum
3970 5138 4173 5184 meam
4228 5121 4302 5182 ut

2358 5208 2634 5275 serviant
2705 5206 2879 5271 mihi.
2993 5205 3091 5270 14.
3160 5206 3467 5287 Quoniam
3525 5204 3642 5271 hac
3691 5208 3822 5274 vice
3888 5226 3993 5289 eqo
4055 5204 4301 5269 mittam

2360 5313 2568 5359 omnes
2601 5292 2834 5375 playas
2875 5312 3048 5358 meas
3087 5292 3158 5356 in
3200 5312 3304 5358 cor
3344 5297 3535 5371 tuum,
3580 5297 3636 5357 et
3676 5293 3749 5357 in
3792 5310 4003 5357 servos
4043 5294 4198 5367 tuos,
4243 5291 4300 5353 et

2359 5380 2431 5446 in
2461 5378 2772 5462 populum
2814 5383 3022 5460 tuum5
3063 5382 3131 5443 ut
3169 5378 3340 5444 scias
3380 5378 3543 5461 quod
3582 5397 3756 5444 nemo
3790 5378 3875 5444 sit
3906 5374 4144 5443 similis·
4177 5373 4300 5440 mei
