<?xml version="1.0" encoding="UTF-8"?>
<!DOCTYPE html PUBLIC "-//W3C//DTD XHTML 1.0 Transitional//EN"
    "http://www.w3.org/TR/xhtml1/DTD/xhtml1-transitional.dtd">
<html xmlns="http://www.w3.org/1999/xhtml" xml:lang="en" lang="en">
 <head>
  <title>
</title>
<meta http-equiv="Content-Type" content="text/html;charset=utf-8" />
  <meta name='ocr-system' content='tesseract 3.04.00' />
  <meta name='ocr-capabilities' content='ocr_page ocr_carea ocr_par ocr_line ocrx_word'/>
</head>
<body>
  <div class='ocr_page' id='page_1' title='image "./ioanniscalvinio04unkngoog_0142.png"; bbox 0 0 4867 6150; ppageno 0'>
   <div class='ocr_carea' id='block_1_1' title="bbox 567 436 699 503">
    <p class='ocr_par' dir='ltr' id='par_1_1' title="bbox 567 436 699 503">
     <span class='ocr_line' id='line_1_1' title="bbox 567 436 699 503; baseline 0 0"><span class='ocrx_word' id='word_1_1' title='bbox 567 436 699 503; x_wconf 85' lang='lat'><strong><em>259</em></strong></span> 
     </span>
    </p>
   </div>
   <div class='ocr_carea' id='block_1_2' title="bbox 1236 691 1845 760">
    <p class='ocr_par' dir='ltr' id='par_1_2' title="bbox 1236 691 1845 760">
     <span class='ocr_line' id='line_1_2' title="bbox 1236 691 1845 760; baseline 0 -2"><span class='ocrx_word' id='word_1_2' title='bbox 1236 691 1368 758; x_wconf 83' lang='lat' dir='ltr'><strong><em>Ex</em></strong></span> <span class='ocrx_word' id='word_1_3' title='bbox 1406 691 1677 760; x_wconf 69' lang='lat' dir='ltr'><strong><em>DEUT.</em></strong></span> <span class='ocrx_word' id='word_1_4' title='bbox 1722 693 1845 758; x_wconf 85' lang='lat' dir='ltr'><strong><em>IV.</em></strong></span> 
     </span>
    </p>
   </div>
   <div class='ocr_carea' id='block_1_3' title="bbox 558 880 2521 2082">
    <p class='ocr_par' dir='ltr' id='par_1_3' title="bbox 558 880 2521 2082">
     <span class='ocr_line' id='line_1_3' title="bbox 737 880 2521 965; baseline -0.001 -16"><span class='ocrx_word' id='word_1_5' title='bbox 737 884 842 949; x_wconf 89' lang='lat'><strong><em>44.</em></strong></span> <span class='ocrx_word' id='word_1_6' title='bbox 889 882 1066 948; x_wconf 84' lang='lat' dir='ltr'><strong><em>Haec</em></strong></span> <span class='ocrx_word' id='word_1_7' title='bbox 1117 887 1207 949; x_wconf 82' lang='lat' dir='ltr'><strong><em>est</em></strong></span> <span class='ocrx_word' id='word_1_8' title='bbox 1265 880 1366 947; x_wconf 74' lang='lat' dir='ltr'><strong><em>lex</em></strong></span> <span class='ocrx_word' id='word_1_9' title='bbox 1421 901 1614 965; x_wconf 78' lang='lat' dir='ltr'><strong><em>quam</em></strong></span> <span class='ocrx_word' id='word_1_10' title='bbox 1658 882 1996 964; x_wconf 72' lang='lat' dir='ltr'><strong><em>proposuit</em></strong></span> <span class='ocrx_word' id='word_1_11' title='bbox 2038 881 2250 948; x_wconf 84' lang='lat' dir='ltr'><strong><em>Moses</em></strong></span> <span class='ocrx_word' id='word_1_12' title='bbox 2304 901 2521 948; x_wconf 83' lang='lat' dir='ltr'><strong><em>eoram</em></strong></span> 
     </span>
     <span class='ocr_line' id='line_1_4' title="bbox 560 967 2519 1054; baseline -0.001 -19"><span class='ocrx_word' id='word_1_13' title='bbox 560 970 723 1054; x_wconf 74' lang='lat' dir='ltr'><strong><em>filiis</em></strong></span> <span class='ocrx_word' id='word_1_14' title='bbox 768 968 997 1035; x_wconf 85' lang='lat' dir='ltr'><strong><em>Israel.</em></strong></span> <span class='ocrx_word' id='word_1_15' title='bbox 1084 969 1188 1034; x_wconf 85' lang='lat'><strong><em>45.</em></strong></span> <span class='ocrx_word' id='word_1_16' title='bbox 1238 967 1415 1034; x_wconf 87' lang='lat' dir='ltr'><strong><em>Haec</em></strong></span> <span class='ocrx_word' id='word_1_17' title='bbox 1472 969 1826 1035; x_wconf 72' lang='lat' dir='ltr'><strong><em>testimonia</em></strong></span> <span class='ocrx_word' id='word_1_18' title='bbox 1882 972 1940 1033; x_wconf 85' lang='lat' dir='ltr'><strong><em>et</em></strong></span> <span class='ocrx_word' id='word_1_19' title='bbox 1980 972 2216 1033; x_wconf 82' lang='lat' dir='ltr'><strong><em>statuta</em></strong></span> <span class='ocrx_word' id='word_1_20' title='bbox 2253 972 2311 1033; x_wconf 80' lang='lat' dir='ltr'><strong><em>et</em></strong></span> <span class='ocrx_word' id='word_1_21' title='bbox 2351 969 2519 1035; x_wconf 82' lang='lat' dir='ltr'><strong><em>iudi-</em></strong></span> 
     </span>
     <span class='ocr_line' id='line_1_5' title="bbox 562 1053 2520 1138; baseline -0.002 -14"><span class='ocrx_word' id='word_1_22' title='bbox 562 1059 665 1124; x_wconf 83' lang='lat' dir='ltr'><strong><em>cia</em></strong></span> <span class='ocrx_word' id='word_1_23' title='bbox 699 1076 862 1138; x_wconf 79' lang='lat' dir='ltr'><strong><em>quae</em></strong></span> <span class='ocrx_word' id='word_1_24' title='bbox 888 1054 1339 1137; x_wconf 76' lang='lat' dir='ltr'><strong><em>pronunciavit</em></strong></span> <span class='ocrx_word' id='word_1_25' title='bbox 1362 1053 1574 1119; x_wconf 87' lang='lat' dir='ltr'><strong><em>Moses</em></strong></span> <span class='ocrx_word' id='word_1_26' title='bbox 1604 1053 1768 1135; x_wconf 71' lang='lat' dir='ltr'><strong><em>filiis</em></strong></span> <span class='ocrx_word' id='word_1_27' title='bbox 1789 1054 2016 1131; x_wconf 82' lang='lat' dir='ltr'><strong><em>Israel,</em></strong></span> <span class='ocrx_word' id='word_1_28' title='bbox 2062 1074 2255 1134; x_wconf 74' lang='lat' dir='ltr'><strong><em>quum</em></strong></span> <span class='ocrx_word' id='word_1_29' title='bbox 2286 1055 2520 1138; x_wconf 77' lang='lat' dir='ltr'><strong><em>eyressi</em></strong></span> 
     </span>
     <span class='ocr_line' id='line_1_6' title="bbox 563 1139 2517 1223; baseline -0.002 -14"><span class='ocrx_word' id='word_1_30' title='bbox 563 1147 762 1209; x_wconf 80' lang='lat' dir='ltr'><strong><em>essent</em></strong></span> <span class='ocrx_word' id='word_1_31' title='bbox 803 1162 879 1206; x_wconf 78' lang='lat' dir='ltr'><strong><em>ex</em></strong></span> <span class='ocrx_word' id='word_1_32' title='bbox 899 1141 1193 1223; x_wconf 75' lang='lat' dir='ltr'><strong><em>Aeyypto.</em></strong></span> <span class='ocrx_word' id='word_1_33' title='bbox 1263 1139 1367 1205; x_wconf 87' lang='grc'><strong><em>46.</em></strong></span> <span class='ocrx_word' id='word_1_34' title='bbox 1413 1141 1626 1206; x_wconf 83' lang='lat' dir='ltr'><strong><em>Trans</em></strong></span> <span class='ocrx_word' id='word_1_35' title='bbox 1646 1139 1985 1205; x_wconf 79' lang='lat' dir='ltr'><strong><em>Iordanem</em></strong></span> <span class='ocrx_word' id='word_1_36' title='bbox 2027 1140 2097 1203; x_wconf 74' lang='lat' dir='ltr'><strong><em>in</em></strong></span> <span class='ocrx_word' id='word_1_37' title='bbox 2140 1140 2301 1205; x_wconf 83' lang='lat' dir='ltr'><strong><em>valle</em></strong></span> <span class='ocrx_word' id='word_1_38' title='bbox 2344 1161 2377 1206; x_wconf 93' lang='lat' dir='ltr'><strong><em>e</em></strong></span> <span class='ocrx_word' id='word_1_39' title='bbox 2418 1161 2517 1207; x_wconf 86' lang='lat' dir='ltr'><strong><em>re-</em></strong></span> 
     </span>
     <span class='ocr_line' id='line_1_7' title="bbox 559 1225 2518 1313; baseline -0.001 -20"><span class='ocrx_word' id='word_1_40' title='bbox 559 1230 742 1313; x_wconf 71' lang='lat' dir='ltr'><strong><em>qione</em></strong></span> <span class='ocrx_word' id='word_1_41' title='bbox 787 1226 1118 1309; x_wconf 72' lang='lat' dir='ltr'><strong><em>Beth-peor</em></strong></span> <span class='ocrx_word' id='word_1_42' title='bbox 1171 1228 1242 1292; x_wconf 80' lang='lat' dir='ltr'><strong><em>in</em></strong></span> <span class='ocrx_word' id='word_1_43' title='bbox 1298 1231 1468 1291; x_wconf 82' lang='lat' dir='ltr'><strong><em>terra</em></strong></span> <span class='ocrx_word' id='word_1_44' title='bbox 1516 1225 1719 1291; x_wconf 73' lang='lat' dir='ltr'><strong><em>Sebon</em></strong></span> <span class='ocrx_word' id='word_1_45' title='bbox 1760 1227 1928 1310; x_wconf 75' lang='lat' dir='ltr'><strong><em>reyis</em></strong></span> <span class='ocrx_word' id='word_1_46' title='bbox 1967 1225 2518 1305; x_wconf 70' lang='lat' dir='ltr'><strong><em>Emovrhaeorum,</em></strong></span> 
     </span>
     <span class='ocr_line' id='line_1_8' title="bbox 564 1311 2521 1397; baseline 0 -19"><span class='ocrx_word' id='word_1_47' title='bbox 564 1316 676 1397; x_wconf 79' lang='lat' dir='ltr'><strong><em>qui</em></strong></span> <span class='ocrx_word' id='word_1_48' title='bbox 717 1313 1036 1377; x_wconf 73' lang='lat' dir='ltr'><strong><em>habitabat</em></strong></span> <span class='ocrx_word' id='word_1_49' title='bbox 1077 1313 1149 1377; x_wconf 82' lang='lat' dir='ltr'><strong><em>in</em></strong></span> <span class='ocrx_word' id='word_1_50' title='bbox 1172 1312 1452 1378; x_wconf 85' lang='lat' dir='ltr'><strong><em>Hesbon:</em></strong></span> <span class='ocrx_word' id='word_1_51' title='bbox 1500 1332 1679 1393; x_wconf 82' lang='lat' dir='ltr'><strong><em>quem</em></strong></span> <span class='ocrx_word' id='word_1_52' title='bbox 1705 1314 2025 1393; x_wconf 76' lang='lat' dir='ltr'><strong><em>percussit</em></strong></span> <span class='ocrx_word' id='word_1_53' title='bbox 2045 1311 2256 1378; x_wconf 83' lang='lat' dir='ltr'><strong><em>Moses</em></strong></span> <span class='ocrx_word' id='word_1_54' title='bbox 2300 1317 2355 1377; x_wconf 82' lang='lat' dir='ltr'><strong><em>et</em></strong></span> <span class='ocrx_word' id='word_1_55' title='bbox 2391 1312 2521 1393; x_wconf 70' lang='lat' dir='ltr'><strong><em>filii</em></strong></span> 
     </span>
     <span class='ocr_line' id='line_1_9' title="bbox 564 1397 2518 1482; baseline 0 -18"><span class='ocrx_word' id='word_1_56' title='bbox 564 1400 788 1469; x_wconf 83' lang='lat' dir='ltr'><strong><em>Israel,</em></strong></span> <span class='ocrx_word' id='word_1_57' title='bbox 826 1419 1020 1480; x_wconf 81' lang='lat' dir='ltr'><strong><em>quum</em></strong></span> <span class='ocrx_word' id='word_1_58' title='bbox 1063 1399 1295 1482; x_wconf 77' lang='lat' dir='ltr'><strong><em>eyressi</em></strong></span> <span class='ocrx_word' id='word_1_59' title='bbox 1329 1403 1531 1463; x_wconf 83' lang='lat' dir='ltr'><strong><em>essent</em></strong></span> <span class='ocrx_word' id='word_1_60' title='bbox 1564 1419 1641 1464; x_wconf 76' lang='lat' dir='ltr'><strong><em>ex</em></strong></span> <span class='ocrx_word' id='word_1_61' title='bbox 1662 1400 1957 1482; x_wconf 74' lang='lat' dir='ltr'><strong><em>Aeyypto.</em></strong></span> <span class='ocrx_word' id='word_1_62' title='bbox 2045 1399 2149 1464; x_wconf 83' lang='lat'><strong><em>47.</em></strong></span> <span class='ocrx_word' id='word_1_63' title='bbox 2188 1397 2279 1463; x_wconf 86' lang='lat' dir='ltr'><strong><em>Et</em></strong></span> <span class='ocrx_word' id='word_1_64' title='bbox 2301 1419 2518 1480; x_wconf 89' lang='lat' dir='ltr'><strong><em>posse-</em></strong></span> 
     </span>
     <span class='ocr_line' id='line_1_10' title="bbox 561 1482 2519 1583; baseline 0 -32"><span class='ocrx_word' id='word_1_65' title='bbox 561 1486 783 1551; x_wconf 82' lang='lat' dir='ltr'><strong><em>derunt</em></strong></span> <span class='ocrx_word' id='word_1_66' title='bbox 827 1491 1062 1549; x_wconf 84' lang='lat' dir='ltr'><strong><em>terram</em></strong></span> <span class='ocrx_word' id='word_1_67' title='bbox 1105 1486 1260 1564; x_wconf 75' lang='lat' dir='ltr'><strong><em>eius,</em></strong></span> <span class='ocrx_word' id='word_1_68' title='bbox 1319 1489 1377 1550; x_wconf 83' lang='lat' dir='ltr'><strong><em>et</em></strong></span> <span class='ocrx_word' id='word_1_69' title='bbox 1417 1489 1652 1549; x_wconf 81' lang='lat' dir='ltr'><strong><em>terram</em></strong></span> <span class='ocrx_word' id='word_1_70' title='bbox 1695 1482 1795 1583; x_wconf 36' lang='lat'><strong><em>‘09</em></strong></span> <span class='ocrx_word' id='word_1_71' title='bbox 1837 1486 2004 1568; x_wconf 72' lang='lat' dir='ltr'><strong><em>reqis</em></strong></span> <span class='ocrx_word' id='word_1_72' title='bbox 2046 1484 2278 1549; x_wconf 86' lang='lat' dir='ltr'><strong><em>Basan</em></strong></span> <span class='ocrx_word' id='word_1_73' title='bbox 2292 1537 2306 1562; x_wconf 90' lang='lat'>‚</span> <span class='ocrx_word' id='word_1_74' title='bbox 2368 1485 2519 1551; x_wconf 88' lang='lat' dir='ltr'><strong><em>duo-</em></strong></span> 
     </span>
     <span class='ocr_line' id='line_1_11' title="bbox 558 1569 2520 1741; baseline -0.001 -18"><span class='ocrx_word' id='word_1_75' title='bbox 558 1569 1708 1723; x_wconf 50' lang='lat' dir='ltr'><strong><em>Zimori‘ifflfflmfffflffl</em></strong></span> <span class='ocrx_word' id='word_1_76' title='bbox 1747 1569 2520 1741; x_wconf 37' lang='lat' dir='ltr'><strong><em>&amp;wardiam</em></strong></span> 
     </span>
     <span class='ocr_line' id='line_1_12' title="bbox 560 1742 2518 1826; baseline -0.001 -18"><span class='ocrx_word' id='word_1_77' title='bbox 560 1744 854 1809; x_wconf 79' lang='lat' dir='ltr'><strong><em>torrentis</em></strong></span> <span class='ocrx_word' id='word_1_78' title='bbox 897 1743 1140 1817; x_wconf 85' lang='lat' dir='ltr'><strong><em>Arnon,</em></strong></span> <span class='ocrx_word' id='word_1_79' title='bbox 1185 1762 1384 1824; x_wconf 79' lang='lat' dir='ltr'><strong><em>usque</em></strong></span> <span class='ocrx_word' id='word_1_80' title='bbox 1425 1743 1513 1808; x_wconf 84' lang='lat' dir='ltr'><strong><em>ad</em></strong></span> <span class='ocrx_word' id='word_1_81' title='bbox 1552 1747 1819 1807; x_wconf 81' lang='lat' dir='ltr'><strong><em>montem</em></strong></span> <span class='ocrx_word' id='word_1_82' title='bbox 1866 1742 2021 1807; x_wconf 76' lang='lat' dir='ltr'><strong><em>Sion</em></strong></span> <span class='ocrx_word' id='word_1_83' title='bbox 2063 1744 2176 1826; x_wconf 77' lang='lat' dir='ltr'><strong><em>qui</em></strong></span> <span class='ocrx_word' id='word_1_84' title='bbox 2219 1748 2307 1809; x_wconf 86' lang='lat' dir='ltr'><strong><em>est</em></strong></span> <span class='ocrx_word' id='word_1_85' title='bbox 2352 1742 2518 1807; x_wconf 86' lang='lat' dir='ltr'><strong><em>Her-</em></strong></span> 
     </span>
     <span class='ocr_line' id='line_1_13' title="bbox 561 1827 2518 1895; baseline 0.001 -3"><span class='ocrx_word' id='word_1_86' title='bbox 561 1849 724 1894; x_wconf 86' lang='lat' dir='ltr'><strong><em>mon.</em></strong></span> <span class='ocrx_word' id='word_1_87' title='bbox 823 1829 927 1893; x_wconf 87' lang='lat'><strong><em>49.</em></strong></span> <span class='ocrx_word' id='word_1_88' title='bbox 975 1827 1062 1892; x_wconf 66' lang='grc' dir='ltr'><strong><em>Εἰ</em></strong></span> <span class='ocrx_word' id='word_1_89' title='bbox 1102 1829 1467 1894; x_wconf 81' lang='lat' dir='ltr'><strong><em>universam</em></strong></span> <span class='ocrx_word' id='word_1_90' title='bbox 1510 1828 1915 1895; x_wconf 82' lang='lat' dir='ltr'><strong><em>solitudinem</em></strong></span> <span class='ocrx_word' id='word_1_91' title='bbox 1955 1833 2136 1894; x_wconf 54' lang='lat' dir='ltr'><strong><em>&amp;ans</em></strong></span> <span class='ocrx_word' id='word_1_92' title='bbox 2180 1827 2518 1894; x_wconf 79' lang='lat' dir='ltr'><strong><em>Iordanem</em></strong></span> 
     </span>
     <span class='ocr_line' id='line_1_14' title="bbox 560 1913 2519 2000; baseline 0 -21"><span class='ocrx_word' id='word_1_93' title='bbox 560 1915 646 1978; x_wconf 87' lang='lat' dir='ltr'><strong><em>ad</em></strong></span> <span class='ocrx_word' id='word_1_94' title='bbox 684 1915 976 1980; x_wconf 78' lang='lat' dir='ltr'><strong><em>orientem</em></strong></span> <span class='ocrx_word' id='word_1_95' title='bbox 1017 1933 1217 1996; x_wconf 79' lang='lat' dir='ltr'><strong><em>usque</em></strong></span> <span class='ocrx_word' id='word_1_96' title='bbox 1259 1914 1346 1981; x_wconf 86' lang='lat' dir='ltr'><strong><em>ad</em></strong></span> <span class='ocrx_word' id='word_1_97' title='bbox 1379 1933 1558 1979; x_wconf 85' lang='lat' dir='ltr'><strong><em>mare</em></strong></span> <span class='ocrx_word' id='word_1_98' title='bbox 1592 1913 1911 2000; x_wconf 68' lang='lat' dir='ltr'><strong><em>planitiei,</em></strong></span> <span class='ocrx_word' id='word_1_99' title='bbox 1955 1916 2070 1980; x_wconf 91' lang='lat' dir='ltr'><strong><em>sub</em></strong></span> <span class='ocrx_word' id='word_1_100' title='bbox 2112 1914 2519 1997; x_wconf 81' lang='lat' dir='ltr'><strong><em>effusionibus</em></strong></span> 
     </span>
     <span class='ocr_line' id='line_1_15' title="bbox 562 2020 893 2082; baseline 0.006 -17"><span class='ocrx_word' id='word_1_101' title='bbox 562 2020 893 2082; x_wconf 77' lang='lat' dir='ltr'><strong><em>aquarum.</em></strong></span> 
     </span>
    </p>
   </div>
   <div class='ocr_carea' id='block_1_4' title="bbox 1151 2394 1916 2463">
    <p class='ocr_par' dir='ltr' id='par_1_4' title="bbox 1151 2394 1916 2463">
     <span class='ocr_line' id='line_1_16' title="bbox 1151 2394 1916 2463; baseline -0.003 0"><span class='ocrx_word' id='word_1_102' title='bbox 1151 2397 1286 2463; x_wconf 79' lang='lat' dir='ltr'><strong><em>EX</em></strong></span> <span class='ocrx_word' id='word_1_103' title='bbox 1329 2394 1601 2463; x_wconf 75' lang='lat' dir='ltr'><strong><em>DEUT.</em></strong></span> <span class='ocrx_word' id='word_1_104' title='bbox 1648 2395 1916 2462; x_wconf 84' lang='lat' dir='ltr'><strong><em>XXIX.</em></strong></span> 
     </span>
    </p>
   </div>
   <div class='ocr_carea' id='block_1_5' title="bbox 543 2584 2514 2842">
    <p class='ocr_par' dir='ltr' id='par_1_5' title="bbox 543 2584 2514 2842">
     <span class='ocr_line' id='line_1_17' title="bbox 729 2584 2513 2669; baseline 0.002 -21"><span class='ocrx_word' id='word_1_105' title='bbox 729 2586 761 2648; x_wconf 93' lang='lat'>1</span> <span class='ocrx_word' id='word_1_106' title='bbox 797 2586 865 2668; x_wconf 87' lang='lat'><strong><em>¹).</em></strong></span> <span class='ocrx_word' id='word_1_107' title='bbox 915 2585 1093 2651; x_wconf 87' lang='lat' dir='ltr'><strong><em>Haec</em></strong></span> <span class='ocrx_word' id='word_1_108' title='bbox 1134 2590 1280 2652; x_wconf 80' lang='lat' dir='ltr'><strong><em>sunt</em></strong></span> <span class='ocrx_word' id='word_1_109' title='bbox 1321 2584 1509 2650; x_wconf 86' lang='lat' dir='ltr'><strong><em>verba</em></strong></span> <span class='ocrx_word' id='word_1_110' title='bbox 1547 2585 1818 2668; x_wconf 77' lang='lat' dir='ltr'><strong><em>foederis</em></strong></span> <span class='ocrx_word' id='word_1_111' title='bbox 1863 2606 2020 2666; x_wconf 81' lang='lat' dir='ltr'><strong><em>quae</em></strong></span> <span class='ocrx_word' id='word_1_112' title='bbox 2053 2586 2376 2669; x_wconf 75' lang='lat' dir='ltr'><strong><em>praecepit</em></strong></span> <span class='ocrx_word' id='word_1_113' title='bbox 2412 2586 2513 2652; x_wconf 91' lang='lat' dir='ltr'><strong><em>Ie-</em></strong></span> 
     </span>
     <span class='ocr_line' id='line_1_18' title="bbox 551 2669 2514 2756; baseline 0.002 -21"><span class='ocrx_word' id='word_1_114' title='bbox 551 2669 707 2735; x_wconf 76' lang='lat' dir='ltr'><strong><em>kova</em></strong></span> <span class='ocrx_word' id='word_1_115' title='bbox 735 2670 910 2737; x_wconf 86' lang='lat' dir='ltr'><strong><em>Mosi</em></strong></span> <span class='ocrx_word' id='word_1_116' title='bbox 953 2676 1023 2735; x_wconf 80' lang='lat' dir='ltr'><strong><em>ut</em></strong></span> <span class='ocrx_word' id='word_1_117' title='bbox 1054 2678 1355 2756; x_wconf 77' lang='lat' dir='ltr'><strong><em>panyeret</em></strong></span> <span class='ocrx_word' id='word_1_118' title='bbox 1395 2691 1533 2739; x_wconf 86' lang='lat' dir='ltr'><strong><em>cum</em></strong></span> <span class='ocrx_word' id='word_1_119' title='bbox 1573 2670 1732 2752; x_wconf 70' lang='lat' dir='ltr'><strong><em>filiis</em></strong></span> <span class='ocrx_word' id='word_1_120' title='bbox 1752 2670 1963 2736; x_wconf 86' lang='lat' dir='ltr'><strong><em>Israel</em></strong></span> <span class='ocrx_word' id='word_1_121' title='bbox 2003 2673 2075 2735; x_wconf 81' lang='lat' dir='ltr'><strong><em>in</em></strong></span> <span class='ocrx_word' id='word_1_122' title='bbox 2118 2677 2284 2738; x_wconf 79' lang='lat' dir='ltr'><strong><em>terra</em></strong></span> <span class='ocrx_word' id='word_1_123' title='bbox 2319 2671 2514 2739; x_wconf 85' lang='lat' dir='ltr'><strong><em>Moab</em></strong></span> 
     </span>
     <span class='ocr_line' id='line_1_19' title="bbox 543 2757 2407 2842; baseline 0.001 -20"><span class='ocrx_word' id='word_1_124' title='bbox 543 2760 798 2838; x_wconf 78' lang='lat' dir='ltr'><strong><em>praeter</em></strong></span> <span class='ocrx_word' id='word_1_125' title='bbox 837 2757 1063 2840; x_wconf 80' lang='lat' dir='ltr'><strong><em>foedus</em></strong></span> <span class='ocrx_word' id='word_1_126' title='bbox 1106 2759 1271 2842; x_wconf 78' lang='lat' dir='ltr'><strong><em>quod</em></strong></span> <span class='ocrx_word' id='word_1_127' title='bbox 1302 2759 1634 2842; x_wconf 70' lang='lat' dir='ltr'><strong><em>pepiyerat</em></strong></span> <span class='ocrx_word' id='word_1_128' title='bbox 1674 2775 1816 2820; x_wconf 86' lang='lat' dir='ltr'><strong><em>cum</em></strong></span> <span class='ocrx_word' id='word_1_129' title='bbox 1857 2757 2023 2839; x_wconf 72' lang='lat' dir='ltr'><strong><em>ipsis</em></strong></span> <span class='ocrx_word' id='word_1_130' title='bbox 2064 2758 2136 2823; x_wconf 82' lang='lat' dir='ltr'><strong><em>in</em></strong></span> <span class='ocrx_word' id='word_1_131' title='bbox 2180 2759 2407 2825; x_wconf 84' lang='lat' dir='ltr'><strong><em>Horeb.</em></strong></span> 
     </span>
    </p>
   </div>
   <div class='ocr_carea' id='block_1_6' title="bbox 542 2980 2512 4098">
    <p class='ocr_par' dir='ltr' id='par_1_6' title="bbox 542 2980 2512 4012">
     <span class='ocr_line' id='line_1_20' title="bbox 725 2980 2510 3062; baseline 0.002 -17"><span class='ocrx_word' id='word_1_132' title='bbox 725 2980 941 3046; x_wconf 84' lang='lat' dir='ltr'><strong><em>Levit.</em></strong></span> <span class='ocrx_word' id='word_1_133' title='bbox 985 2981 1087 3060; x_wconf 83' lang='lat'><strong><em>27,</em></strong></span> <span class='ocrx_word' id='word_1_134' title='bbox 1124 2981 1228 3046; x_wconf 85' lang='lat'><strong><em>34.</em></strong></span> <span class='ocrx_word' id='word_1_135' title='bbox 1277 2981 1452 3046; x_wconf 87' lang='lat' dir='ltr'><strong><em>Haec</em></strong></span> <span class='ocrx_word' id='word_1_136' title='bbox 1494 2983 1641 3046; x_wconf 78' lang='lat' dir='ltr'><strong><em>sunt</em></strong></span> <span class='ocrx_word' id='word_1_137' title='bbox 1669 2985 2025 3062; x_wconf 84' lang='lat' dir='ltr'><strong><em>praecepta.</em></strong></span> <span class='ocrx_word' id='word_1_138' title='bbox 2099 2981 2293 3046; x_wconf 86' lang='lat' dir='ltr'><strong><em>Prior</em></strong></span> <span class='ocrx_word' id='word_1_139' title='bbox 2329 2982 2510 3049; x_wconf 91' lang='lat' dir='ltr'><strong><em>locus</em></strong></span> 
     </span>
     <span class='ocr_line' id='line_1_21' title="bbox 550 3065 2512 3154; baseline 0.004 -25"><span class='ocrx_word' id='word_1_140' title='bbox 550 3068 969 3133; x_wconf 77' lang='lat' dir='ltr'><strong><em>commendat</em></strong></span> <span class='ocrx_word' id='word_1_141' title='bbox 1013 3067 1224 3152; x_wconf 89' lang='lat' dir='ltr'><strong><em>legem</em></strong></span> <span class='ocrx_word' id='word_1_142' title='bbox 1272 3090 1438 3152; x_wconf 87' lang='lat' dir='ltr'><strong><em>quae</em></strong></span> <span class='ocrx_word' id='word_1_143' title='bbox 1494 3066 1907 3151; x_wconf 89' lang='lat' dir='ltr'><strong><em>promulgata</em></strong></span> <span class='ocrx_word' id='word_1_144' title='bbox 1963 3065 2091 3133; x_wconf 86' lang='lat' dir='ltr'><strong><em>fuit</em></strong></span> <span class='ocrx_word' id='word_1_145' title='bbox 2144 3076 2211 3133; x_wconf 89' lang='lat' dir='ltr'><strong><em>et</em></strong></span> <span class='ocrx_word' id='word_1_146' title='bbox 2266 3068 2512 3154; x_wconf 90' lang='lat' dir='ltr'><strong><em>scripta</em></strong></span> 
     </span>
     <span class='ocr_line' id='line_1_22' title="bbox 548 3151 2509 3236; baseline 0.004 -22"><span class='ocrx_word' id='word_1_147' title='bbox 548 3151 620 3215; x_wconf 91' lang='lat' dir='ltr'><strong><em>in</em></strong></span> <span class='ocrx_word' id='word_1_148' title='bbox 667 3153 922 3219; x_wconf 88' lang='lat' dir='ltr'><strong><em>duabus</em></strong></span> <span class='ocrx_word' id='word_1_149' title='bbox 970 3155 1246 3233; x_wconf 84' lang='lat' dir='ltr'><strong><em>tabulis,</em></strong></span> <span class='ocrx_word' id='word_1_150' title='bbox 1313 3176 1462 3221; x_wconf 90' lang='lat' dir='ltr'><strong><em>cum</em></strong></span> <span class='ocrx_word' id='word_1_151' title='bbox 1508 3153 1857 3219; x_wconf 80' lang='lat' dir='ltr'><strong><em>sententiis</em></strong></span> <span class='ocrx_word' id='word_1_152' title='bbox 1902 3174 2068 3236; x_wconf 89' lang='lat' dir='ltr'><strong><em>quae</em></strong></span> <span class='ocrx_word' id='word_1_153' title='bbox 2113 3155 2307 3220; x_wconf 90' lang='lat' dir='ltr'><strong><em>simul</em></strong></span> <span class='ocrx_word' id='word_1_154' title='bbox 2367 3157 2509 3222; x_wconf 87' lang='lat' dir='ltr'><strong><em>fue-</em></strong></span> 
     </span>
     <span class='ocr_line' id='line_1_23' title="bbox 543 3238 2506 3324; baseline 0.004 -23"><span class='ocrx_word' id='word_1_155' title='bbox 543 3249 704 3302; x_wconf 89' lang='lat' dir='ltr'><strong><em>runt</em></strong></span> <span class='ocrx_word' id='word_1_156' title='bbox 749 3259 1051 3305; x_wconf 78' lang='lat' dir='ltr'><strong><em>annexae</em></strong></span> <span class='ocrx_word' id='word_1_157' title='bbox 1101 3241 1182 3304; x_wconf 88' lang='lat' dir='ltr'><strong><em>ad</em></strong></span> <span class='ocrx_word' id='word_1_158' title='bbox 1232 3240 1358 3305; x_wconf 92' lang='lat' dir='ltr'><strong><em>Dei</em></strong></span> <span class='ocrx_word' id='word_1_159' title='bbox 1403 3249 1691 3305; x_wconf 86' lang='lat' dir='ltr'><strong><em>mentem</em></strong></span> <span class='ocrx_word' id='word_1_160' title='bbox 1737 3238 1982 3305; x_wconf 88' lang='lat' dir='ltr'><strong><em>clarius</em></strong></span> <span class='ocrx_word' id='word_1_161' title='bbox 2029 3241 2506 3324; x_wconf 74' lang='lat' dir='ltr'><strong><em>explicandam.</em></strong></span> 
     </span>
     <span class='ocr_line' id='line_1_24' title="bbox 542 3322 2505 3408; baseline 0.004 -21"><span class='ocrx_word' id='word_1_162' title='bbox 542 3322 776 3406; x_wconf 89' lang='lat' dir='ltr'><strong><em>Neque</em></strong></span> <span class='ocrx_word' id='word_1_163' title='bbox 824 3326 1003 3390; x_wconf 90' lang='lat' dir='ltr'><strong><em>enim</em></strong></span> <span class='ocrx_word' id='word_1_164' title='bbox 1041 3337 1297 3391; x_wconf 87' lang='lat' dir='ltr'><strong><em>tantum</em></strong></span> <span class='ocrx_word' id='word_1_165' title='bbox 1339 3326 1561 3392; x_wconf 90' lang='lat' dir='ltr'><strong><em>decem</em></strong></span> <span class='ocrx_word' id='word_1_166' title='bbox 1598 3324 1801 3390; x_wconf 84' lang='lat' dir='ltr'><strong><em>verba</em></strong></span> <span class='ocrx_word' id='word_1_167' title='bbox 1835 3324 1970 3392; x_wconf 90' lang='lat' dir='ltr'><strong><em>illic</em></strong></span> <span class='ocrx_word' id='word_1_168' title='bbox 2004 3328 2280 3408; x_wconf 89' lang='lat' dir='ltr'><strong><em>protulit</em></strong></span> <span class='ocrx_word' id='word_1_169' title='bbox 2301 3329 2505 3406; x_wconf 91' lang='lat' dir='ltr'><strong><em>Deus,</em></strong></span> 
     </span>
     <span class='ocr_line' id='line_1_25' title="bbox 545 3408 2506 3494; baseline 0.004 -21"><span class='ocrx_word' id='word_1_170' title='bbox 545 3408 660 3473; x_wconf 89' lang='lat' dir='ltr'><strong><em>sed</em></strong></span> <span class='ocrx_word' id='word_1_171' title='bbox 718 3411 890 3492; x_wconf 91' lang='lat' dir='ltr'><strong><em>quod</em></strong></span> <span class='ocrx_word' id='word_1_172' title='bbox 954 3411 1245 3477; x_wconf 86' lang='lat' dir='ltr'><strong><em>breviter</em></strong></span> <span class='ocrx_word' id='word_1_173' title='bbox 1289 3415 1803 3494; x_wconf 76' lang='lat' dir='ltr'><strong><em>perstrinxerat,</em></strong></span> <span class='ocrx_word' id='word_1_174' title='bbox 1870 3412 2343 3494; x_wconf 89' lang='lat' dir='ltr'><strong><em>interpretatus</em></strong></span> <span class='ocrx_word' id='word_1_175' title='bbox 2387 3424 2506 3481; x_wconf 88' lang='lat' dir='ltr'><strong><em>est.</em></strong></span> 
     </span>
     <span class='ocr_line' id='line_1_26' title="bbox 543 3493 2508 3582; baseline 0.004 -23"><span class='ocrx_word' id='word_1_176' title='bbox 543 3493 756 3559; x_wconf 91' lang='lat' dir='ltr'><strong><em>Porro</em></strong></span> <span class='ocrx_word' id='word_1_177' title='bbox 804 3497 961 3564; x_wconf 91' lang='lat' dir='ltr'><strong><em>huie</em></strong></span> <span class='ocrx_word' id='word_1_178' title='bbox 999 3498 1333 3563; x_wconf 88' lang='lat' dir='ltr'><strong><em>doctrinae</em></strong></span> <span class='ocrx_word' id='word_1_179' title='bbox 1372 3499 1565 3564; x_wconf 89' lang='lat' dir='ltr'><strong><em>fidem</em></strong></span> <span class='ocrx_word' id='word_1_180' title='bbox 1604 3496 1910 3563; x_wconf 89' lang='lat' dir='ltr'><strong><em>conciliat</em></strong></span> <span class='ocrx_word' id='word_1_181' title='bbox 1934 3497 2182 3563; x_wconf 84' lang='lat' dir='ltr'><strong><em>Moses:</em></strong></span> <span class='ocrx_word' id='word_1_182' title='bbox 2219 3502 2508 3582; x_wconf 90' lang='lat' dir='ltr'><strong><em>primum</em></strong></span> 
     </span>
     <span class='ocr_line' id='line_1_27' title="bbox 545 3580 2510 3670; baseline 0.004 -25"><span class='ocrx_word' id='word_1_183' title='bbox 545 3580 627 3645; x_wconf 87' lang='lat' dir='ltr'><strong><em>ab</em></strong></span> <span class='ocrx_word' id='word_1_184' title='bbox 665 3584 1045 3664; x_wconf 79' lang='lat' dir='ltr'><strong><em>autoritate,</em></strong></span> <span class='ocrx_word' id='word_1_185' title='bbox 1093 3586 1248 3668; x_wconf 89' lang='lat' dir='ltr'><strong><em>quia</em></strong></span> <span class='ocrx_word' id='word_1_186' title='bbox 1285 3584 1605 3651; x_wconf 84' lang='lat' dir='ltr'><strong><em>divinitus</em></strong></span> <span class='ocrx_word' id='word_1_187' title='bbox 1642 3583 1729 3647; x_wconf 90' lang='lat' dir='ltr'><strong><em>sit</em></strong></span> <span class='ocrx_word' id='word_1_188' title='bbox 1766 3582 2025 3661; x_wconf 88' lang='lat' dir='ltr'><strong><em>tradita,</em></strong></span> <span class='ocrx_word' id='word_1_189' title='bbox 2065 3583 2301 3652; x_wconf 90' lang='lat' dir='ltr'><strong><em>deinde</em></strong></span> <span class='ocrx_word' id='word_1_190' title='bbox 2336 3586 2510 3670; x_wconf 91' lang='lat' dir='ltr'><strong><em>quod</em></strong></span> 
     </span>
     <span class='ocr_line' id='line_1_28' title="bbox 544 3665 2508 3755; baseline 0.003 -23"><span class='ocrx_word' id='word_1_191' title='bbox 544 3665 672 3732; x_wconf 85' lang='lat' dir='ltr'><strong><em>sibi</em></strong></span> <span class='ocrx_word' id='word_1_192' title='bbox 719 3688 857 3733; x_wconf 91' lang='lat' dir='ltr'><strong><em>non</em></strong></span> <span class='ocrx_word' id='word_1_193' title='bbox 919 3672 1280 3754; x_wconf 88' lang='lat' dir='ltr'><strong><em>sumpserit</em></strong></span> <span class='ocrx_word' id='word_1_194' title='bbox 1331 3670 1728 3755; x_wconf 85' lang='lat' dir='ltr'><strong><em>legislatoris</em></strong></span> <span class='ocrx_word' id='word_1_195' title='bbox 1773 3679 2028 3752; x_wconf 90' lang='lat' dir='ltr'><strong><em>partes,</em></strong></span> <span class='ocrx_word' id='word_1_196' title='bbox 2090 3671 2205 3736; x_wconf 88' lang='lat' dir='ltr'><strong><em>sed</em></strong></span> <span class='ocrx_word' id='word_1_197' title='bbox 2266 3694 2305 3736; x_wconf 96' lang='lat' dir='ltr'><strong><em>a</em></strong></span> <span class='ocrx_word' id='word_1_198' title='bbox 2362 3671 2508 3738; x_wconf 90' lang='lat' dir='ltr'><strong><em>Deo</em></strong></span> 
     </span>
     <span class='ocr_line' id='line_1_29' title="bbox 546 3754 2505 3833; baseline 0.004 -17"><span class='ocrx_word' id='word_1_199' title='bbox 546 3763 805 3819; x_wconf 88' lang='lat' dir='ltr'><strong><em>creatus</em></strong></span> <span class='ocrx_word' id='word_1_200' title='bbox 851 3755 1074 3833; x_wconf 87' lang='lat' dir='ltr'><strong><em>fuerit,</em></strong></span> <span class='ocrx_word' id='word_1_201' title='bbox 1122 3779 1197 3823; x_wconf 86' lang='lat' dir='ltr'><strong><em>ac</em></strong></span> <span class='ocrx_word' id='word_1_202' title='bbox 1244 3771 1512 3822; x_wconf 84' lang='lat' dir='ltr'><strong><em>vocatus</em></strong></span> <span class='ocrx_word' id='word_1_203' title='bbox 1558 3756 1638 3821; x_wconf 87' lang='lat' dir='ltr'><strong><em>ad</em></strong></span> <span class='ocrx_word' id='word_1_204' title='bbox 1680 3754 1803 3819; x_wconf 90' lang='lat' dir='ltr'><strong><em>hoc</em></strong></span> <span class='ocrx_word' id='word_1_205' title='bbox 1830 3776 2074 3821; x_wconf 89' lang='lat' dir='ltr'><strong><em>munus</em></strong></span> <span class='ocrx_word' id='word_1_206' title='bbox 2113 3757 2505 3824; x_wconf 90' lang='lat' dir='ltr'><strong><em>obeundum.</em></strong></span> 
     </span>
     <span class='ocr_line' id='line_1_30' title="bbox 544 3839 2507 3927; baseline 0.004 -24"><span class='ocrx_word' id='word_1_207' title='bbox 544 3841 609 3903; x_wconf 81' lang='lat' dir='ltr'>A</span> <span class='ocrx_word' id='word_1_208' title='bbox 651 3839 807 3903; x_wconf 88' lang='lat' dir='ltr'><strong><em>filiis</em></strong></span> <span class='ocrx_word' id='word_1_209' title='bbox 865 3850 1091 3906; x_wconf 90' lang='lat' dir='ltr'><strong><em>autem</em></strong></span> <span class='ocrx_word' id='word_1_210' title='bbox 1138 3841 1348 3907; x_wconf 88' lang='lat' dir='ltr'><strong><em>Israel</em></strong></span> <span class='ocrx_word' id='word_1_211' title='bbox 1412 3842 1854 3908; x_wconf 85' lang='lat' dir='ltr'><strong><em>reverentiam</em></strong></span> <span class='ocrx_word' id='word_1_212' title='bbox 1900 3842 2135 3927; x_wconf 86' lang='lat' dir='ltr'><strong><em>exigit,</em></strong></span> <span class='ocrx_word' id='word_1_213' title='bbox 2199 3845 2507 3927; x_wconf 89' lang='lat' dir='ltr'><strong><em>quoniam</em></strong></span> 
     </span>
     <span class='ocr_line' id='line_1_31' title="bbox 544 3923 2075 4012; baseline 0.002 -23"><span class='ocrx_word' id='word_1_214' title='bbox 544 3923 628 3989; x_wconf 85' lang='lat' dir='ltr'><strong><em>ad</em></strong></span> <span class='ocrx_word' id='word_1_215' title='bbox 673 3946 784 3990; x_wconf 92' lang='lat' dir='ltr'><strong><em>eos</em></strong></span> <span class='ocrx_word' id='word_1_216' title='bbox 831 3929 1076 3993; x_wconf 87' lang='lat' dir='ltr'><strong><em>missus</em></strong></span> <span class='ocrx_word' id='word_1_217' title='bbox 1120 3930 1321 3994; x_wconf 86' lang='lat' dir='ltr'><strong><em>fuerit</em></strong></span> <span class='ocrx_word' id='word_1_218' title='bbox 1366 3929 1593 3994; x_wconf 89' lang='lat' dir='ltr'><strong><em>doctor</em></strong></span> <span class='ocrx_word' id='word_1_219' title='bbox 1636 3936 1700 3993; x_wconf 90' lang='lat' dir='ltr'><strong><em>et</em></strong></span> <span class='ocrx_word' id='word_1_220' title='bbox 1745 3929 2075 4012; x_wconf 88' lang='lat' dir='ltr'><strong><em>magister.</em></strong></span> 
     </span>
    </p>

    <p class='ocr_par' dir='ltr' id='par_1_7' title="bbox 719 4010 2508 4098">
     <span class='ocr_line' id='line_1_32' title="bbox 719 4010 2508 4098; baseline 0.003 -23"><span class='ocrx_word' id='word_1_221' title='bbox 719 4010 922 4078; x_wconf 92' lang='lat' dir='ltr'><strong><em>Deut.</em></strong></span> <span class='ocrx_word' id='word_1_222' title='bbox 942 4015 999 4092; x_wconf 91' lang='lat'><strong><em>1,</em></strong></span> <span class='ocrx_word' id='word_1_223' title='bbox 1020 4016 1077 4080; x_wconf 90' lang='lat'><strong><em>1.</em></strong></span> <span class='ocrx_word' id='word_1_224' title='bbox 1103 4014 1283 4082; x_wconf 87' lang='lat' dir='ltr'><strong><em>Haec</em></strong></span> <span class='ocrx_word' id='word_1_225' title='bbox 1303 4022 1452 4081; x_wconf 82' lang='lat' dir='ltr'><strong><em>sunt</em></strong></span> <span class='ocrx_word' id='word_1_226' title='bbox 1474 4015 1674 4081; x_wconf 83' lang='lat' dir='ltr'><strong><em>verba.</em></strong></span> <span class='ocrx_word' id='word_1_227' title='bbox 1699 4011 1794 4077; x_wconf 88' lang='lat' dir='ltr'><strong><em>Hi</em></strong></span> <span class='ocrx_word' id='word_1_228' title='bbox 1817 4011 1946 4078; x_wconf 90' lang='lat' dir='ltr'><strong><em>duo</em></strong></span> <span class='ocrx_word' id='word_1_229' title='bbox 1970 4015 2359 4098; x_wconf 86' lang='lat' dir='ltr'><strong><em>posteriores</em></strong></span> <span class='ocrx_word' id='word_1_230' title='bbox 2382 4016 2508 4084; x_wconf 89' lang='lat' dir='ltr'><strong><em>loci</em></strong></span> 
     </span>
    </p>
   </div>
   <div class='ocr_carea' id='block_1_7' title="bbox 547 4181 957 4196">
    <p class='ocr_par' dir='ltr' id='par_1_8' title="bbox 547 4181 957 4196">
     <span class='ocr_line' id='line_1_33' title="bbox 547 4181 957 4196; baseline 0 1954"><span class='ocrx_word' id='word_1_231' title='bbox 547 4181 957 4196; x_wconf 95' lang='lat' dir='ltr'><strong><em> </em></strong></span> 
     </span>
    </p>
   </div>
   <div class='ocr_carea' id='block_1_8' title="bbox 715 4249 1224 4320">
    <p class='ocr_par' dir='ltr' id='par_1_9' title="bbox 715 4249 1224 4320">
     <span class='ocr_line' id='line_1_34' title="bbox 715 4249 1224 4320; baseline 0.012 -16"><span class='ocrx_word' id='word_1_232' title='bbox 715 4249 772 4320; x_wconf 90' lang='lat'><strong><em>1)</em></strong></span> <span class='ocrx_word' id='word_1_233' title='bbox 807 4251 976 4307; x_wconf 71' lang='lat' dir='ltr'><strong><em>sehr.</em></strong></span> <span class='ocrx_word' id='word_1_234' title='bbox 1017 4253 1104 4319; x_wconf 84' lang='lat'><strong><em>28,</em></strong></span> <span class='ocrx_word' id='word_1_235' title='bbox 1139 4254 1224 4310; x_wconf 84' lang='lat' dir='ltr'><strong><em>ee.</em></strong></span> 
     </span>
    </p>
   </div>
   <div class='ocr_carea' id='block_1_9' title="bbox 2040 433 3112 503">
    <p class='ocr_par' dir='ltr' id='par_1_10' title="bbox 2040 433 3112 503">
     <span class='ocr_line' id='line_1_35' title="bbox 2040 433 3112 503; baseline -0.001 -2"><span class='ocrx_word' id='word_1_236' title='bbox 2040 433 2576 503; x_wconf 73' lang='lat' dir='ltr'><strong>PRAEFATIO</strong></span> <span class='ocrx_word' id='word_1_237' title='bbox 2618 435 2720 503; x_wconf 90' lang='lat' dir='ltr'><strong><em>IN</em></strong></span> <span class='ocrx_word' id='word_1_238' title='bbox 2761 434 3112 502; x_wconf 82' lang='lat' dir='ltr'><strong><em>LEGEM.</em></strong></span> 
     </span>
    </p>
   </div>
   <div class='ocr_carea' id='block_1_10' title="bbox 2558 623 2580 4314">
    <p class='ocr_par' dir='ltr' id='par_1_11' title="bbox 2558 623 2580 4314">
     <span class='ocr_line' id='line_1_36' title="bbox 2558 623 2580 4314; baseline 0 0"><span class='ocrx_word' id='word_1_239' title='bbox 2558 623 2580 4314; x_wconf 95' lang='lat' dir='ltr'><strong><em> </em></strong></span> 
     </span>
    </p>
   </div>
   <div class='ocr_carea' id='block_1_11' title="bbox 4428 435 4537 502">
    <p class='ocr_par' dir='ltr' id='par_1_12' title="bbox 4428 435 4537 502">
     <span class='ocr_line' id='line_1_37' title="bbox 4428 435 4537 502; baseline 0.028 -3"><span class='ocrx_word' id='word_1_240' title='bbox 4428 435 4537 502; x_wconf 79' lang='lat'><strong><em>260</em></strong></span> 
     </span>
    </p>
   </div>
   <div class='ocr_carea' id='block_1_12' title="bbox 2611 622 4575 4152">
    <p class='ocr_par' dir='ltr' id='par_1_13' title="bbox 2618 622 4562 2685">
     <span class='ocr_line' id='line_1_38' title="bbox 2625 622 4538 708; baseline 0.004 -21"><span class='ocrx_word' id='word_1_241' title='bbox 2625 625 2888 706; x_wconf 88' lang='lat' dir='ltr'><strong><em>proprie</em></strong></span> <span class='ocrx_word' id='word_1_242' title='bbox 2923 623 3004 688; x_wconf 89' lang='lat' dir='ltr'><strong><em>ad</em></strong></span> <span class='ocrx_word' id='word_1_243' title='bbox 3043 622 3435 708; x_wconf 86' lang='lat' dir='ltr'><strong><em>appendices</em></strong></span> <span class='ocrx_word' id='word_1_244' title='bbox 3470 630 3786 706; x_wconf 90' lang='lat' dir='ltr'><strong><em>spectant,</em></strong></span> <span class='ocrx_word' id='word_1_245' title='bbox 3842 622 4076 707; x_wconf 89' lang='lat' dir='ltr'><strong><em>quibus</em></strong></span> <span class='ocrx_word' id='word_1_246' title='bbox 4125 633 4350 707; x_wconf 82' lang='lat' dir='ltr'><strong><em>postea</em></strong></span> <span class='ocrx_word' id='word_1_247' title='bbox 4382 627 4538 695; x_wconf 88' lang='lat' dir='ltr'><strong><em>Deus</em></strong></span> 
     </span>
     <span class='ocr_line' id='line_1_39' title="bbox 2626 708 4539 796; baseline 0.004 -23"><span class='ocrx_word' id='word_1_248' title='bbox 2626 709 2867 775; x_wconf 87' lang='lat' dir='ltr'><strong><em>clarius</em></strong></span> <span class='ocrx_word' id='word_1_249' title='bbox 2902 720 2968 774; x_wconf 91' lang='lat' dir='ltr'><strong><em>et</em></strong></span> <span class='ocrx_word' id='word_1_250' title='bbox 3016 710 3228 794; x_wconf 88' lang='lat' dir='ltr'><strong><em>magis</em></strong></span> <span class='ocrx_word' id='word_1_251' title='bbox 3271 708 3682 774; x_wconf 84' lang='lat' dir='ltr'><strong><em>familiariter</em></strong></span> <span class='ocrx_word' id='word_1_252' title='bbox 3724 709 4084 775; x_wconf 83' lang='lat' dir='ltr'><strong><em>illustravit</em></strong></span> <span class='ocrx_word' id='word_1_253' title='bbox 4127 709 4338 792; x_wconf 86' lang='lat' dir='ltr'><strong><em>legem</em></strong></span> <span class='ocrx_word' id='word_1_254' title='bbox 4382 714 4539 796; x_wconf 86' lang='lat' dir='ltr'><strong><em>prius</em></strong></span> 
     </span>
     <span class='ocr_line' id='line_1_40' title="bbox 2625 795 4539 879; baseline 0.003 -19"><span class='ocrx_word' id='word_1_255' title='bbox 2625 816 2665 860; x_wconf 89' lang='lat' dir='ltr'><strong><em>a</em></strong></span> <span class='ocrx_word' id='word_1_256' title='bbox 2708 816 2779 861; x_wconf 89' lang='lat' dir='ltr'><strong><em>se</em></strong></span> <span class='ocrx_word' id='word_1_257' title='bbox 2823 795 3071 860; x_wconf 88' lang='lat' dir='ltr'><strong><em>datam:</em></strong></span> <span class='ocrx_word' id='word_1_258' title='bbox 3131 795 3697 877; x_wconf 85' lang='lat' dir='ltr'><strong><em>comprehendunt</em></strong></span> <span class='ocrx_word' id='word_1_259' title='bbox 3756 816 4011 879; x_wconf 89' lang='lat' dir='ltr'><strong><em>quoque</em></strong></span> <span class='ocrx_word' id='word_1_260' title='bbox 4056 795 4539 878; x_wconf 84' lang='lat' dir='ltr'><strong><em>exhortationes,</em></strong></span> 
     </span>
     <span class='ocr_line' id='line_1_41' title="bbox 2627 881 4540 966; baseline 0.002 -21"><span class='ocrx_word' id='word_1_261' title='bbox 2627 882 2865 964; x_wconf 86' lang='lat' dir='ltr'><strong><em>quibus</em></strong></span> <span class='ocrx_word' id='word_1_262' title='bbox 2931 881 3155 965; x_wconf 89' lang='lat' dir='ltr'><strong><em>populi</em></strong></span> <span class='ocrx_word' id='word_1_263' title='bbox 3222 883 3472 947; x_wconf 86' lang='lat' dir='ltr'><strong><em>animos</em></strong></span> <span class='ocrx_word' id='word_1_264' title='bbox 3538 881 3802 965; x_wconf 87' lang='lat' dir='ltr'><strong><em>subegit</em></strong></span> <span class='ocrx_word' id='word_1_265' title='bbox 3880 881 3961 947; x_wconf 90' lang='lat' dir='ltr'><strong><em>ad</em></strong></span> <span class='ocrx_word' id='word_1_266' title='bbox 4041 881 4415 966; x_wconf 90' lang='lat' dir='ltr'><strong><em>obsequium</em></strong></span> <span class='ocrx_word' id='word_1_267' title='bbox 4487 898 4540 950; x_wconf 86' lang='lat' dir='ltr'><strong><em>et</em></strong></span> 
     </span>
     <span class='ocr_line' id='line_1_42' title="bbox 2624 966 4542 1052; baseline 0.003 -20"><span class='ocrx_word' id='word_1_268' title='bbox 2624 968 2838 1052; x_wconf 89' lang='lat' dir='ltr'><strong><em>elogia</em></strong></span> <span class='ocrx_word' id='word_1_269' title='bbox 2883 968 3115 1051; x_wconf 89' lang='lat' dir='ltr'><strong><em>quibus</em></strong></span> <span class='ocrx_word' id='word_1_270' title='bbox 3159 966 3371 1050; x_wconf 88' lang='lat' dir='ltr'><strong><em>legem</em></strong></span> <span class='ocrx_word' id='word_1_271' title='bbox 3430 967 3692 1033; x_wconf 88' lang='lat' dir='ltr'><strong><em>ornavit</em></strong></span> <span class='ocrx_word' id='word_1_272' title='bbox 3749 987 3825 1032; x_wconf 87' lang='lat' dir='ltr'><strong><em>ac</em></strong></span> <span class='ocrx_word' id='word_1_273' title='bbox 3867 967 4203 1033; x_wconf 83' lang='lat' dir='ltr'><strong><em>stabilivit.</em></strong></span> <span class='ocrx_word' id='word_1_274' title='bbox 4291 967 4542 1037; x_wconf 79' lang='lat' dir='ltr'><strong><em>Summa</em></strong></span> 
     </span>
     <span class='ocr_line' id='line_1_43' title="bbox 2624 1053 4541 1137; baseline 0.002 -19"><span class='ocrx_word' id='word_1_275' title='bbox 2624 1063 2740 1129; x_wconf 86' lang='lat' dir='ltr'><strong><em>est,</em></strong></span> <span class='ocrx_word' id='word_1_276' title='bbox 2807 1054 3037 1119; x_wconf 86' lang='lat' dir='ltr'><strong><em>Mosen</em></strong></span> <span class='ocrx_word' id='word_1_277' title='bbox 3098 1053 3360 1137; x_wconf 91' lang='lat' dir='ltr'><strong><em>prodire</em></strong></span> <span class='ocrx_word' id='word_1_278' title='bbox 3419 1054 3547 1118; x_wconf 92' lang='lat' dir='ltr'><strong><em>Dei</em></strong></span> <span class='ocrx_word' id='word_1_279' title='bbox 3604 1053 3979 1119; x_wconf 88' lang='lat' dir='ltr'><strong><em>ministrum</em></strong></span> <span class='ocrx_word' id='word_1_280' title='bbox 4034 1063 4103 1118; x_wconf 90' lang='lat' dir='ltr'><strong><em>et</em></strong></span> <span class='ocrx_word' id='word_1_281' title='bbox 4159 1074 4541 1137; x_wconf 85' lang='lat' dir='ltr'><strong><em>praeconem,</em></strong></span> 
     </span>
     <span class='ocr_line' id='line_1_44' title="bbox 2624 1137 4542 1224; baseline 0.002 -19"><span class='ocrx_word' id='word_1_282' title='bbox 2624 1142 2736 1223; x_wconf 91' lang='lat' dir='ltr'><strong><em>qui</em></strong></span> <span class='ocrx_word' id='word_1_283' title='bbox 2780 1161 2863 1205; x_wconf 88' lang='lat' dir='ltr'><strong><em>ex</em></strong></span> <span class='ocrx_word' id='word_1_284' title='bbox 2907 1140 3114 1223; x_wconf 89' lang='lat' dir='ltr'><strong><em>ipsius</em></strong></span> <span class='ocrx_word' id='word_1_285' title='bbox 3172 1160 3284 1204; x_wconf 91' lang='lat' dir='ltr'><strong><em>ore</em></strong></span> <span class='ocrx_word' id='word_1_286' title='bbox 3328 1139 3559 1205; x_wconf 89' lang='lat' dir='ltr'><strong><em>Israeli</em></strong></span> <span class='ocrx_word' id='word_1_287' title='bbox 3603 1137 4004 1223; x_wconf 84' lang='lat' dir='ltr'><strong><em>praescribat</em></strong></span> <span class='ocrx_word' id='word_1_288' title='bbox 4057 1140 4367 1224; x_wconf 89' lang='lat' dir='ltr'><strong><em>quidquid</em></strong></span> <span class='ocrx_word' id='word_1_289' title='bbox 4420 1163 4542 1209; x_wconf 87' lang='lat' dir='ltr'><strong><em>ree-</em></strong></span> 
     </span>
     <span class='ocr_line' id='line_1_45' title="bbox 2625 1224 4544 1309; baseline 0.002 -20"><span class='ocrx_word' id='word_1_290' title='bbox 2625 1239 2764 1290; x_wconf 91' lang='lat' dir='ltr'><strong><em>tum</em></strong></span> <span class='ocrx_word' id='word_1_291' title='bbox 2809 1234 2877 1291; x_wconf 89' lang='lat' dir='ltr'><strong><em>et</em></strong></span> <span class='ocrx_word' id='word_1_292' title='bbox 2920 1226 3164 1290; x_wconf 84' lang='lat' dir='ltr'><strong><em>iustum</em></strong></span> <span class='ocrx_word' id='word_1_293' title='bbox 3203 1234 3321 1291; x_wconf 88' lang='lat' dir='ltr'><strong><em>est.</em></strong></span> <span class='ocrx_word' id='word_1_294' title='bbox 3414 1224 3764 1292; x_wconf 86' lang='lat' dir='ltr'><strong><em>Caeterum</em></strong></span> <span class='ocrx_word' id='word_1_295' title='bbox 3807 1245 4010 1309; x_wconf 88' lang='lat' dir='ltr'><strong><em>quum</em></strong></span> <span class='ocrx_word' id='word_1_296' title='bbox 4057 1227 4246 1290; x_wconf 87' lang='lat' dir='ltr'><strong><em>dicit:</em></strong></span> <span class='ocrx_word' id='word_1_297' title='bbox 4292 1226 4544 1292; x_wconf 86' lang='lat' dir='ltr'><strong><em>Praeter</em></strong></span> 
     </span>
     <span class='ocr_line' id='line_1_46' title="bbox 2624 1310 4545 1396; baseline 0.001 -20"><span class='ocrx_word' id='word_1_298' title='bbox 2624 1310 2848 1377; x_wconf 80' lang='lat' dir='ltr'><strong><em>foedus</em></strong></span> <span class='ocrx_word' id='word_1_299' title='bbox 2886 1312 3122 1376; x_wconf 91' lang='lat' dir='ltr'><strong><em>initum</em></strong></span> <span class='ocrx_word' id='word_1_300' title='bbox 3176 1312 3244 1376; x_wconf 93' lang='lat' dir='ltr'><strong><em>in</em></strong></span> <span class='ocrx_word' id='word_1_301' title='bbox 3288 1325 3510 1377; x_wconf 91' lang='lat' dir='ltr'><strong><em>monte</em></strong></span> <span class='ocrx_word' id='word_1_302' title='bbox 3544 1311 3792 1390; x_wconf 89' lang='lat' dir='ltr'><strong><em>Horeb,</em></strong></span> <span class='ocrx_word' id='word_1_303' title='bbox 3837 1332 3973 1376; x_wconf 92' lang='lat' dir='ltr'><strong><em>non</em></strong></span> <span class='ocrx_word' id='word_1_304' title='bbox 4016 1312 4346 1395; x_wconf 85' lang='lat' dir='ltr'><strong><em>significat</em></strong></span> <span class='ocrx_word' id='word_1_305' title='bbox 4381 1314 4545 1396; x_wconf 88' lang='lat' dir='ltr'><strong><em>quid·</em></strong></span> 
     </span>
     <span class='ocr_line' id='line_1_47' title="bbox 2623 1397 4547 1481; baseline 0.001 -18"><span class='ocrx_word' id='word_1_306' title='bbox 2623 1418 2818 1481; x_wconf 90' lang='lat' dir='ltr'><strong><em>quam</em></strong></span> <span class='ocrx_word' id='word_1_307' title='bbox 2864 1399 3065 1462; x_wconf 89' lang='lat' dir='ltr'><strong><em>fuisse</em></strong></span> <span class='ocrx_word' id='word_1_308' title='bbox 3109 1397 3422 1477; x_wconf 87' lang='lat' dir='ltr'><strong><em>additum,</em></strong></span> <span class='ocrx_word' id='word_1_309' title='bbox 3469 1398 3595 1462; x_wconf 91' lang='lat' dir='ltr'><strong><em>nisi</em></strong></span> <span class='ocrx_word' id='word_1_310' title='bbox 3640 1407 3960 1480; x_wconf 90' lang='lat' dir='ltr'><strong><em>quatenus</em></strong></span> <span class='ocrx_word' id='word_1_311' title='bbox 4004 1399 4293 1481; x_wconf 88' lang='lat' dir='ltr'><strong><em>oportuit</em></strong></span> <span class='ocrx_word' id='word_1_312' title='bbox 4344 1398 4547 1466; x_wconf 86' lang='lat' dir='ltr'><strong><em>decem</em></strong></span> 
     </span>
     <span class='ocr_line' id='line_1_48' title="bbox 2626 1483 4547 1568; baseline -0.001 -17"><span class='ocrx_word' id='word_1_313' title='bbox 2626 1483 2823 1551; x_wconf 84' lang='lat' dir='ltr'><strong><em>verba</em></strong></span> <span class='ocrx_word' id='word_1_314' title='bbox 2869 1483 3166 1566; x_wconf 88' lang='lat' dir='ltr'><strong><em>pluribus</em></strong></span> <span class='ocrx_word' id='word_1_315' title='bbox 3201 1484 3461 1566; x_wconf 81' lang='lat' dir='ltr'><strong><em>exponi,</em></strong></span> <span class='ocrx_word' id='word_1_316' title='bbox 3506 1505 3591 1548; x_wconf 90' lang='lat' dir='ltr'><strong><em>ne</em></strong></span> <span class='ocrx_word' id='word_1_317' title='bbox 3628 1483 3915 1549; x_wconf 84' lang='lat' dir='ltr'><strong><em>brevitas</em></strong></span> <span class='ocrx_word' id='word_1_318' title='bbox 3952 1484 4413 1549; x_wconf 89' lang='lat' dir='ltr'><strong><em>obscuritatem</em></strong></span> <span class='ocrx_word' id='word_1_319' title='bbox 4447 1506 4547 1568; x_wconf 85' lang='lat' dir='ltr'><strong><em>pa·</em></strong></span> 
     </span>
     <span class='ocr_line' id='line_1_49' title="bbox 2624 1569 4552 1653; baseline -0.001 -18"><span class='ocrx_word' id='word_1_320' title='bbox 2624 1580 2798 1635; x_wconf 89' lang='lat' dir='ltr'><strong><em>reret</em></strong></span> <span class='ocrx_word' id='word_1_321' title='bbox 2844 1571 2909 1634; x_wconf 91' lang='lat' dir='ltr'><strong><em>in</em></strong></span> <span class='ocrx_word' id='word_1_322' title='bbox 2957 1570 3104 1634; x_wconf 90' lang='lat' dir='ltr'><strong><em>rudi</em></strong></span> <span class='ocrx_word' id='word_1_323' title='bbox 3150 1578 3218 1633; x_wconf 93' lang='lat' dir='ltr'><strong><em>et</em></strong></span> <span class='ocrx_word' id='word_1_324' title='bbox 3251 1569 3441 1635; x_wconf 90' lang='lat' dir='ltr'><strong><em>tardo</em></strong></span> <span class='ocrx_word' id='word_1_325' title='bbox 3473 1570 3731 1653; x_wconf 80' lang='lat' dir='ltr'><strong><em>populo,</em></strong></span> <span class='ocrx_word' id='word_1_326' title='bbox 3779 1569 4006 1652; x_wconf 89' lang='lat' dir='ltr'><strong><em>Neque</em></strong></span> <span class='ocrx_word' id='word_1_327' title='bbox 4041 1570 4217 1634; x_wconf 90' lang='lat' dir='ltr'><strong><em>enim</em></strong></span> <span class='ocrx_word' id='word_1_328' title='bbox 4258 1572 4452 1650; x_wconf 89' lang='lat' dir='ltr'><strong><em>Deus,</em></strong></span> <span class='ocrx_word' id='word_1_329' title='bbox 4488 1581 4552 1635; x_wconf 88' lang='lat' dir='ltr'><strong><em>ut</em></strong></span> 
     </span>
     <span class='ocr_line' id='line_1_50' title="bbox 2624 1655 4548 1741; baseline 0 -20"><span class='ocrx_word' id='word_1_330' title='bbox 2624 1656 2839 1721; x_wconf 86' lang='lat' dir='ltr'><strong><em>solent</em></strong></span> <span class='ocrx_word' id='word_1_331' title='bbox 2895 1655 3146 1721; x_wconf 89' lang='lat' dir='ltr'><strong><em>terreni</em></strong></span> <span class='ocrx_word' id='word_1_332' title='bbox 3204 1677 3423 1739; x_wconf 91' lang='lat' dir='ltr'><strong><em>reges,</em></strong></span> <span class='ocrx_word' id='word_1_333' title='bbox 3488 1656 3897 1738; x_wconf 85' lang='lat' dir='ltr'><strong><em>experientia</em></strong></span> <span class='ocrx_word' id='word_1_334' title='bbox 3940 1655 4315 1721; x_wconf 87' lang='lat' dir='ltr'><strong><em>admonitus</em></strong></span> <span class='ocrx_word' id='word_1_335' title='bbox 4359 1657 4548 1741; x_wconf 88' lang='lat' dir='ltr'><strong><em>legem</em></strong></span> 
     </span>
     <span class='ocr_line' id='line_1_51' title="bbox 2623 1741 4554 1825; baseline -0.001 -18"><span class='ocrx_word' id='word_1_336' title='bbox 2623 1763 2808 1807; x_wconf 87' lang='lat' dir='ltr'><strong><em>suam</em></strong></span> <span class='ocrx_word' id='word_1_337' title='bbox 2872 1741 3301 1825; x_wconf 85' lang='lat' dir='ltr'><strong><em>locupletavit</em></strong></span> <span class='ocrx_word' id='word_1_338' title='bbox 3353 1743 3542 1807; x_wconf 86' lang='lat' dir='ltr'><strong><em>novis</em></strong></span> <span class='ocrx_word' id='word_1_339' title='bbox 3607 1743 4001 1825; x_wconf 89' lang='lat' dir='ltr'><strong><em>praeceptis:</em></strong></span> <span class='ocrx_word' id='word_1_340' title='bbox 4061 1742 4174 1808; x_wconf 90' lang='lat' dir='ltr'><strong><em>sed</em></strong></span> <span class='ocrx_word' id='word_1_341' title='bbox 4239 1744 4554 1808; x_wconf 87' lang='lat' dir='ltr'><strong><em>consuluit</em></strong></span> 
     </span>
     <span class='ocr_line' id='line_1_52' title="bbox 2623 1827 4551 1912; baseline -0.001 -19"><span class='ocrx_word' id='word_1_342' title='bbox 2623 1829 2813 1912; x_wconf 89' lang='lat' dir='ltr'><strong><em>pigro</em></strong></span> <span class='ocrx_word' id='word_1_343' title='bbox 2858 1837 2925 1892; x_wconf 91' lang='lat' dir='ltr'><strong><em>et</em></strong></span> <span class='ocrx_word' id='word_1_344' title='bbox 2968 1848 3187 1893; x_wconf 88' lang='lat' dir='ltr'><strong><em>crasso</em></strong></span> <span class='ocrx_word' id='word_1_345' title='bbox 3231 1827 3456 1911; x_wconf 89' lang='lat' dir='ltr'><strong><em>populi</em></strong></span> <span class='ocrx_word' id='word_1_346' title='bbox 3499 1828 3782 1912; x_wconf 91' lang='lat' dir='ltr'><strong><em>ingeni0.</em></strong></span> <span class='ocrx_word' id='word_1_347' title='bbox 3874 1829 4054 1912; x_wconf 84' lang='lat' dir='ltr'><strong><em>Ergo</em></strong></span> <span class='ocrx_word' id='word_1_348' title='bbox 4099 1829 4420 1912; x_wconf 89' lang='lat' dir='ltr'><strong><em>particula</em></strong></span> <span class='ocrx_word' id='word_1_349' title='bbox 4449 1850 4551 1892; x_wconf 91' lang='lat' dir='ltr'><strong><em>ex-</em></strong></span> 
     </span>
     <span class='ocr_line' id='line_1_53' title="bbox 2623 1911 4557 1999; baseline 0 -20"><span class='ocrx_word' id='word_1_350' title='bbox 2623 1914 2940 1996; x_wconf 89' lang='lat' dir='ltr'><strong><em>ceptionis</em></strong></span> <span class='ocrx_word' id='word_1_351' title='bbox 2986 1934 3118 1978; x_wconf 91' lang='lat' dir='ltr'><strong><em>non</em></strong></span> <span class='ocrx_word' id='word_1_352' title='bbox 3162 1911 3459 1997; x_wconf 84' lang='lat' dir='ltr'><strong><em>designat</em></strong></span> <span class='ocrx_word' id='word_1_353' title='bbox 3496 1914 3737 1996; x_wconf 90' lang='lat' dir='ltr'><strong><em>aliquid</em></strong></span> <span class='ocrx_word' id='word_1_354' title='bbox 3776 1913 4231 1999; x_wconf 83' lang='lat' dir='ltr'><strong><em>adventitium,</em></strong></span> <span class='ocrx_word' id='word_1_355' title='bbox 4276 1916 4392 1981; x_wconf 91' lang='lat' dir='ltr'><strong><em>sed</em></strong></span> <span class='ocrx_word' id='word_1_356' title='bbox 4426 1926 4557 1979; x_wconf 88' lang='lat' dir='ltr'><strong><em>tan-</em></strong></span> 
     </span>
     <span class='ocr_line' id='line_1_54' title="bbox 2624 1999 4552 2084; baseline 0 -20"><span class='ocrx_word' id='word_1_357' title='bbox 2624 2011 2765 2065; x_wconf 90' lang='lat' dir='ltr'><strong><em>tum</em></strong></span> <span class='ocrx_word' id='word_1_358' title='bbox 2812 2000 3138 2084; x_wconf 90' lang='lat' dir='ltr'><strong><em>significat</em></strong></span> <span class='ocrx_word' id='word_1_359' title='bbox 3176 2000 3388 2064; x_wconf 89' lang='lat' dir='ltr'><strong><em>Deum</em></strong></span> <span class='ocrx_word' id='word_1_360' title='bbox 3435 1999 3722 2066; x_wconf 87' lang='lat' dir='ltr'><strong><em>secundo</em></strong></span> <span class='ocrx_word' id='word_1_361' title='bbox 3765 2000 4039 2066; x_wconf 87' lang='lat' dir='ltr'><strong><em>iterasse</em></strong></span> <span class='ocrx_word' id='word_1_362' title='bbox 4083 2002 4310 2066; x_wconf 85' lang='lat' dir='ltr'><strong><em>foedus</em></strong></span> <span class='ocrx_word' id='word_1_363' title='bbox 4354 2022 4552 2075; x_wconf 87' lang='lat' dir='ltr'><strong><em>suum,</em></strong></span> 
     </span>
     <span class='ocr_line' id='line_1_55' title="bbox 2623 2086 4555 2171; baseline 0 -21"><span class='ocrx_word' id='word_1_364' title='bbox 2623 2107 2750 2170; x_wconf 91' lang='lat' dir='ltr'><strong><em>quo</em></strong></span> <span class='ocrx_word' id='word_1_365' title='bbox 2804 2086 3174 2151; x_wconf 88' lang='lat' dir='ltr'><strong><em>distinctius</em></strong></span> <span class='ocrx_word' id='word_1_366' title='bbox 3230 2095 3299 2149; x_wconf 87' lang='lat' dir='ltr'><strong><em>et</em></strong></span> <span class='ocrx_word' id='word_1_367' title='bbox 3356 2087 3596 2151; x_wconf 87' lang='lat' dir='ltr'><strong><em>certius</em></strong></span> <span class='ocrx_word' id='word_1_368' title='bbox 3631 2098 3849 2170; x_wconf 88' lang='lat' dir='ltr'><strong><em>posset</em></strong></span> <span class='ocrx_word' id='word_1_369' title='bbox 3892 2087 4196 2171; x_wconf 87' lang='lat' dir='ltr'><strong><em>intelligi.</em></strong></span> <span class='ocrx_word' id='word_1_370' title='bbox 4288 2086 4440 2168; x_wconf 80' lang='lat' dir='ltr'><strong><em>Qua</em></strong></span> <span class='ocrx_word' id='word_1_371' title='bbox 4491 2088 4555 2150; x_wconf 89' lang='lat' dir='ltr'><strong><em>in</em></strong></span> 
     </span>
     <span class='ocr_line' id='line_1_56' title="bbox 2624 2171 4557 2256; baseline -0.001 -20"><span class='ocrx_word' id='word_1_372' title='bbox 2624 2194 2694 2237; x_wconf 93' lang='lat' dir='ltr'><strong><em>re</em></strong></span> <span class='ocrx_word' id='word_1_373' title='bbox 2750 2193 2973 2236; x_wconf 90' lang='lat' dir='ltr'><strong><em>rarum</em></strong></span> <span class='ocrx_word' id='word_1_374' title='bbox 3027 2171 3476 2256; x_wconf 87' lang='lat' dir='ltr'><strong><em>indulgentiae</em></strong></span> <span class='ocrx_word' id='word_1_375' title='bbox 3534 2172 3863 2255; x_wconf 88' lang='lat' dir='ltr'><strong><em>specimen</em></strong></span> <span class='ocrx_word' id='word_1_376' title='bbox 3923 2172 4156 2249; x_wconf 84' lang='lat' dir='ltr'><strong><em>edidit,</em></strong></span> <span class='ocrx_word' id='word_1_377' title='bbox 4220 2171 4394 2256; x_wconf 88' lang='lat' dir='ltr'><strong><em>quod</em></strong></span> <span class='ocrx_word' id='word_1_378' title='bbox 4446 2172 4557 2238; x_wconf 89' lang='lat' dir='ltr'><strong><em>sub</em></strong></span> 
     </span>
     <span class='ocr_line' id='line_1_57' title="bbox 2623 2256 4558 2342; baseline -0.001 -19"><span class='ocrx_word' id='word_1_379' title='bbox 2623 2268 2839 2323; x_wconf 90' lang='lat' dir='ltr'><strong><em>terrae</em></strong></span> <span class='ocrx_word' id='word_1_380' title='bbox 2895 2258 3267 2342; x_wconf 88' lang='lat' dir='ltr'><strong><em>ingressum</em></strong></span> <span class='ocrx_word' id='word_1_381' title='bbox 3308 2256 3537 2323; x_wconf 79' lang='lat' dir='ltr'><strong><em>foedus</em></strong></span> <span class='ocrx_word' id='word_1_382' title='bbox 3602 2280 3793 2323; x_wconf 88' lang='lat' dir='ltr'><strong><em>suum</em></strong></span> <span class='ocrx_word' id='word_1_383' title='bbox 3839 2258 4098 2325; x_wconf 87' lang='lat' dir='ltr'><strong><em>circiter</em></strong></span> <span class='ocrx_word' id='word_1_384' title='bbox 4162 2260 4359 2323; x_wconf 88' lang='lat' dir='ltr'><strong><em>annis</em></strong></span> <span class='ocrx_word' id='word_1_385' title='bbox 4420 2278 4558 2342; x_wconf 87' lang='lat' dir='ltr'><strong><em>qua·</em></strong></span> 
     </span>
     <span class='ocr_line' id='line_1_58' title="bbox 2623 2343 4560 2428; baseline -0.001 -20"><span class='ocrx_word' id='word_1_386' title='bbox 2623 2344 2928 2428; x_wconf 87' lang='lat' dir='ltr'><strong><em>draginta</em></strong></span> <span class='ocrx_word' id='word_1_387' title='bbox 2984 2354 3131 2427; x_wconf 89' lang='lat' dir='ltr'><strong><em>post</em></strong></span> <span class='ocrx_word' id='word_1_388' title='bbox 3182 2344 3324 2408; x_wconf 91' lang='lat' dir='ltr'><strong><em>eius</em></strong></span> <span class='ocrx_word' id='word_1_389' title='bbox 3377 2343 3968 2428; x_wconf 84' lang='lat' dir='ltr'><strong><em>promulgationem</em></strong></span> <span class='ocrx_word' id='word_1_390' title='bbox 4030 2346 4419 2422; x_wconf 82' lang='lat' dir='ltr'><strong><em>renovavit,</em></strong></span> <span class='ocrx_word' id='word_1_391' title='bbox 4475 2344 4560 2408; x_wconf 88' lang='lat' dir='ltr'><strong><em>lu-</em></strong></span> 
     </span>
     <span class='ocr_line' id='line_1_59' title="bbox 2621 2429 4562 2514; baseline -0.001 -19"><span class='ocrx_word' id='word_1_392' title='bbox 2621 2429 2885 2495; x_wconf 87' lang='lat' dir='ltr'><strong><em>culenta</em></strong></span> <span class='ocrx_word' id='word_1_393' title='bbox 2950 2430 3388 2512; x_wconf 85' lang='lat' dir='ltr'><strong><em>explicatione</em></strong></span> <span class='ocrx_word' id='word_1_394' title='bbox 3454 2430 3697 2507; x_wconf 84' lang='lat' dir='ltr'><strong><em>addita,</em></strong></span> <span class='ocrx_word' id='word_1_395' title='bbox 3758 2431 3913 2514; x_wconf 87' lang='lat' dir='ltr'><strong><em>quia</em></strong></span> <span class='ocrx_word' id='word_1_396' title='bbox 3969 2440 4133 2497; x_wconf 87' lang='lat' dir='ltr'><strong><em>tune</em></strong></span> <span class='ocrx_word' id='word_1_397' title='bbox 4189 2452 4342 2498; x_wconf 89' lang='lat' dir='ltr'><strong><em>cnm</em></strong></span> <span class='ocrx_word' id='word_1_398' title='bbox 4404 2450 4562 2495; x_wconf 85' lang='lat' dir='ltr'><strong><em>nova</em></strong></span> 
     </span>
     <span class='ocr_line' id='line_1_60' title="bbox 2620 2516 4562 2601; baseline -0.001 -21"><span class='ocrx_word' id='word_1_399' title='bbox 2620 2525 2816 2600; x_wconf 91' lang='lat' dir='ltr'><strong><em>gente</em></strong></span> <span class='ocrx_word' id='word_1_400' title='bbox 2861 2525 3004 2580; x_wconf 90' lang='lat' dir='ltr'><strong><em>erat</em></strong></span> <span class='ocrx_word' id='word_1_401' title='bbox 3048 2519 3401 2601; x_wconf 89' lang='lat' dir='ltr'><strong><em>negotium.</em></strong></span> <span class='ocrx_word' id='word_1_402' title='bbox 3493 2516 3651 2581; x_wconf 90' lang='lat' dir='ltr'><strong><em>Ideo</em></strong></span> <span class='ocrx_word' id='word_1_403' title='bbox 3695 2516 3875 2583; x_wconf 88' lang='lat' dir='ltr'><strong><em>locus</em></strong></span> <span class='ocrx_word' id='word_1_404' title='bbox 3929 2518 4347 2601; x_wconf 88' lang='lat' dir='ltr'><strong><em>exprimitur,</em></strong></span> <span class='ocrx_word' id='word_1_405' title='bbox 4399 2516 4562 2583; x_wconf 91' lang='lat' dir='ltr'><strong><em>unde</em></strong></span> 
     </span>
     <span class='ocr_line' id='line_1_61' title="bbox 2618 2603 3596 2685; baseline 0 -18"><span class='ocrx_word' id='word_1_406' title='bbox 2618 2610 2686 2667; x_wconf 89' lang='lat' dir='ltr'><strong><em>et</em></strong></span> <span class='ocrx_word' id='word_1_407' title='bbox 2730 2603 3045 2685; x_wconf 90' lang='lat' dir='ltr'><strong><em>temporis</em></strong></span> <span class='ocrx_word' id='word_1_408' title='bbox 3090 2603 3260 2666; x_wconf 91' lang='lat' dir='ltr'><strong><em>ratio</em></strong></span> <span class='ocrx_word' id='word_1_409' title='bbox 3305 2613 3596 2685; x_wconf 82' lang='lat' dir='ltr'><strong><em>apparet.</em></strong></span> 
     </span>
    </p>

    <p class='ocr_par' dir='ltr' id='par_1_14' title="bbox 2611 2687 4575 4152">
     <span class='ocr_line' id='line_1_62' title="bbox 2792 2687 4564 2773; baseline 0.001 -21"><span class='ocrx_word' id='word_1_410' title='bbox 2792 2688 2988 2753; x_wconf 90' lang='lat' dir='ltr'><strong><em>Deut.</em></strong></span> <span class='ocrx_word' id='word_1_411' title='bbox 3025 2688 3086 2766; x_wconf 89' lang='lat'><strong><em>4,</em></strong></span> <span class='ocrx_word' id='word_1_412' title='bbox 3124 2687 3228 2753; x_wconf 90' lang='lat'><strong><em>44.</em></strong></span> <span class='ocrx_word' id='word_1_413' title='bbox 3312 2688 3489 2753; x_wconf 84' lang='lat' dir='ltr'><strong><em>Haec</em></strong></span> <span class='ocrx_word' id='word_1_414' title='bbox 3524 2694 3616 2755; x_wconf 83' lang='lat' dir='ltr'><strong><em>est</em></strong></span> <span class='ocrx_word' id='word_1_415' title='bbox 3657 2688 3774 2755; x_wconf 81' lang='lat' dir='ltr'><strong><em>lex.</em></strong></span> <span class='ocrx_word' id='word_1_416' title='bbox 3863 2688 4117 2760; x_wconf 85' lang='lat' dir='ltr'><strong><em>Eodem</em></strong></span> <span class='ocrx_word' id='word_1_417' title='bbox 4162 2697 4422 2773; x_wconf 88' lang='lat' dir='ltr'><strong><em>spectat</em></strong></span> <span class='ocrx_word' id='word_1_418' title='bbox 4464 2688 4564 2753; x_wconf 86' lang='lat' dir='ltr'><strong><em>bic</em></strong></span> 
     </span>
     <span class='ocr_line' id='line_1_63' title="bbox 2617 2773 4563 2859; baseline 0 -21"><span class='ocrx_word' id='word_1_419' title='bbox 2617 2773 2890 2838; x_wconf 88' lang='lat' dir='ltr'><strong><em>ultimus</em></strong></span> <span class='ocrx_word' id='word_1_420' title='bbox 2934 2774 3134 2851; x_wconf 85' lang='lat' dir='ltr'><strong><em>loeus,</em></strong></span> <span class='ocrx_word' id='word_1_421' title='bbox 3195 2774 3406 2858; x_wconf 89' lang='lat' dir='ltr'><strong><em>legem</em></strong></span> <span class='ocrx_word' id='word_1_422' title='bbox 3453 2775 3698 2841; x_wconf 88' lang='lat' dir='ltr'><strong><em>seilicet</em></strong></span> <span class='ocrx_word' id='word_1_423' title='bbox 3742 2775 3824 2840; x_wconf 89' lang='lat' dir='ltr'><strong><em>de</em></strong></span> <span class='ocrx_word' id='word_1_424' title='bbox 3866 2776 4129 2859; x_wconf 88' lang='lat' dir='ltr'><strong><em>integro</em></strong></span> <span class='ocrx_word' id='word_1_425' title='bbox 4178 2776 4385 2841; x_wconf 85' lang='lat' dir='ltr'><strong><em>fuisse</em></strong></span> <span class='ocrx_word' id='word_1_426' title='bbox 4428 2794 4563 2857; x_wconf 90' lang='lat' dir='ltr'><strong><em>pro-</em></strong></span> 
     </span>
     <span class='ocr_line' id='line_1_64' title="bbox 2615 2859 4568 2945; baseline 0.001 -22"><span class='ocrx_word' id='word_1_427' title='bbox 2615 2859 2979 2943; x_wconf 88' lang='lat' dir='ltr'><strong><em>mulgatam</em></strong></span> <span class='ocrx_word' id='word_1_428' title='bbox 3037 2881 3118 2925; x_wconf 94' lang='lat' dir='ltr'><strong><em>ex</em></strong></span> <span class='ocrx_word' id='word_1_429' title='bbox 3172 2880 3299 2943; x_wconf 92' lang='lat' dir='ltr'><strong><em>quo</em></strong></span> <span class='ocrx_word' id='word_1_430' title='bbox 3344 2859 3547 2924; x_wconf 88' lang='lat' dir='ltr'><strong><em>limen</em></strong></span> <span class='ocrx_word' id='word_1_431' title='bbox 3592 2874 3806 2927; x_wconf 87' lang='lat' dir='ltr'><strong><em>terrae</em></strong></span> <span class='ocrx_word' id='word_1_432' title='bbox 3852 2862 4212 2945; x_wconf 87' lang='lat' dir='ltr'><strong><em>promissae</em></strong></span> <span class='ocrx_word' id='word_1_433' title='bbox 4257 2863 4568 2945; x_wconf 85' lang='lat' dir='ltr'><strong><em>attigerat</em></strong></span> 
     </span>
     <span class='ocr_line' id='line_1_65' title="bbox 2613 2945 4566 3031; baseline 0.001 -22"><span class='ocrx_word' id='word_1_434' title='bbox 2613 2945 2914 3029; x_wconf 90' lang='lat' dir='ltr'><strong><em>populus,</em></strong></span> <span class='ocrx_word' id='word_1_435' title='bbox 2959 2967 3085 3029; x_wconf 92' lang='lat' dir='ltr'><strong><em>quo</em></strong></span> <span class='ocrx_word' id='word_1_436' title='bbox 3111 2946 3495 3030; x_wconf 88' lang='lat' dir='ltr'><strong><em>propensior</em></strong></span> <span class='ocrx_word' id='word_1_437' title='bbox 3523 2957 3696 3013; x_wconf 88' lang='lat' dir='ltr'><strong><em>esset</em></strong></span> <span class='ocrx_word' id='word_1_438' title='bbox 3716 2946 3798 3013; x_wconf 89' lang='lat' dir='ltr'><strong><em>ad</em></strong></span> <span class='ocrx_word' id='word_1_439' title='bbox 3825 2949 4228 3031; x_wconf 90' lang='lat' dir='ltr'><strong><em>obsequium,</em></strong></span> <span class='ocrx_word' id='word_1_440' title='bbox 4274 2967 4566 3031; x_wconf 87' lang='lat' dir='ltr'><strong><em>praeser-</em></strong></span> 
     </span>
     <span class='ocr_line' id='line_1_66' title="bbox 2613 3032 4565 3116; baseline 0.001 -20"><span class='ocrx_word' id='word_1_441' title='bbox 2613 3033 2732 3097; x_wconf 90' lang='lat' dir='ltr'><strong><em>tim</em></strong></span> <span class='ocrx_word' id='word_1_442' title='bbox 2777 3052 2976 3116; x_wconf 88' lang='lat' dir='ltr'><strong><em>quum</em></strong></span> <span class='ocrx_word' id='word_1_443' title='bbox 3019 3034 3150 3098; x_wconf 90' lang='lat' dir='ltr'><strong><em>iam</em></strong></span> <span class='ocrx_word' id='word_1_444' title='bbox 3198 3032 3369 3098; x_wconf 85' lang='lat' dir='ltr'><strong><em>duae</em></strong></span> <span class='ocrx_word' id='word_1_445' title='bbox 3412 3032 3625 3099; x_wconf 88' lang='lat' dir='ltr'><strong><em>tribus</em></strong></span> <span class='ocrx_word' id='word_1_446' title='bbox 3669 3042 3734 3100; x_wconf 91' lang='lat' dir='ltr'><strong><em>et</em></strong></span> <span class='ocrx_word' id='word_1_447' title='bbox 3778 3032 4054 3100; x_wconf 88' lang='lat' dir='ltr'><strong><em>dimidia</em></strong></span> <span class='ocrx_word' id='word_1_448' title='bbox 4096 3034 4290 3101; x_wconf 86' lang='lat' dir='ltr'><strong><em>victis</em></strong></span> <span class='ocrx_word' id='word_1_449' title='bbox 4336 3034 4565 3100; x_wconf 86' lang='lat' dir='ltr'><strong><em>Emor-</em></strong></span> 
     </span>
     <span class='ocr_line' id='line_1_67' title="bbox 2614 3117 4564 3202; baseline -0.001 -19"><span class='ocrx_word' id='word_1_450' title='bbox 2614 3118 2832 3185; x_wconf 91' lang='lat' dir='ltr'><strong><em>rhaeis</em></strong></span> <span class='ocrx_word' id='word_1_451' title='bbox 2890 3119 3115 3185; x_wconf 90' lang='lat' dir='ltr'><strong><em>sedem</em></strong></span> <span class='ocrx_word' id='word_1_452' title='bbox 3172 3119 3445 3202; x_wconf 87' lang='lat' dir='ltr'><strong><em>adeptae</em></strong></span> <span class='ocrx_word' id='word_1_453' title='bbox 3504 3128 3731 3186; x_wconf 87' lang='lat' dir='ltr'><strong><em>essent</em></strong></span> <span class='ocrx_word' id='word_1_454' title='bbox 3774 3142 3851 3188; x_wconf 90' lang='lat' dir='ltr'><strong><em>ac</em></strong></span> <span class='ocrx_word' id='word_1_455' title='bbox 3895 3120 4322 3187; x_wconf 84' lang='lat' dir='ltr'><strong><em>domicilium.</em></strong></span> <span class='ocrx_word' id='word_1_456' title='bbox 4412 3117 4564 3185; x_wconf 87' lang='lat' dir='ltr'><strong><em>Ideo</em></strong></span> 
     </span>
     <span class='ocr_line' id='line_1_68' title="bbox 2612 3204 4570 3291; baseline 0.001 -22"><span class='ocrx_word' id='word_1_457' title='bbox 2612 3205 2790 3270; x_wconf 90' lang='lat' dir='ltr'><strong><em>enim</em></strong></span> <span class='ocrx_word' id='word_1_458' title='bbox 2837 3204 3262 3270; x_wconf 87' lang='lat' dir='ltr'><strong><em>habitationis</em></strong></span> <span class='ocrx_word' id='word_1_459' title='bbox 3307 3206 3382 3270; x_wconf 89' lang='lat' dir='ltr'><strong><em>fit</em></strong></span> <span class='ocrx_word' id='word_1_460' title='bbox 3422 3207 3707 3285; x_wconf 91' lang='lat' dir='ltr'><strong><em>mentio,</em></strong></span> <span class='ocrx_word' id='word_1_461' title='bbox 3749 3208 3906 3291; x_wconf 88' lang='lat' dir='ltr'><strong><em>quia</em></strong></span> <span class='ocrx_word' id='word_1_462' title='bbox 3949 3215 4186 3291; x_wconf 87' lang='lat' dir='ltr'><strong><em>gustus</em></strong></span> <span class='ocrx_word' id='word_1_463' title='bbox 4221 3215 4570 3290; x_wconf 84' lang='lat' dir='ltr'><strong><em>perceptae</em></strong></span> 
     </span>
     <span class='ocr_line' id='line_1_69' title="bbox 2613 3289 4564 3377; baseline -0.001 -21"><span class='ocrx_word' id='word_1_464' title='bbox 2613 3291 2864 3374; x_wconf 88' lang='lat' dir='ltr'><strong><em>gratiae</em></strong></span> <span class='ocrx_word' id='word_1_465' title='bbox 2908 3312 3142 3357; x_wconf 86' lang='lat' dir='ltr'><strong><em>acuere</em></strong></span> <span class='ocrx_word' id='word_1_466' title='bbox 3185 3289 3459 3357; x_wconf 89' lang='lat' dir='ltr'><strong><em>debebat</em></strong></span> <span class='ocrx_word' id='word_1_467' title='bbox 3503 3312 3726 3358; x_wconf 90' lang='lat' dir='ltr'><strong><em>eorum</em></strong></span> <span class='ocrx_word' id='word_1_468' title='bbox 3775 3294 4068 3358; x_wconf 89' lang='lat' dir='ltr'><strong><em>studium</em></strong></span> <span class='ocrx_word' id='word_1_469' title='bbox 4117 3314 4246 3377; x_wconf 93' lang='lat' dir='ltr'><strong><em>quo</em></strong></span> <span class='ocrx_word' id='word_1_470' title='bbox 4286 3291 4564 3358; x_wconf 77' lang='lat' dir='ltr'><strong><em>alacrius</em></strong></span> 
     </span>
     <span class='ocr_line' id='line_1_70' title="bbox 2613 3375 4563 3462; baseline 0 -22"><span class='ocrx_word' id='word_1_471' title='bbox 2613 3384 2980 3460; x_wconf 85' lang='lat' dir='ltr'><strong><em>pergerent.</em></strong></span> <span class='ocrx_word' id='word_1_472' title='bbox 3070 3376 3176 3442; x_wconf 90' lang='lat' dir='ltr'><strong><em>De</em></strong></span> <span class='ocrx_word' id='word_1_473' title='bbox 3220 3379 3486 3462; x_wconf 89' lang='lat' dir='ltr'><strong><em>regione</em></strong></span> <span class='ocrx_word' id='word_1_474' title='bbox 3531 3390 3599 3443; x_wconf 92' lang='lat' dir='ltr'><strong><em>et</em></strong></span> <span class='ocrx_word' id='word_1_475' title='bbox 3640 3378 3931 3445; x_wconf 88' lang='lat' dir='ltr'><strong><em>locorum</em></strong></span> <span class='ocrx_word' id='word_1_476' title='bbox 3974 3378 4357 3445; x_wconf 91' lang='lat' dir='ltr'><strong><em>nominibus</em></strong></span> <span class='ocrx_word' id='word_1_477' title='bbox 4414 3375 4563 3443; x_wconf 88' lang='lat' dir='ltr'><strong><em>alibi</em></strong></span> 
     </span>
     <span class='ocr_line' id='line_1_71' title="bbox 2614 3462 4566 3544; baseline -0.001 -18"><span class='ocrx_word' id='word_1_478' title='bbox 2614 3462 2994 3528; x_wconf 85' lang='lat' dir='ltr'><strong><em>videbimus.</em></strong></span> <span class='ocrx_word' id='word_1_479' title='bbox 3084 3463 3281 3530; x_wconf 89' lang='lat' dir='ltr'><strong><em>Nunc</em></strong></span> <span class='ocrx_word' id='word_1_480' title='bbox 3328 3476 3550 3528; x_wconf 89' lang='lat' dir='ltr'><strong><em>tenere</em></strong></span> <span class='ocrx_word' id='word_1_481' title='bbox 3584 3466 3745 3530; x_wconf 88' lang='lat' dir='ltr'><strong><em>satis</em></strong></span> <span class='ocrx_word' id='word_1_482' title='bbox 3781 3475 3898 3544; x_wconf 88' lang='lat' dir='ltr'><strong><em>est,</em></strong></span> <span class='ocrx_word' id='word_1_483' title='bbox 3943 3478 4335 3530; x_wconf 82' lang='lat' dir='ltr'><strong><em>renovatam</em></strong></span> <span class='ocrx_word' id='word_1_484' title='bbox 4372 3464 4566 3529; x_wconf 84' lang='lat' dir='ltr'><strong><em>fuisse</em></strong></span> 
     </span>
     <span class='ocr_line' id='line_1_72' title="bbox 2611 3548 4568 3635; baseline -0.001 -23"><span class='ocrx_word' id='word_1_485' title='bbox 2611 3548 2778 3632; x_wconf 88' lang='lat' dir='ltr'><strong><em>legis</em></strong></span> <span class='ocrx_word' id='word_1_486' title='bbox 2824 3550 3237 3629; x_wconf 90' lang='lat' dir='ltr'><strong><em>memoriam,</em></strong></span> <span class='ocrx_word' id='word_1_487' title='bbox 3298 3559 3645 3634; x_wconf 89' lang='lat' dir='ltr'><strong><em>postquam</em></strong></span> <span class='ocrx_word' id='word_1_488' title='bbox 3707 3562 3898 3617; x_wconf 87' lang='lat' dir='ltr'><strong><em>extra</em></strong></span> <span class='ocrx_word' id='word_1_489' title='bbox 3941 3562 4184 3616; x_wconf 90' lang='lat' dir='ltr'><strong><em>sortem</em></strong></span> <span class='ocrx_word' id='word_1_490' title='bbox 4239 3552 4568 3635; x_wconf 87' lang='lat' dir='ltr'><strong><em>obtigerat</em></strong></span> 
     </span>
     <span class='ocr_line' id='line_1_73' title="bbox 2614 3635 4566 3716; baseline -0.001 -18"><span class='ocrx_word' id='word_1_491' title='bbox 2614 3635 2810 3699; x_wconf 89' lang='lat' dir='ltr'><strong><em>statio</em></strong></span> <span class='ocrx_word' id='word_1_492' title='bbox 2855 3635 3008 3700; x_wconf 87' lang='lat' dir='ltr'><strong><em>filiis</em></strong></span> <span class='ocrx_word' id='word_1_493' title='bbox 3051 3635 3289 3702; x_wconf 89' lang='lat' dir='ltr'><strong><em>Ruben</em></strong></span> <span class='ocrx_word' id='word_1_494' title='bbox 3333 3645 3400 3702; x_wconf 90' lang='lat' dir='ltr'><strong><em>et</em></strong></span> <span class='ocrx_word' id='word_1_495' title='bbox 3444 3635 3631 3716; x_wconf 84' lang='lat' dir='ltr'><strong><em>Gad,</em></strong></span> <span class='ocrx_word' id='word_1_496' title='bbox 3685 3646 3755 3702; x_wconf 90' lang='lat' dir='ltr'><strong><em>et</em></strong></span> <span class='ocrx_word' id='word_1_497' title='bbox 3807 3637 4116 3702; x_wconf 86' lang='lat' dir='ltr'><strong><em>dimidiae</em></strong></span> <span class='ocrx_word' id='word_1_498' title='bbox 4157 3637 4370 3703; x_wconf 90' lang='lat' dir='ltr'><strong><em>tribui</em></strong></span> <span class='ocrx_word' id='word_1_499' title='bbox 4434 3636 4566 3701; x_wconf 83' lang='lat' dir='ltr'><strong><em>Ma-</em></strong></span> 
     </span>
     <span class='ocr_line' id='line_1_74' title="bbox 2614 3721 4566 3806; baseline 0 -22"><span class='ocrx_word' id='word_1_500' title='bbox 2614 3740 2828 3798; x_wconf 88' lang='lat' dir='ltr'><strong><em>naese,</em></strong></span> <span class='ocrx_word' id='word_1_501' title='bbox 2875 3721 3146 3804; x_wconf 88' lang='lat' dir='ltr'><strong><em>reliquis</em></strong></span> <span class='ocrx_word' id='word_1_502' title='bbox 3168 3733 3390 3787; x_wconf 89' lang='lat' dir='ltr'><strong><em>autem</em></strong></span> <span class='ocrx_word' id='word_1_503' title='bbox 3415 3729 3597 3788; x_wconf 86' lang='lat' dir='ltr'><strong><em>certa</em></strong></span> <span class='ocrx_word' id='word_1_504' title='bbox 3630 3725 3955 3806; x_wconf 87' lang='lat' dir='ltr'><strong><em>possessio</em></strong></span> <span class='ocrx_word' id='word_1_505' title='bbox 3982 3733 4136 3788; x_wconf 89' lang='lat' dir='ltr'><strong><em>ante</em></strong></span> <span class='ocrx_word' id='word_1_506' title='bbox 4157 3725 4387 3791; x_wconf 89' lang='lat' dir='ltr'><strong><em>oculos</em></strong></span> <span class='ocrx_word' id='word_1_507' title='bbox 4425 3721 4566 3787; x_wconf 89' lang='lat' dir='ltr'><strong><em>sub-</em></strong></span> 
     </span>
     <span class='ocr_line' id='line_1_75' title="bbox 2612 3807 4571 3893; baseline 0.001 -24"><span class='ocrx_word' id='word_1_508' title='bbox 2612 3807 2782 3871; x_wconf 89' lang='lat' dir='ltr'><strong><em>iecta</em></strong></span> <span class='ocrx_word' id='word_1_509' title='bbox 2817 3817 3010 3872; x_wconf 88' lang='lat' dir='ltr'><strong><em>esset.</em></strong></span> <span class='ocrx_word' id='word_1_510' title='bbox 3069 3808 3421 3874; x_wconf 88' lang='lat' dir='ltr'><strong><em>Caeterum</em></strong></span> <span class='ocrx_word' id='word_1_511' title='bbox 3474 3808 3760 3874; x_wconf 90' lang='lat' dir='ltr'><strong><em>ostendit</em></strong></span> <span class='ocrx_word' id='word_1_512' title='bbox 3800 3810 4041 3888; x_wconf 85' lang='lat' dir='ltr'><strong><em>Moses,</em></strong></span> <span class='ocrx_word' id='word_1_513' title='bbox 4088 3811 4397 3893; x_wconf 86' lang='lat' dir='ltr'><strong><em>quamvis</em></strong></span> <span class='ocrx_word' id='word_1_514' title='bbox 4432 3808 4571 3890; x_wconf 89' lang='lat' dir='ltr'><strong><em>plu-</em></strong></span> 
     </span>
     <span class='ocr_line' id='line_1_76' title="bbox 2612 3890 4570 3979; baseline -0.001 -22"><span class='ocrx_word' id='word_1_515' title='bbox 2612 3890 2797 3958; x_wconf 92' lang='lat' dir='ltr'><strong><em>ribus</em></strong></span> <span class='ocrx_word' id='word_1_516' title='bbox 2836 3893 3054 3960; x_wconf 86' lang='lat' dir='ltr'><strong><em>verbis</em></strong></span> <span class='ocrx_word' id='word_1_517' title='bbox 3097 3894 3312 3979; x_wconf 89' lang='lat' dir='ltr'><strong><em>legem</em></strong></span> <span class='ocrx_word' id='word_1_518' title='bbox 3355 3894 3764 3979; x_wconf 87' lang='lat' dir='ltr'><strong><em>explicuerit,</em></strong></span> <span class='ocrx_word' id='word_1_519' title='bbox 3810 3895 3976 3960; x_wconf 90' lang='lat' dir='ltr'><strong><em>nihil</em></strong></span> <span class='ocrx_word' id='word_1_520' title='bbox 4014 3906 4235 3960; x_wconf 89' lang='lat' dir='ltr'><strong><em>tamen</em></strong></span> <span class='ocrx_word' id='word_1_521' title='bbox 4277 3894 4570 3961; x_wconf 88' lang='lat' dir='ltr'><strong><em>additum</em></strong></span> 
     </span>
     <span class='ocr_line' id='line_1_77' title="bbox 2611 3977 4570 4065; baseline -0.001 -24"><span class='ocrx_word' id='word_1_522' title='bbox 2611 3977 2817 4044; x_wconf 87' lang='lat' dir='ltr'><strong><em>fuisse</em></strong></span> <span class='ocrx_word' id='word_1_523' title='bbox 2842 3979 2926 4043; x_wconf 91' lang='lat' dir='ltr'><strong><em>ad</em></strong></span> <span class='ocrx_word' id='word_1_524' title='bbox 2948 4001 3092 4045; x_wconf 89' lang='lat' dir='ltr'><strong><em>eam</em></strong></span> <span class='ocrx_word' id='word_1_525' title='bbox 3116 4001 3443 4046; x_wconf 88' lang='lat' dir='ltr'><strong><em>summam</em></strong></span> <span class='ocrx_word' id='word_1_526' title='bbox 3480 4002 3648 4064; x_wconf 89' lang='lat' dir='ltr'><strong><em>quae</em></strong></span> <span class='ocrx_word' id='word_1_527' title='bbox 3671 3982 3862 4047; x_wconf 88' lang='lat' dir='ltr'><strong><em>initio</em></strong></span> <span class='ocrx_word' id='word_1_528' title='bbox 3885 3981 4305 4065; x_wconf 86' lang='lat' dir='ltr'><strong><em>promulgata</em></strong></span> <span class='ocrx_word' id='word_1_529' title='bbox 4328 3982 4570 4047; x_wconf 84' lang='lat' dir='ltr'><strong><em>fuerat:</em></strong></span> 
     </span>
     <span class='ocr_line' id='line_1_78' title="bbox 2614 4065 4575 4152; baseline 0 -24"><span class='ocrx_word' id='word_1_530' title='bbox 2614 4065 2772 4147; x_wconf 92' lang='lat' dir='ltr'><strong><em>quin</em></strong></span> <span class='ocrx_word' id='word_1_531' title='bbox 2818 4065 3036 4147; x_wconf 87' lang='lat' dir='ltr'><strong><em>potius</em></strong></span> <span class='ocrx_word' id='word_1_532' title='bbox 3073 4067 3416 4150; x_wconf 86' lang='lat' dir='ltr'><strong><em>significat,</em></strong></span> <span class='ocrx_word' id='word_1_533' title='bbox 3452 4087 3875 4152; x_wconf 89' lang='lat' dir='ltr'><strong><em>quaecunque</em></strong></span> <span class='ocrx_word' id='word_1_534' title='bbox 3911 4068 4103 4133; x_wconf 89' lang='lat' dir='ltr'><strong><em>annis</em></strong></span> <span class='ocrx_word' id='word_1_535' title='bbox 4137 4066 4575 4152; x_wconf 83' lang='lat' dir='ltr'><strong><em>quadraginta</em></strong></span> 
     </span>
    </p>
   </div>
   <div class='ocr_carea' id='block_1_13' title="bbox 2454 4150 4575 4239">
    <p class='ocr_par' dir='ltr' id='par_1_15' title="bbox 2454 4150 4575 4239">
     <span class='ocr_line' id='line_1_79' title="bbox 2454 4150 4575 4239; baseline 0.001 -26"><span class='ocrx_word' id='word_1_536' title='bbox 2454 4187 2481 4214; x_wconf 66' lang='lat'>2</span> <span class='ocrx_word' id='word_1_537' title='bbox 2614 4150 2855 4227; x_wconf 88' lang='lat' dir='ltr'><strong><em>docuit,</em></strong></span> <span class='ocrx_word' id='word_1_538' title='bbox 2895 4173 3029 4217; x_wconf 90' lang='lat' dir='ltr'><strong><em>non</em></strong></span> <span class='ocrx_word' id='word_1_539' title='bbox 3069 4153 3199 4218; x_wconf 91' lang='lat' dir='ltr'><strong><em>alio</em></strong></span> <span class='ocrx_word' id='word_1_540' title='bbox 3236 4162 3571 4236; x_wconf 89' lang='lat' dir='ltr'><strong><em>spectasse</em></strong></span> <span class='ocrx_word' id='word_1_541' title='bbox 3614 4175 3811 4238; x_wconf 89' lang='lat' dir='ltr'><strong><em>quam</em></strong></span> <span class='ocrx_word' id='word_1_542' title='bbox 3848 4163 3921 4219; x_wconf 92' lang='lat' dir='ltr'><strong><em>ut</em></strong></span> <span class='ocrx_word' id='word_1_543' title='bbox 3957 4155 4168 4239; x_wconf 88' lang='lat' dir='ltr'><strong><em>legem</em></strong></span> <span class='ocrx_word' id='word_1_544' title='bbox 4206 4152 4342 4220; x_wconf 90' lang='lat' dir='ltr'><strong><em>Dei</em></strong></span> <span class='ocrx_word' id='word_1_545' title='bbox 4380 4151 4575 4236; x_wconf 89' lang='lat' dir='ltr'><strong><em>probe</em></strong></span> 
     </span>
    </p>
   </div>
   <div class='ocr_carea' id='block_1_14' title="bbox 2612 4247 3330 4321">
    <p class='ocr_par' dir='ltr' id='par_1_16' title="bbox 2612 4247 3330 4321">
     <span class='ocr_line' id='line_1_80' title="bbox 2612 4247 3330 4321; baseline 0.007 -22"><span class='ocrx_word' id='word_1_546' title='bbox 2612 4247 2973 4321; x_wconf 81' lang='lat' dir='ltr'><strong><em>exactaque</em></strong></span> <span class='ocrx_word' id='word_1_547' title='bbox 3008 4248 3330 4305; x_wconf 88' lang='lat' dir='ltr'><strong><em>tenerent.</em></strong></span> 
     </span>
    </p>
   </div>
   <div class='ocr_carea' id='block_1_15' title="bbox 2197 4833 2919 4850">
    <p class='ocr_par' dir='ltr' id='par_1_17' title="bbox 2197 4833 2919 4850">
     <span class='ocr_line' id='line_1_81' title="bbox 2197 4833 2919 4850; baseline 0 0"><span class='ocrx_word' id='word_1_548' title='bbox 2197 4833 2919 4850; x_wconf 95' lang='lat' dir='ltr'><strong><em> </em></strong></span> 
     </span>
    </p>
   </div>
   <div class='ocr_carea' id='block_1_16' title="bbox 4821 5 4825 6094">
    <p class='ocr_par' dir='ltr' id='par_1_18' title="bbox 4821 5 4825 6094">
     <span class='ocr_line' id='line_1_82' title="bbox 4821 5 4825 6094; baseline 0 0"><span class='ocrx_word' id='word_1_549' title='bbox 4821 5 4825 6094; x_wconf 95' lang='lat' dir='ltr'><strong><em> </em></strong></span> 
     </span>
    </p>
   </div>
  </div>
 </body>
</html>
