4867 6150
555 428 684 495 391

557 617 1138 700 superstitionibus
1184 619 1400 686 affine.
1489 619 1642 686 Huc
1685 629 1938 704 spectat
1982 620 2359 703 prohibitio,
2421 642 2505 685 ne

559 703 993 770 seIsraelitae
1037 724 1186 769 cum
1217 705 1360 771 Deo
1403 714 1637 790 gerant
1681 709 1851 773 sicut
1893 720 2125 791 gentes
2170 728 2317 773 cum
2363 706 2503 771 ido-

555 787 673 868 lis,
730 789 846 854 sed
902 791 1292 874 interposita
1348 791 1436 857 sit
1491 792 1776 859 maceria
1833 814 1997 876 quae
2054 793 2228 875 ipsos
2285 814 2327 858 a
2370 801 2506 857 toto

554 874 712 941 orbe
755 885 1033 960 separet.
1121 878 1288 943 Tota
1332 887 1551 943 autem
1596 888 1869 944 externa
1913 878 2131 945 cultus
2179 879 2302 943 Dei
2350 900 2497 961 pro-

555 960 754 1027 fessio
813 973 961 1045 apte
1015 962 1299 1028 secundo
1357 974 1702 1048 praecepto
1763 966 2170 1031 annectitur:
2225 965 2376 1047 quia
2421 987 2503 1029 ex

555 1068 634 1112 eo
665 1046 1005 1131 dependet,
1049 1070 1169 1115 nec
1213 1049 1340 1115 alio
1387 1049 1598 1116 tendit
1641 1072 1836 1134 quam
1882 1050 1964 1116 ad
2009 1051 2149 1116 eius
2193 1049 2504 1115 observa-

555 1133 827 1199 tionem.
917 1134 1127 1199 Porro
1173 1133 1253 1199 de
1300 1134 1742 1217 tabernaculo,
1788 1136 2147 1203 sacerdotio
2192 1146 2260 1201 et
2301 1137 2504 1202 sacri-

553 1217 722 1284 ficiis
780 1221 980 1285 verba
1026 1220 1352 1300 facturus,
1411 1222 1621 1287 altum
1665 1232 1733 1289 et
1774 1224 2130 1306 spatiosum
2176 1243 2357 1288 mare
2403 1222 2503 1287 in-

558 1305 849 1389 gredior:
909 1306 979 1370 in
1040 1328 1167 1388 quo
1211 1308 1398 1373 multi
1445 1310 1871 1391 interpretes,
1933 1308 2091 1374 dum
2139 1308 2505 1375 curiositati

558 1413 715 1457 suae
770 1390 1152 1477 indulgent,
1213 1415 1330 1477 per
1383 1395 1714 1461 flexuosos
1759 1416 2013 1460 errores
2061 1395 2281 1479 vagati
2327 1404 2501 1460 sunt.

558 1477 804 1543 Eorum
867 1478 1089 1562 itaque
1143 1480 1443 1563 exemplo
1489 1481 1861 1546 admonitus
1906 1481 2051 1548 vela
2095 1480 2502 1559 contraham,

558 1572 624 1628 et
659 1584 855 1647 parce
893 1575 1151 1629 tantum
1196 1564 1413 1631 libabo
1457 1588 1622 1649 quae
1667 1566 1748 1631 ad
1789 1566 1987 1633 fidem
2032 1565 2502 1633 aedificandam

523 1649 800 1716 ·valent.
889 1650 1033 1715 Iam
1094 1672 1251 1716 vero
1309 1652 1578 1735 rogandi
1624 1661 1779 1718 sunt
1824 1653 2129 1730 lectores,
2173 1673 2305 1718 non
2353 1664 2501 1718 tan-

558 1746 700 1800 tum
760 1744 832 1801 ut
888 1736 1047 1802 mihi
1107 1736 1475 1803 condonent
1533 1739 1701 1822 quod
1761 1739 1842 1806 ab
1903 1741 2155 1823 argutis
2207 1739 2500 1821 specula-

559 1821 854 1888 tionibus
912 1822 1241 1902 abstine0,
1304 1823 1417 1890 sed
1478 1833 1551 1890 ut
1607 1826 1735 1908 ipsi
1789 1846 2044 1909 quoque
2102 1825 2279 1889 intra
2334 1826 2501 1890 finos

557 1907 999 1990 simplicitatis
1055 1909 1335 1975 libenter
1392 1932 1461 1976 se
1514 1911 1911 1977 contineant.
2015 1910 2247 1976 Multis
2306 1930 2501 1975 aures

558 1994 899 2078 pruriunt:
958 2003 1023 2059 et
1076 2017 1194 2079 pro
1250 1997 1547 2079 ingenita
1605 1997 1932 2078 vanitate,
1979 1998 2335 2062 maximam
2383 1997 2498 2061 ho-

561 2081 811 2144 minum
876 2093 1133 2163 partem
1200 2082 1411 2165 magis
1469 2082 1799 2148 oblectant
1853 2084 2084 2148 inanes
2149 2083 2500 2166 allegoriae

553 2185 753 2248 quam
821 2166 1029 2233 solida
1093 2166 1394 2233 eruditio.
1504 2169 1759 2233 Verum
1823 2170 2063 2253 quibus
2126 2169 2197 2233 in
2275 2168 2500 2234 schola

552 2251 680 2317 Dei
717 2254 1032 2336 proficere
1075 2253 1335 2319 animus
1381 2254 1523 2333 erit,
1569 2253 1822 2321 discant
1864 2276 2247 2338 perversum
2296 2252 2496 2340 (quod

552 2356 776 2403 eorum
813 2352 1067 2405 mentes
1106 2338 1355 2490 titillat?
1401 2338 1794 2406 desiderium
1843 2341 2187 2424 plusquam
2232 2340 2501 2423 expedit

551 2424 834 2503 sciendi,
880 2426 1201 2490 fraenare.
1359 2446 1483 2491 unc
1527 2426 1732 2492 Mosis
1777 2428 1979 2492 verba
2023 2426 2496 2510 expendamus.

726 2510 787 2575 5.
864 2509 992 2575 Sed
1048 2511 1244 2576 locum
1300 2530 1481 2594 quem
1536 2513 1784 2595 eleyerit
1838 2511 2035 2578 Deus.
2141 2511 2500 2593 Quaeritur

551 2614 671 2660 cur
714 2596 785 2660 in
831 2618 962 2662 uno
1007 2605 1266 2662 tantum
1316 2597 1505 2663 altari
1553 2598 1829 2664 voluerit
1876 2599 2059 2664 Deus
2102 2599 2325 2665 offerri
2370 2597 2495 2664 sibi

552 2681 890 2747 sacrificia.
958 2682 1230 2749 Praeter
1265 2684 1584 2749 rationem
1619 2704 1815 2767 quam
1863 2707 2072 2767 nuper
2116 2684 2326 2764 attuli,
2373 2684 2494 2750 mi-

549 2765 729 2832 nime
776 2766 1042 2833 dubium
1088 2777 1190 2834 est
1224 2769 1381 2852 quin
1421 2769 1543 2835 hoc
1578 2769 1769 2834 modo
1813 2769 2114 2836 fidelibus
2157 2770 2499 2836 consulue-

549 2854 659 2929 rit,
696 2865 772 2918 ut
806 2874 1198 2919 consensum
1233 2856 1301 2919 in
1338 2854 1490 2920 fidei
1527 2857 1776 2921 unitate
1813 2857 1987 2921 inter
2021 2858 2196 2939 ipsos
2225 2857 2493 2924 foveret.

546 2937 769 3005 Locus
827 2962 983 3024 ergo
1035 2941 1337 3007 omnibus
1395 2944 1765 3007 communis
1821 2942 2034 3007 instar
2086 2941 2319 3008 vexilli
2372 2943 2498 3008 fuit

547 3023 630 3090 ad
675 3025 1112 3111 colligendum
1160 3026 1503 3113 populum,
1552 3050 1635 3094 ne
1680 3028 2090 3095 scinderetur
2135 3028 2383 3115 religi0,
2430 3039 2497 3095 et

547 3131 633 3176 ne
690 3133 818 3196 qua
874 3114 1218 3180 diversitas
1273 3115 1632 3197 obreperet.
1720 3114 1928 3180 Porro
1972 3116 2153 3182 Deus
2211 3115 2494 3201 eligendi

545 3197 649 3263 ius
694 3208 761 3263 et
805 3198 1147 3265 arbitrium
1204 3201 1328 3267 sibi
1389 3201 1774 3279 vendicans,
1833 3200 2269 3267 obedientiam
2323 3224 2495 3268 com-

546 3283 845 3362 mendat,
892 3306 973 3349 ex
1020 3306 1149 3367 qua
1191 3287 1389 3352 etiam
1434 3285 1678 3369 pendet
1721 3286 1937 3353 cultus
1997 3289 2268 3371 puritas
2362 3289 2493 3354 Ve-

542 3388 691 3433 rum
738 3389 966 3436 rursus
1009 3373 1219 3437 oritur
1262 3372 1389 3437 alia
1433 3374 1757 3455 quaestio:
1817 3374 1971 3456 quia
2024 3389 2176 3439 ante
2232 3383 2494 3459 tempus

545 3453 827 3521 Davidis
885 3478 1207 3541 nusquam
1276 3457 1511 3523 habuit
1577 3478 1730 3524 arca
1790 3461 1990 3525 fixam
2058 3459 2310 3539 sedem,
2379 3459 2495 3526 sed

545 3540 1024 3625 quodammodo
1082 3547 1496 3628 peregrinata
1538 3556 1640 3611 est
1682 3544 1747 3609 in
1799 3546 2000 3612 variis
2060 3544 2390 3629 hospitiis:
2438 3547 2495 3612 si

544 3640 765 3694 autem
843 3630 1087 3695 electus
1160 3630 1340 3696 locus
1409 3629 1487 3696 de
1552 3640 1773 3696 monte
1842 3629 2003 3699 Sion
2081 3631 2494 3716 intelligitur,

543 3722 840 3797 tempore
883 3716 1089 3799 igitur
1132 3714 1520 3782 intermedio
1558 3717 1836 3782 liberum
1872 3718 1996 3783 fuit
2032 3719 2272 3802 populo
2309 3739 2489 3784 sacra

542 3817 858 3884 peragere
905 3802 1018 3866 ubi
1065 3801 1368 3885 placeret.
1458 3802 1881 3885 Respondeo,
1943 3825 2073 3869 non
2131 3814 2282 3869 ante
2323 3804 2492 3871 elec-

544 3897 689 3951 tum
750 3885 952 3953 fuisse
1013 3887 1228 3953 locum
1279 3909 1473 3971 quam
1532 3911 1685 3955 arca
1741 3889 1811 3954 in
1873 3890 2036 3956 Sion
2098 3890 2311 3957 locata
2369 3902 2489 3956 est.

545 3972 713 4038 'Pum
761 3974 938 4038 enim
999 3974 1262 4039 demum
1320 3975 1661 4057 impletum
1720 3976 1842 4040 fuit
1896 3975 2063 4059 quod
2109 3977 2176 4041 in
2222 3977 2493 4043 Psalmo

547 4059 814 4125 dicitur:
886 4060 1207 4126 Laetatus
1272 4082 1416 4126 sum
1484 4082 1633 4127 cum
1700 4060 2065 4127 dicentibus
2139 4063 2333 4141 mihi,
2405 4063 2490 4129 In

548 4144 813 4211 domum
871 4145 1156 4211 Iehovae
1221 4146 1464 4211 ibimus
1530 4145 1730 4233 (Psal.
1801 4147 1946 4227 122,
2018 4147 2100 4234 1).
2200 4148 2491 4216 Stabiles

545 4241 744 4296 erunt
776 4232 976 4315 pedes
1012 4234 1214 4297 nostri
1252 4233 1318 4297 in
1358 4233 1546 4300 atriis
1590 4234 1738 4313 tuis,
1781 4233 2161 4300 Ierusalem.
2230 4234 2490 4315 Quibus

549 4317 767 4382 verbis
810 4318 1142 4403 significat
1184 4319 1508 4403 propheta
1567 4319 1816 4384 nullam
1872 4321 2054 4403 prius
2110 4320 2313 4387 fuisse
2356 4333 2490 4387 sta·

543 4403 822 4483 tionem,
883 4407 1032 4487 quia
1079 4407 1260 4470 Deus
1305 4404 1595 4470 nondum
1643 4405 1858 4471 locum
1903 4405 2014 4470 ubi
2058 4416 2230 4472 esset
2274 4408 2489 4474 colen·

541 4486 694 4570 dus⁹
749 4488 1226 4573 designaverat.
1328 4490 1486 4555 Ideo
1553 4489 1795 4557 diserte
1875 4493 2300 4575 exprimitur:
2383 4494 2489 4558 Ex

543 4575 799 4640 cunctis
844 4576 1145 4642 tribubus
1189 4578 1337 4656 tuis,
1379 4577 1519 4644 vel:
1551 4577 1632 4642 In
1682 4599 1811 4642 una
1857 4579 2144 4643 tribuum
2193 4591 2486 4644 tuarum:

541 4659 656 4725 ubi
702 4662 1035 4746 singulare
1080 4663 1495 4746 privilegium
1543 4673 1837 4743 notatur,
1896 4687 2025 4747 quo
2086 4666 2293 4730 tribus
2337 4688 2489 4744 una,

541 4747 814 4829 reliquis
857 4748 1267 4831 posthabitis,
1311 4749 1608 4814 ornanda
1652 4761 1812 4815 erat.
1907 4753 2120 4833 Atque
2165 4750 2295 4817 huc
2341 4772 2488 4834 per-

541 4833 710 4898 tinet
746 4834 914 4916 quod
947 4834 1018 4898 in
1056 4835 1183 4899 alio
1202 4834 1465 4900 Psalmo
1511 4835 1779 4900 dicitur:
1827 4835 2231 4919 Reprobavit
2273 4836 2489 4902 taber-

539 4919 849 4985 naculum
897 4920 1171 5002 Ioseph,
1241 4922 1486 4985 tribum
1530 4919 1851 5004 Ephraim
1911 4945 2043 4987 non
2101 4922 2326 5006 elegit:
2375 4922 2490 4988 sed

539 5005 736 5090 elegit
805 5006 1045 5072 tribum
1113 5005 1320 5084 Iuda,
1390 5016 1683 5072 montem
1747 5006 1910 5073 Sion
1989 5030 2182 5090 quem
2262 5008 2492 5074 dilexit

537 5089 739 5177 (Psal.
788 5092 890 5170 78,
936 5091 1064 5179 67).
1146 5094 1235 5157 Et
1280 5092 1611 5157 exstruxit
1654 5095 1837 5176 quasi
1882 5094 2142 5160 excelsa
2184 5105 2489 5160 sanctua-

537 5178 714 5244 rium
753 5179 911 5257 eius,
950 5180 1136 5261 quasi
1178 5191 1415 5243 terram
1454 5199 1651 5261 quam
1687 5179 1991 5245 fundavit
2027 5182 2090 5245 in
2131 5181 2488 5247 saeculum.

536 5265 788 5329 Eodem
836 5286 1029 5331 sensu
1078 5266 1231 5330 alibi
1274 5265 1689 5349 gratulantur
1724 5265 1848 5330 sibi
1884 5266 2108 5332 fideles
2143 5280 2486 5351 postquam

538 5349 713 5434 apud
761 5350 1090 5417 Davidem
1136 5370 1288 5417 arca
1345 5351 1468 5416 fuit
1528 5351 1853 5434 deposita:
1914 5353 2374 5437 Ingrediemur
2417 5354 2489 5417 in

1959 430 2478 499 SECUNDUM
2515 430 3165 498 PRAEOEPTUM.

4412 433 4513 501 392

2610 619 3053 685 habitationes
3099 619 3256 686 Dei:
3316 617 3734 684 adorabimus
3779 617 3862 683 ad
3911 618 4265 685 scabellum
4312 621 4518 703 pedum

2609 707 2752 772 eius
2796 703 2998 791 (Psal.
3045 706 3148 782 99,
3193 705 3255 772 5.
3299 713 3363 770 et
3412 705 3553 784 132,
3601 704 3685 791 7).
3781 703 4092 771 Vicissim
4149 707 4342 770 etiam
4397 730 4520 791 pro-

2611 793 2880 857 nunciat
2923 793 3229 874 spiritus:
3276 790 3604 873 Quoniam
3652 791 3853 875 elegit
3892 790 4138 856 lehova
4176 790 4351 871 Sion,
4391 795 4524 861 dile-

2611 879 2714 943 xit
2758 899 2900 943 eam
2946 879 3018 942 in
3064 877 3280 943 seclom
3322 877 3463 943 sibi.
3555 876 3741 942 Haec
3797 878 4051 960 requies
4110 899 4256 942 mea
4300 879 4361 942 in
4402 901 4522 945 sae·

2610 963 2861 1030 culum:
2900 963 3006 1030 hic
3043 964 3366 1042 habitabO,
3404 965 3555 1045 quia
3593 963 3796 1028 dilexi
3830 983 3974 1028 eam
4000 962 4201 1050 (Psal.
4245 964 4379 1045 132,
4415 966 4522 1055 13).

2610 1050 2867 1116 Passim
2895 1064 3250 1117 occurrunt
3272 1049 3520 1114 similes
3544 1050 3924 1127 sententiae,
3961 1070 4129 1133 quae
4165 1053 4527 1117 confirmant

2612 1157 2744 1201 non
2790 1146 2945 1202 ante
2989 1135 3322 1202 habitasse
3363 1156 3579 1201 arcam
3630 1135 3701 1200 in
3761 1155 3915 1201 vero
3979 1135 4303 1200 domicilio
4356 1159 4526 1219 quam

2611 1222 2764 1287 dum
2812 1224 3097 1307 reposita
3138 1222 3266 1286 fuit
3308 1222 3374 1285 in
3422 1221 3606 1287 Sion.
3694 1221 3784 1286 Et
3828 1218 4012 1286 Deus
4057 1219 4230 1307 (meo
4290 1222 4526 1310 iudicio)

2609 1319 2681 1372 ut
2717 1329 2900 1391 spem
2939 1308 3162 1392 populi
3199 1329 3585 1391 suspensam
3611 1315 3882 1383 teneret,
3907 1308 4226 1390 promisit,
4252 1311 4528 1392 quamvis

2607 1394 2689 1460 ad
2736 1406 2993 1477 tempus
3037 1396 3247 1461 locum
3296 1403 3580 1458 mutaret
3617 1413 3783 1471 arca,
3829 1413 3900 1458 se
3937 1404 4152 1458 tamen
4190 1393 4530 1461 destinasse

2609 1492 2991 1563 perpetuam
3029 1480 3249 1546 sedem
3287 1481 3353 1544 in
3391 1501 3520 1563 qua
3556 1479 3934 1562 quiesceret.
4005 1479 4352 1545 Caeterum
4396 1481 4531 1546 inde

2607 1588 2736 1631 non
2784 1567 3116 1649 sequitur,
3175 1566 3257 1631 ad
3315 1564 3478 1631 illud
3522 1585 3729 1648 usque
3774 1577 4032 1648 tempus
4079 1565 4296 1631 datam
4357 1567 4532 1632 fuisse

2607 1650 2940 1718 licentiam
3024 1652 3260 1736 populo
3325 1651 3568 1735 ubique
3634 1651 4060 1717 sacrificandi.
4165 1651 4532 1734 Ubicunque

2605 1740 2781 1804 enim
2830 1739 2955 1804 fuit
2996 1739 3470 1812 sanctuarium,
3527 1737 3905 1820 temporalis
3963 1758 4215 1820 quoque
4260 1738 4383 1802 fuit
4424 1738 4533 1804 loci

2606 1824 2866 1904 electio,
2913 1825 3117 1890 donec
3160 1837 3423 1890 ostensa
3465 1834 3638 1888 esset
3682 1823 3976 1906 legitima
4020 1823 4227 1890 sedes.
4318 1824 4533 1906 Itaque

2603 1911 2788 1976 Deus
2831 1932 2949 1994 per
2991 1910 3338 1975 Ieremiam
3384 1909 3654 1975 stultam
3693 1908 4001 1975 fiduciam
4036 1931 4163 1991 qua
4201 1909 4534 1993 turgebant

2604 1996 2832 2062 Iudaei
2869 1996 3214 2080 castigans,
3260 1994 3450 2062 dicit:
3495 1994 3598 2059 Ite
3632 1995 3699 2059 in
3727 1994 3888 2073 Silo,
3936 2005 4001 2058 et
4044 1995 4318 2075 aspicite
4360 1995 4534 2078 quale

2604 2082 2919 2148 iudicium
2970 2083 3106 2147 illic
3164 2082 3568 2147 exercuerim
3625 2079 3885 2166 (Ierem.
3949 2081 4007 2157 7,
4074 2079 4201 2168 12).
4294 2080 4532 2163 Quibus

2604 2168 2823 2235 verbis
2890 2169 3248 2252 significat,
3317 2166 3459 2234 Silo
3527 2166 3606 2232 ad
3676 2174 3940 2249 tempus
4000 2168 4416 2246 excelluisse,
4475 2176 4534 2232 et

2602 2254 2871 2319 tandem
2930 2254 3177 2319 honore
3234 2274 3352 2319 suo
3405 2253 3608 2319 fuisse
3668 2253 4032 2336 privatum:
4081 2254 4234 2337 quia
4278 2252 4533 2337 indigne

2600 2340 2735 2405 illic
2790 2361 2974 2406 sacra
3028 2340 3277 2423 polluta
3337 2342 3615 2405 fuerant.
3705 2339 3854 2403 Etsi
3900 2359 4056 2422 ergo
4101 2340 4403 2422 specialis
4445 2346 4536 2404 est

2601 2425 2708 2492 hic
2768 2426 3110 2510 promissio
3171 2425 3250 2490 de
3305 2424 3539 2505 Sione,
3596 2446 3728 2489 non
3784 2423 4052 2489 dubium
4115 2436 4338 2490 tamen
4392 2427 4534 2507 quin

2600 2510 2786 2578 Deus
2843 2512 3098 2578 interea
3145 2510 3482 2577 Israelitas
3537 2510 3620 2576 ad
3675 2511 4120 2575 sanctuarium
4165 2532 4362 2577 suum
4406 2511 4535 2575 alli·

2601 2607 2736 2682 get,
2800 2620 2889 2679 ne
2930 2599 3052 2663 sibi
3099 2597 3369 2680 quisque
3415 2606 3719 2662 exstruat
3761 2600 4093 2679 proprium
4140 2597 4383 2674 altare,
4444 2596 4533 2661 vel

2603 2685 2800 2750 urbes
2855 2684 2980 2749 sibi
3036 2682 3165 2749 alia
3224 2692 3416 2766 atque
3470 2682 3600 2748 alia
3665 2682 3911 2764 templa
3954 2681 4320 2748 aedificent.
4408 2683 4537 2747 Iam

2602 2779 2829 2835 notatu
2891 2770 3090 2854 digna
3147 2781 3248 2834 est
3291 2770 3613 2852 loquutio:
3676 2768 3768 2835 Ut
3813 2781 4016 2852 ponat
4070 2790 4312 2833 nomen
4357 2790 4535 2833 suum

2600 2855 2724 2921 ibi:
2794 2857 2985 2931 item,
3048 2855 3367 2922 Habitare
3424 2854 3646 2920 faciat:
3708 2874 3873 2937 quae
3925 2855 4163 2920 crassis
4221 2855 4538 2939 imagina-

2603 2941 2885 3008 tionibus
2944 2942 3256 3021 occurrit,
3316 2964 3398 3006 ne
3459 2941 3738 3024 populus
3780 2940 3995 3006 Deum
4041 2940 4404 3023 parietibus
4445 2942 4536 3004 in-

2601 3026 2840 3108 cludat,
2886 3041 2960 3095 ut
3003 3028 3217 3113 solent
3263 3026 3562 3093 homines
3604 3027 3991 3092 immensam
4025 3024 4151 3091 Dei
4195 3029 4538 3094 essentiam

2601 3113 3164 3192 circumscribere,
3224 3113 3332 3179 vel
3393 3112 3737 3179 detrahere
3782 3134 3818 3177 e
3863 3112 4075 3193 coelo,
4120 3124 4187 3179 et
4228 3114 4540 3179 subiicere

2601 3203 2879 3268 terrenis
2935 3201 3296 3266 elementis.
3393 3200 3599 3283 Atqui
3645 3221 3887 3264 nomen
3930 3199 4056 3264 Dei
4103 3199 4407 3265 habitare
4450 3198 4539 3263 di-

2598 3288 2771 3355 citur
2824 3288 2896 3352 in
2954 3287 3127 3367 loco,
3185 3307 3312 3351 non
3370 3307 3492 3351 sua
3542 3295 3811 3363 natura,
3873 3283 3986 3350 sed
4046 3284 4394 3350 hominum
4443 3305 4535 3348 re-

2599 3384 2858 3456 spectu:
2907 3372 3061 3438 dum
3096 3394 3212 3455 pro
3247 3373 3538 3455 ipsorum
3586 3372 3889 3451 ruditate,
3937 3369 4190 3436 visibile
4234 3392 4533 3454 praesen·

2599 3461 2724 3525 tiae
2759 3481 2913 3525 suae
2951 3459 3319 3544 symbolum
3357 3458 3592 3524 statuit
3626 3469 3779 3522 ante
3814 3455 4050 3523 oculos.
4108 3457 4256 3523 Hac
4296 3462 4536 3523 ratione

2597 3545 2989 3611 descendere
3047 3566 3240 3627 saepe
3286 3543 3555 3623 dicitur,
3614 3564 3746 3608 non
3795 3543 3962 3626 quod
4008 3564 4077 3607 se
4120 3554 4393 3609 moveat
4434 3542 4532 3626 qui

2596 3631 2851 3697 coelum
2910 3640 2976 3697 et
3035 3643 3274 3696 terram
3332 3629 3596 3712 implet,
3659 3630 3769 3693 sed
3817 3629 3971 3712 quia
4017 3629 4366 3694 familiaris
4409 3631 4538 3694 eius

2595 3718 2881 3803 cognitio
2924 3719 3140 3800 ipsum
3186 3716 3562 3782 hominibus
3606 3716 4045 3798 propinquum
4094 3714 4331 3781 reddit.
4403 3713 4536 3778 Etsi

2595 3816 2813 3869 autem
2861 3804 3110 3885 patitur
3152 3823 3223 3867 se
3267 3802 3333 3866 in
3378 3813 3552 3866 terra
3594 3802 3908 3879 invocari,
3955 3823 4086 3866 non
4133 3801 4282 3867 vult
4328 3814 4536 3865 tamen

2596 3890 2729 3955 illic
2753 3888 3107 3955 subsistere
3140 3887 3479 3953 hominum
3521 3897 3791 3968 mentes,
3827 3886 3941 3952 sed
3978 3888 4194 3970 potius
4235 3910 4358 3972 per
4397 3905 4533 3970 gra-

2595 3976 2718 4040 dus
2761 3997 3025 4041 sursum
3071 3995 3184 4039 eas
3227 3973 3486 4040 attollit.
3578 3974 3808 4056 Itaque
3853 3995 3970 4058 per
4013 3973 4259 4038 Isaiam
4306 3973 4436 4060 (66,
4479 3968 4537 4055 1)

2597 4062 2847 4126 duriter
2917 4082 3027 4127 eos
3095 4060 3434 4144 obiurgat,
3509 4060 3683 4143 quod
3753 4060 3820 4124 in
3895 4058 4076 4124 vitiis
4137 4061 4276 4126 suis
4345 4057 4537 4122 defixi

2595 4159 2902 4231 putarent
2963 4146 3424 4222 nihilominus,
3484 4148 3636 4229 quia
3694 4145 4014 4228 templum
4070 4158 4212 4211 erat
4273 4148 4345 4210 in
4391 4166 4538 4210 con-

2594 4244 2856 4317 spectu,
2904 4232 3123 4298 Deum
3167 4233 3292 4297 sibi
3337 4254 3475 4298 esse
3516 4231 3932 4297 obstrictum:
3995 4253 4192 4314 quum
4243 4241 4533 4297 nostrum

2594 4321 2680 4385 sit
2716 4319 2843 4385 fide
2880 4329 2946 4384 et
2989 4320 3159 4385 serio
3205 4318 3408 4382 animi
3454 4318 3689 4383 affectu
3737 4318 3817 4381 ad
3863 4339 4012 4383 eum
4059 4317 4392 4398 accedere,
4434 4312 4538 4380 ubi

2594 4426 2863 4471 manum
2930 4425 3112 4470 suam
3180 4402 3262 4467 ad
3327 4423 3447 4469 nos
3513 4403 3830 4469 extendit.
3930 4404 4222 4469 Vocatur
4276 4403 4535 4487 quidem

2595 4513 2789 4574 saepe
2846 4512 2998 4556 arca
3054 4489 3358 4568 foederis,
3413 4490 3620 4573 ipsius
3665 4490 3891 4555 facies:
3955 4489 4068 4555 sed
4116 4512 4198 4554 ne
4244 4489 4535 4554 homiues

2594 4597 2885 4643 crassum
2943 4587 3059 4642 aut
3116 4586 3426 4641 terrestre
3480 4577 3831 4659 quidquam
3876 4575 4286 4658 concipiant,
4350 4570 4535 4640 simul

2593 4673 2868 4728 vocatur
2912 4663 3356 4728 sanctuarium
3401 4663 3751 4730 scabellum
3799 4661 4040 4744 pedum
4085 4662 4244 4727 eius.
4336 4661 4534 4725 Porro

2594 4762 2939 4814 enumerat
2993 4749 3396 4814 oblationum
3441 4748 3722 4831 species,
3767 4768 4041 4830 quarum
4091 4758 4318 4830 postea
4364 4745 4528 4810 vide·

2594 4836 2772 4901 bitur
2814 4835 3050 4901 clarior
3093 4834 3459 4918 explicati0.
3542 4834 3828 4899 Tantum
3871 4833 4162 4899 breviter
4205 4835 4533 4906 admoneo,

2592 4921 2974 4987 holocausta
3007 4919 3471 5002 comprehendi
3508 4918 3629 4986 sub
3664 4920 3996 4985 sacrificiis
4031 4930 4344 5003 tanquam
4394 4938 4533 5000 par·

2594 5018 2727 5073 tem
2802 5007 2928 5074 sub
2998 5014 3152 5071 toto.
3259 5005 3388 5072 Ubi
3460 5008 3775 5072 vertimus
3830 5006 4221 5071 levationem
4286 5022 4531 5079 manus,

2595 5093 2899 5159 hebraice
2957 5093 3200 5176 legitur
3243 5104 3490 5169 ΠΒἹἽΠ,
3538 5092 3646 5159 cui
3692 5113 3885 5175 saepe
3931 5092 4315 5176 adiungitur
4361 5084 4530 5154 aliud

2595 5201 2830 5244 nomen
2878 5190 3089 5246 ΠΞὋΠ.
3179 5177 3326 5242 Etsi
3390 5193 3609 5243 autem
3673 5191 4025 5261 utrumque
4082 5178 4163 5242 ab
4220 5171 4527 5243 elevando

2593 5266 2848 5341 dicitur,
2893 5272 3164 5346 apparet
3194 5274 3416 5328 tamen
3459 5263 3739 5330 differre:
3787 5274 3850 5330 et
3899 5263 4164 5348 linguae
4204 5263 4399 5346 periti
4442 5258 4527 5323 sic

2593 5350 3040 5434 distinguunt,
3082 5362 3294 5417 ΠΟΠΓ,
3340 5350 3550 5416 attolli
3595 5372 3891 5430 sursum,
3938 5361 4004 5415 et
4047 5349 4348 5416 deorsum
4382 5344 4521 5412 sub-
