4867 6150
312 452 446 523 509

315 643 540 711 minha
581 643 933 726 sartaginis
975 643 1095 708 erit
1134 640 1357 708 oblatio
1398 645 1528 722 tua,
1570 642 1656 705 sit
1688 641 1907 706 simila
1938 661 2275 724 conspersa

317 732 449 796 oleo
516 729 973 811 infermentata.
1087 727 1145 793 6.
1218 726 1512 794 Concides
1586 746 1725 792 eam
1787 727 1858 791 in
1910 727 2153 808 frusta,
2219 731 2274 793 et

313 817 547 901 fundes
608 835 801 896 saper
864 833 1001 879 eam
1057 814 1288 880 oleum.-
1362 813 1580 879 minka
1644 819 1748 878 est.
1866 813 1923 878 7.
1988 814 2165 895 Quod
2212 814 2275 879 si

318 902 538 968 maha
581 899 920 968 eratimolae
960 900 1079 965 erit
1119 899 1341 965 oblatio
1383 905 1527 975 lua,
1570 899 1790 965 simila
1833 900 1922 964 sit
1962 899 2092 965 oleo
2137 920 2273 965 eon-

317 1008 556 1071 spersa.
646 987 706 1053 8.
745 986 1110 1068 Afferes-que
1153 984 1370 1050 minha
1413 1005 1492 1051 ex
1535 985 1670 1050 illis
1710 985 1946 1066 factam
1985 985 2274 1050 Iehovae:

318 1079 376 1140 et
427 1074 644 1156 offeres
699 1072 879 1137 illam
934 1071 1241 1136 sacerdoti
1299 1074 1411 1152 qui
1466 1072 1807 1137 admovebit
1862 1091 2001 1137 eam
2054 1071 2269 1137 altam.

320 1160 380 1226 9.
433 1157 747 1241 Tollelque
789 1158 1078 1223 sacerdos
1117 1158 1194 1222 de
1235 1156 1454 1223 minha
1496 1158 1740 1222 odorem
1782 1157 1938 1237 eius,
1982 1161 2039 1223 et
2072 1157 2274 1224 adole-

318 1246 407 1311 bit
447 1265 641 1327 super
682 1244 914 1310 altare.-
971 1242 1199 1308 oblatio
1254 1249 1342 1308 est
1381 1244 1583 1325 ignita
1638 1243 1849 1309 odoris
1888 1244 2119 1325 quietis
2167 1245 2270 1309 Ie-

320 1331 531 1397 hovae.
609 1329 708 1395 10.
757 1328 846 1393 Et
888 1329 1051 1411 quod
1093 1329 1477 1410 superfuerit
1519 1349 1551 1393 e
1591 1328 1811 1396 minha
1852 1330 1975 1394 erit
2006 1329 2273 1395 Aharon·

319 1423 377 1483 et
413 1416 697 1499 filiorum
730 1415 885 1493 eius,
928 1419 1214 1480 sanctum
1246 1419 1600 1480 sanctorum
1631 1419 1720 1481 est
1753 1436 1831 1481 ex
1862 1414 2273 1482 oblationibus

317 1502 540 1588 ignitis
582 1501 868 1567 Iebovae.
961 1499 1061 1565 11.
1116 1499 1340 1565 Omnis
1380 1498 1601 1566 minha
1641 1520 1830 1583 quam
1872 1502 2137 1584 offeretis
2169 1500 2274 1565 Ie-

317 1589 510 1654 hovae
550 1608 672 1653 non
711 1586 821 1669 fiet
854 1587 1263 1670 fermentata.-
1305 1587 1461 1668 qaia
1493 1586 1569 1651 de
1609 1587 1784 1653 nullo
1824 1587 2152 1668 fermento,
2214 1591 2272 1650 et

319 1675 394 1742 de
457 1674 630 1740 nullo
686 1672 862 1738 melle
918 1672 1188 1739 adolebis
1246 1672 1607 1738 oblationem
1663 1674 1930 1757 iynitam
1984 1671 2268 1738 Iehovae.

321 1761 423 1826 12.
471 1761 557 1825 In
602 1759 902 1825 oblatione
932 1759 1380 1843 primitiarum
1422 1759 1688 1840 offeretis
1746 1779 1821 1824 ea
1863 1758 2160 1825 Iebovae:
2215 1762 2273 1822 et

317 1867 512 1928 super
553 1847 757 1912 altare
794 1866 920 1911 non
963 1844 1286 1911 ascendent
1326 1846 1399 1910 in
1433 1845 1678 1910 odorem
1718 1846 1959 1926 quietis.
2037 1844 2136 1909 13.
2182 1842 2274 1908 Et

319 1953 555 2000 ornnem
600 1932 961 1998 oblationem
1003 1930 1256 1996 minbae
1297 1934 1441 1996 tuae
1481 1930 1614 1996 sale
1652 1932 1866 2010 salies,
1910 1951 2104 2012 neque
2147 1949 2270 1995 ees-

317 2039 465 2084 sare
503 2019 705 2101 facies
746 2017 848 2083 sal
887 2017 1158 2100 foederis
1179 2015 1308 2082 Dei
1350 2017 1447 2081 tui
1481 2039 1523 2082 a
1564 2017 1785 2082 minha
1818 2022 1966 2082 tua:
1999 2019 2070 2082 in
2101 2016 2271 2083 omni

318 2104 622 2171 oblatione
665 2108 776 2171 tua
817 2106 1038 2185 offeres
1078 2103 1198 2168 sal.
1291 2102 1391 2168 14.
1442 2101 1519 2168 Si
1573 2123 1717 2168 vero
1771 2103 2063 2169 obtuleris
2101 2103 2269 2167 min-

317 2190 468 2255 ham
497 2190 946 2272 primitiarum
990 2186 1254 2254 Ielzovae
1271 2239 1285 2266 ,
1343 2189 1583 2271 spicam
1624 2194 1847 2254 tostam
1889 2190 2024 2274 iyni
2039 2240 2055 2267 ,
2110 2188 2272 2253 triti-

318 2297 460 2344 cum
493 2281 818 2341 contusum
860 2275 1070 2357 spicae
1101 2274 1328 2357 plenae
1369 2275 1587 2356 offeres
1622 2275 1902 2340 minham
1935 2276 2268 2358 primitia-

317 2383 465 2429 ram
508 2367 781 2427 tuarum.
885 2360 986 2426 15.
1032 2359 1123 2424 Et
1152 2380 1349 2443 pones
1388 2380 1582 2441 super
1621 2381 1760 2427 eam
1801 2361 2031 2441 oleum,
2075 2380 2272 2443 pones

321 2450 466 2515 item
524 2448 668 2513 thas
721 2468 916 2528 super
969 2465 1137 2512 eam:
1203 2445 1420 2510 minba
1487 2451 1593 2512 est.
1685 2446 1785 2513 16.
1854 2447 1943 2512 Et
2007 2446 2273 2512 adolebit

315 2536 605 2601 sacerdos
646 2534 892 2600 odorem
934 2533 1092 2611 eius,
1146 2533 1222 2597 de
1260 2532 1573 2614 frumento
1614 2533 1753 2597 eius
1794 2539 2058 2611 contuso,
2102 2538 2157 2597 et
2194 2532 2272 2596 de

315 2620 444 2772 {ebo
502 2621 641 2685 eius
694 2620 869 2686 ultra
921 2623 1112 2684 totum
1155 2617 1302 2684 thus
1343 2618 1583 2700 ipsias.-
1640 2619 1863 2685 oblatio
1923 2624 2013 2684 est
2069 2619 2271 2703 iynita

433 2726 602 2772 ovae.

492 2878 548 2942 1.
603 2875 857 2943 Anima
910 2897 1100 2958 quum
1157 2877 1379 2958 offeret.
1477 2876 1625 2942 Hoc
1682 2876 1895 2959 capite
1950 2876 2271 2962 praecipit

314 2963 535 3030 Moses
573 2983 893 3046 quaenam
930 2963 1017 3029 sit
1051 2962 1455 3028 oblationum
1492 2964 1680 3045 ratio,
1720 2961 1955 3046 quibus
1990 2963 2270 3048 speciale

317 3070 556 3116 nomen
614 3049 847 3115 minha
901 3049 1282 3132 impositum
1356 3058 1476 3115 est.
1579 3049 1794 3116 Erant
1853 3057 2073 3117 autem
2134 3069 2272 3115 non

315 3147 649 3214 cruentae,
690 3156 900 3218 neque
937 3157 1021 3200 ex
1055 3134 1467 3216 animalibus,
1505 3134 1622 3202 sed
1652 3144 1912 3202 tantum
1950 3159 2033 3202 ex
2056 3136 2271 3201 farina

314 3231 382 3289 et
423 3222 583 3288 6160.
674 3222 886 3288 Porro
933 3224 988 3287 si
1032 3222 1179 3305 quis
1214 3222 1501 3287 farinam
1545 3222 1816 3289 crudam
1862 3223 2100 3289 offerre
2136 3221 2271 3288 vel-

310 3309 437 3387 let,
500 3308 767 3374 iubetur
832 3307 1026 3373 thuro
1091 3316 1158 3373 et
1215 3308 1357 3374 oleo
1415 3309 1627 3392 ipsam
1670 3307 1970 3387 condire,
2030 3306 2269 3374 deinde

310 3393 556 3478 eligere
599 3394 1057 3476 similaginem,
1125 3416 1210 3460 ne
1252 3393 1507 3460 furfure
1555 3394 1822 3460 vitietur
1865 3395 2130 3474 oblatio,
2173 3394 2270 3460 ita

311 3480 453 3559 hic,
510 3480 703 3546 sicuti
746 3480 819 3544 in
863 3489 999 3547 toto
1040 3481 1172 3546 Dei
1216 3480 1428 3557 cultu,
1494 3481 1961 3563 praescribitur
2015 3481 2267 3565 regula,

313 3588 401 3632 ne
464 3565 621 3649 quid
685 3567 818 3632 nisi
872 3586 1115 3648 purum
1175 3566 1525 3632 offeratur:
1595 3566 1829 3632 deinde
1888 3587 2009 3650 per
2053 3566 2271 3633 oleum

310 3651 811 3718 commendatur
854 3673 1065 3735 sapor,
1109 3673 1230 3736 per
1273 3653 1429 3719 thus
1472 3673 1631 3718 vero
1672 3653 1830 3719 boni
1873 3652 2088 3719 odoris
2139 3652 2269 3717 fra·

313 3739 595 3823 grantia.
686 3737 968 3818 Scimus,
1013 3760 1135 3804 nec
1180 3747 1414 3823 gustus
1460 3738 1835 3814 dulcedine,
1898 3762 2021 3806 nec
2078 3739 2271 3805 suavi

312 3824 555 3890 olfactu
581 3825 799 3889 Deum
842 3826 1023 3907 capi:
1068 3826 1184 3890 sed
1209 3824 1313 3890 his
1348 3824 1664 3909 symbolis
1699 3823 1930 3891 rudem
1954 3824 2268 3909 populum

316 3910 534 3977 doceri
571 3909 736 3975 utile
771 3911 917 3990 fuit,
953 3931 1038 3975 ne
1067 3910 1365 3994 insipidis
1389 3912 1528 3976 suis
1563 3913 1945 3978 commentis
1969 3910 2101 3977 Dei
2128 3911 2267 3978 cul·

312 4004 459 4062 tum
518 4003 1031 4081 corrumperent.
1132 3997 1373 4063 Postea
1418 3998 1603 4063 iubet
1652 3997 1904 4077 Moses,
1949 3996 2268 4083 quidquid

311 4084 463 4149 Deo
507 4091 924 4148 consecratur
966 4081 1141 4148 tradi
1184 4083 1255 4147 in
1301 4103 1573 4148 manum
1619 4084 1992 4162 sacerdotis,
2038 4105 2267 4168 quem-

316 4168 666 4235 admodum
705 4176 859 4233 ante
894 4168 1181 4236 vidimus
1215 4168 1478 4234 excludi
1513 4169 1637 4235 hoc
1673 4171 1917 4236 honore
1973 4170 2268 4254 privatos

319 4254 639 4331 homines,
685 4265 763 4320 ut
785 4253 1050 4320 Christo
1085 4262 1353 4321 maneat
1396 4276 1518 4320 sua
1564 4255 1867 4340 dignitas,
1914 4277 2149 4341 nempe
2191 4264 2267 4322 ut

313 4361 439 4425 per
501 4361 652 4408 eum
711 4341 921 4405 solum
983 4350 1341 4424 quaeratur
1399 4341 1480 4405 ad
1526 4340 1748 4408 Deum
1792 4363 2119 4410 assessus:
2190 4364 2266 4409 ac

314 4429 526 4493 sciant
583 4426 802 4493 cuncti
859 4428 1171 4493 mortales
1225 4427 1477 4492 nullum
1525 4427 1672 4493 Deo
1714 4429 1968 4512 placere
2012 4429 2262 4495 cultum

314 4513 446 4579 nisi
503 4532 699 4596 quem
756 4513 898 4596 ipse
966 4515 1349 4580 sanctificat.
1440 4513 1661 4581 Huius
1705 4516 1959 4599 figurae
2020 4516 2264 4581 veritas

312 4598 606 4665 breviter
649 4608 1055 4665 monstratur
1095 4599 1366 4683 apostoli
1414 4599 1628 4667 verbis
1696 4600 1804 4665 ubi
1851 4601 2024 4679 dicit,
2070 4601 2264 4666 hodie

313 4705 440 4750 nos
482 4705 600 4769 per
642 4685 856 4768 ipsum
903 4687 1137 4752 offerre
1182 4686 1461 4751 hostiam
1507 4649 1724 4751 laudis
1766 4688 1927 4765 Deo,
1983 4688 2107 4753 hoc
2162 4697 2263 4752 est

313 4772 606 4838 fructum
661 4770 984 4837 labiorum
1045 4773 1496 4838 confitentium
1556 4793 1803 4838 nomen
1844 4774 1984 4839 eius
2028 4772 2260 4860 (Hebr.

316 4857 422 4940 13,
471 4856 597 4944 15).
675 4856 807 4923 Ubi
852 4867 1070 4923 autem
1116 4858 1416 4924 sacerdos
1459 4859 1779 4942 pugillum
1824 4859 2076 4925 farinae
2111 4880 2259 4925 cum

315 4944 458 5009 oleo
514 4952 584 5008 et
640 4942 832 5009 thure
873 4943 1259 5025 incenderit,
1322 4945 1494 5028 quod
1540 4944 1874 5011 residuum
1918 4952 2017 5011 est
2059 4944 2260 5010 relin-

312 5029 541 5115 quitur
580 5028 652 5093 in
698 5031 837 5096 eius
882 5052 1096 5096 usum.
1143 5031 1312 5096 Nam
1359 5030 1463 5116 (ut
1497 5030 1652 5096 alibi
1690 5030 2002 5118 vidimus)
2036 5041 2266 5098 sancta

312 5126 688 5183 sanatorum
734 5137 821 5181 ex
862 5117 1298 5183 oblationibus
1350 5118 1580 5201 ignitis
1625 5116 2066 5184 sacerdotibus
2112 5117 2264 5184 data

314 5211 523 5267 erant.
570 5201 765 5267 Aliae
800 5202 1037 5269 deinde
1072 5203 1322 5286 species
1345 5216 1701 5286 ponuntur,
1740 5225 1976 5288 nempe
1999 5205 2262 5289 placen-

311 5295 423 5354 tae
465 5289 536 5352 in
582 5287 838 5354 clibano
882 5298 1117 5365 coctae,
1164 5300 1391 5372 postea
1432 5290 1659 5368 frixae,
1704 5292 1899 5356 tertio
1944 5300 2154 5356 tostae
2190 5290 2263 5355 in

311 5374 650 5440 craticula.
689 5374 916 5454 Voluit
947 5385 1169 5441 autem
1193 5376 1380 5441 Deus
1405 5397 1492 5443 ex
1516 5377 1795 5460 singulis
1818 5377 2262 5462 placentarum

1719 451 2230 520 SECUNDUM
2271 447 2920 517 PRAEOEPTUM.

2349 811 2507 877 ‘nisi
2564 811 2734 895 quod
2807 812 2948 895 ipse
3025 835 3145 879 sua
3192 811 3644 881 benedictione
3698 824 4051 882 consecrat.

4197 455 4341 523 510

2378 639 2607 705 formis
2640 637 2768 704 sibi
2800 639 2946 705 fieri
2970 640 3213 723 minha,
3249 648 3325 706 nt
3360 641 3683 708 disserent
3717 642 3835 708 filii
3871 642 4079 709 Israel
4099 646 4168 710 in
4192 652 4326 710 toto

2380 727 2558 792 victu
2604 723 2686 791 ad
2732 746 2883 791 eum
2927 728 3283 811 respicere:
3341 728 3495 811 quia
3549 726 3712 792 nihil
3773 729 3963 795 nobis
4006 730 4326 796 mundum

4137 817 4327 883 Haec

2377 896 2543 963 ratio
2588 906 2724 975 est,
2770 918 2890 964 cur
2934 899 3157 966 Moses
3212 901 3465 966 curiose
3534 899 3899 984 distinguat
3955 901 4131 967 inter
4185 902 4327 986 pla-

2375 990 2622 1061 centas,
2669 1004 2834 1067 quae
2880 985 2984 1050 vel
3028 986 3100 1050 in
3145 985 3418 1065 clibano,
3467 986 3571 1053 vel
3608 987 3677 1051 16
3715 989 4066 1073 sartagine,
4112 989 4219 1055 vel
4254 990 4325 1054 in

2373 1068 2691 1136 craticula
2732 1079 3118 1153 coquuntur.

2554 1155 2655 1220 11.
2700 1154 2923 1222 Omnis
2954 1157 3175 1224 minka
3218 1177 3411 1240 quam
3444 1158 3727 1240 offeretis.
3769 1158 3901 1223 Hic
3937 1168 4116 1226 vetat
4136 1159 4326 1227 Deus

2376 1263 2583 1325 panes
2629 1242 3055 1310 fermentatos
3097 1243 3219 1310 sibi
3265 1244 3517 1309 offerri:
3564 1265 3690 1328 quo
3735 1245 3870 1309 ritu
3924 1244 4137 1312 edocti
4185 1247 4324 1312 fne-

2373 1337 2535 1392 runt
2580 1335 2853 1407 veteres,
2899 1331 3230 1414 corrumpi
3268 1329 3395 1395 Dei
3430 1330 3678 1395 cultum
3729 1331 3784 1396 61
3820 1331 3991 1413 quod
4037 1331 4326 1398 alienum

2376 1422 2816 1478 commentum
2896 1414 3347 1482 admisceatur.
3458 1416 3597 1482 Nec
3663 1415 3933 1481 dubium
3999 1427 4102 1483 est
4164 1420 4323 1501 quin

2374 1499 2504 1566 huc
2562 1500 2859 1564 alluserit
2916 1499 3247 1583 Christus,
3314 1522 3518 1585 quum
3578 1500 3926 1585 discipulos
3984 1503 4326 1569 admonuit

2376 1593 2452 1651 ut
2493 1583 2618 1650 sibi
2661 1596 2974 1653 caverent
3031 1609 3069 1653 a
3130 1589 3452 1654 fermento
3492 1588 3999 1654 Pharisaeorum
4054 1587 4322 1675 (Matth.

2377 1672 2478 1747 16,
2528 1670 2667 1758 ll):
2737 1693 2814 1738 66
2874 1694 3030 1738 voce
3087 1675 3409 1759 figmenta
3462 1675 3840 1759 intelligens
3905 1675 4137 1758 quibus
4186 1675 4325 1758 pie-

2372 1766 2577 1822 tatem
2637 1758 3167 1841 inquinaverant.
3272 1761 3614 1828 Fermenti
3675 1782 3825 1826 esus
3884 1761 4015 1826 alia
4071 1763 4326 1828 ratione

2374 1842 2741 1927 prohibitus
2805 1845 2932 1909 fuit
2995 1846 3066 1910 in
3129 1848 3482 1929 paschate,
3563 1868 3800 1930 nempe
3867 1854 3939 1911 ut
4005 1869 4324 1915 memores

2373 1939 2593 1994 essent
2672 1929 2926 1995 subitae
3006 1934 3452 2015 profectionis,
3544 1934 3646 2001 vel
3714 1934 3932 2016 potius
3998 1935 4191 2019 fugae
4254 1936 4326 2000 in

2372 2035 2568 2099 quam
2632 2037 2762 2080 non
2827 2016 3103 2083 licuerat
3186 2020 3492 2086 viaticum
3559 2041 3812 2102 parare.
3923 2018 4324 2103 Quanquam

2373 2101 2634 2185 longius
2670 2103 2868 2168 etiam
2912 2103 3211 2180 extendit
3254 2106 3500 2171 Paulus
3545 2104 3632 2192 (1.
3673 2105 3822 2172 Gor.
3860 2105 3921 2186 5,
3958 2104 4042 2192 7),
4092 2127 4327 2190 nempe

2374 2194 2451 2254 ut
2515 2188 2890 2255 abstineant
2967 2190 3194 2257 fideles
3261 2191 3344 2256 ab
3409 2194 3584 2258 omni
3652 2192 3969 2257 fermento
4035 2193 4326 2259 malitiae

2372 2281 2438 2339 et
2480 2274 2847 2357 pravitatis.
2938 2275 3191 2342 Verum
3252 2279 3321 2342 in
3381 2278 3504 2345 hac
3562 2277 3849 2363 generali
3909 2277 4139 2363 regula
4192 2300 4329 2345 ccr-

2373 2368 2513 2424 tum
2553 2370 2654 2426 est
2697 2360 3094 2428 adventitias
3140 2384 3367 2429 omnes
3401 2364 3806 2447 corruptelas
3840 2362 4147 2429 damnari
4181 2366 4325 2449 qui-

2373 2444 2496 2511 bus
2552 2446 2870 2529 polluitur
2924 2450 3181 2516 sincera
3236 2452 3493 2536 religio:
3555 2472 3631 2515 ac
3695 2453 3752 2515 si
3821 2449 4069 2515 dictum
4133 2458 4324 2530 esset,

2375 2531 2591 2598 nullas
2637 2534 2781 2598 Deo
2840 2533 2970 2599 nisi
3028 2537 3356 2620 genuinas
3422 2546 3491 2603 et
3532 2536 3613 2602 ab
3648 2537 3828 2601 omni
3871 2548 4185 2601 extraneo
4230 2557 4329 2603 sa-

2373 2639 2532 2701 poro
2575 2618 2825 2684 alienas
2865 2621 3227 2689 oblationes
3271 2623 3550 2706 probari.
3599 2621 3795 2704 Quod
3841 2622 3922 2687 ad
3968 2622 4099 2687 mel
4142 2644 4325 2706 spec·

2374 2713 2493 2783 tat,
2540 2704 2876 2770 obscurior
2921 2717 3024 2772 est
3065 2710 3254 2775 ratio.
3342 2710 3515 2775 Nam
3576 2709 3745 2792 quod
3804 2708 4132 2774 subtiliter
4185 2709 4327 2792 qni-

2376 2788 2528 2854 dam
2575 2789 2654 2855 de
2700 2792 2839 2856 eius
2883 2802 3125 2859 natura
3168 2797 3539 2877 disputant,
3595 2796 3813 2861 nescio
3869 2816 3953 2859 an
4009 2795 4169 2860 satis
4215 2795 4327 2859 fir-

2375 2897 2557 2940 mum
2604 2878 2706 2942 sit.
2756 2878 2902 2943 Etsi
2951 2887 3172 2945 autem
3219 2885 3332 2948 vix
3377 2881 3732 2965 quidquam
3772 2901 4062 2946 asserere
4099 2880 4325 2959 audeo,

2374 2962 2633 3027 omissis
2699 2971 2921 3030 tamen
2990 2967 3299 3049 argutiis,
3375 2968 3547 3050 quod
3607 2966 4006 3050 probabilius
4065 2966 4329 3032 videtur

2376 3048 2666 3113 afferam.
2761 3050 2895 3116 Mel
2953 3060 3227 3131 coctum,
3287 3062 3363 3118 ut
3405 3054 3627 3119 statim
3670 3073 3927 3118 acorem
3974 3051 4327 3131 contrahit,

2374 3154 2615 3216 panem
2661 3138 2765 3201 6111
2811 3137 3127 3203 miscetur
3161 3139 3547 3205 fermentat:
3593 3140 3742 3204 ideo
3788 3139 3951 3204 haec
3995 3137 4123 3205 duo
4169 3159 4327 3205 con-

2374 3221 2600 3286 iuncta
2642 3221 2983 3288 videntur:
3073 3224 3174 3290 Ne
3230 3225 3361 3292 mel
3408 3235 3522 3291 aut
3577 3227 3977 3291 fermentum
4022 3225 4329 3291 adolean-

2377 3313 2506 3371 tur.
2610 3306 2805 3388 Quod
2870 3318 3088 3375 autem
3153 3321 3303 3396 post
3367 3312 3682 3378 continuo
3750 3310 4010 3377 subiicit
4075 3311 4325 3377 Moses:

2376 3390 2690 3459 Offeretis
2735 3415 2813 3460 ea
2852 3396 3140 3464 Iehovae
3184 3399 3358 3464 inter
3400 3399 3758 3480 primitias:
3804 3399 4024 3464 nescio
4068 3418 4154 3462 66
4199 3398 4327 3463 fer-

2374 3487 2595 3544 mento
2639 3484 3013 3561 conveniat,
3073 3484 3266 3549 sicuti
3321 3485 3550 3550 volunt
3600 3483 3895 3568 quidam:
3948 3491 4126 3549 certe
4170 3483 4329 3548 sim·

2372 3563 2601 3647 plicior
2625 3567 2885 3633 videtur
2922 3590 3064 3634 esse
3100 3571 3418 3655 exceptiO,
3458 3593 3544 3636 ex
3578 3571 3775 3635 melle
3810 3570 4070 3653 quidem
4105 3579 4329 3654 gratos

2371 3649 2510 3715 fore
2570 3651 2716 3717 Deo
2759 3655 3112 3737 primitias,
3173 3657 3363 3722 modo
3422 3678 3507 3722 ne
3550 3657 3910 3722 oblationes
3954 3657 4180 3720 altaris
4223 3656 4330 3720 in-

2372 3735 2575 3803 ficiat.
2662 3739 2869 3804 Porro
2915 3739 3185 3806 dubium
3231 3765 3365 3808 non
3411 3751 3514 3809 est
3558 3745 3717 3825 quin
3764 3755 4042 3821 veteres,
4107 3762 4187 3806 ne
4231 3743 4333 3806 in-

2374 3822 2537 3888 utile
2586 3833 2758 3890 esset
2792 3835 3236 3909 praeceptum,
3286 3831 3486 3895 finem
3537 3831 3677 3895 eius
3714 3830 4079 3906 tenuerint,
4131 3836 4329 3911 atque

2370 3908 2468 3973 ita
2511 3910 2826 3976 sciverint
2869 3913 3037 3978 nihil
3060 3915 3128 3978 in
3167 3917 3371 3981 sacris
3408 3936 3549 3980 6666
3593 3916 3959 3999 legitimum
3995 3916 4124 3980 nisi
4154 3913 4327 3997 quod

2373 3994 2559 4060 Deus
2600 3996 2905 4063 instituit.
2998 4000 3132 4065 Nos
3176 4023 3332 4067 vero
3378 4011 3525 4084 post
3568 4002 3951 4084 abrogatum
3997 4020 4325 4066 caeremo-

2373 4081 2520 4146 niae
2565 4103 2796 4163 usum,
2858 4084 3185 4153 discamus
3229 4088 3297 4151 in
3345 4089 3489 4152 Deo
3545 4087 3813 4154 colendo
3870 4098 4098 4152 nostra
4154 4107 4327 4152 com-

2371 4174 2595 4232 menta
2653 4171 2757 4235 vel
2817 4171 3316 4256 imaginationes
3376 4194 3507 4238 non
3554 4174 3882 4255 ingerere,
3950 4172 4064 4238 sed
4125 4191 4321 4256 quam

2367 4255 2759 4337 praescribit
2803 4260 3099 4341 regulam
3145 4257 3524 4325 obedienter
3567 4260 3771 4342 sequi.

2545 4341 2645 4408 13.
2690 4341 2783 4407 Et
2819 4364 3056 4410 omnem
3090 4345 3469 4411 oblationem.
3517 4345 3773 4411 Similis
3809 4347 3944 4411 fere
3980 4346 4048 4410 in
4085 4344 4322 4410 salien-

2370 4424 2470 4493 dis
2530 4429 2813 4494 victimis
2871 4432 3068 4508 ratio,
3136 4453 3218 4495 ne
3290 4451 3521 4514 sapore
3586 4441 3840 4498 careret
3893 4432 4021 4497 Dei
4082 4431 4318 4497 cultus.

2369 4514 2576 4579 Porro
2622 4535 2777 4580 vera
2816 4515 3187 4594 conditura,
3248 4539 3415 4600 quae
3457 4519 3737 4601 gratiam
3784 4517 4120 4584 sacrificiis
4166 4538 4319 4583 con-

2367 4601 2562 4677 ciliet,
2609 4622 2936 4684 nusquam
2981 4605 3305 4686 reperitur
3348 4605 3476 4669 nisi
3521 4604 3592 4668 in
3646 4603 3773 4668 Dei
3815 4603 4037 4670 verbo.
4125 4604 4321 4670 Unde

2366 4687 2694 4770 sequitur,
2754 4689 2971 4753 cultus
3037 4708 3267 4754 omnes
3310 4687 3696 4755 humanitus
3736 4689 4114 4770 fabricatos,
4174 4699 4318 4755 tan-

2366 4793 2567 4858 quam
2608 4774 2893 4840 166111666
2936 4774 3287 4858 repudiari.
3378 4775 3702 4857 Quamvis
3758 4777 3934 4841 enim
3996 4798 4066 4842 se
4126 4776 4318 4841 valde

2366 4867 2595 4926 acutos
2676 4861 3058 4926 existiment
3133 4861 3243 4945 qui
3326 4862 3903 4945 superstitionibus
3969 4863 4319 4946 profanant

2364 4945 2497 5010 Dei
2562 4945 2845 5025 cultum,
2913 4968 3098 5012 mera
3162 4956 3382 5013 tamen
3450 4947 3718 5014 fatuitas
3785 4956 3886 5014 est
3951 4948 4121 5030 quod
4186 4948 4320 5013 illis

2366 5031 2653 5097 maxime
2701 5031 2949 5097 arridet
3007 5033 3128 5099 6111)
3180 5034 3542 5117 sapientiae
3596 5034 3828 5101 colore.
3918 5033 4315 5116 Quanquam

2367 5118 2677 5184 Christus
2720 5141 2804 5184 ex
2850 5117 2973 5185 hac
3009 5120 3418 5185 caeremonia
3462 5120 3989 5186 exhortationem
4038 5120 4318 5201 deducit,

2366 5212 2441 5270 ut
2492 5204 2721 5287 aequis
2779 5205 3018 5272 animis
3075 5207 3442 5272 sustineant
3496 5206 3720 5272 fideles
3778 5228 3849 5272 66
3914 5206 4188 5288 excoqui
4253 5213 4319 5271 et

2363 5291 2653 5374 purgari,
2721 5291 2775 5356 si
2841 5291 2985 5356 Deo
3043 5292 3297 5375 placere
3362 5294 3654 5376 cupiunt.
3744 5290 3981 5358 Omnis
4041 5291 4319 5374 victima,

2364 5376 2597 5460 inquit,
2644 5376 2934 5454 salietur,
2980 5388 3045 5443 et
3083 5379 3278 5444 homo
3311 5379 3469 5464 igne
3503 5378 3791 5445 salietur.
3878 5376 4135 5458 Quibus
4172 5400 4318 5445 ver-
