4867 6150
575 423 705 489 415

574 617 983 692 ornamenta,
1023 608 1466 694 spiritualium
1506 608 1826 674 denorum
1850 608 2302 681 excellentiam
2327 608 2530 675 fuisse

577 699 990 782 designatam
1024 707 1279 764 certum
1314 704 1432 761 est.
1503 694 1655 776 Qua
1700 695 1954 760 ratione
1997 695 2210 761 Isaiae
2253 693 2384 781 (54,
2423 696 2502 760 11

579 785 660 850 de
705 783 1002 868 perfecta
1047 783 1357 850 ecclesiae
1400 782 1615 866 gloria
1660 779 2006 861 disserens,
2051 782 2263 865 qualis
2307 781 2536 847 futura

578 879 723 935 erat
788 869 912 936 sub
977 890 1181 954 regne
1248 867 1532 945 Christi,
1598 866 1950 945 Fundabe,
2017 867 2265 951 inquit,
2333 887 2536 951 super

578 955 1055 1023 carbunculum
1099 952 1349 1038 lapides
1395 964 1574 1032 tues,
1630 953 1917 1021 fundabo
1963 962 2028 1020 te
2072 954 2139 1018 in
2187 952 2534 1037 sapphiris,

575 1063 816 1127 penam
860 1040 1244 1126 crystallum
1289 1041 1612 1106 fenestras
1670 1048 1854 1120 tuas,
1911 1049 2132 1124 portas
2188 1048 2337 1105 tuas
2381 1040 2536 1123 igne

575 1129 942 1206 rutilantes,
989 1136 1057 1192 et
1100 1147 1328 1192 omnes
1375 1126 1687 1191 termines
1724 1134 1870 1192 tues
1904 1126 2157 1209 lapides
2192 1125 2532 1209 pretiosos.

578 1214 835 1295 Quibus
866 1212 1083 1280 verbis
1114 1212 1291 1277 haud
1330 1206 1529 1277 dubie
1573 1213 1915 1295 signifieat,
1964 1212 2306 1279 ecclesiam
2349 1211 2535 1277 illus-

577 1311 751 1366 trem
795 1301 930 1365 fere
967 1299 1234 1365 coelesti
1269 1298 1538 1365 decere:
1583 1297 1892 1380 queniam
1937 1298 2010 1363 in
2059 1319 2137 1364 ea
2185 1297 2537 1383 fulgebunt

576 1407 771 1452 omne
816 1406 1027 1470 genus
1071 1387 1368 1450 virtutes.
1438 1383 1719 1449 Summa
1763 1393 1985 1449 tamen
2029 1394 2303 1450 ornatus
2348 1405 2536 1468 prae-

576 1472 828 1539 stantia
883 1472 1117 1537 referri
1178 1469 1406 1536 debuit
1462 1470 1544 1535 ad
1602 1469 2003 1550 doctrinam,
2064 1492 2231 1554 quae
2285 1491 2406 1535 nes
2453 1468 2535 1534 ad

574 1560 937 1643 imaginem
980 1558 1111 1623 Dei
1170 1557 1504 1621 reformat.
1592 1555 1826 1639 Itaque
1871 1555 2125 1637 David,
2184 1556 2340 1621 dum
2388 1556 2532 1639 pul-

576 1644 972 1711 critudinem
1035 1643 1265 1708 demus
1309 1643 1433 1707 Dei
1481 1642 1933 1722 commendat,
1995 1643 2176 1707 hunc
2217 1642 2535 1707 honorem

576 1731 996 1815 potissimum
1034 1729 1187 1794 fidei
1223 1738 1288 1794 et
1331 1728 1594 1812 pietatis
1638 1729 1968 1794 exercitiis
2011 1728 2259 1804 tribuit,
2308 1727 2532 1794 Unum

574 1819 740 1901 petii
785 1838 824 1881 a
868 1817 1173 1893 Domino,
1219 1815 1432 1897 inquit
1476 1813 1611 1900 (Ps.
1658 1814 1762 1890 27,
1809 1814 1896 1902 4),
1940 1814 2064 1880 hec
2105 1814 2279 1879 idem
2317 1813 2534 1896 requi·

579 1924 755 1981 ram,
817 1910 892 1967 ut
951 1921 1250 1966 maneam
1310 1902 1382 1964 in
1444 1900 1636 1966 deme
1681 1898 1950 1966 Domini
2007 1901 2261 1967 cunctis
2307 1899 2536 1964 diebus

578 1990 760 2055 vitae
805 2007 1020 2053 meae:
1064 2008 1190 2069 que
1237 1987 1494 2052 videam
1543 1986 2050 2069 pulcritudinem
2095 1986 2410 2052 Iehovae:
2471 1994 2538 2050 et

579 2076 856 2141 lustrem
898 2074 1221 2158 templum
1264 2071 1424 2138 eius.
1515 2076 1624 2137 An
1671 2082 1748 2137 ut
1790 2074 2010 2139 ocules
2054 2072 2361 2138 inanibus
2405 2072 2536 2155 pic-

579 2162 772 2241 turis,
818 2172 1201 2243 sumptuosa
1247 2159 1541 2236 materia,
1585 2168 1652 2223 et
1695 2159 2022 2243 exquisite
2057 2179 2331 2243 eperum
2377 2158 2536 2223 arti-

579 2247 728 2313 ficio
774 2244 1113 2331 pasceret?
1167 2244 1367 2310 Certe
1414 2244 1492 2310 de
1537 2246 1790 2310 curiose
1836 2254 2103 2326 aspectu
2150 2265 2284 2309 nen
2328 2243 2537 2327 lequi—

581 2341 718 2399 tur:
767 2332 879 2398 sed
925 2332 1021 2397 ita
1064 2330 1302 2395 alludit
1346 2331 1428 2395 ad
1475 2331 1736 2396 visibile
1795 2331 2157 2414 opificium,
2221 2343 2300 2395 ut
2343 2329 2539 2413 spiri-

580 2419 868 2484 tualibus
913 2418 1066 2482 fidei
1112 2416 1319 2482 oculis
1363 2416 1729 2483 consideret
1781 2418 2056 2502 gloriam
2114 2426 2249 2481 tote
2293 2415 2539 2480 munde

582 2503 1152 2583 excellentiorem,
1210 2523 1378 2585 quae
1433 2503 1568 2569 illic
1626 2512 2119 2586 repraesentata
2163 2502 2308 2567 fuit.
2400 2501 2462 2566 N
2467 2522 2540 2567 ee

583 2612 738 2657 vero
783 2588 1140 2674 quidquam
1174 2589 1601 2673 magnifieum
1641 2591 1946 2673 apparuit
1980 2588 2049 2653 in
2096 2587 2539 2668 tabernaculo,

580 2677 753 2761 qued
798 2675 1097 2740 hemines
1142 2684 1408 2758 aspectu
1453 2674 1842 2752 oblectaret,
1902 2674 2066 2759 quin
2120 2676 2340 2759 potius
2397 2683 2538 2739 teta

576 2762 920 2845 opulentia
975 2772 1043 2825 et
1099 2770 1416 2827 venustas
1474 2761 1624 2844 pilis
1680 2781 2029 2845 caprarum
2088 2770 2157 2826 et
2199 2760 2320 2825 vili
2362 2759 2538 2825 cerie

582 2849 845 2915 obtecta
890 2848 1045 2913 fuit:
1107 2857 1181 2910 ut
1223 2846 1448 2912 fideles
1487 2847 1558 2911 in
1603 2847 1719 2911 illa
1774 2845 2217 2930 pulcritudine
2265 2845 2536 2912 abscen-

583 2937 722 3001 dita
775 2933 1020 3017 aliquid
1080 2954 1278 2998 sensu
1336 2934 1554 2998 carnis
1613 2932 1812 2999 altius
1859 2942 2260 3016 reputarent.
2352 2932 2539 2997 Haec

580 3023 651 3087 in
691 3040 929 3106 genere
967 3019 1201 3085 libasse
1236 3019 1537 3085 sufficiat.
1587 3019 1649 3084 N
1655 3041 1782 3086 unc
1818 3018 1899 3085 ad
1937 3032 2157 3104 partes
2194 3017 2534 3096 descende,

579 3110 654 3173 in
698 3108 932 3190 quibus
971 3127 1052 3171 ne
1088 3127 1126 3170 a
1160 3127 1266 3170 me
1303 3117 1685 3189 exspectent
1720 3106 1995 3172 lectores
2031 3106 2326 3190 argutias
2370 3125 2540 3190 quae

580 3216 777 3259 aures
843 3192 1148 3258 titillent:
1215 3193 1369 3275 quia
1440 3193 1604 3258 nihil
1664 3193 1901 3259 melius
1958 3201 2061 3258 est
2115 3212 2310 3276 quam
2364 3193 2541 3255 intra

580 3278 1055 3345 aedificationis
1099 3286 1312 3342 metas
1356 3300 1427 3344 se
1470 3279 1824 3344 continere.
1913 3279 2007 3344 Et
2047 3278 2302 3362 puerile
2346 3287 2538 3354 esset,

581 3366 901 3431 minutias
944 3364 1281 3447 colligere,
1325 3366 1395 3429 in
1440 3366 1677 3447 quibus
1721 3365 2013 3448 plerique
2069 3363 2539 3447 philosophan-

582 3463 727 3517 tur:
772 3471 973 3534 quum
1020 3451 1162 3515 Dee
1206 3451 1476 3515 minime
1520 3452 1923 3534 propesitum
1968 3451 2198 3531 fuerit,
2258 3449 2541 3533 singulis

584 3539 846 3604 uncinis
889 3548 956 3602 et
1014 3537 1330 3619 laqueelis
1387 3536 1727 3604 includere
1771 3539 2105 3622 mysteria.
2198 3537 2418 3619 Atque
2468 3542 2544 3600 ut

587 3625 770 3690 nulla
806 3644 960 3707 pars
995 3623 1273 3708 mystice
1310 3643 1509 3689 sensu
1543 3624 1829 3690 caruerit
1852 3622 2049 3710 (qued
2089 3633 2312 3688 tamen
2346 3642 2542 3687 neme

586 3731 788 3776 sanus
831 3706 1158 3794 admittet)
1213 3717 1503 3791 praestat
1559 3709 1892 3776 inscitiam
1951 3709 2145 3775 fateri
2186 3728 2380 3792 quam
2427 3708 2541 3773 fri-

589 3795 760 3861 volis
805 3794 1315 3861 divinationibus
1359 3795 1603 3862 ludere.
1673 3797 1879 3862 Cuius
1924 3797 2126 3862 etiam
2170 3794 2543 3862 sobrietatis

587 3881 864 3947 idoneus
910 3880 1097 3947 nobis
1141 3890 1241 3946 est
1299 3883 1614 3965 magister
1669 3892 1861 3948 auter
1918 3881 2231 3966 epistolae
2275 3879 2359 3945 ad
2403 3880 2542 3945 He·

588 3968 852 4034 braees:
908 3967 1020 4050 qui
1066 3971 1329 4032 tametsi
1374 3989 1455 4032 ex
1503 3968 1795 4050 professe
1856 3968 2227 4052 analogiam
2275 3966 2542 4032 demon·

590 4064 759 4120 strat
813 4055 986 4119 inter
1043 4052 1309 4119 umbras
1352 4052 1602 4138 legales
1645 4063 1714 4119 et
1757 4055 2109 4120 veritatem
2153 4055 2223 4118 in
2270 4052 2544 4119 Christe

588 4140 1020 4224 patefactam,
1085 4159 1280 4222 parce
1324 4148 1546 4205 tamen
1592 4140 1913 4222 quaedam
1958 4139 2286 4205 duntaxat
2329 4141 2545 4222 capita

590 4225 893 4310 attingit:
951 4245 1148 4308 quem
1205 4225 1476 4289 medum
1535 4224 1850 4303 tenende,
1896 4248 1937 4291 a
1981 4227 2185 4290 nimia
2242 4224 2544 4309 disquisi-

591 4312 798 4391 tione,
859 4320 926 4376 et
968 4310 1119 4376 altis
1163 4311 1718 4393 speculationibus
1764 4333 1882 4377 nos
1927 4312 2224 4377 retrahit.
2318 4310 2545 4375 Primo

591 4397 731 4462 lece
775 4404 1113 4479 ponuntur
1152 4398 1441 4462 cortinae
1487 4417 1570 4462 ex
1618 4397 1811 4481 bysso
1857 4409 2120 4479 retorta,
2167 4396 2546 4483 hyacinthe,

589 4503 901 4566 purpura,
948 4493 1016 4548 et
1050 4483 1346 4548 coccino:
1390 4504 1556 4566 quae
1592 4483 1787 4549 simul
1824 4506 2158 4550 connexae
2198 4484 2544 4549 circuitum

590 4568 918 4635 faciebant
994 4567 1439 4652 quadraginta
1522 4569 1910 4636 cubitorum.
2037 4572 2283 4637 Decem
2368 4569 2545 4632 enim

592 4663 784 4721 erant
830 4675 1131 4733 numere,
1192 4665 1257 4720 et
1300 4655 1615 4740 cuiusque
1659 4656 1937 4723 latitudo
1994 4665 2277 4741 quatuor
2320 4653 2545 4720 cubiti.

592 4741 725 4807 Per
789 4761 954 4824 opus
1026 4741 1322 4820 artificis,
1391 4744 1810 4808 consentiunt
1873 4743 2267 4828 interpretes
2332 4740 2548 4806 notari

592 4827 1094 4912 phrygionicam
1175 4835 1542 4894 texturam:
1621 4830 1970 4913 praecipue
2047 4850 2250 4913 quum
2329 4827 2551 4892 iubeat

591 4914 779 4980 Deus
825 4911 1188 4982 Cherubim
1243 4916 1314 4978 in
1369 4914 1501 4980 illis
1557 4915 1719 4981 fieri.
1809 4915 2014 4982 Perre
2073 4936 2313 4981 nemen
2372 4912 2546 4978 Che-

592 4999 811 5065 rubim
886 4999 1153 5083 quidam
1215 5000 1506 5083 generali
1570 5001 1835 5069 nemine
1902 5011 2173 5068 vertunt
2235 5004 2548 5085 picturas,

593 5084 767 5169 qued
848 5086 1110 5151 tametsi
1187 5086 1550 5153 secuudum
1616 5090 2113 5174 grammaticam
2178 5110 2307 5153 nen
2377 5085 2550 5150 male

593 5173 932 5250 convenit,
993 5171 1145 5255 quia
1199 5184 1421 5238 tamen
1484 5181 1635 5239 ante
1679 5175 1999 5254 vidimus,
2062 5176 2187 5240 hac
2229 5194 2391 5241 voce
2437 5170 2548 5236 de·

593 5260 887 5342 signatos
970 5258 1172 5324 fuisse
1251 5259 1553 5343 angeles,
1634 5262 2059 5328 verisimilius
2143 5269 2244 5327 est
2309 5258 2549 5341 ubique

593 5365 855 5427 sparsas
899 5344 1228 5430 angelicas
1263 5346 1551 5432 effigies:
1597 5348 1750 5431 quia
1786 5347 1901 5413 ubi
1938 5349 2019 5414 ad
2058 5349 2290 5414 vivum
2330 5344 2551 5428 expri-

1975 418 2493 492 SECUNDUM
2537 417 3189 487 PRAECEPTUM.

4433 424 4537 491 416

2639 607 2844 673 mitur
2898 608 3025 673 Dei
3082 610 3392 675 maiestas
3450 630 3490 675 a
3534 609 3845 687 Daniele,
3902 609 4213 676 dicuntur
4256 631 4314 674 m
4361 612 4541 681 riades

2507 693 2533 781 )
2640 715 2704 756 m
2755 693 3009 759 riadum
3071 704 3288 760 astare
3343 695 3424 760 ad
3471 696 3612 760 eius
3658 695 3947 760 tribunal
3989 696 4061 760 in
4108 705 4244 761 tete
4285 699 4539 766 circuitu.

2638 778 2927 846 R1dieuli
2974 801 3129 846 vere
3173 782 3501 864 papistae,
3546 781 3657 865 qui
3702 780 3857 845 inde
3897 781 4047 847 colli
4098 791 4249 859 unt,
4291 794 4455 848 vasta
4489 795 4544 850 ct

2639 864 2956 931 deformia
3020 887 3162 932 esse
3229 867 3500 951 templa,
3583 867 3715 932 nisi
3780 868 4049 951 imagini
4100 890 4174 932 us
4251 882 4545 938 ornentur.

2639 950 2810 1016 Nam
2848 961 2924 1017 ut
2957 954 3307 1018 conveniat
3341 953 3727 1019 similitude:
3769 953 4012 1037 triplici
4038 964 4402 1035 tegumento
4421 977 4545 1021 suas

2639 1038 2959 1122 imagines
3019 1040 3348 1105 occultent
3390 1060 3656 1106 necesse
3700 1049 3818 1118 est,
3866 1060 3949 1104 ne
3997 1041 4273 1104 veniant
4313 1041 4423 1106 sub
4458 1063 4548 1124 pe·

2638 1123 2781 1208 puli
2825 1136 3264 1206 conspectum.
3345 1127 3531 1191 Tunc
3573 1134 3794 1191 autem
3839 1126 4160 1209 quemodo
4203 1138 4411 1191 essent
4446 1126 4549 1192 idi·

2639 1220 2897 1275 otarum
2958 1210 3139 1289 libri,
3191 1211 3362 1277 sicut
3405 1210 3686 1278 velunt?
3776 1211 3921 1276 Iam
3966 1233 4169 1295 quum
4217 1211 4549 1296 Seraphim,

2639 1316 2918 1379 querum
2956 1297 3259 1362 meminit
3279 1296 3489 1363 Isaiae
3528 1296 3613 1383 (6,
3659 1296 3746 1385 6),
3793 1297 3968 1362 idem
4004 1298 4373 1380 significent
4410 1298 4553 1382 quod

2641 1382 3033 1448 Cherubim:
3091 1382 3396 1449 dicantur
3452 1400 3673 1448 autem
3736 1383 3987 1449 duabus
4030 1384 4152 1448 alis
4196 1383 4387 1449 facies
4427 1405 4556 1450 suas

2639 1475 2881 1551 tegere,
2926 1478 2992 1533 et
3036 1467 3287 1535 duabus
3330 1468 3528 1553 pedes
3572 1491 3740 1546 sues,
3786 1469 4038 1535 velatas
4083 1491 4227 1535 esse
4271 1470 4555 1553 imagines

2639 1564 2898 1638 opertet
2919 1574 3086 1636 quae
3108 1555 3241 1620 illis
3264 1555 3719 1637 respondeant.
3770 1555 3874 1621 Ad
3901 1556 4063 1622 haec
4098 1566 4558 1639 praeposterum

2637 1651 2738 1704 est
2794 1638 2898 1725 (ut
2941 1639 3108 1726 dixi)
3166 1641 3542 1707 rudimenta
3582 1663 3748 1725 quae
3791 1642 4059 1706 nonnisi
4102 1643 4312 1707 veteri
4351 1641 4559 1725 popule

2636 1727 2823 1792 Deus
2868 1726 3174 1807 tradidit,
3233 1726 3316 1791 ad
3360 1738 3733 1810 temporum
3776 1726 4259 1810 plenitudinem
4306 1728 4561 1806 trahere,

2637 1822 2984 1895 postquam
3021 1812 3309 1879 adolevit
3343 1813 3630 1891 eeclesia,
3677 1823 3746 1878 et
3780 1814 4129 1898 pueritiam
4166 1834 4425 1898 egressa
4462 1822 4559 1879 est.

2639 1897 2856 1979 Quam
2904 1918 3062 1962 vere
3107 1899 3304 1983 lenge
3350 1899 3679 1965 abfuerint
3722 1899 3951 1965 Iudaei
3997 1922 4037 1965 a
4083 1899 4371 1966 colendis
4413 1898 4563 1965 Che·

2638 1985 2888 2064 rubim,
2943 1985 3195 2066 profani
3255 1986 3450 2051 etiam
3508 1995 3738 2069 poetae
3784 1985 4235 2051 testimenium
4283 1985 4409 2051 illis
4446 1984 4566 2051 red-

2640 2070 2826 2135 dunt.
2916 2070 3022 2136 De
3065 2070 3199 2137 illis
3243 2071 3421 2136 enim
3469 2072 3742 2156 loquens
3785 2072 4124 2138 Iuvenalis
4152 2072 4218 2159 ¹),
4265 2072 4454 2137 dixit:

2975 2208 3075 2272 Qui
3112 2225 3279 2276 puras
3314 2209 3487 2262 nubes
3523 2214 3583 2262 et
3615 2209 3754 2263 coeli
3792 2226 3994 2264 numen
4032 2209 4283 2263 adorant.

2644 2330 2863 2409 Atque
2908 2327 3080 2393 hanc
3124 2348 3352 2395 vocem
3401 2329 3652 2394 homini
3696 2330 3956 2412 impure
4002 2339 4068 2394 et
4110 2328 4428 2395 obscoene
4473 2349 4570 2392 ex-

2642 2413 2842 2478 tersit
2885 2414 3099 2492 Deus,
3146 2422 3220 2479 ut
3264 2414 3569 2480 omnibus
3614 2423 3842 2481 notum
3888 2424 4084 2492 esset,
4131 2415 4348 2499 legem
4393 2412 4571 2479 Mosis

2642 2519 2797 2564 sues
2864 2498 3216 2582 discipules
3270 2521 3530 2566 sursum
3593 2501 3912 2567 attollere.
4017 2502 4302 2567 Ponitur
4359 2499 4569 2566 deindo

2644 2584 2884 2668 triplex
2955 2594 3409 2670 tegumentum
3430 2638 3445 2663 ‚
3520 2587 3796 2652 interius
3856 2609 3943 2652 ex
4001 2586 4153 2671 pilis
4225 2606 4568 2670 caprarum,

2644 2671 2927 2736 alterum
2985 2693 3066 2736 ex
3124 2672 3405 2755 pellibus
3463 2675 3741 2739 arietum
3809 2674 4193 2753 rubricatis,
4268 2691 4573 2740 summum

2641 2777 2800 2822 vere
2847 2779 2928 2822 ex
2973 2766 3275 2823 taxerum
3321 2758 3637 2843 pellibus:
3680 2759 3947 2839 additur
3989 2759 4383 2837 tabulatum,
4428 2754 4574 2842 qued

2640 2844 2825 2909 intus
2863 2865 2983 2909 sua
3019 2845 3328 2910 firmitate
3365 2846 3862 2911 tabernaculum
3904 2845 4209 2925 stabiliat,
4253 2846 4406 2929 quia
4439 2844 4575 2908 alie·

2643 2930 2758 3013 qui
2815 2932 3106 2995 cortinae
3163 2931 3292 2995 levi
3349 2942 3534 2996 metu
3589 2933 3874 3017 agitatae
3931 2932 4144 2997 locum
4205 2937 4574 2997 mutassent.

2645 3015 2934 3082 Tabulae
2980 3026 3202 3082 autem
3246 3037 3331 3083 ex
3373 3017 3573 3103 lignis
3618 3019 3826 3083 sittim
3862 3019 4191 3085 confectae
4229 3028 4442 3099 erant,
4482 3012 4579 3082 sed

2644 3104 2993 3188 superficie
3030 3125 3248 3184 aurea,
3279 3105 3420 3170 sive
3459 3114 3720 3170 tantum
3757 3105 4113 3170 deauratae
4147 3103 4422 3182 fuerint,
4458 3104 4577 3168 sive

2643 3189 2909 3255 laminis
2944 3188 3295 3255 obductae:
3341 3191 3643 3274 singulae
3679 3192 3932 3257 duabus
3968 3195 4305 3276 argenteis
4341 3190 4579 3256 basibus

2644 3275 2956 3342 suffultae
3009 3285 3229 3356 erant,
3288 3277 3498 3343 instar
3540 3277 3816 3360 pedum:
3874 3279 4172 3345 vectibus
4216 3286 4442 3343 autem
4483 3295 4581 3358 per

2643 3382 2876 3427 aureos
2896 3363 3173 3429 circulos
3208 3362 3628 3444 transmissis,
3662 3364 3838 3428 inter
3872 3384 3943 3428 se
3979 3373 4361 3447 compactae
4396 3370 4577 3427 erant.

2642 3448 2791 3513 Hoc
2834 3448 3047 3532 spatie
3092 3450 3553 3515 continebatur
3597 3459 3811 3515 tetum
3858 3450 4393 3529 tabernaculum,
4434 3443 4582 3532 qued

2644 3534 2881 3599 deinde
2917 3536 2984 3599 in
3031 3535 3483 3602 sanctuarium
3532 3535 3717 3619 prius
3761 3545 3830 3601 et
3872 3546 4173 3603 sanetum
4221 3545 4581 3602 sanctorum

2643 3618 3196 3705 distinguebatur.
3277 3622 3580 3688 Accessit
3624 3623 3817 3688 tertie
3862 3622 4001 3690 lece
4046 3623 4320 3700 atrium,
4366 3621 4435 3686 in
4476 3637 4583 3703 quo

2643 3707 2960 3791 populum
2997 3707 3354 3773 subsistere
3388 3709 3706 3792 oportuit:
3739 3708 3893 3792 quia
3927 3708 4028 3775 fas
4063 3729 4196 3774 uon
4239 3716 4388 3774 erat
4417 3725 4582 3772 sanc-

2645 3793 2934 3858 tuarium
3000 3793 3291 3876 ingredi,
3366 3795 3541 3877 qued
3594 3795 3750 3860 selis
3808 3793 4263 3861 sacerdotibus
4325 3792 4584 3877 patebat.

2645 3887 2714 3943 et
2749 3879 3013 3962 quidem
3051 3878 3331 3946 mundis.
3391 3879 3626 3964 Itaque
3651 3878 3873 3946 David
3897 3880 4100 3967 (Psal.
4140 3880 4247 3959 84,
4287 3881 4331 3946 3
4368 3889 4435 3945 et
4478 3874 4585 3961 11),

2644 3975 2987 4050 postquam
3048 3967 3446 4033 exclamavit
3504 3964 3745 4033 dilecta
3801 3986 3943 4033 esse
4004 3966 4438 4033 tabernacula
4476 3961 4588 4027 Dei

2646 4052 2993 4132 virtutum,
3038 4051 3300 4119 subiicit
3342 4053 3654 4120 continue
3697 4062 3871 4136 pest:
3921 4052 4353 4136 Concupiseit
4393 4060 4457 4117 et
4490 4048 4586 4112 de·

2645 4138 2785 4204 ficit
2844 4138 3064 4205 anima
3120 4160 3268 4204 mea
3327 4139 3398 4203 in
3458 4140 3643 4205 atriis
3702 4139 4007 4205 Iehevae.
4111 4138 4318 4204 Item:
4374 4135 4589 4203 Melior

2647 4232 2751 4289 est
2795 4223 2929 4288 dies
2975 4244 3108 4289 una
3148 4227 3218 4289 in
3265 4225 3452 4290 atriis
3495 4225 3800 4291 Iehevae.
3889 4225 4058 4290 Item
4103 4223 4314 4310 (Psal.
4362 4223 4463 4301 29,
4503 4219 4589 4305 2):

2649 4308 2937 4374 Aderate
2963 4310 3034 4374 in
3062 4312 3228 4376 atrio
3256 4318 3484 4378 sancte
3513 4312 3676 4386 eius.
3746 4310 4144 4395 Quanquam
4192 4308 4589 4383 testimoniis,

2649 4416 2817 4480 quae
2875 4398 3068 4479 plura
3126 4396 3300 4481 apud
3352 4419 3502 4463 eum
3547 4409 3936 4474 occurrunt,
3992 4398 4061 4461 in
4108 4418 4183 4463 re
4229 4419 4365 4461 non
4413 4392 4590 4460 dubia

2649 4504 2812 4565 epus
2874 4502 3003 4546 nen
3051 4493 3168 4549 est.
3259 4484 3623 4568 Dispositio
3669 4483 4075 4549 tabernaculi
4120 4484 4372 4549 iterum
4414 4497 4591 4546 versu

2651 4569 2980 4633 tricesimo
3038 4568 3280 4635 dicitur
3331 4569 3403 4635 in
3462 4581 3683 4635 mente
3725 4578 4020 4645 ostensa,
4083 4590 4167 4634 ne
4211 4568 4494 4652 populus
4533 4565 4591 4628 in

2649 4654 2890 4719 visibili
2952 4655 3374 4722 tabernaculo
3431 4657 3743 4723 subsistat
3798 4652 3914 4721 sed
3968 4655 4120 4720 fidei
4166 4650 4593 4738 intelligentia

2649 4749 2953 4824 penetret
3012 4742 3076 4807 in
3134 4742 3420 4821 coelum,
3479 4751 3548 4807 et
3591 4762 3828 4807 sensus
3869 4740 4114 4826 dirigat
4154 4742 4227 4806 in
4276 4737 4595 4822 exemplar

2650 4827 3013 4910 spirituale,
3061 4828 3245 4894 cuius
3288 4828 3559 4894 umbras
3603 4829 3915 4893 cernebat·
3958 4839 4024 4892 et
4067 4829 4414 4912 imagines.
4478 4822 4594 4889 Ne·

2650 4934 2777 4997 que
2799 4922 3024 4978 tamen
3062 4913 3171 4980 hic
3206 4915 3526 4980 curiosius
3563 4912 4184 4998 philosophandum.
4239 4913 4593 5004 Multorum

2651 4999 2918 5065 auribus
2963 4999 3248 5083 placebit
3300 5000 3651 5084 allegoria,
3707 5021 3826 5083 per
3884 4998 4045 5065 duas
4093 5000 4285 5065 bases
4332 4996 4595 5090 intellig}

2651 5095 2846 5150 vetus
2913 5095 2978 5151 et
3044 5108 3289 5153 nevum
3370 5094 3875 5166 testamentum,
3954 5086 4057 5152 vel
4128 5084 4296 5152 duas
4366 5084 4596 5151 Christi

2829 5290 2889 5360 1)
2908 5290 3095 5362 Smyr.
3133 5293 3296 5347 ΧΠ.
3334 5291 3423 5352 9⁷.
3459 5291 3534 5347 In
3566 5292 3900 5349 &itionibus
3917 5271 4207 5346 ‘lavemus
4243 5291 4416 5347 versa
4442 5285 4601 5358 paulo

2651 5359 2812 5415 aliter
2845 5366 3062 5417 sonan
