4867 6150
604 432 737 499 159
1777 424 2517 492 COMMENTARIUS
2562 424 2661 489 IN
2706 422 3006 490 Exom
3052 424 3252 491 cAP.
3297 427 3449 492 xv,
3535 376 3541 381 ¹
4466 433 4571 499 160

787 620 890 685 11.
941 618 1099 700 Quis
1141 618 1302 684 sicut
1345 622 1412 682 tu
1454 617 1527 682 in
1565 616 1712 694 diis,
1760 615 2039 681 Iehova?
2080 617 2225 698 quis
2267 615 2426 682 sicut
2469 620 2557 695 tu,

613 706 982 791 maynificus
1036 705 1131 775 in,
1165 704 1491 770 sanctitate
1510 753 1525 782 ‚
1590 701 1888 767 terribilis
1938 702 2252 777 laudibus,
2315 702 2560 784 faciens

612 791 941 859 mirabilia
955 789 992 854 2
1081 789 1179 853 12.
1224 788 1583 855 Extendisti
1627 789 1939 853 dexteram
1982 792 2158 853 tuam
2174 839 2188 866 ,
2237 788 2559 872 deyhativit

615 899 717 945 eos
772 884 959 942 terra.
1063 876 1163 940 13.
1210 875 1422 941 Duces
1475 875 1547 939 in
1600 879 1709 939 tua
1764 874 2202 939 misericordia
2243 875 2559 957 populum

614 965 777 1029 hunc
818 981 999 1045 quem
1039 960 1371 1037 redemisti,
1416 960 1601 1025 duces
1642 960 1713 1025 in
1750 959 2125 1042 fortitudine
2165 964 2278 1024 tna
2322 961 2409 1026 ad
2450 960 2560 1024 ha-

614 1048 954 1116 bitaculam
1015 1047 1364 1112 sanctitatis
1426 1052 1588 1112 tuae.
1704 1045 1803 1109 14.
1886 1045 2170 1111 Audierit
2413 1046 2442 1110 i
2504 1051 2561 1111 et

612 1134 1096 1202 contremiscent:
1127 1132 1299 1198 dolor
1332 1131 1740 1213 apprehendet
1774 1130 2145 1197 habitatores
2173 1130 2235 1195 P
2273 1132 2555 1197 ilisthim.

621 1220 721 1287 15.
774 1220 949 1284 Tunc
981 1218 1373 1283 terrebuntur
1411 1218 1593 1284 duces
1636 1216 1873 1294 Edom,
1931 1222 1988 1283 et
2040 1216 2272 1281 robusti
2331 1217 2559 1284 Moab:

613 1304 1023 1390 apprehendet
1065 1324 1166 1370 eos
1200 1309 1443 1383 wem-or,
1488 1302 1901 1369 dissolventur
1944 1322 2152 1369 omnes
2184 1302 2560 1369 habitatores

620 1392 944 1458 Ghanaan.
1040 1389 1137 1454 16.
1195 1388 1385 1454 Gadet
1439 1409 1632 1470 super
1687 1409 1787 1453 eos
1843 1395 2071 1454 tremor
2113 1394 2167 1453 ei
2216 1395 2445 1471 pavor.-
2487 1389 2556 1455 in

614 1476 1044 1562 maynitadine
1082 1473 1326 1542 brachii
1358 1475 1453 1539 tui
1490 1475 1875 1541 conticescent
1917 1475 2107 1557 quasi
2141 1475 2326 1556 lapis,
2372 1477 2559 1542 donec

603 1562 1049 1646 pertransierit
1070 1559 1351 1644 populas
1392 1565 1557 1637 taus,
1604 1558 1863 1626 Iehova:
1899 1561 2084 1627 donec
2115 1562 2559 1643 pertransierit

603 1648 884 1730 populus
916 1648 1031 1712 iste
1063 1666 1241 1729 quem
1274 1646 1628 1728 acquisivisti
1653 1646 1721 1729 ¹).
1798 1646 1895 1711 17.
1944 1645 2303 1714 Introduces
2338 1666 2460 1727 eos,
2505 1652 2561 1713 et

606 1733 929 1818 plantabis
970 1752 1069 1798 eos
1109 1732 1181 1797 in
1221 1737 1421 1797 monte
1453 1732 1853 1797 haereditatis
1897 1739 2056 1812 tuae,
2100 1733 2169 1797 in
2213 1734 2337 1799 loco
2379 1754 2560 1815 quem

607 1818 1035 1903 praeparasti,
1079 1818 1324 1896 Iehova,
1368 1823 1440 1882 nt
1472 1819 1716 1883 sedeas.-
1764 1817 2224 1896 Sanctuarium,
2273 1818 2558 1900 Domine,

615 1904 1006 1985 stabilierunt
1046 1923 1277 1969 manus
1320 1908 1477 1969 tuae.
1570 1903 1668 1969 18.
1717 1903 1948 1970 Iehova
1988 1905 2264 1989 reynabit
2306 1907 2376 1970 in
2418 1926 2558 1973 sae·

615 1990 821 2057 culum
871 1994 928 2054 et
978 1991 1049 2056 im
1090 1994 1476 2072 perpetuum.
1594 1989 1692 2055 19.
1745 1990 2054 2072 Quoniam
2096 1992 2413 2074 inqressus
2469 1996 2562 2059 est

616 2097 810 2158 equas
856 2073 1218 2141 Pharaonis
1274 2095 1415 2141 cnm
1471 2076 1762 2141 curribus
1803 2078 1941 2141 eius
1981 2081 2038 2142 et
2071 2077 2380 2158 equitibus
2422 2078 2561 2144 eius

618 2165 689 2228 in
729 2180 935 2239 mare,
1000 2167 1057 2228 et
1112 2161 1363 2226 reduxit
1418 2160 1647 2227 Iehova
1704 2182 1893 2244 super
1936 2182 2034 2227 eos
2075 2183 2278 2244 aquas
2319 2165 2560 2229 maris.-

612 2248 742 2330 filii
784 2252 989 2312 autem
1034 2245 1242 2313 Israel
1285 2247 1751 2313 ambulaverant
1807 2250 1876 2311 in
1918 2250 2077 2316 sicco
2123 2269 2245 2330 per
2286 2250 2562 2316 medium

614 2333 834 2398 maris.
924 2333 1026 2397 20.
1089 2331 1373 2415 Sumpsit
1426 2333 1613 2400 etiam
1669 2332 1891 2399 Maria
1935 2333 2333 2416 prophetissa
2383 2355 2562 2401 soror

618 2419 881 2484 Aharon
943 2423 1310 2500 tympanum
1373 2418 1445 2484 in
1498 2438 1693 2484 manu
1755 2439 1906 2485 sua.-
1967 2426 2024 2486 et
2078 2440 2360 2503 cyressae
2413 2426 2562 2486 sunt

617 2524 825 2570 omnes
892 2504 1184 2570 mulieres
1241 2509 1383 2586 post
1436 2523 1574 2570 eam
1638 2525 1778 2569 cum
1840 2507 2156 2588 tympanis
2213 2512 2267 2571 et
2336 2507 2556 2572 choris.

617 2589 721 2656 21.
769 2587 855 2653 Et
894 2590 1300 2671 respondebat
1340 2589 1477 2655 illis
1514 2588 1766 2656 Maria.-
1813 2590 2067 2659 cantate
2089 2591 2368 2673 Iehovae,
2414 2614 2561 2676 qao-

616 2677 794 2742 niam
834 2695 900 2740 se
940 2676 1270 2760 maynifice
1313 2675 1532 2741 extulit
1545 2727 1560 2755 ,
1620 2697 1847 2759 equam
1903 2685 1958 2743 et
1999 2698 2379 2746 ascensorem
2420 2680 2560 2745 eius

604 2762 873 2844 proiecit
904 2761 977 2826 in
1013 2781 1202 2827 mare.

796 2932 896 2997 11.
942 2932 1097 3013 Quis
1159 2934 1321 2998 sicut
1380 2939 1466 3000 ta.
1556 2934 2080 3019 Epiphonemate
2138 2937 2385 3003 claudit
2443 2958 2555 3003 en-

620 3019 901 3084 comium
932 3019 1167 3099 Mosae,
1211 3019 1366 3103 quia
1405 3020 1606 3087 verba
1640 3042 1758 3105 pro
1801 3023 1896 3088 rei
1932 3023 2382 3107 magnitudine
2425 3045 2556 3090 non

623 3113 1010 3189 suppetunt.
1082 3106 1241 3171 Plus
1293 3115 1515 3172 autem
1550 3109 1860 3192 exprimit
1893 3110 2321 3192 interrogatio
2365 3132 2559 3195 quam

624 3191 682 3256 si
720 3189 1066 3257 asserendo
1104 3191 1377 3257 dixisset
1412 3193 1664 3260 nullum
1689 3216 1875 3278 posse
1896 3197 2039 3261 Deo
2076 3198 2369 3281 aequari:
2408 3198 2563 3280 quia

624 3285 693 3342 et
731 3275 1225 3342 admirationem
1271 3287 1338 3343 et
1380 3280 1683 3345 fiduciam
1726 3279 1808 3345 de
1843 3282 1938 3346 rei
1982 3283 2373 3349 certitudine
2406 3303 2560 3348 con-

624 3362 809 3427 tinet.
867 3362 1033 3427 Nam
1070 3364 1256 3445 quasi
1299 3373 1564 3448 stupore
1586 3377 1938 3449 correptae,
1976 3368 2300 3435 exclamat
2323 3369 2559 3446 MoseS,

626 3446 793 3529 Quis
860 3447 975 3512 tibi
1040 3449 1402 3532 reperietur
1458 3452 1743 3534 aequalis
1802 3454 2128 3520 Domine?
2211 3455 2402 3538 Quod
2446 3476 2563 3538 per

625 3552 865 3598 nomen
890 3535 1156 3599 deorum
1189 3535 1457 3619 quidam
1496 3538 1876 3622 intelligunt
1914 3540 2200 3624 angelos,
2239 3542 2381 3607 aliis
2405 3542 2563 3607 locis

624 3619 859 3684 melius
914 3618 1221 3702 quadrat,
1289 3623 1482 3688 sicuti
1538 3623 1606 3688 in
1668 3626 1891 3690 Psalm
1948 3627 2050 3704 89,
2099 3627 2168 3689 7:
2260 3626 2427 3709 Quis
2493 3628 2561 3692 in

624 3705 906 3771 nubibus
951 3706 1332 3788 aequabitur
1373 3707 1690 3787 Iehovae,
1757 3723 1822 3774 et
1879 3713 2343 3779 assimilabitur
2386 3714 2562 3778 inter

622 3791 791 3856 filios
834 3790 1151 3856 deorum?
1243 3792 1418 3875 Quia
1459 3804 1684 3877 postea
1729 3799 2046 3881 sequitur,
2103 3801 2288 3865 Deus
2336 3800 2559 3865 formi-

624 3876 857 3942 dabilis
900 3877 970 3940 in
1015 3878 1282 3944 consilio
1327 3888 1735 3960 sanctorum,
1801 3884 1911 3965 qui
1968 3884 2036 3949 in
2081 3886 2357 3951 circuitu
2417 3886 2560 3951 eius

622 3973 804 4030 sunt:
848 3970 915 4028 et
957 3963 1294 4030 similibus.
1358 3970 1456 4030 Ac
1500 3980 1654 4033 tunc
1698 3989 1928 4035 sensus
1973 3980 2092 4052 est,
2137 3972 2561 4055 quantumvis

623 4050 708 4114 sit
752 4050 1188 4132 praestantiae
1242 4051 1309 4115 in
1356 4053 1632 4135 angelis,
1691 4052 1908 4120 Deum
1953 4065 2175 4122 tamen
2229 4058 2421 4142 longe
2466 4057 2558 4122 al·

624 4137 754 4199 tius
790 4136 1092 4200 eminere.
1178 4135 1309 4202 Hic
1367 4149 1586 4204 autem
1642 4140 2043 4207 commodius
2101 4145 2182 4208 ad
2239 4144 2414 4209 idola
2456 4167 2559 4211 re-

623 4220 783 4285 ferri
828 4222 1123 4298 videtur:
1166 4222 1319 4304 quia
1363 4245 1442 4288 ex
1482 4225 1771 4307 professo
1795 4227 2014 4293 Moses
2057 4227 2276 4315 (sicuti
2314 4230 2555 4296 dictum

623 4307 749 4392 est)
785 4307 1048 4389 opponit
1090 4309 1384 4390 gentium
1432 4311 1763 4393 figmentis
1801 4314 2066 4380 unicum
2093 4315 2328 4397 Deum,
2375 4319 2559 4383 cuius

623 4392 887 4474 vigebat
979 4393 1154 4456 inter
1239 4394 1406 4460 filios
1488 4395 1790 4463 Abrahae
1874 4400 2100 4485 religio
2180 4413 2247 4468 et
2322 4404 2556 4470 cultus.

625 4475 956 4543 Sanctitas
1016 4498 1130 4560 pro
1187 4479 1394 4563 gloria
1451 4483 1769 4566 accipitur
1826 4507 1992 4569 quae
2035 4489 2252 4552 Deum
2297 4509 2336 4553 a
2379 4511 2557 4556 crea-

622 4563 788 4627 turis
831 4564 1131 4629 omnibus
1174 4575 1450 4648 separat,
1495 4566 1769 4651 ideoque
1817 4571 2018 4637 veluti
2060 4575 2361 4656 profanat
2396 4577 2560 4641 alias

620 4668 846 4714 omnes
889 4648 1194 4726 deitates,
1261 4672 1418 4733 quas
1484 4653 1607 4719 sibi
1665 4654 1948 4724 mundus
2006 4661 2556 4727 comminiscitur:

623 4734 815 4799 unius
859 4743 1117 4800 tantum
1145 4734 1271 4801 Dei
1313 4737 1655 4819 splendida
1697 4751 1798 4807 est
1839 4764 1915 4809 ac
1960 4743 2191 4810 decora
2233 4748 2558 4814 maiestas.

620 4818 827 4885 Addit
871 4821 1225 4886 terribilem
1270 4822 1600 4891 laudibus:
1645 4829 1799 4910 quia
1832 4851 1961 4894 non
1998 4841 2211 4913 potest
2256 4832 2381 4898 rite
2417 4834 2559 4900 lau-

620 4904 763 4972 dari
808 4908 964 4989 quin
1012 4907 1348 4990 rapiantur
1393 4931 1616 4979 omnes
1659 4915 1728 4978 in
1774 4923 2124 4998 stuporem.
2208 4916 2298 4984 Se
2341 4920 2559 5005 ipsum

622 5002 844 5075 postea
905 4993 1175 5075 exponit
1240 4994 1489 5077 Moses,
1557 4998 1779 5066 dicens
1839 5002 2164 5069 mirabilia
2219 5026 2362 5071 esse
2417 5007 2562 5072 eius

620 5098 834 5162 opera.
919 5078 1058 5145 Alii
1103 5078 1336 5164 frigide
1372 5079 1544 5168 (meo
1609 5085 1871 5174 iudicio)
1937 5090 2293 5156 terribilem
2348 5091 2560 5158 laudi-

760 5264 817 5334 1)
836 5264 909 5319 In
940 5266 1137 5334 yallico
1169 5267 1391 5337 zeqicur:
1430 5283 1549 5340 quer
1571 5279 1709 5328 tuas
1748 5276 1948 5344 aequis,
1985 5285 2037 5332 et
2070 5279 2131 5333 in
2165 5281 2439 5350 maryine:
2473 5297 2560 5350 ou,

623 5349 728 5401 que
763 5341 823 5386 tu
858 5334 1129 5403 possedes.

2663 614 2787 679 bus
2832 613 3055 678 vocari
3101 624 3354 698 putant,
3420 616 3572 698 quia
3617 613 3985 683 laudandus
4028 616 4116 683 sit
4158 638 4306 684 cum
4350 619 4571 688 timore.

2659 700 2813 851 ΙΑΙὶἑ1
2886 701 3082 764 etiam
3171 714 3418 777 coacte,
3486 701 3844 767 terribilem
3908 723 4163 786 quoque
4240 725 4379 770 esse
4437 705 4571 773 dum

2684 806 2767 850 au
2817 792 2984 850 atur.

2835 871 2934 936 13.
2980 872 3190 938 Duces
3232 872 3298 938 in
3342 877 3454 937 tua
3489 873 3938 938 misericordia.
3998 874 4296 940 Verbum
4338 875 4572 958 quidem

2657 955 3036 1023 hebraicum
3082 959 3418 1042 praeteriti
3462 968 3560 1022 est
3604 959 3947 1041 temporis:
3994 958 4106 1025 sed
4152 960 4308 1043 quia
4341 983 4419 1026 ex
4439 982 4575 1028 con-

2658 1049 2846 1107 textu
2910 1053 3123 1125 patet,
3184 1066 3264 1108 ex
3320 1044 3763 1127 superioribus
3830 1044 3956 1110 Dei
4015 1045 4345 1111 beneficiis
4410 1068 4572 1130 spem

2659 1129 2910 1211 concipi
2956 1150 3179 1195 eorum
3225 1151 3390 1213 quae
3436 1129 3788 1205 restabant,
3857 1130 4101 1213 placuit
4145 1152 4263 1214 per
4303 1132 4575 1199 futurum

2660 1225 2919 1298 tempus
2955 1214 3270 1281 vertendo
3314 1235 3582 1281 sensum
3627 1214 3867 1281 clarius
3911 1218 4295 1300 exprimere.
4355 1218 4576 1285 Horta-

2660 1307 2771 1365 tur
2799 1321 2955 1384 ergo
2999 1300 3313 1385 populum
3343 1302 3560 1366 Moses
3604 1311 3677 1365 ut
3720 1301 3870 1365 forti
3914 1312 3982 1367 et
4024 1302 4222 1368 alacri
4259 1303 4469 1369 animo
4505 1302 4576 1369 ad

2659 1394 2902 1451 terram
2962 1387 3085 1452 sibi
3148 1389 3532 1471 promissam
3580 1386 3948 1452 contendat:
4009 1390 4162 1471 quia
4211 1390 4391 1455 Deus
4431 1410 4576 1472 opus

2660 1493 2851 1537 suum
2898 1494 3028 1537 non
3071 1471 3326 1539 deseret
3367 1473 3439 1537 in
3486 1472 3701 1536 medio
3744 1493 3960 1539 cursu.
4051 1473 4140 1539 Et
4187 1474 4311 1540 hac
4350 1476 4578 1541 ratione

2661 1557 2902 1623 diserte
2971 1556 3486 1642 redemptionem
3552 1557 3865 1624 celebrat:
3935 1580 4011 1625 ac
4068 1561 4124 1624 si
4178 1558 4424 1626 diceret
4463 1582 4579 1627 non

2659 1642 2907 1709 frustra
2952 1654 3244 1727 ereptum
3291 1645 3493 1710 fuisse
3536 1643 3851 1727 populum
3895 1665 3975 1710 ex
4022 1646 4351 1728 praesenti
4374 1656 4580 1725 morte,

2661 1729 2775 1795 sed
2824 1730 3042 1795 Deum
3089 1732 3201 1813 qui
3252 1731 3481 1814 coepit,
3548 1730 3686 1794 fore
3731 1740 4116 1814 perpetuum
4162 1733 4305 1798 eius
4354 1731 4583 1799 ducem.

2661 1815 2914 1880 Eodem
2937 1825 3321 1899 argumento
3344 1816 3554 1881 utitur
3580 1814 3797 1881 David
3824 1816 3995 1880 Psal.
4020 1816 4123 1896 31,
4147 1818 4221 1883 6:
4260 1818 4344 1881 In
4367 1839 4580 1897 manus

2662 1911 2807 1967 tuas
2864 1902 3251 1967 commendo
3297 1903 3600 1985 spiritum
3647 1923 3894 1979 meum,
3956 1900 4289 1968 redemisti
4336 1924 4439 1969 me
4479 1903 4589 1968 Do-

2661 1987 2842 2051 mine
2880 1988 3064 2053 Deus
3099 2008 3325 2054 verax.
3387 1987 3597 2053 Sicuti
3634 1998 3851 2051 autem
3890 1987 4362 2072 redemptionis
4401 1991 4586 2072 ipsius

2661 2073 2924 2138 initium
2970 2094 3054 2137 ex
3099 2094 3280 2139 mera
3302 2072 3431 2139 Dei
3475 2072 3919 2139 misericordia
3962 2076 4264 2153 fluxerat,
4310 2077 4405 2140 ita
4436 2076 4586 2142 hanc

2660 2158 2933 2224 eandem
2993 2159 3128 2223 fore
3185 2179 3446 2225 causam
3506 2158 3666 2224 dicit
3722 2180 3840 2224 cur
3887 2158 4066 2225 Deus
4124 2182 4243 2226 suo
4288 2161 4589 2245 perducat

2661 2266 2867 2328 usque
2910 2242 2992 2310 ad
3036 2244 3506 2310 haereditatem
3549 2246 3953 2327 promissam.
4022 2244 4157 2311 Sed
4203 2250 4360 2330 quia
4403 2247 4589 2312 multa

2660 2330 2992 2397 obstacula
3064 2339 3379 2396 terrorem
3462 2332 3729 2396 iniicere
3800 2339 4119 2415 poterant,
4200 2334 4397 2398 simul
4464 2354 4590 2416 pro-

2707 2418 2847 2480 onit
2903 2415 3032 2481 Dei
3089 2416 3572 2482 fortitudinem:
3635 2417 3789 2500 quia
3847 2417 3913 2481 in
3978 2417 4254 2483 solidum
4299 2419 4444 2484 laus
4484 2418 4586 2482 tri-

2660 2438 2886 2568 buitur
2928 2501 3105 2580 Deo,
3165 2503 3276 2587 qui
3337 2511 3402 2568 et
3445 2501 3649 2586 gratis
3701 2503 3939 2585 populo
3995 2524 4148 2569 suos
4193 2505 4319 2569 fuit
4365 2504 4588 2570 benefi-

2662 2609 2796 2666 cus,
2851 2610 2973 2654 nec
3032 2587 3297 2654 aliunde
3357 2587 3680 2654 auxilium
3723 2597 4061 2655 mutuatus
4106 2602 4222 2667 est,
4289 2590 4403 2656 sed
4449 2610 4588 2656 con·

2660 2682 2886 2740 tentus
2944 2695 3064 2740 sua
3129 2674 3372 2741 virtute
3415 2674 3741 2758 praestitit
3796 2674 3967 2758 quod
4027 2676 4266 2760 alioqui
4322 2675 4588 2742 incredi-

2663 2761 2794 2827 bile
2837 2770 2997 2827 erat.

2839 2846 2939 2910 14.
2986 2845 3264 2911 Audierit
3300 2845 3536 2929 populi.
3626 2843 3757 2909 Hic
3800 2867 4056 2929 quoque
4113 2856 4414 2931 tempora
4454 2867 4588 2913 ver·

2664 2931 2892 2996 borum
2943 2942 3195 2996 mutare
3240 2952 3370 2995 non
3417 2931 3744 2997 dubitavi:
3811 2934 3963 3016 quia
4006 2931 4086 2998 de
4130 2933 4324 3000 rebus
4367 2931 4590 2998 futuris

2664 3017 2895 3084 Mosen
2951 3017 3318 3084 concionari
3362 3028 3611 3083 certum
3660 3026 3776 3084 est.
3867 3017 4260 3104 Quanquam
4315 3040 4451 3085 non
4505 3019 4590 3083 in·

2663 3105 2835 3169 fitior
2880 3106 3037 3187 quin
3092 3124 3211 3186 per
3265 3105 3467 3170 verba
3527 3104 3863 3188 praeteriti
3921 3108 4234 3188 temporis
4278 3108 4376 3172 rei
4423 3105 4591 3170 certi-

2664 3188 2960 3256 tudinem
3006 3189 3446 3255 commendet:
3514 3188 3680 3271 quod
3748 3190 3904 3256 satis
3947 3202 4047 3257 est
4102 3192 4445 3274 prophetis
4487 3191 4592 3255 tri-

2667 3284 2826 3342 tum.
2873 3277 3082 3341 Porro
3119 3276 3281 3341 haec
3338 3275 3634 3359 gloriatio
3684 3274 4004 3359 dependet
4041 3297 4123 3341 ex
4159 3280 4429 3343 nomine
4471 3276 4592 3341 for·

2666 3362 2994 3428 titudinis:
3042 3362 3194 3446 quia
3228 3363 3369 3426 fieri
3405 3383 3537 3425 non
3573 3370 3827 3444 poterat
3860 3370 3936 3428 ut
3971 3370 4067 3427 tot
4103 3363 4403 3430 adversis
4446 3383 4590 3447 gen·

2665 3449 2837 3515 tibus
2882 3457 3379 3531 perrumperent
3421 3447 3758 3512 Israelitae
3824 3449 3891 3512 in
3954 3456 4197 3514 terram
4258 3449 4589 3526 Chanaan,

2664 3534 2790 3599 nisi
2833 3531 3049 3613 Deus,
3118 3534 3303 3616 quasi
3358 3535 3615 3616 prolata
3669 3555 3704 3598 e
3761 3534 3938 3601 coelo
3981 3555 4217 3615 manu,
4279 3557 4401 3619 pro
4445 3534 4590 3617 ipsis

2663 3628 3041 3705 pugnasset.
3109 3620 3307 3703 Ergo,
3353 3641 3437 3685 ne
3472 3619 3799 3685 maximae
3835 3619 4245 3686 difficultates
4290 3621 4591 3704 populum

2664 3705 3025 3780 debilitent,
3070 3707 3459 3788 pronunciat
3502 3705 3754 3784 Moses,
3820 3708 4243 3790 quantumvis
4287 3708 4482 3773 multi
4535 3711 4594 3769 et

2663 3791 2912 3857 robusti
2973 3791 3194 3855 hostes
3246 3813 3319 3857 se
3374 3812 3700 3874 opponere
3757 3801 4092 3869 conentur,
4147 3793 4464 3858 iniectum
4519 3790 4594 3855 iri

2665 3876 2987 3943 divinitus
3027 3897 3336 3960 pavorem
3373 3878 3694 3955 omnibus,
3754 3888 3830 3942 ut
3865 3878 4151 3943 confusis
4195 3891 4261 3945 et
4305 3877 4593 3944 attonitis

2663 3963 2886 4028 nullae
2930 3983 3005 4028 su
3056 3971 3280 4047 petant
3324 3964 3494 4029 vires
3540 3962 3622 4028 ad
3667 3962 4118 4029 resistendum.

3231 4069 3422 4132 super
3477 4069 3577 4114 eos
3630 4055 3873 4115 tremor.
3987 4048 4273 4131 Quidam
4331 4046 4591 4133 optandi

2664 4132 2855 4200 modo
2897 4134 3148 4218 legunt,
3192 4133 3305 4199 sed
3350 4155 3584 4218 parum
3628 4144 3797 4217 apte,
3844 4157 3987 4200 meo
4031 4136 4288 4203 iudicio,
4374 4136 4594 4219 Neque

2663 4222 2840 4285 enim
2879 4230 3010 4284 tam
3048 4228 3198 4284 vota
3234 4230 3299 4284 et
3333 4241 3557 4303 preces
3603 4220 3816 4285 fundit
3838 4222 4074 4301 Moses,
4119 4244 4312 4306 quam
4352 4223 4596 4287 animat

2661 4305 2999 4371 Israelitae
3036 4304 3116 4370 ad
3155 4307 3393 4371 bonam
3429 4327 3644 4390 spem,
3702 4317 3780 4371 ut
3814 4315 3988 4372 certo
4022 4317 4336 4389 statuant,
4383 4308 4592 4374 Deum

2660 4394 2860 4457 finem
2922 4413 3053 4457 non
3112 4393 3436 4457 facturum
3456 4444 3471 4470 ,
3537 4391 3740 4459 donec
3797 4415 4058 4459 cursum
4126 4396 4381 4479 gratiae
4448 4412 4592 4460 suae

2661 4477 3099 4562 compleverit.
3190 4477 3381 4560 Quod
3425 4478 3597 4543 idem
3655 4478 3851 4543 hodie
3916 4478 3999 4544 ad
4056 4501 4173 4545 nos
4238 4480 4443 4564 probe
4496 4500 4594 4544 ac-

2662 4563 3055 4630 commodari
3097 4571 3349 4647 potest,
3410 4563 3625 4631 Deum
3670 4564 3917 4631 scilicet
3960 4566 4371 4631 vocationem
4417 4584 4594 4630 suam

2662 4651 3043 4715 continuare
3107 4651 3177 4714 in
3244 4648 3501 4730 electis,
3576 4650 3782 4716 donec
3845 4651 3925 4715 ad
3996 4661 4235 4717 metam
4304 4648 4595 4736 perducti

2661 4737 2813 4802 sint.
2902 4736 3074 4801 Nam
3118 4735 3410 4802 coelestis
3454 4736 3821 4802 haereditas
3863 4734 3972 4822 (ad
4017 4759 4209 4822 quam
4263 4733 4595 4820 vocamur)

2664 4821 2871 4886 monti
2930 4821 3298 4887 sanctitatis
3352 4821 3717 4904 respondet.
3820 4825 3920 4888 Ac
3983 4824 4222 4889 iterum
4281 4826 4594 4907 repetitur

2664 4927 2830 4991 quae
2888 4907 3081 4990 paulo
3139 4917 3292 4972 ante
3335 4909 3630 4990 exposita
3663 4908 3791 4973 fuit
3832 4908 4029 4991 ratic,
4095 4911 4307 4977 Deum
4356 4912 4596 4976 scilicet

2664 4993 2901 5077 populo
2946 5013 3073 5057 non
3121 4992 3339 5058 defore
3383 4993 3461 5058 ad
3509 4995 3705 5059 finem
3754 5015 3994 5079 usque:
4056 4997 4208 5080 qnia
4263 5017 4417 5061 enm
4478 4994 4594 5060 sibi

2666 5078 3054 5163 acquisierit.
3140 5079 3366 5143 Minus
3423 5081 3597 5144 enim
3657 5089 3830 5147 recte
3895 5084 4205 5148 convenit
4257 5082 4432 5165 quod
4490 5080 4594 5145 alii

2666 5174 2968 5229 vertunt:
3033 5185 3226 5247 quem
3288 5165 3659 5248 possedisti:
3726 5168 3880 5250 quia
3944 5168 4066 5232 etsi
4125 5167 4345 5233 Moses
4387 5187 4591 5252 ‚pecu-

2662 5249 2893 5315 liarem
2948 5249 3128 5316 hunc
3172 5270 3313 5315 esse
3364 5250 3493 5315 Dei
3542 5252 3850 5335 populum
3913 5253 4268 5338 significat,
4325 5254 4592 5318 minime

2667 5342 2884 5400 tamen
2969 5333 3238 5401 dubium
3324 5345 3424 5401 est
3513 5336 3961 5405 liberationem
4056 5349 4366 5423 tanquam
4466 5337 4594 5423 ple-
