4867 6150
385 468 511 534 169

380 656 563 740 ipsos
608 678 644 722 6
689 658 960 724 latebris
1005 661 1140 725 suis
1186 658 1662 743 quodammodo
1707 662 1985 740 extrahi,
2032 672 2107 728 ut
2150 663 2325 726 fran-

381 750 581 828 gatur
625 765 850 809 eorum
897 745 1255 828 protervia:
1314 745 1551 812 deinde
1609 750 1873 830 coargui
1917 769 2143 813 eorum
2189 757 2325 812 stu-

380 849 641 913 potem,
707 831 877 913 quod
932 829 1154 896 Deum
1207 842 1620 915 praesentem
1686 854 1818 898 non
1884 841 2327 900 revereantur.

381 912 578 995 Quod
624 917 860 982 melius
902 915 1109 999 liquet
1152 939 1237 981 ex
1282 929 1626 998 contextu,
1686 919 1797 984 ubi
1846 920 2085 986 dicitur
2128 940 2328 1004 appa-

377 1002 592 1066 ruisse
655 1002 784 1067 Dei
851 1002 1060 1085 gloria
1128 1024 1362 1069 versus
1429 1003 1787 1069 desertum:
1873 1026 2001 1088 quo
2067 1007 2328 1070 nomine

380 1084 712 1171 designari
757 1089 1038 1154 arbitror
1081 1090 1340 1173 plagam
1387 1091 1604 1155 minus
1646 1090 2090 1158 habitabilem.
2179 1092 2326 1156 Etsi

378 1173 558 1237 enim
593 1174 776 1258 regio
812 1173 1098 1257 undique
1134 1185 1278 1241 6161
1314 1176 1559 1241 61611116
1602 1186 1671 1241 et
1703 1178 1932 1243 incolis
1975 1198 2200 1259 vacua,
2244 1177 2325 1242 ab

377 1278 511 1323 una
569 1269 791 1325 tamen
849 1270 1036 1345 parte
1092 1262 1290 1327 vicini
1351 1272 1542 1326 erant
1603 1263 2036 1341 Amalecitae,
2092 1274 2159 1328 et
2213 1262 2325 1327 alii

375 1345 619 1427 populi,
664 1355 741 1411 111
781 1347 977 1429 paulo
1024 1359 1171 1429 post
1217 1345 1599 1413 videbimus.
1666 1348 1967 1415 Gloriam
2013 1370 2172 1414 vero
2197 1349 2326 1415 Dei

375 1430 809 1513 interpretor,
877 1454 1008 1498 666
1075 1454 1271 1515 quam
1339 1453 1609 1499 cernere
1666 1434 1953 1517 quotidie
2011 1435 2324 1513 solebant,

374 1515 490 1581 sed
534 1537 702 1598 quae
744 1530 902 1583 tunc
945 1519 1203 1584 insolito
1243 1518 1433 1584 modo
1477 1520 1800 1603 patefacta
1844 1522 1970 1586 fuit
2012 1521 2094 1586 ad
2138 1523 2322 1587 incu-

374 1601 671 1667 tiendum
744 1614 1090 1670 terrorem:
1171 1606 1323 1688 quia
1387 1606 1469 1671 ad
1535 1607 1870 1672 ordinaria
1937 1608 2325 1672 documenta

372 1687 838 1755 obduruerant.

550 1776 649 1839 11.
717 1776 1046 1858 Loquutus
1109 1777 1272 1841 enim
1332 1777 1560 1859 fuerat.
1667 1778 1799 1844 Hic
1855 1780 2043 1845 docet
2099 1778 2322 1843 Moses

374 1858 546 1926 nihil
569 1881 639 1926 66
661 1861 788 1926 Dei
827 1862 1083 1927 iniussu
1120 1863 1349 1946 egisse,
1385 1863 1498 1927 sed
1535 1865 1828 1929 functum
1866 1886 2010 1930 esse
2044 1864 2349 1929 fideliter.

376 1956 446 2011 et
479 1946 770 2013 modeste
793 1948 1085 2013 ministri
1118 1948 1436 2033 partibus.
1499 1951 1591 2015 Et
1624 1961 1815 2030 certe,
1853 1952 1980 2015 uisi
2014 1950 2321 2033 loquutus

375 2044 553 2098 666611
593 2054 679 2099 ex
723 2054 837 2099 616
879 2034 1028 2112 Dei,
1076 2044 1322 2100 temere
1366 2035 1694 2118 pollicitus
1737 2047 1911 2103 esset
1956 2037 2123 2120 quod
2169 2046 2320 2101 ante

371 2118 685 2184 vidimus.
773 2120 1006 2203 Itaque
1045 2121 1388 2186 subiicitur
1431 2121 1601 2204 quod
1648 2123 1874 2188 ordine
1919 2124 2103 2206 prius
2148 2132 2316 2187 erat:

372 2214 442 2270 et
482 2202 630 2270 ideo
687 2205 957 2289 copulae
1014 2206 1153 2273 loco
1207 2208 1593 2272 rationalem
1654 2209 2046 2292 particulam
2112 2209 2316 2291 posui.

374 2288 654 2356 Summa
719 2302 847 2370 est,
913 2306 990 2357 ut
1041 2294 1225 2378 prius
1284 2291 1500 2358 Deum
1568 2296 1705 2360 fore
1771 2294 2095 2360 vindicem
2162 2315 2320 2359 suae

374 2375 640 2460 gloriae,
677 2379 784 2443 cui
822 2379 1101 2461 populus
1135 2379 1337 2461 impie
1370 2378 1871 2457 obtrectaverat‚
1913 2390 1979 2445 et
2020 2380 2320 2446 benefac-

359 2472 601 2527 ·turum
657 2464 979 2548 indignis,
1041 2486 1166 2549 quo
1212 2486 1452 2530 nomen
1498 2487 1690 2531 suum
1736 2466 2088 2550 glorificet:
2142 2487 2217 2532 ac
2260 2467 2318 2531 si

371 2547 646 2615 diceret:
684 2549 816 2615 Ubi
849 2552 1145 2617 convicta
1180 2551 1384 2616 fuerit
1417 2560 1638 2618 vestra
1673 2553 2097 2637 ingratitudO,
2131 2562 2320 2635 coget

369 2656 488 2701 vos
534 2657 641 2701 res
682 2636 825 2719 ipsa
870 2637 1064 2703 fateri
1107 2659 1212 2702 me
1257 2658 1400 2703 esse
1458 2638 1668 2704 solum
1715 2640 1967 2717 Deum,
2011 2646 2077 2703 61
2120 2638 2317 2704 simul

368 2722 557 2788 vobis
605 2732 878 2803 patrem.

548 2808 645 2873 13.
695 2808 961 2873 Factum
1004 2813 1096 2873 est
1136 2828 1296 2892 erqo.
1385 2809 1781 2876 Videbimus
1825 2819 2069 2894 postea,
2115 2832 2316 2895 quum

369 2894 585 2960 taedio
639 2916 920 2960 mannae
977 2915 1207 2961 carnes
1265 2906 1573 2980 expetere
1631 2898 2025 2979 coepissent,
2083 2918 2317 2964 rursus

370 2980 557 3046 datas
609 2980 741 3045 illis
801 2981 1004 3046 fuisse
1062 2982 1464 3047 coturnices:
1532 2982 1646 3048 sed
1707 3004 1912 3066 quum
1972 2983 2192 3049 adhuc
2247 2985 2315 3047 in

366 3089 481 3134 616
525 3079 778 3148 essent,
835 3077 1169 3151 sumptam
1231 3068 1431 3134 fuisse
1492 3068 1867 3136 horribilem
1913 3091 2189 3154 poenam
2237 3068 2316 3134 de

369 3174 595 3219 eorum
673 3154 1078 3238 intemperie.
1188 3154 1321 3221 Hic
1385 3177 1588 3239 quum
1651 3166 1907 3221 tantum
1977 3157 2313 3239 conquesti

365 3249 588 3307 essent
633 3240 713 3304 (16
755 3239 1215 3306 alimentorum
1258 3242 1552 3323 penuria,
1594 3242 1797 3307 semel
1841 3262 1950 3308 eos
1994 3243 2318 3307 saturavit

366 3323 553 3390 Deus
618 3326 954 3405 carnibus,
1024 3336 1101 3392 ut
1165 3327 1537 3392 ostenderet
1599 3328 1723 3393 sibi
1780 3327 1853 3392 in
1909 3348 2109 3392 manu
2170 3349 2314 3394 esse

364 3411 725 3494 quamlibet
780 3412 1072 3478 ciborum
1133 3413 1384 3496 copiam
1444 3434 1518 3480 ac
1564 3415 1968 3480 varietatem.
2061 3413 2315 3480 Deinde

363 3518 503 3563 una
546 3507 808 3562 tantum
852 3500 1067 3580 specie
1109 3508 1458 3564 contentus
1503 3520 1648 3565 esse
1690 3498 1917 3566 voluit.
1987 3498 2315 3581 Quamvis

365 3584 546 3650 enim
588 3586 925 3665 conquesti
969 3594 1190 3650 essent
1231 3607 1302 3650 66
1347 3587 1640 3668 privatos
1674 3608 1816 3652 esse
1858 3585 2184 3664 carnibus}
2232 3585 2316 3651 ad

364 3690 647 3753 quarum
703 3670 869 3736 ollas
928 3672 1108 3752 prius
1167 3670 1510 3750 sedebant,
1567 3694 1693 3737 non
1755 3681 1978 3737 tamen
2033 3693 2310 3755 aequum

362 3756 491 3820 fuit
525 3755 860 3840 improbae
895 3778 1120 3822 eorum
1157 3757 1500 3841 cupiditati
1521 3757 1738 3824 Deum
1777 3760 1956 3823 omni
2002 3779 2085 3823 ex
2130 3768 2315 3842 parte

364 3863 617 3906 morem
666 3863 911 3926 gerere.
1003 3842 1182 3923 Quin
1227 3844 1426 3908 etiam
1472 3844 1633 3927 ipsis
1678 3844 1840 3909 utile
1875 3844 2005 3909 fuit
2046 3845 2313 3911 modum

366 3927 651 4011 aliquem
744 3929 993 4012 raefigi,
1041 3939 1114 3994 ut
1157 3950 1197 3993 a
1239 3929 1369 3993 Dei
1416 3930 1686 3996 arbitrio
1730 3930 2110 4013 penderent.

541 4014 642 4079 14.
816 4035 1011 4096 quwm
1050 4022 1441 4082 evanesceret.
1531 4016 1840 4082 Breviter
1899 4016 2007 4083 hic
2067 4017 2312 4084 descri-

364 4099 547 4165 bitur
591 4101 805 4183 figura
847 4121 999 4165 man
1047 4121 1284 4183 nempe
1329 4101 1502 4184 quod
1544 4103 1746 4168 fuerit
1789 4103 1972 4185 quasi
2009 4121 2115 4169 ros
2152 4103 2313 4169 den-

361 4198 549 4251 satus
605 4187 672 4250 in
744 4187 1025 4252 rotunda
1084 4197 1152 4251 et
1209 4188 1452 4272 exigua
1507 4209 1744 4272 grana:
1805 4190 2058 4272 saporis
2115 4192 2311 4254 etiam

360 4269 522 4337 alibi
564 4272 677 4336 fiet
714 4272 976 4337 mentio.
1047 4271 1297 4337 Verum
1339 4274 1460 4338 hoc
1500 4274 1641 4340 loco
1685 4276 1845 4339 satis
1887 4275 2013 4340 fuit
2056 4275 2314 4340 ostendi

356 4358 866 4423 foecunditatem
913 4359 1105 4433 hanc,
1149 4380 1315 4442 quae
1360 4361 1585 4425 nativa
1630 4382 1764 4425 non
1801 4371 1963 4440 erat,
1998 4362 2314 4428 miraculo

355 4443 640 4530 inditam
686 4443 893 4510 fuisse
943 4445 1262 4522 nubibus,
1321 4453 1397 4510 ut
1449 4468 1604 4511 man
1662 4445 1948 4530 quotidie
1990 4447 2311 4530 pluerent.

359 4529 537 4595 Nam
582 4531 752 4613 quod
798 4530 1102 4614 garriunt
1145 4531 1401 4615 profani
1448 4532 1713 4616 quidam
1758 4532 2075 4608 homines,
2120 4543 2311 4599 natu-

357 4615 592 4682 raliter
653 4616 725 4681 in
787 4615 1180 4699 quibusdam
1247 4618 1620 4701 regionibus
1688 4640 1929 4683 manna
1993 4616 2309 4695 decidere,

359 4708 564 4784 atque
617 4703 690 4767 in
748 4723 824 4767 eo
884 4722 1157 4767 acumen
1217 4703 1469 4787 ingenii
1526 4707 1630 4769 sui
1687 4705 2061 4783 venditant,
2121 4726 2198 4771 ac
2254 4706 2313 4771 si

357 4787 604 4854 Mosen
641 4797 942 4853 tenerent
976 4788 1302 4854 mendacii
1337 4790 1733 4869 convictum,
1768 4789 1942 4873 quod
1966 4791 2313 4874 magnifice

357 4894 502 4939 rem
550 4873 745 4938 nihili
786 4874 1079 4954 extollat,
1123 4876 1543 4959 nugatorium
1581 4884 1684 4941 est
1723 4898 1799 4943 ac
1836 4875 2016 4941 nullo
2050 4878 2312 4961 negotio

358 4959 703 5025 refellitur.
793 4960 1047 5025 Verum
1094 4961 1353 5043 quidem
1400 4969 1501 5027 est
1542 4961 1761 5047 colligi
1808 4964 1877 5026 in
1921 4961 2307 5044 quibusdam

355 5045 523 5112 locis
567 5066 776 5130 grana
817 5046 983 5128 alba,
1030 5047 1264 5130 quibus
1308 5067 1548 5112 nomen
1592 5067 1745 5112 man
1791 5048 1990 5132 vulgo
2025 5047 2152 5112 fuit
2187 5049 2308 5113 im·

356 5133 675 5216 positum,
735 5131 904 5216 quod
962 5142 1183 5198 tamen
1241 5155 1411 5199 unus
1469 5155 1554 5199 ex
1598 5132 1921 5199 Rabbinis
1981 5133 2125 5199 vult
2167 5155 2310 5200 esse

357 5219 724 5284 arabicum:
762 5218 876 5284 sed
912 5240 1128 5302 neque
1161 5219 1346 5286 cibus
1380 5229 1500 5298 est,
1536 5241 1749 5304 neque
1783 5219 2071 5304 quotidie
2101 5220 2312 5287 stillat

357 5323 398 5368 6
432 5306 733 5382 nubibus,
779 5326 900 5371 nec
943 5303 1295 5389 quidquam
1340 5306 1540 5373 habet
1581 5328 1736 5374 cum
1780 5306 1907 5372 hoc
1949 5306 2093 5372 cibo
2138 5327 2311 5374 com-

355 5409 591 5472 mune,
651 5410 849 5475 quem
890 5392 1126 5457 merito
1167 5391 1492 5475 propheta
1535 5393 1748 5478 elogio
1792 5394 1984 5478 panis
2025 5393 2306 5477 angelici

1526 470 2269 540 COMMENTARIUS
2315 470 2414 537 IN
2458 470 2761 538 EXODI
2806 471 3006 540 OAP.
3050 474 3244 542 XVI.

4248 476 4378 541 170

2432 659 2744 742 insignit,
2805 660 2958 741 quia
3002 661 3219 739 Deus,
3282 665 3391 744 qui
3446 663 3517 728 16
3576 682 3985 727 communem
4030 663 4374 728 hominum

2431 745 2684 810 victum
2729 746 2942 828 aperit
2985 755 3200 812 terrae
3244 749 3512 829 viscera,
3560 757 3719 815 tunc
3764 770 3800 814 6
3841 749 4020 815 66616
4063 748 4377 814 611166616

2431 830 2675 916 populo
2731 853 2847 896 suo
2907 830 3329 915 deprompsit.
3417 835 3637 917 Atque
3681 842 3759 900 ut
3800 834 4065 900 indubie
4120 843 4378 901 constet

2429 915 2820 981 mirabiliter
2862 926 2930 982 61
2972 927 3233 1000 praeter
3276 930 3551 986 naturae
3595 922 3891 986 ordinem
3937 920 4153 987 cibum
4199 921 4375 986 hunc

2428 1011 2588 1068 tunc
2622 1001 2825 1067 fuisse
2862 1014 3175 1084 creatum,
3212 1005 3374 1072 haec
3408 1006 3882 1073 consideranda
3906 1016 4080 1072 sunt.
4147 1007 4376 1072 Primo

3611 1114 3761 1157 uam
3801 1115 3881 1158 ex
3913 1092 4222 1157 mandato
4249 1093 4376 1158 Dei

3623 1177 3904 1256 ccund0,
3966 1178 4149 1243 nulla
4205 1179 4375 1245 aeris

2427 1260 2706 1324 mutatio
2784 1259 3039 1326 obstitit
3117 1263 3468 1345 quominus
3546 1264 3864 1348 aequabili
3928 1274 4154 1329 166616
4219 1285 4375 1329 1666

2427 1345 2747 1411 stillaret:
2806 1369 2937 1412 non
2994 1348 3177 1431 gelu,
3235 1370 3367 1415 non
3428 1349 3684 1433 pluvia,
3736 1372 3870 1416 non
3929 1360 4181 1431 aestus,
4241 1372 4375 1416 non

2427 1432 2680 1517 hyems,
2705 1453 2835 1497 non
2859 1445 3071 1499 aestas
3092 1455 3358 1501 cursum
3381 1435 3582 1502 huius
3618 1436 4056 1502 distillationis
4093 1436 4373 1520 abrupit.

2427 1518 2685 1594 Tertio,
2737 1519 2921 1601 copia
2964 1540 3130 1602 quae
3174 1521 3533 1587 immensae
3577 1520 3985 1587 multitudini
4028 1523 4373 1602 sufficeret,

2425 1604 2703 1688 singulis
2771 1604 2998 1671 diebus
3065 1616 3326 1690 reperta
3389 1619 3514 1686 est,
3596 1629 3801 1690 quum
3876 1607 4103 1673 homer
4166 1628 4373 1672 unum

2425 1691 2799 1774 acciperent
2841 1692 2912 1755 in
2956 1692 3219 1776 singula
3283 1694 3517 1778 capita.
3608 1694 3714 1759 Ad
3759 1693 3951 1772 haec,
4017 1691 4122 1759 die
4180 1703 4371 1759 sexto

2424 1776 2757 1859 duplicata
2813 1778 2935 1841 fuit
2993 1780 3215 1861 copia,
3273 1791 3347 1844 ut
3403 1780 3683 1845 alterum
3746 1779 3976 1845 homer
4027 1780 4098 1844 in
4155 1780 4373 1846 cibum

2421 1862 2726 1929 sabbathi
2790 1876 3199 1946 reponerent.
3309 1864 3577 1947 Quinto,
3657 1866 3714 1931 si
3790 1865 3945 1949 quid
4021 1866 4375 1932 servabant

2422 1959 2685 2032 praeter
2726 1949 2977 2014 iustum
3023 1949 3425 2029 demensum,
3469 1952 3800 2035 putredini
3836 1951 4190 2016 obnoxium
4226 1950 4370 2031 fuit,

2421 2056 2626 2119 quum
2648 2034 2964 2099 sabbatho
2988 2036 3249 2121 integra
3284 2048 3580 2104 maneret
3615 2038 3821 2103 altera
3860 2038 4086 2121 portic.
4136 2035 4366 2113 Sexte,

2422 2140 2809 2205 quocunque
2867 2122 3136 2206 profecti
3182 2134 3369 2204 sunt,
3425 2145 3685 2207 semper
3735 2146 3845 2190 eos
3903 2125 4214 2191 comitata
4270 2132 4373 2188 est

2420 2206 2584 2273 haec
2620 2205 2750 2272 Dei
2788 2207 3179 2274 benedictio:
3229 2230 3428 2292 quum
3475 2211 3728 2276 vicinae
3771 2218 4001 2295 gentes
4045 2209 4371 2274 frumento

2422 2302 2880 2371 vescerentur,
2938 2303 3006 2358 611
3059 2305 3315 2359 tantum
3373 2296 3445 2360 in
3502 2297 3733 2362 castris
3788 2295 3921 2361 illis
3981 2315 4131 2360 man
4198 2303 4372 2361 esset

2420 2380 2775 2463 cognitum.
2838 2378 3154 2462 Septimo,
3191 2381 3585 2465 simulatque
3613 2382 3897 2466 ingressi
3931 2390 4088 2447 sunt
4122 2389 4370 2446 terram

2419 2467 2821 2531 fructuosam
2859 2487 2934 2532 ac
2972 2466 3172 2531 tritici
3207 2467 3509 2547 feracem,
3546 2489 3697 2534 man
3734 2469 4033 2534 cessavit.
4095 2465 4368 2543 octavu,

2421 2552 2594 2636 quod
2671 2552 2890 2617 iussus
2954 2560 3056 2616 est
3120 2553 3393 2618 Aharon
3459 2554 3530 2618 in
3598 2575 3751 2620 vase
3816 2552 4172 2620 recondere
4235 2573 4369 2616 non

2422 2637 2842 2721 computruit.
2952 2638 3083 2704 His
3147 2639 3349 2723 probe
3413 2642 3749 2723 expensis,
3817 2641 3977 2706 satis
4043 2658 4369 2723 superque

2421 2724 2680 2789 illustre
2758 2725 2885 2789 erit
2962 2725 3384 2804 miraculum,
3464 2746 3711 2811 suoque
3777 2726 4034 2811 fulgore
4098 2723 4368 2791 nebulas

2421 2830 2650 2875 omnes
2693 2810 3179 2876 cavillationum
3223 2808 3547 2877 discutiet.

2597 2894 2698 2961 15.
2758 2896 2849 2961 Et
2909 2897 3181 2962 videntes
3240 2895 3368 2977 filii
3426 2898 3653 2963 Israel.
3757 2895 4041 2981 Signum
4103 2895 4368 2979 aliquod

2421 2981 2848 3066 gratitudinis
2891 2981 3215 3048 dederunt
3256 2982 3632 3063 Israelitae,
3684 2984 3899 3050 cibum
3943 3005 3981 3050 6
4021 2982 4199 3047 66616
4242 2980 4365 3048 61111

2423 3067 2668 3147 datum,
2716 3090 2869 3133 man
2908 3067 3227 3135 vocando:
3274 3068 3446 3153 quod
3480 3091 3722 3136 661666
3758 3069 4150 3136 tantundem
4187 3066 4369 3134 valet

2420 3175 2498 3222 ac
2541 3163 2864 3238 paratum.
2957 3153 3033 3221 Si
3090 3156 3195 3220 cui
3252 3162 3472 3221 tamen
3519 3156 3732 3240 magis
3791 3155 4078 3222 arrideat
4135 3175 4367 3220 eorum

2420 3240 2752 3306 sententia
2796 3240 2910 3323 qui
2952 3251 3207 3324 partem
3249 3243 3359 3308 vel
3404 3242 3767 3325 portionem
3811 3252 4184 3326 exponunt,
4232 3261 4363 3306 non

2420 3325 2760 3392 contendo.
2870 3325 3267 3410 Quanquam
3345 3326 3625 3393 alterum
3699 3328 3865 3394 illud
3931 3328 4177 3394 rectius
4242 3334 4361 3392 est.

2419 3413 2769 3480 Utrumvis
2833 3420 3051 3478 tamen
3119 3413 3357 3497 eligas,
3435 3413 3559 3480 hac
3622 3434 3781 3480 voce
3847 3414 4125 3480 confessi
4188 3421 4364 3493 sunt,

2418 3498 2778 3564 liberaliter
2842 3519 3062 3564 secum
3129 3501 3268 3582 agi,
3342 3499 3513 3582 quod
3578 3498 3768 3565 Deus
3832 3501 4049 3566 cibum
4118 3498 4364 3582 absque

2416 3586 2641 3651 labore
2684 3585 2847 3667 ipsis
2890 3585 3181 3650 offerret:
3229 3593 3424 3669 atque
3466 3587 3563 3650 ita
3597 3606 3871 3668 pravam
3909 3596 3976 3651 et
4009 3586 4370 3669 malignam

2417 3693 2604 3738 suam
2673 3670 3262 3754 expostulationem
3318 3671 3518 3738 tacite
3561 3670 3913 3750 damnant,
3975 3672 4130 3754 quia
4173 3671 4368 3754 longe

2417 3764 2710 3841 praestet
2761 3765 3062 3841 paratum
3123 3756 3341 3824 cibum
3395 3757 3704 3842 colligere
3762 3779 3959 3841 quam
4029 3757 4366 3841 acquirere

2417 3843 2664 3910 difficili
2720 3853 2789 3908 61
2838 3843 3114 3909 16616616
3172 3850 3387 3909 161166
3440 3844 3712 3909 cultura.
3801 3845 3952 3908 Etsi
3996 3851 4219 3909 autem
4263 3845 4365 3907 in-

2415 3929 2711 3997 credibili
2756 3930 3049 3995 novitate
3093 3937 3353 3993 extorta
3396 3928 3529 3996 illis
3574 3929 3702 3995 fuit
3743 3930 4080 4008 confessio,
4126 3948 4364 4012 propo·

2415 4018 2619 4082 situm
2665 4025 2886 4081 tamen
2931 4015 3061 4080 illis
3102 4015 3228 4080 fuit
3270 4016 3339 4079 in
3386 4035 3463 4080 66
3506 4016 3818 4098 temporis
3862 4015 4137 4082 articulo
4180 4034 4364 4097 prae-

2417 4103 2633 4167 dicare
2688 4102 2815 4167 Dei
2874 4101 3279 4167 beneficium.
3377 4099 3510 4167 Sed
3570 4102 3874 4184 quoniam
3934 4098 4361 4167 incredulitas

2414 4190 2883 4255 obscuraverat
2916 4208 3143 4253 eorum
3186 4207 3439 4266 sensus,
3483 4195 3560 4253 ut
3593 4187 3838 4271 liquido
3873 4208 4008 4252 non
4036 4187 4362 4269 perspice-

2414 4287 2594 4351 rent,
2656 4273 2814 4339 dicit
2856 4274 3079 4339 Moses
3122 4293 3232 4338 666
3289 4272 3577 4340 nescisse
3620 4272 3776 4356 quid
3823 4282 4012 4339 esset.
4104 4270 4362 4353 Quibus

2416 4361 2634 4428 verbis
2679 4359 3066 4443 perstringit
3107 4380 3332 4424 eorum
3379 4359 3740 4425 socordiam
3779 4360 3891 4443 qui
3927 4357 4008 4424 de
4046 4358 4361 4423 miraculo

2415 4446 2753 4523 admoniti,
2797 4466 2871 4511 ac
2916 4445 2974 4510 si
3017 4444 3184 4509 nihil
3229 4445 3412 4528 prius
3455 4445 3809 4526 audissent,
3852 4454 4233 4528 stupescunt
4276 4443 4357 4509 ad

2413 4541 2852 4615 conspectum.
2926 4530 3317 4616 Colligimus
3359 4551 3519 4615 ergo
3562 4531 3846 4596 mediam
3889 4532 4090 4597 fuisse
4134 4551 4359 4596 eorum

2412 4619 2885 4704 cognitionem:
2941 4618 3094 4699 quia
3150 4624 3219 4682 61
3260 4616 3577 4700 implicita
3619 4617 3744 4682 fuit
3807 4617 4217 4701 ignorantiae
4261 4625 4358 4681 te-

2412 4705 2665 4783 nebris,
2722 4712 2790 4768 et
2842 4711 3067 4768 tamen
3121 4703 3324 4768 coacti
3370 4712 3527 4768 sunt
3570 4704 3760 4769 fateri
3804 4702 3971 4787 quod
4020 4724 4153 4768 non
4197 4703 4360 4768 satis

2411 4788 2797 4856 didicerant.
2884 4787 3171 4871 Ideoque
3214 4810 3343 4853 non
3390 4790 3535 4855 sine
3579 4789 3933 4855 acerbitate
3977 4788 4359 4873 coarguitur

2410 4897 2637 4942 eorum
2684 4885 2943 4958 stupor,
2999 4874 3115 4941 ubi
3159 4874 3346 4941 docet
3387 4875 3609 4942 Moses
3651 4874 3831 4941 hunc
3873 4896 4014 4941 esse
4057 4874 4274 4940 cibum
4316 4894 4358 4938 a

2407 4961 2558 5027 Deo
2636 4962 3051 5045 promissum.
3164 4961 3338 5027 Nam
3402 4963 3457 5027 si
3523 4961 3974 5046 promissionis
4052 4961 4356 5026 effectum

2409 5050 2858 5133 agnovissent,
2942 5068 3078 5113 non
3142 5068 3308 5130 opus
3373 5053 3516 5113 erat
3579 5048 3961 5113 memoriam
4026 5046 4349 5112 renovari.

2409 5134 2605 5216 Quod
2648 5133 2730 5200 ad
2798 5134 3005 5200 verba
3059 5141 3346 5217 spectat:
3408 5153 3676 5219 graecos
3735 5144 3801 5197 et
3854 5133 4089 5198 latinos
4147 5131 4351 5195 inter-

2407 5233 2628 5304 pretes
2690 5240 2925 5286 causae
3003 5218 3282 5285 redditio
3360 5218 3643 5303 decepit,
3724 5227 3805 5284 ut
3880 5216 4350 5301 interrogative

2409 5308 2727 5391 legerent:
2778 5304 2958 5387 Quid
3004 5305 3173 5372 hoc?
3220 5304 3355 5371 Sed
3392 5306 3583 5372 facile
3619 5304 3877 5370 tollitur
3908 5324 4133 5368 eorum
4169 5323 4350 5369 scru-

2408 5393 2639 5477 pulus:
2699 5393 2852 5475 quia
2895 5413 3028 5458 non
3072 5392 3462 5476 simpliciter
3505 5391 3692 5457 docet
3735 5390 3955 5456 Moses
3997 5408 4108 5454 eos
4154 5387 4234 5453 de
4278 5408 4350 5454 16

2430 1110 2559 1153 666
2604 1099 2755 1153 6616
2800 1089 3107 1171 apparuit
3149 1092 3220 1155 in
3265 1090 3522 1158 deserto

2430 1174 2595 1238 hora
2655 1172 2954 1241 condicta
3007 1175 3133 1241 fuit
3192 1198 3231 1241 a
3274 1177 3477 1245 Mose.
