4867 6150
368 472 495 540 697

367 660 524 749 siv)
566 662 640 727 in
679 665 738 726 δε
777 660 1127 726 mendicus.-
1191 659 1345 741 quia
1400 656 1798 724 benedicendo
1852 653 2158 751 benedicet
2189 651 2328 751 ,δῶτ’

370 748 604 816 Iebova
664 747 738 813 in
799 750 972 812 terra
1033 764 1226 826 quam
1289 745 1425 827 ipse
1476 743 1659 810 Deus
1721 747 1869 807 tuus
1920 740 2029 806 dat
2088 737 2203 803 δῶτ
2255 758 2329 804 in

369 834 814 901 haereditatem
851 836 923 897 ut
951 830 1286 914 possideas
1327 849 1483 896 eam.
1571 827 1631 894 5.
1696 827 1822 894 Sed
1867 827 1960 893 τ’δα
2001 824 2328 902 duntaxat,

369 923 432 988 si
482 918 812 985 obediendo
864 917 1167 983 obedieris
1220 917 1353 983 voci
1410 915 1673 982 Iebovae
1724 913 1854 980 Dei
1920 913 2045 990 tui,
2112 912 2205 976 ita
2260 913 2331 974 ut

370 1006 687 1074 custodias
701 1054 716 1084 ,
766 1004 1052 1087 faciendo
1107 1022 1282 1068 omne
1326 1007 1731 1083 praeceptum
1785 1000 1957 1065 istud
2016 997 2180 1079 quod
2223 1015 2329 1079 eqo

355 1092 691 1176 praecipio
724 1091 844 1155 δῶτ’
881 1089 1078 1153 bodie.
1147 1088 1208 1153 6.
1257 1088 1431 1153 Nam
1465 1086 1699 1154 Iebova
1737 1085 1921 1152 Deus
1960 1089 2112 1149 tuus
2153 1082 2328 1148 bene·

371 1179 542 1246 dixit
569 1175 704 1255 tibi,
748 1175 1266 1258 quemadmodum
1297 1174 1462 1239 dixit
1492 1172 1637 1238 tibi.-
1676 1178 1808 1236 tum
1842 1175 2057 1235 mutuo
2090 1172 2330 1250 accepto

360 1266 632 1347 piquore
682 1260 863 1327 dabis
899 1259 1181 1343 qentibus
1219 1259 1437 1324 multis
1453 1310 1469 1335 ‚
1523 1264 1594 1325 tu
1644 1263 1853 1322 autem
1893 1277 2019 1322 non
2061 1255 2332 1334 accipies

370 1353 616 1415 maeatuo:
680 1353 736 1411 εδ
798 1346 1220 1412 dominaberis
1268 1344 1552 1429 pentibus
1605 1344 1851 1422 multis,
1919 1347 1986 1408 at
2041 1340 2156 1406 tibi
2207 1359 2330 1404 non

369 1433 872 1502 dominabuntur.
962 1432 1022 1496 7.
1083 1430 1160 1496 Si
1211 1432 1409 1513 fuerit
1459 1431 1635 1514 apud
1689 1435 1745 1495 δε
1800 1428 2120 1494 mendicus
2160 1426 2327 1507 quis-

357 1522 551 1602 piam
591 1541 624 1585 ε
662 1517 975 1601 fratribus
1015 1518 1174 1595 uois,
1220 1517 1290 1583 in
1334 1536 1467 1582 una
1508 1536 1541 1581 e
1572 1516 1777 1598 portis
1817 1515 1981 1592 tuis,
2050 1513 2117 1578 in
2159 1517 2331 1577 terra

370 1612 482 1671 tua
523 1625 711 1686 quam
754 1603 987 1669 Iebova
1030 1602 1213 1669 Deus
1250 1607 1399 1668 tuus
1440 1603 1553 1668 dat
1604 1602 1749 1667 tibi:
1818 1622 1943 1666 non
1998 1598 2332 1665 indurabis

370 1712 477 1758 cor
529 1698 708 1756 tuum
724 1741 739 1769 ,
798 1710 993 1771 neque
1047 1688 1301 1755 claudes
1354 1707 1615 1753 manum
1671 1694 1845 1753 tuam
1886 1706 1930 1752 a
1968 1685 2173 1768 fratre
2228 1688 2331 1748 tuo

369 1777 662 1842 mendico.
751 1776 809 1841 8.
859 1776 985 1841 Sed
1027 1775 1360 1856 aperiendo
1401 1776 1650 1856 aperies
1691 1774 1794 1840 illi
1836 1791 2095 1838 manum
2134 1775 2330 1847 tuam,

370 1868 428 1928 εδ
481 1862 825 1928 mutuando
875 1860 1191 1926 muabis
1231 1861 1289 1925 ei
1330 1861 1417 1926 ad
1472 1860 1913 1944 sufficientiam
1977 1877 2205 1940 usque,
2261 1855 2331 1920 id

368 1968 491 2030 quo
533 1949 893 2031 indiquerit
959 1946 1019 2012 9.
1070 1946 1233 2012 Cave
1272 1946 1387 2012 tibi
1427 1967 1505 2012 ne
1545 1947 1632 2012 sit
1669 1945 2000 2028 quidpiam
2042 1946 2112 2008 in
2154 1941 2333 2007 corde

365 2039 473 2100 tuo
516 2034 801 2117 impium,
846 2033 1103 2099 dicendo
1118 2058 1138 2097 .·
1185 2031 1595 2115 Propinquus
1635 2038 1724 2097 est
1766 2051 1974 2097 annus
2015 2030 2330 2112 septimus,

367 2140 581 2185 annus
642 2119 1033 2186 remissionis
1046 2144 1066 2183 .·
1129 2123 1185 2184 εδ
1246 2119 1567 2202 mal-iqnus
1630 2120 1715 2183 sit
1781 2118 2001 2183 oculus
2058 2122 2206 2180 tuus
2260 2114 2331 2178 in

365 2205 631 2288 fratrem
673 2210 850 2270 tuum
891 2205 1269 2283 mendicum,
1332 2207 1426 2269 ita
1483 2210 1557 2269 ut
1610 2225 1733 2270 non
1796 2204 1906 2270 des
1961 2203 2054 2268 ei.-
2116 2200 2334 2267 clamet

367 2296 578 2358 autem
629 2296 844 2356 contra
886 2296 944 2356 δε
996 2291 1084 2357 ad
1127 2290 1420 2356 Iebovam
1438 2341 1453 2368 ,
1514 2295 1571 2355 εδ
1625 2290 1745 2354 erit
1785 2290 1856 2355 in
1900 2294 1956 2354 te
1987 2292 2328 2371 peccatum.

373 2376 474 2442 10.
521 2376 757 2443 Dando
799 2376 983 2442 dabis
1026 2379 1114 2454 ei,
1172 2397 1368 2458 neque
1419 2376 1764 2460 maliqnum
1826 2376 1946 2440 erit
1996 2395 2102 2440 cor
2154 2377 2332 2437 tuum

370 2483 562 2546 quum
603 2463 853 2529 dederis
893 2464 985 2528 ei.-
1040 2463 1195 2544 quia
1249 2462 1443 2527 buius
1478 2463 1578 2527 rei
1614 2463 1833 2545 qratia
1874 2461 2176 2527 benedicet
2217 2457 2334 2523 tibi

370 2548 606 2615 lehova
659 2548 844 2614 Deus
905 2554 1054 2615 tuus
1113 2549 1184 2613 in
1237 2548 1524 2614 omnibus
1580 2549 1870 2629 operibus
1927 2548 2090 2626 tuis,
2154 2549 2211 2612 εδ
2261 2544 2332 2609 in

368 2637 539 2701 omni
622 2635 973 2701 extensione
1033 2654 1339 2699 manuum
1400 2639 1674 2699 tuarum.
1787 2636 1887 2699 11.
1961 2633 2104 2699 Non
2166 2630 2332 2696 enim

367 2721 564 2786 deerit
595 2721 915 2787 mendicus
946 2721 1023 2786 de
1055 2721 1257 2787 medio
1297 2725 1535 2786 terrae.-
1577 2721 1808 2787 idcirco
1838 2719 2164 2804 praecipio
2196 2716 2327 2794 tibi,

368 2807 660 2874 dicendo.-
717 2807 1076 2888 Aperiendo
1132 2807 1379 2888 aperies
1428 2826 1688 2872 manum
1742 2812 1918 2873 tuam
1956 2805 2155 2887 fratri
2206 2809 2328 2883 tuo,

366 2893 441 2959 id
480 2898 571 2958 est
597 2894 884 2976 pauperi
923 2898 1028 2958 tuo
1071 2898 1128 2958 εδ
1166 2893 1445 2959 mendico
1487 2897 1590 2958 tuo
1631 2893 1703 2957 in
1745 2898 1920 2958 terra
1961 2896 2089 2957 tua.

546 3064 604 3131 l.
654 3062 927 3145 Septimo
969 3084 1210 3149 quoque
1252 3055 1434 3131 an'n0.
1500 3062 1633 3131 Hic
1677 3063 1939 3132 Iudaeis
1979 3062 2329 3148 peculiaris

368 3152 541 3216 inter
583 3171 656 3216 se
700 3150 1073 3216 humanitas
1124 3150 1556 3235 praecipitur,
1605 3159 1680 3216 ut
1739 3152 2015 3234 septimo
2071 3170 2329 3233 quoque

367 3256 542 3303 anno
607 3237 812 3302 frater
873 3237 1062 3302 fratri
1127 3236 1299 3320 quod
1365 3236 1657 3303 debitum
1737 3238 1937 3303 fuerit
2012 3236 2325 3302 remittat.

368 3323 518 3389 Etsi
562 3337 783 3389 autem
826 3321 954 3389 hac
996 3321 1143 3408 lege
1188 3322 1384 3389 hodie
1419 3343 1552 3388 non
1593 3323 2084 3408 obstringimur,
2130 3342 2205 3389 ac
2243 3343 2327 3388 ne

369 3430 454 3475 ex
501 3410 636 3476 edit
679 3408 945 3493 quidem
986 3409 1058 3474 in
1102 3429 1228 3476 usu
1274 3430 1450 3476 esse:
1509 3410 1670 3475 finis
1727 3418 1951 3475 tamen
2009 3430 2137 3493 quo
2182 3419 2329 3473 ten-

369 3431 569 3561 debat
610 3496 835 3579 vigere
880 3494 1093 3573 debet,
1137 3517 1224 3561 ne
1266 3497 1340 3562 in
1383 3494 1760 3581 flagitandis
1804 3495 2182 3561 nominibus
2224 3494 2327 3559 ni-

366 3582 574 3646 mium
643 3580 841 3665 rigidi
906 3582 1115 3648 simus
1180 3592 1557 3649 exactores:
1617 3584 2004 3665 praesertim
2062 3582 2118 3647 si
2175 3601 2329 3648 cum

369 3667 595 3751 egenis
638 3688 721 3733 ne
767 3668 973 3732 otium
1019 3678 1151 3750 est,
1208 3669 1322 3752 qui
1368 3668 1491 3733 sub
1534 3669 1946 3752 paupertatis
1991 3687 2190 3733 onere
2231 3667 2331 3732 fa·

368 3752 637 3820 tiscunt.
761 3753 956 3819 eteris
991 3754 1214 3838 populi
1237 3751 1340 3840 (ut
1362 3752 1526 3841 dixi)
1562 3753 1846 3820 conditio
1880 3754 2009 3821 fuit
2049 3754 2327 3820 diversa.

371 3836 719 3924 Originem
774 3838 1100 3906 ducebant
1151 3840 1232 3905 ab
1292 3862 1425 3906 una
1476 3841 1714 3923 stirpe,
1775 3853 1952 3908 terra
2008 3841 2329 3907 Obanaan

372 3925 739 3992 communis
775 3933 922 3991 erat
954 3925 1086 3991 illis
1120 3924 1511 4005 haereditas,
1560 3928 1850 3992 fraterna
1884 3927 2019 3992 illis
2054 3927 2329 3993 societas

370 4011 656 4077 invicem
703 4019 848 4077 erat
903 4011 1206 4091 colenda,
1263 4034 1398 4078 non
1441 4033 1632 4079 secus
1676 4035 1751 4080 ac
1795 4015 1850 4079 si
1893 4012 2185 4080 eiusdem
2230 4012 2326 4077 fa·

372 4097 596 4164 miliae
634 4106 874 4163 essent.
962 4098 1051 4161 Et
1092 4098 1244 4181 quia
1287 4119 1401 4165 eos
1445 4099 1628 4165 Deus
1671 4098 1873 4166 semel
1928 4098 2327 4165 manumise-

372 4192 509 4264 rat‚
554 4193 631 4248 ut
672 4193 984 4267 perpetuo
1027 4183 1215 4249 liberi
1257 4195 1511 4263 essent,
1557 4185 1640 4252 ad
1685 4185 2039 4252 fovendum
2083 4184 2328 4251 medio-

373 4289 550 4336 crem
596 4280 840 4336 statum
884 4269 1135 4353 optima
1175 4270 1302 4335 fuit
1345 4271 1543 4350 ratic,
1595 4292 1681 4336 ne
1737 4274 1933 4355 pauci
1989 4271 2329 4338 immensis

373 4353 605 4439 opibus
670 4356 1160 4422 multitudinem
1215 4358 1682 4440 opprimerent.
1780 4357 2112 4439 Quoniam
2172 4378 2328 4443 ergo

373 4441 430 4507 si
475 4440 787 4507 divitibus
822 4463 1080 4526 semper
1115 4462 1405 4509 crescere
1440 4446 1833 4526 permissum
1870 4457 2059 4522 esset,
2106 4455 2330 4530 tyran-

374 4528 524 4592 nice
588 4526 908 4593 dominati
970 4536 1221 4608 essent,
1296 4528 1707 4594 immodicam
1775 4532 2136 4614 potentiam
2203 4530 2328 4596 hac

373 4612 520 4697 lege
577 4613 904 4678 fraenavit
947 4612 1147 4680 Deus.
1239 4614 1452 4694 Adde,
1520 4636 1722 4698 quum
1781 4628 1997 4682 terrae
2056 4615 2329 4683 daretur

373 4700 577 4783 quies,
601 4709 668 4765 et
688 4700 769 4765 ab
805 4700 943 4765 eius
967 4699 1228 4766 cultura
1265 4701 1661 4766 feriarentur
1695 4700 2014 4780 homines,
2047 4724 2328 4786 aequum

372 4784 579 4851 fuisse
623 4793 701 4849 ut
741 4795 916 4850 totus
959 4786 1236 4869 populus
1279 4784 1493 4873 (cuius
1534 4808 1732 4853 causa
1773 4789 2148 4855 institutum
2184 4802 2330 4854 erat

375 4869 795 4957 sabbathum)
829 4871 1070 4953 aliquid
1105 4872 1532 4939 relaxationis
1567 4875 1862 4940 sentiret.
1929 4874 2328 4958 Quanquam

370 4957 672 5023 remissio
713 4956 793 5022 de
837 4977 967 5040 qua
1008 4977 1186 5024 nunc
1242 4962 1495 5044 agitur,
1554 4981 1700 5026 meo
1742 4959 2003 5041 iudicio,
2061 4961 2325 5027 nonnisi

375 5041 757 5126 temporalis
819 5043 961 5108 fuit.
1061 5043 1316 5109 Volunt
1367 5045 1629 5129 quidem
1686 5047 1798 5112 alii
1863 5069 1974 5113 aes
2039 5048 2328 5113 alienum

376 5138 536 5195 tunc
577 5149 846 5213 prorsus
880 5129 1080 5195 fuisse
1114 5128 1466 5212 sublatum,
1513 5153 1589 5198 ac
1630 5133 1687 5199 si
1733 5154 1946 5199 annus
1988 5132 2332 5200 sabbatha-

376 5215 521 5281 rius
555 5215 813 5281 tabulas
847 5235 1076 5280 omnes
1111 5219 1358 5299 accepti
1393 5228 1460 5283 et
1494 5220 1768 5303 expensi
1802 5219 2066 5287 deleret.
2127 5217 2332 5302 Atqui

553 5401 614 5470 1)
649 5400 724 5458 ln
756 5406 1036 5473 maine.-
1071 5402 1196 5471 Vel,
1231 5419 1457 5473 prorsus
1491 5413 1643 5461 certe
1677 5425 1790 5463 nou
1825 5410 1949 5465 erit.

1810 466 2265 535 OCTAVUM
2308 463 2951 532 PRAECEP'PUM.

4259 470 4399 537 698

2427 654 2499 719 id
2544 675 2628 720 ex
2672 661 2984 719 contextu
3018 653 3361 735 refellitur,
3405 656 3560 739 quia
3592 655 3708 722 ubi
3746 656 3951 722 instat
3984 677 4198 723 annus
4240 661 4388 725 sab-

2429 740 2803 817 batharius‚
2850 738 3131 825 benigne
3175 749 3398 807 tamen
3439 750 3746 807 mutuare
3790 742 3974 808 Deus
4029 744 4243 810 iubet:
4300 747 4389 812 ri·

2432 825 2692 892 diculus
2757 837 2980 892 autem
3059 827 3291 892 fuisset
3366 837 3742 895 contractus
3759 879 3775 907 ,
3856 829 3985 894 nisi
4049 851 4389 915 reposcere

2433 911 2701 978 tandem
2759 910 3066 979 licuisset.
3156 911 3354 980 Certe
3410 913 3468 980 si
3523 914 3709 979 nulla
3765 934 4058 998 unquam
4111 927 4390 1001 sequuta

2431 999 2666 1064 fuisset
2699 998 2957 1077 solutio,
2994 998 3378 1082 simpliciter
3408 999 3652 1067 donare
3687 1002 3991 1084 oportuit.
4054 1002 4391 1083 Quorsum

2432 1084 2612 1149 enim
2668 1085 2909 1150 attinet
2970 1086 3235 1150 inanem
3300 1089 3513 1151 mutui
3572 1087 3837 1152 titulum
3893 1086 4274 1168 obtendere,
4332 1090 4391 1158 si

2433 1191 2774 1252 nunquam
2819 1169 2901 1236 ad
2947 1169 3284 1236 dominum
3329 1170 3625 1238 reditura
3668 1181 3768 1239 est
3800 1194 3967 1256 quae
4002 1184 4391 1242 numeratur

2431 1257 2756 1339 pecunia?
2801 1256 3056 1322 Verum
3101 1257 3279 1322 Deus
3314 1278 3490 1323 anno
3523 1257 3637 1324 illo
3671 1258 3821 1325 lites
3864 1280 4093 1326 omnes
4136 1282 4395 1328 cessare

2433 1342 2674 1419 voluit,
2730 1364 2813 1408 ne
2868 1343 3016 1426 quis
3072 1342 3388 1410 molestus
3445 1352 3619 1411 esset
3672 1365 3793 1411 suo
3846 1343 4142 1412 debitori.
4251 1348 4390 1412 [am

2433 1432 2587 1510 quia
2630 1448 2802 1493 anno
2840 1428 2955 1493 illo
2999 1428 3202 1494 libero
3248 1438 3315 1494 et
3356 1430 3641 1496 immuni
3684 1451 3834 1516 spes
3870 1452 4003 1497 non
4050 1444 4191 1497 erat
4233 1434 4394 1500 reci·

2434 1513 2711 1597 piendae
2754 1516 3099 1598 pecuniae,
3157 1518 3443 1581 occurrit
3486 1516 3700 1596 Deus,
3769 1528 3836 1583 et
3878 1519 4211 1585 restrictos
4248 1539 4393 1585 esse

2433 1607 2652 1666 vetat:
2691 1604 2996 1683 quamvis
3032 1622 3167 1666 non
3192 1602 3362 1667 nihil
3397 1603 3691 1669 iacturae
3716 1603 3949 1669 afferat
3971 1625 4173 1671 mora.
4243 1604 4389 1671 Pri-

2432 1706 2616 1751 mum
2663 1707 2817 1771 ergo
2859 1687 3040 1753 iubet
3083 1689 3362 1771 septimo
3419 1709 3592 1755 anno
3650 1691 4103 1755 remissionem
4158 1691 4390 1771 facere,

2435 1792 2671 1855 nempe
2717 1783 2793 1838 ut
2835 1773 3306 1855 supersedeant
3362 1774 3444 1840 ab
3498 1774 3841 1859 exigendis
3875 1777 4246 1843 nominibus
4264 1827 4280 1857 ,
4327 1786 4394 1843 et

2433 1859 2831 1942 pauperibus
2875 1857 3172 1925 inducias
3216 1870 3329 1926 aut
3393 1862 3833 1940 vacationem,
3900 1863 4096 1929 sicuti
4160 1872 4393 1944 terrae,

2433 1944 2812 2010 concedant.
2924 1944 3077 2027 Qua
3143 1946 3401 2012 ratione
3459 1949 3814 2032 exprobrat
3866 1946 4130 2015 Iudaeis
4183 1948 4394 2015 Isaias

2433 2028 2566 2116 (58,
2614 2028 2744 2118 13),
2788 2031 2963 2097 male
3005 2051 3119 2098 eos
3161 2031 3554 2098 sabbathum
3599 2032 3845 2115 colere,
3900 2033 4060 2099 dum
4115 2036 4393 2119 exigunt

2432 2137 2556 2183 sua
2620 2118 2915 2198 nomina,
2979 2128 3046 2184 et
3107 2118 3407 2185 ieiunant
3471 2117 3555 2184 ad
3615 2120 3764 2186 lites
3806 2127 3875 2187 et
3914 2121 4389 2187 contentiones.

2435 2202 2801 2269 Subiicitur
2856 2205 3068 2270 forma
3127 2205 3567 2271 remissionis:
3626 2206 3728 2271 Ne
3783 2206 4109 2291 quispiam
4168 2208 4391 2291 proxi-

2433 2308 2618 2353 mum
2687 2304 2880 2356 vexet
2944 2310 3118 2355 anno
3183 2291 3296 2356 illo
3361 2312 3488 2374 quo
3551 2292 3850 2359 remissio
3904 2292 4032 2358 Dei
4100 2292 4393 2376 promul·

2431 2385 2591 2460 gata
2634 2386 2751 2442 est.

2606 2461 2667 2527 3.
2726 2461 2831 2527 Ab
2874 2461 3248 2545 alieniqena.
3337 2462 3660 2546 Exceptio
3716 2462 4014 2546 additur,
4070 2472 4145 2529 ut
4203 2463 4396 2530 liceat

2435 2556 2789 2614 extraneos
2832 2549 2903 2612 in
2962 2549 3063 2613 ius
3124 2567 3355 2614 vocare
3374 2598 3389 2627 ,
3450 2556 3519 2614 et
3573 2569 3804 2634 cogere
3848 2549 3931 2615 ad
3975 2548 4393 2617 solvendum:

2431 2632 2633 2714 idque
2676 2635 2922 2716 optima
2965 2633 3247 2698 ratione:
3308 2634 3465 2717 quia
3520 2635 3793 2701 minime
3833 2657 4117 2719 aequum
4157 2636 4396 2702 fuisset

2435 2720 2740 2785 sabbathi
2784 2720 3097 2786 beneficio
3141 2720 3272 2784 frui
3317 2728 3799 2805 contemptores
3843 2721 4030 2806 legis,
4093 2742 4392 2806 praeser-

2434 2806 2559 2870 tim
2602 2827 2807 2890 quum
2853 2806 2932 2871 de
2989 2805 3130 2871 solo
3185 2806 3390 2877 electo
3445 2807 3684 2890 populo
3742 2808 4162 2892 privilegium
4205 2808 4395 2875 Deus

2435 2893 2719 2957 tulisset.
2807 2890 3003 2973 Quod
3046 2892 3339 2975 sequitur
3396 2912 3592 2959 versu
3651 2894 3987 2977 proximo:
4035 2894 4181 2959 Nisi
4239 2893 4394 2977 quia

2435 2997 2571 3042 non
2616 2979 2743 3044 erit
2775 2977 3134 3056 mendicus,
3180 2978 3364 3043 varie
3400 2988 3709 3062 torquent
3742 2979 4154 3063 interpretes.
4221 2978 4393 3045 Ver-

2437 3075 2587 3131 tunt
2630 3063 2932 3148 quidam:
2980 3062 3457 3132 Verumtamen
3499 3086 3635 3131 non
3680 3067 3767 3132 sit
3810 3064 3983 3151 apud
4030 3074 4094 3131 te
4135 3065 4393 3131 mendi·

2433 3171 2580 3218 cus:
2627 3172 2704 3217 ac
2746 3151 2804 3217 si
2845 3150 3204 3235 probibitio
3249 3160 3455 3232 esset,
3512 3173 3597 3217 ne
3654 3152 3876 3218 sinant
3935 3153 4206 3218 miseros
4258 3152 4390 3218 fra-

2433 3244 2571 3303 tres
2636 3238 2947 3321 pauperie
3012 3237 3231 3315 obrui,
3300 3238 3460 3320 quin
3525 3237 3950 3321 opitulentur.
4037 3238 4244 3305 Porro
4305 3257 4393 3304 ne

2432 3323 2773 3403 obiiciant,
2829 3324 2885 3390 si
2931 3323 3023 3388 ita
3065 3322 3149 3389 ad
3192 3321 3608 3408 largiendum
3665 3324 3800 3389 sint
3853 3324 4104 3404 faciles,
4165 3324 4391 3390 statim

2431 3430 2504 3475 se
2548 3408 2946 3475 exhaustum
2986 3409 3101 3487 iri,
3144 3409 3492 3492 praevenit
3534 3410 3752 3488 Deus,
3813 3430 3890 3476 ac
3931 3410 4003 3476 in
4046 3431 4237 3476 suam
4281 3410 4391 3478 be-

2433 3494 2869 3561 nedictionem
2914 3497 3296 3561 recumbere
3337 3494 3537 3563 iubet.
3627 3496 3764 3562 Alii
3806 3516 3968 3563 vero
4018 3496 4390 3580 promissio-

2430 3603 2587 3647 nem
2631 3601 2774 3647 esse
2820 3580 3081 3646 volunt:
3128 3580 3244 3647 sed
3287 3582 3382 3647 ita
3426 3590 3815 3660 contexunt,
3874 3583 4206 3648 neminem
4251 3580 4391 3647 fore

2432 3665 2611 3752 apud
2654 3687 2766 3733 eos
2809 3666 3218 3742 mendicum,
3264 3666 3322 3732 si
3366 3667 3556 3732 modo
3600 3668 3817 3752 legem
3874 3678 4171 3747 servent,
4236 3666 4393 3751 quia

2431 3763 2594 3819 tunc
2629 3753 2761 3818 illis
2810 3752 3146 3819 benedicet
3180 3751 3384 3819 Deus.
3454 3756 3673 3837 Atque
3717 3753 3825 3819 hic
3868 3773 4121 3837 quoque
4155 3774 4392 3820 sensus

2434 3860 2569 3904 non
2632 3837 2793 3905 adeo
2847 3841 3022 3905 male
3079 3839 3379 3923 quadrat.
3468 3837 3646 3921 Quid
3705 3841 3830 3905 sibi
3890 3839 4222 3906 voluerint
4277 3838 4391 3922 qui

2432 3937 2800 4010 exponunt:
2843 3925 2931 3990 In
2990 3936 3245 3991 tantum
3292 3947 3376 3990 ne
3419 3927 3505 3991 sit
3550 3926 3669 3992 tibi
3721 3925 4091 4006 mendicus,
4150 3926 4388 3990 nesci0.

2431 4010 2832 4095 Expendant
2874 4021 3095 4076 tamen
3131 4011 3407 4078 lectores
3440 4032 3660 4077 annon
3696 4025 3758 4080 ⁹:
3794 4024 3933 4080 05&
3969 4011 4205 4077 melius
4241 4030 4389 4075 ver-

2431 4106 2642 4164 tatur:
2687 4097 2836 4165 Nisi
2879 4095 3085 4182 quod:
3129 4109 3201 4163 at
3233 4106 3393 4164 tunc
3427 4119 3544 4183 per
3625 4096 4000 4163 arenthesin
4037 4095 4389 4181 legendum

2430 4194 2606 4251 esset
2660 4186 3034 4250 membrum
3088 4183 3255 4249 illud
3275 4236 3290 4263 ,
3349 4204 3426 4250 ac
3467 4184 3525 4249 si
3616 4187 3813 4250 ictum
3859 4194 4063 4249 esset:
4109 4181 4388 4264 Quoties

2431 4283 2630 4337 erunt
2671 4292 2755 4335 ex
2799 4270 3111 4336 fratribus
3154 4271 3393 4337 vestris
3433 4270 3633 4353 aliqui
3678 4269 3926 4353 inopes,
3973 4269 4157 4334 vobis
4200 4269 4391 4334 offer-

2431 4366 2546 4424 tur
2585 4356 3041 4424 benefaciendi
3084 4357 3376 4422 materia.
3466 4356 3646 4440 Ergo
3681 4354 4017 4421 toleranda
4060 4354 4247 4420 vobis
4290 4362 4391 4421 est

2430 4445 2714 4509 fratrum
2757 4444 2998 4527 inopia,
3044 4453 3119 4507 ut
3162 4441 3348 4508 vobis
3383 4440 3567 4508 Deus
3603 4439 3958 4508 benedicat.
4024 4439 4275 4507 Verum
4312 4449 4389 4506 ut

2432 4529 2671 4595 clarior
2715 4530 2804 4595 sit
2857 4529 3220 4608 sententia,
3274 4527 3610 4612 exclusive
3665 4527 3911 4611 accipio
3970 4527 4135 4593 duas
4190 4548 4388 4593 voces

2432 4629 2496 4684 ⁹2
2530 4628 2689 4684 05⁸2
2741 4636 2816 4682 ac
2860 4614 2919 4680 si
2960 4623 3164 4681 esset:
3211 4613 3491 4679 Prorsus
3533 4634 3618 4679 ne
3661 4614 3747 4679 sit
3780 4613 4139 4679 mendicus.
4228 4612 4383 4678 Vel:

2433 4701 2773 4785 Quidquid
2786 4701 2891 4781 sit,
2907 4722 2992 4767 ue
3009 4699 3353 4785 patiamini
3372 4706 3593 4765 vestra
3614 4698 3807 4783 culpa
3830 4719 4221 4783 quemquam
4243 4717 4388 4763 esse

2432 4791 2609 4855 inter
2652 4808 2769 4854 vos
2812 4785 3202 4853 mendicum.
3294 4784 3461 4850 Vult
3499 4784 3677 4850 enim
3720 4806 3947 4851 omnes
4000 4786 4228 4850 inanes
4270 4803 4387 4847 ex-

2431 4874 2710 4943 cusandi
2751 4881 3131 4958 praetextus
3173 4871 3520 4951 discutere,
3564 4890 3603 4935 a
3676 4893 3759 4938 ue
3800 4873 3896 4937 ita
3937 4879 4131 4954 prout
4163 4887 4386 4935 neces-

2433 4962 2595 5027 sitas
2639 4960 2866 5026 tulerit
2882 5012 2897 5040 ,
2957 4959 3103 5026 vult
3143 4959 3227 5023 ad
3270 4979 3624 5025 succurren
3673 4978 3786 5023 um
3828 4978 3971 5024 esse
4014 4975 4387 5040 propensos,

2433 5068 2520 5113 ne
2564 5066 2912 5131 pauperes,
2967 5045 3188 5128 inopia
3245 5056 3310 5110 et
3375 5051 3694 5129 egestate,
3751 5042 4033 5109 miseriis
4085 5062 4388 5107 succum-

2435 5134 2611 5199 bant.
2677 5132 2827 5198 Non
2865 5152 3022 5216 ergo
3066 5130 3463 5215 generaliter
3508 5130 3817 5215 intelligit
3859 5127 4181 5212 quoslibet
4269 5147 4385 5191 au-

2434 5240 2653 5303 peres‚
2695 5218 2810 5286 sed
2859 5218 3116 5302 penitus
3175 5217 3481 5293 afflictos,
3540 5217 3761 5300 quales
3806 5217 4010 5279 Amos
4068 5233 4232 5297 prop
4281 5218 4390 5278 eta

2434 5306 2858 5387 conqueritur
2900 5303 3206 5369 venditos
3251 5303 3456 5370 fuisse
3499 5323 3618 5386 pro
3661 5300 4115 5366 calceamentis
4153 5296 4386 5385 (Amos

2434 5391 2496 5471 2,
2542 5390 2629 5479 6).
2717 5390 2926 5456 Porro
2970 5400 3047 5456 ut
3090 5388 3395 5456 alacriter
3438 5386 3721 5453 miseriis
3763 5386 4190 5465 subveniant,
4234 5405 4384 5469 pro-
