<?xml version="1.0" encoding="UTF-8"?>
<!DOCTYPE html PUBLIC "-//W3C//DTD XHTML 1.0 Transitional//EN"
    "http://www.w3.org/TR/xhtml1/DTD/xhtml1-transitional.dtd">
<html xmlns="http://www.w3.org/1999/xhtml" xml:lang="en" lang="en">
 <head>
  <title>
</title>
<meta http-equiv="Content-Type" content="text/html;charset=utf-8" />
  <meta name='ocr-system' content='tesseract 3.04.00' />
  <meta name='ocr-capabilities' content='ocr_page ocr_carea ocr_par ocr_line ocrx_word'/>
</head>
<body>
  <div class='ocr_page' id='page_1' title='image "./ioanniscalvinio04unkngoog_0230.png"; bbox 0 0 4867 6150; ppageno 0'>
   <div class='ocr_carea' id='block_1_1' title="bbox 535 408 672 476">
    <p class='ocr_par' dir='ltr' id='par_1_1' title="bbox 535 408 672 476">
     <span class='ocr_line' id='line_1_1' title="bbox 535 408 672 476; baseline 0 0"><span class='ocrx_word' id='word_1_1' title='bbox 535 408 672 476; x_wconf 76' lang='lat'><strong>439</strong></span> 
     </span>
    </p>
   </div>
   <div class='ocr_carea' id='block_1_2' title="bbox 469 595 2503 4120">
    <p class='ocr_par' dir='ltr' id='par_1_2' title="bbox 469 595 2503 4120">
     <span class='ocr_line' id='line_1_2' title="bbox 546 595 2498 681; baseline -0.002 -17"><span class='ocrx_word' id='word_1_2' title='bbox 546 596 786 677; x_wconf 90' lang='lat' dir='ltr'><strong>mitur,</strong></span> <span class='ocrx_word' id='word_1_3' title='bbox 831 604 900 661; x_wconf 90' lang='lat' dir='ltr'><strong>et</strong></span> <span class='ocrx_word' id='word_1_4' title='bbox 940 598 1051 663; x_wconf 83' lang='lat' dir='ltr'><strong>via</strong></span> <span class='ocrx_word' id='word_1_5' title='bbox 1092 604 1209 662; x_wconf 89' lang='lat' dir='ltr'><strong>aut</strong></span> <span class='ocrx_word' id='word_1_6' title='bbox 1250 617 1486 663; x_wconf 88' lang='lat' dir='ltr'><strong>cursus</strong></span> <span class='ocrx_word' id='word_1_7' title='bbox 1529 605 1646 663; x_wconf 92' lang='lat' dir='ltr'><strong>aut</strong></span> <span class='ocrx_word' id='word_1_8' title='bbox 1688 596 2079 681; x_wconf 88' lang='lat' dir='ltr'><strong>ambulatio,</strong></span> <span class='ocrx_word' id='word_1_9' title='bbox 2124 617 2243 680; x_wconf 91' lang='lat' dir='ltr'><strong>pro</strong></span> <span class='ocrx_word' id='word_1_10' title='bbox 2286 595 2498 662; x_wconf 89' lang='lat' dir='ltr'><strong>direc-</strong></span> 
     </span>
     <span class='ocr_line' id='line_1_3' title="bbox 545 681 2500 766; baseline -0.002 -16"><span class='ocrx_word' id='word_1_11' title='bbox 545 683 727 750; x_wconf 84' lang='lat' dir='ltr'><strong>tione</strong></span> <span class='ocrx_word' id='word_1_12' title='bbox 762 689 878 748; x_wconf 89' lang='lat' dir='ltr'><strong>aut</strong></span> <span class='ocrx_word' id='word_1_13' title='bbox 913 681 1182 749; x_wconf 81' lang='lat' dir='ltr'><strong>vivendi</strong></span> <span class='ocrx_word' id='word_1_14' title='bbox 1219 682 1542 748; x_wconf 88' lang='lat' dir='ltr'><strong>instituto.</strong></span> <span class='ocrx_word' id='word_1_15' title='bbox 1608 681 1876 766; x_wconf 90' lang='lat' dir='ltr'><strong>Optime</strong></span> <span class='ocrx_word' id='word_1_16' title='bbox 1917 684 1939 748; x_wconf 92' lang='lat' dir='ltr'><strong>i</strong></span> <span class='ocrx_word' id='word_1_17' title='bbox 1991 683 2124 747; x_wconf 86' lang='lat' dir='ltr'><strong>’tur</strong></span> <span class='ocrx_word' id='word_1_18' title='bbox 2167 683 2500 762; x_wconf 81' lang='lat' dir='ltr'><strong>convenit,</strong></span> 
     </span>
     <span class='ocr_line' id='line_1_4' title="bbox 469 767 2500 853; baseline -0.001 -18"><span class='ocrx_word' id='word_1_19' title='bbox 469 848 470 853; x_wconf 5' lang='grc' dir='ltr'>ἵ</span> <span class='ocrx_word' id='word_1_20' title='bbox 548 768 837 835; x_wconf 88' lang='lat' dir='ltr'><strong>hominis</strong></span> <span class='ocrx_word' id='word_1_21' title='bbox 880 768 1083 836; x_wconf 86' lang='lat' dir='ltr'><strong>vitam</strong></span> <span class='ocrx_word' id='word_1_22' title='bbox 1129 769 1451 853; x_wconf 88' lang='lat' dir='ltr'><strong>sanguine</strong></span> <span class='ocrx_word' id='word_1_23' title='bbox 1495 770 1882 835; x_wconf 90' lang='lat' dir='ltr'><strong>consecrari.</strong></span> <span class='ocrx_word' id='word_1_24' title='bbox 2035 767 2078 834; x_wconf 93' lang='lat' dir='ltr'><strong>d</strong></span> <span class='ocrx_word' id='word_1_25' title='bbox 2121 770 2278 852; x_wconf 90' lang='lat' dir='ltr'><strong>quia</strong></span> <span class='ocrx_word' id='word_1_26' title='bbox 2320 777 2500 835; x_wconf 89' lang='lat' dir='ltr'><strong>recte</strong></span> 
     </span>
     <span class='ocr_line' id='line_1_5' title="bbox 548 853 2500 940; baseline -0.001 -20"><span class='ocrx_word' id='word_1_27' title='bbox 548 853 790 940; x_wconf 90' lang='lat' dir='ltr'><strong>agendi</strong></span> <span class='ocrx_word' id='word_1_28' title='bbox 858 855 1253 938; x_wconf 88' lang='lat' dir='ltr'><strong>principium</strong></span> <span class='ocrx_word' id='word_1_29' title='bbox 1311 863 1413 920; x_wconf 90' lang='lat' dir='ltr'><strong>est</strong></span> <span class='ocrx_word' id='word_1_30' title='bbox 1466 853 1866 932; x_wconf 84' lang='lat' dir='ltr'><strong>obedientia,</strong></span> <span class='ocrx_word' id='word_1_31' title='bbox 1940 875 2107 938; x_wconf 88' lang='lat' dir='ltr'><strong>quae</strong></span> <span class='ocrx_word' id='word_1_32' title='bbox 2159 853 2500 921; x_wconf 88' lang='lat' dir='ltr'><strong>sacrificiis</strong></span> 
     </span>
     <span class='ocr_line' id='line_1_6' title="bbox 548 941 2499 1024; baseline -0.002 -16"><span class='ocrx_word' id='word_1_33' title='bbox 548 941 854 1008; x_wconf 90' lang='lat' dir='ltr'><strong>omnibus</strong></span> <span class='ocrx_word' id='word_1_34' title='bbox 911 941 1305 1024; x_wconf 84' lang='lat' dir='ltr'><strong>praefertur,</strong></span> <span class='ocrx_word' id='word_1_35' title='bbox 1363 941 1446 1006; x_wconf 90' lang='lat' dir='ltr'><strong>ab</strong></span> <span class='ocrx_word' id='word_1_36' title='bbox 1502 941 1794 1008; x_wconf 77' lang='lat' dir='ltr'>auricula</span> <span class='ocrx_word' id='word_1_37' title='bbox 1847 942 2068 1007; x_wconf 86' lang='lat' dir='ltr'><strong>iussus</strong></span> <span class='ocrx_word' id='word_1_38' title='bbox 2122 949 2226 1006; x_wconf 88' lang='lat' dir='ltr'><strong>est</strong></span> <span class='ocrx_word' id='word_1_39' title='bbox 2279 941 2499 1006; x_wconf 88' lang='lat' dir='ltr'><strong>Moses</strong></span> 
     </span>
     <span class='ocr_line' id='line_1_7' title="bbox 547 1026 2499 1111; baseline -0.001 -18"><span class='ocrx_word' id='word_1_40' title='bbox 547 1027 857 1111; x_wconf 75' lang='lat' dir='ltr'><strong>incipere.</strong></span> <span class='ocrx_word' id='word_1_41' title='bbox 912 1028 1005 1092; x_wconf 83' lang='lat' dir='ltr'><strong>Et</strong></span> <span class='ocrx_word' id='word_1_42' title='bbox 1034 1026 1276 1094; x_wconf 87' lang='lat' dir='ltr'><strong>ecimus</strong></span> <span class='ocrx_word' id='word_1_43' title='bbox 1301 1026 1565 1093; x_wconf 91' lang='lat' dir='ltr'><strong>odorem</strong></span> <span class='ocrx_word' id='word_1_44' title='bbox 1596 1026 1804 1094; x_wconf 89' lang='lat' dir='ltr'><strong>bonae</strong></span> <span class='ocrx_word' id='word_1_45' title='bbox 1846 1026 2249 1111; x_wconf 78' lang='lat' dir='ltr'><strong>fragrantiae</strong></span> <span class='ocrx_word' id='word_1_46' title='bbox 2277 1029 2347 1092; x_wconf 91' lang='lat' dir='ltr'><strong>in</strong></span> <span class='ocrx_word' id='word_1_47' title='bbox 2392 1047 2499 1092; x_wconf 88' lang='lat' dir='ltr'><strong>sa-</strong></span> 
     </span>
     <span class='ocr_line' id='line_1_8' title="bbox 547 1111 2500 1262; baseline -0.001 -82"><span class='ocrx_word' id='word_1_48' title='bbox 547 1113 790 1181; x_wconf 89' lang='lat' dir='ltr'><strong>crificio</strong></span> <span class='ocrx_word' id='word_1_49' title='bbox 815 1111 1065 1179; x_wconf 88' lang='lat' dir='ltr'><strong>Christi</strong></span> <span class='ocrx_word' id='word_1_50' title='bbox 1107 1112 1313 1179; x_wconf 84' lang='lat' dir='ltr'><strong>fuisse</strong></span> <span class='ocrx_word' id='word_1_51' title='bbox 1355 1113 1790 1179; x_wconf 79' lang='lat' dir='ltr'><strong>obedientiam</strong></span> <span class='ocrx_word' id='word_1_52' title='bbox 1813 1112 2014 1214; x_wconf 73' lang='lat' dir='ltr'><strong>(Phil.</strong></span> <span class='ocrx_word' id='word_1_53' title='bbox 2038 1113 2100 1191; x_wconf 90' lang='lat'><strong>4,</strong></span> <span class='ocrx_word' id='word_1_54' title='bbox 2150 1111 2276 1262; x_wconf 46' lang='lat'><strong>183.</strong></span> <span class='ocrx_word' id='word_1_55' title='bbox 2343 1111 2500 1193; x_wconf 75' lang='lat' dir='ltr'><strong>Qua</strong></span> 
     </span>
     <span class='ocr_line' id='line_1_9' title="bbox 547 1198 2497 1283; baseline -0.002 -17"><span class='ocrx_word' id='word_1_56' title='bbox 547 1199 803 1266; x_wconf 88' lang='lat' dir='ltr'><strong>ratione</strong></span> <span class='ocrx_word' id='word_1_57' title='bbox 845 1198 1064 1264; x_wconf 88' lang='lat' dir='ltr'><strong>David</strong></span> <span class='ocrx_word' id='word_1_58' title='bbox 1120 1199 1194 1264; x_wconf 93' lang='lat' dir='ltr'><strong>in</strong></span> <span class='ocrx_word' id='word_1_59' title='bbox 1252 1200 1486 1283; x_wconf 89' lang='lat' dir='ltr'><strong>spiritu</strong></span> <span class='ocrx_word' id='word_1_60' title='bbox 1539 1198 1920 1283; x_wconf 72' lang='lat' dir='ltr'><strong>prophetico</strong></span> <span class='ocrx_word' id='word_1_61' title='bbox 1961 1199 2181 1283; x_wconf 89' lang='lat' dir='ltr'><strong>ipsum</strong></span> <span class='ocrx_word' id='word_1_62' title='bbox 2250 1219 2497 1281; x_wconf 86' lang='lat' dir='ltr'><strong>oquen-</strong></span> 
     </span>
     <span class='ocr_line' id='line_1_10' title="bbox 549 1282 2495 1373; baseline 0 -23"><span class='ocrx_word' id='word_1_63' title='bbox 549 1293 685 1350; x_wconf 89' lang='lat' dir='ltr'><strong>tem</strong></span> <span class='ocrx_word' id='word_1_64' title='bbox 739 1284 993 1350; x_wconf 79' lang='lat' dir='ltr'><strong>inducit</strong></span> <span class='ocrx_word' id='word_1_65' title='bbox 1033 1282 1242 1370; x_wconf 90' lang='lat' dir='ltr'><strong>(Psal.</strong></span> <span class='ocrx_word' id='word_1_66' title='bbox 1285 1286 1398 1363; x_wconf 89' lang='lat'><strong>40,</strong></span> <span class='ocrx_word' id='word_1_67' title='bbox 1466 1285 1566 1373; x_wconf 83' lang='lat'><strong>7):</strong></span> <span class='ocrx_word' id='word_1_68' title='bbox 1620 1286 1876 1351; x_wconf 92' lang='lat' dir='ltr'><strong>Aurem</strong></span> <span class='ocrx_word' id='word_1_69' title='bbox 1919 1284 2267 1369; x_wconf 79' lang='lat' dir='ltr'><strong>perforasti</strong></span> <span class='ocrx_word' id='word_1_70' title='bbox 2311 1284 2495 1350; x_wconf 91' lang='lat' dir='ltr'><strong>mihi.</strong></span> 
     </span>
     <span class='ocr_line' id='line_1_11' title="bbox 547 1368 2496 1456; baseline -0.003 -17"><span class='ocrx_word' id='word_1_71' title='bbox 547 1368 623 1439; x_wconf 82' lang='lat' dir='ltr'><strong>Si</strong></span> <span class='ocrx_word' id='word_1_72' title='bbox 659 1373 807 1456; x_wconf 90' lang='lat' dir='ltr'><strong>quis</strong></span> <span class='ocrx_word' id='word_1_73' title='bbox 842 1371 1128 1453; x_wconf 85' lang='lat' dir='ltr'><strong>excipiat</strong></span> <span class='ocrx_word' id='word_1_74' title='bbox 1165 1391 1294 1436; x_wconf 90' lang='lat' dir='ltr'><strong>non</strong></span> <span class='ocrx_word' id='word_1_75' title='bbox 1330 1373 1548 1438; x_wconf 90' lang='lat' dir='ltr'><strong>minus</strong></span> <span class='ocrx_word' id='word_1_76' title='bbox 1581 1372 1651 1437; x_wconf 92' lang='lat' dir='ltr'><strong>in</strong></span> <span class='ocrx_word' id='word_1_77' title='bbox 1695 1371 1927 1456; x_wconf 89' lang='lat' dir='ltr'><strong>lingua</strong></span> <span class='ocrx_word' id='word_1_78' title='bbox 1970 1392 2112 1437; x_wconf 87' lang='lat' dir='ltr'><strong>esse</strong></span> <span class='ocrx_word' id='word_1_79' title='bbox 2154 1371 2496 1448; x_wconf 84' lang='lat' dir='ltr'><strong>momenti,</strong></span> 
     </span>
     <span class='ocr_line' id='line_1_12' title="bbox 544 1457 2497 1541; baseline -0.001 -19"><span class='ocrx_word' id='word_1_80' title='bbox 544 1457 700 1541; x_wconf 91' lang='lat' dir='ltr'><strong>quia</strong></span> <span class='ocrx_word' id='word_1_81' title='bbox 742 1457 1046 1523; x_wconf 74' lang='lat' dir='ltr'><strong>sacerdos</strong></span> <span class='ocrx_word' id='word_1_82' title='bbox 1089 1465 1194 1522; x_wconf 87' lang='lat' dir='ltr'><strong>est</strong></span> <span class='ocrx_word' id='word_1_83' title='bbox 1234 1457 1510 1541; x_wconf 85' lang='lat' dir='ltr'><strong>angelus</strong></span> <span class='ocrx_word' id='word_1_84' title='bbox 1553 1457 1680 1523; x_wconf 86' lang='lat' dir='ltr'><strong>Dei</strong></span> <span class='ocrx_word' id='word_1_85' title='bbox 1724 1458 2164 1524; x_wconf 86' lang='lat' dir='ltr'><strong>exercituum:</strong></span> <span class='ocrx_word' id='word_1_86' title='bbox 2225 1477 2497 1540; x_wconf 87' lang='lat' dir='ltr'><strong>respon·</strong></span> 
     </span>
     <span class='ocr_line' id='line_1_13' title="bbox 546 1542 2496 1628; baseline -0.001 -20"><span class='ocrx_word' id='word_1_87' title='bbox 546 1545 670 1608; x_wconf 89' lang='lat' dir='ltr'><strong>deo</strong></span> <span class='ocrx_word' id='word_1_88' title='bbox 726 1544 835 1608; x_wconf 83' lang='lat' dir='ltr'><strong>hic</strong></span> <span class='ocrx_word' id='word_1_89' title='bbox 891 1562 1028 1607; x_wconf 90' lang='lat' dir='ltr'><strong>non</strong></span> <span class='ocrx_word' id='word_1_90' title='bbox 1087 1543 1330 1628; x_wconf 86' lang='lat' dir='ltr'><strong>attingi</strong></span> <span class='ocrx_word' id='word_1_91' title='bbox 1386 1542 1659 1610; x_wconf 88' lang='lat' dir='ltr'><strong>docendi</strong></span> <span class='ocrx_word' id='word_1_92' title='bbox 1712 1564 1993 1627; x_wconf 87' lang='lat' dir='ltr'><strong>munus,</strong></span> <span class='ocrx_word' id='word_1_93' title='bbox 2061 1542 2178 1609; x_wconf 89' lang='lat' dir='ltr'><strong>sed</strong></span> <span class='ocrx_word' id='word_1_94' title='bbox 2235 1552 2496 1608; x_wconf 85' lang='lat' dir='ltr'><strong>tantum</strong></span> 
     </span>
     <span class='ocr_line' id='line_1_14' title="bbox 543 1627 2495 1712; baseline -0.001 -18"><span class='ocrx_word' id='word_1_95' title='bbox 543 1628 1014 1694; x_wconf 89' lang='lat' dir='ltr'><strong>intercedendi.</strong></span> <span class='ocrx_word' id='word_1_96' title='bbox 1102 1627 1329 1709; x_wconf 78' lang='lat' dir='ltr'><strong>Quare</strong></span> <span class='ocrx_word' id='word_1_97' title='bbox 1384 1631 1455 1694; x_wconf 93' lang='lat' dir='ltr'><strong>in</strong></span> <span class='ocrx_word' id='word_1_98' title='bbox 1511 1628 1724 1695; x_wconf 86' lang='lat' dir='ltr'><strong>tribus</strong></span> <span class='ocrx_word' id='word_1_99' title='bbox 1781 1629 1913 1695; x_wconf 92' lang='lat' dir='ltr'><strong>illis</strong></span> <span class='ocrx_word' id='word_1_100' title='bbox 1966 1628 2265 1712; x_wconf 86' lang='lat' dir='ltr'><strong>partibus</strong></span> <span class='ocrx_word' id='word_1_101' title='bbox 2318 1650 2495 1694; x_wconf 91' lang='lat' dir='ltr'><strong>com-</strong></span> 
     </span>
     <span class='ocr_line' id='line_1_15' title="bbox 589 1714 2493 1799; baseline -0.001 -19"><span class='ocrx_word' id='word_1_102' title='bbox 589 1715 783 1781; x_wconf 86' lang='lat' dir='ltr'><strong>lexus</strong></span> <span class='ocrx_word' id='word_1_103' title='bbox 840 1724 940 1780; x_wconf 88' lang='lat' dir='ltr'><strong>est</strong></span> <span class='ocrx_word' id='word_1_104' title='bbox 984 1714 1207 1780; x_wconf 83' lang='lat' dir='ltr'><strong>Moses</strong></span> <span class='ocrx_word' id='word_1_105' title='bbox 1260 1714 1568 1798; x_wconf 90' lang='lat' dir='ltr'><strong>quidquid</strong></span> <span class='ocrx_word' id='word_1_106' title='bbox 1626 1714 1709 1781; x_wconf 91' lang='lat' dir='ltr'><strong>ad</strong></span> <span class='ocrx_word' id='word_1_107' title='bbox 1753 1716 2196 1799; x_wconf 85' lang='lat' dir='ltr'><strong>expiationem</strong></span> <span class='ocrx_word' id='word_1_108' title='bbox 2238 1722 2493 1798; x_wconf 88' lang='lat' dir='ltr'><strong>specta-</strong></span> 
     </span>
     <span class='ocr_line' id='line_1_16' title="bbox 541 1736 2492 1885; baseline -0.002 -17"><span class='ocrx_word' id='word_1_109' title='bbox 541 1736 674 1868; x_wconf 56' lang='grc' dir='ltr'><strong>ξπ.</strong></span> <span class='ocrx_word' id='word_1_110' title='bbox 764 1799 1117 1868; x_wconf 81' lang='lat' dir='ltr'><strong>Caeterum</strong></span> <span class='ocrx_word' id='word_1_111' title='bbox 1169 1801 1661 1867; x_wconf 82' lang='lat' dir='ltr'><strong>meminerimus</strong></span> <span class='ocrx_word' id='word_1_112' title='bbox 1705 1822 1871 1885; x_wconf 92' lang='lat' dir='ltr'><strong>quae</strong></span> <span class='ocrx_word' id='word_1_113' title='bbox 1916 1801 1996 1867; x_wconf 91' lang='lat' dir='ltr'><strong>de</strong></span> <span class='ocrx_word' id='word_1_114' title='bbox 2040 1799 2293 1867; x_wconf 80' lang='lat' dir='ltr'><strong>Christi</strong></span> <span class='ocrx_word' id='word_1_115' title='bbox 2337 1821 2492 1866; x_wconf 91' lang='lat' dir='ltr'><strong>con-</strong></span> 
     </span>
     <span class='ocr_line' id='line_1_17' title="bbox 544 1886 2488 1970; baseline -0.001 -17"><span class='ocrx_word' id='word_1_116' title='bbox 544 1887 906 1953; x_wconf 88' lang='lat' dir='ltr'><strong>secratione</strong></span> <span class='ocrx_word' id='word_1_117' title='bbox 958 1887 1267 1953; x_wconf 90' lang='lat' dir='ltr'><strong>dicuntur</strong></span> <span class='ocrx_word' id='word_1_118' title='bbox 1308 1907 1442 1953; x_wconf 91' lang='lat' dir='ltr'><strong>non</strong></span> <span class='ocrx_word' id='word_1_119' title='bbox 1483 1886 1838 1954; x_wconf 88' lang='lat' dir='ltr'><strong>subsistere</strong></span> <span class='ocrx_word' id='word_1_120' title='bbox 1881 1888 1949 1952; x_wconf 89' lang='lat' dir='ltr'><strong>in</strong></span> <span class='ocrx_word' id='word_1_121' title='bbox 1993 1888 2133 1952; x_wconf 90' lang='lat' dir='ltr'><strong>eius</strong></span> <span class='ocrx_word' id='word_1_122' title='bbox 2178 1905 2488 1970; x_wconf 90' lang='lat' dir='ltr'><strong>persona:</strong></span> 
     </span>
     <span class='ocr_line' id='line_1_18' title="bbox 542 1971 2492 2055; baseline -0.001 -16"><span class='ocrx_word' id='word_1_123' title='bbox 542 1973 661 2040; x_wconf 87' lang='lat' dir='ltr'><strong>sed</strong></span> <span class='ocrx_word' id='word_1_124' title='bbox 725 1971 960 2038; x_wconf 85' lang='lat' dir='ltr'><strong>referri</strong></span> <span class='ocrx_word' id='word_1_125' title='bbox 1018 1972 1101 2039; x_wconf 88' lang='lat' dir='ltr'><strong>ad</strong></span> <span class='ocrx_word' id='word_1_126' title='bbox 1160 1974 1359 2039; x_wconf 90' lang='lat' dir='ltr'><strong>totius</strong></span> <span class='ocrx_word' id='word_1_127' title='bbox 1416 1974 1725 2041; x_wconf 86' lang='lat' dir='ltr'><strong>ecclesiae</strong></span> <span class='ocrx_word' id='word_1_128' title='bbox 1783 1973 2156 2038; x_wconf 88' lang='lat' dir='ltr'><strong>utilitatem.</strong></span> <span class='ocrx_word' id='word_1_129' title='bbox 2262 1971 2492 2055; x_wconf 86' lang='lat' dir='ltr'><strong>Neque</strong></span> 
     </span>
     <span class='ocr_line' id='line_1_19' title="bbox 543 2058 2491 2143; baseline -0.001 -19"><span class='ocrx_word' id='word_1_130' title='bbox 543 2058 721 2124; x_wconf 90' lang='lat' dir='ltr'><strong>enim</strong></span> <span class='ocrx_word' id='word_1_131' title='bbox 758 2078 880 2124; x_wconf 92' lang='lat' dir='ltr'><strong>sua</strong></span> <span class='ocrx_word' id='word_1_132' title='bbox 922 2079 1120 2126; x_wconf 89' lang='lat' dir='ltr'><strong>causa</strong></span> <span class='ocrx_word' id='word_1_133' title='bbox 1162 2069 1401 2125; x_wconf 88' lang='lat' dir='ltr'><strong>unctus</strong></span> <span class='ocrx_word' id='word_1_134' title='bbox 1443 2068 1564 2138; x_wconf 91' lang='lat' dir='ltr'><strong>est,</strong></span> <span class='ocrx_word' id='word_1_135' title='bbox 1603 2079 1816 2142; x_wconf 88' lang='lat' dir='ltr'><strong>neque</strong></span> <span class='ocrx_word' id='word_1_136' title='bbox 1859 2080 2024 2143; x_wconf 91' lang='lat' dir='ltr'><strong>opus</strong></span> <span class='ocrx_word' id='word_1_137' title='bbox 2067 2059 2299 2124; x_wconf 91' lang='lat' dir='ltr'><strong>habuit</strong></span> <span class='ocrx_word' id='word_1_138' title='bbox 2342 2079 2491 2123; x_wconf 90' lang='lat' dir='ltr'><strong>mu-</strong></span> 
     </span>
     <span class='ocr_line' id='line_1_20' title="bbox 541 2144 2491 2229; baseline 0 -20"><span class='ocrx_word' id='word_1_139' title='bbox 541 2144 715 2210; x_wconf 90' lang='lat' dir='ltr'><strong>tuari</strong></span> <span class='ocrx_word' id='word_1_140' title='bbox 772 2146 1057 2229; x_wconf 84' lang='lat' dir='ltr'><strong>gratiam</strong></span> <span class='ocrx_word' id='word_1_141' title='bbox 1110 2165 1151 2210; x_wconf 89' lang='lat' dir='ltr'><strong>a</strong></span> <span class='ocrx_word' id='word_1_142' title='bbox 1193 2144 1551 2229; x_wconf 87' lang='lat' dir='ltr'><strong>sanguine:</strong></span> <span class='ocrx_word' id='word_1_143' title='bbox 1606 2146 1721 2212; x_wconf 88' lang='lat' dir='ltr'><strong>sed</strong></span> <span class='ocrx_word' id='word_1_144' title='bbox 1766 2145 2063 2211; x_wconf 90' lang='lat' dir='ltr'><strong>membra</strong></span> <span class='ocrx_word' id='word_1_145' title='bbox 2104 2165 2224 2210; x_wconf 87' lang='lat' dir='ltr'><strong>sua</strong></span> <span class='ocrx_word' id='word_1_146' title='bbox 2268 2165 2491 2228; x_wconf 90' lang='lat' dir='ltr'><strong>respe-</strong></span> 
     </span>
     <span class='ocr_line' id='line_1_21' title="bbox 542 2230 2490 2311; baseline -0.001 -15"><span class='ocrx_word' id='word_1_147' title='bbox 542 2231 673 2309; x_wconf 87' lang='lat' dir='ltr'><strong>xit,</strong></span> <span class='ocrx_word' id='word_1_148' title='bbox 731 2242 799 2295; x_wconf 90' lang='lat' dir='ltr'><strong>et</strong></span> <span class='ocrx_word' id='word_1_149' title='bbox 854 2238 1065 2296; x_wconf 90' lang='lat' dir='ltr'><strong>totum</strong></span> <span class='ocrx_word' id='word_1_150' title='bbox 1127 2251 1197 2296; x_wconf 91' lang='lat' dir='ltr'><strong>se</strong></span> <span class='ocrx_word' id='word_1_151' title='bbox 1254 2231 1507 2296; x_wconf 84' lang='lat' dir='ltr'><strong>addixit</strong></span> <span class='ocrx_word' id='word_1_152' title='bbox 1561 2251 1789 2297; x_wconf 89' lang='lat' dir='ltr'><strong>eorum</strong></span> <span class='ocrx_word' id='word_1_153' title='bbox 1848 2230 2077 2307; x_wconf 86' lang='lat' dir='ltr'><strong>saluti,</strong></span> <span class='ocrx_word' id='word_1_154' title='bbox 2133 2232 2307 2296; x_wconf 79' lang='lat' dir='ltr'><strong>sicut</strong></span> <span class='ocrx_word' id='word_1_155' title='bbox 2348 2232 2490 2311; x_wconf 90' lang='lat' dir='ltr'><strong>ipse</strong></span> 
     </span>
     <span class='ocr_line' id='line_1_22' title="bbox 539 2314 2489 2404; baseline -0.001 -21"><span class='ocrx_word' id='word_1_156' title='bbox 539 2324 852 2383; x_wconf 88' lang='lat' dir='ltr'><strong>testatur:</strong></span> <span class='ocrx_word' id='word_1_157' title='bbox 877 2317 1160 2398; x_wconf 90' lang='lat' dir='ltr'><strong>Propter</strong></span> <span class='ocrx_word' id='word_1_158' title='bbox 1175 2337 1286 2383; x_wconf 91' lang='lat' dir='ltr'><strong>eos</strong></span> <span class='ocrx_word' id='word_1_159' title='bbox 1300 2318 1633 2383; x_wconf 88' lang='lat' dir='ltr'><strong>sanctifico</strong></span> <span class='ocrx_word' id='word_1_160' title='bbox 1648 2337 1756 2383; x_wconf 90' lang='lat' dir='ltr'><strong>me</strong></span> <span class='ocrx_word' id='word_1_161' title='bbox 1775 2318 1994 2400; x_wconf 90' lang='lat' dir='ltr'><strong>ipsum</strong></span> <span class='ocrx_word' id='word_1_162' title='bbox 2011 2314 2218 2403; x_wconf 89' lang='lat' dir='ltr'><strong>(Ioan.</strong></span> <span class='ocrx_word' id='word_1_163' title='bbox 2240 2316 2339 2394; x_wconf 81' lang='lat'><strong>17,</strong></span> <span class='ocrx_word' id='word_1_164' title='bbox 2359 2315 2489 2404; x_wconf 84' lang='lat'><strong>19).</strong></span> 
     </span>
     <span class='ocr_line' id='line_1_23' title="bbox 714 2401 2491 2485; baseline -0.001 -17"><span class='ocrx_word' id='word_1_165' title='bbox 714 2402 818 2468; x_wconf 82' lang='lat'><strong>28.</strong></span> <span class='ocrx_word' id='word_1_166' title='bbox 879 2401 968 2468; x_wconf 78' lang='lat' dir='ltr'><strong>Et</strong></span> <span class='ocrx_word' id='word_1_167' title='bbox 1021 2404 1143 2468; x_wconf 79' lang='lat' dir='ltr'><strong>erit</strong></span> <span class='ocrx_word' id='word_1_168' title='bbox 1192 2402 1325 2485; x_wconf 76' lang='lat' dir='ltr'><strong>ipsi</strong></span> <span class='ocrx_word' id='word_1_169' title='bbox 1364 2403 1647 2470; x_wconf 76' lang='lat' dir='ltr'><strong>Aharon.</strong></span> <span class='ocrx_word' id='word_1_170' title='bbox 1735 2403 1838 2469; x_wconf 83' lang='lat' dir='ltr'><strong>Ne</strong></span> <span class='ocrx_word' id='word_1_171' title='bbox 1892 2402 2235 2469; x_wconf 87' lang='lat' dir='ltr'><strong>vilesceret</strong></span> <span class='ocrx_word' id='word_1_172' title='bbox 2273 2422 2491 2468; x_wconf 90' lang='lat' dir='ltr'><strong>sacra-</strong></span> 
     </span>
     <span class='ocr_line' id='line_1_24' title="bbox 540 2487 2490 2573; baseline -0.001 -18"><span class='ocrx_word' id='word_1_173' title='bbox 540 2509 692 2555; x_wconf 88' lang='lat' dir='ltr'><strong>rum</strong></span> <span class='ocrx_word' id='word_1_174' title='bbox 750 2487 1156 2553; x_wconf 90' lang='lat' dir='ltr'><strong>oblationum</strong></span> <span class='ocrx_word' id='word_1_175' title='bbox 1214 2489 1537 2573; x_wconf 83' lang='lat' dir='ltr'><strong>dignitas,</strong></span> <span class='ocrx_word' id='word_1_176' title='bbox 1600 2509 1770 2572; x_wconf 90' lang='lat' dir='ltr'><strong>quae</strong></span> <span class='ocrx_word' id='word_1_177' title='bbox 1826 2489 2145 2554; x_wconf 89' lang='lat' dir='ltr'><strong>sanctitas</strong></span> <span class='ocrx_word' id='word_1_178' title='bbox 2198 2488 2490 2555; x_wconf 78' lang='lat' dir='ltr'><strong>Iehovae</strong></span> 
     </span>
     <span class='ocr_line' id='line_1_25' title="bbox 542 2573 2484 2659; baseline 0 -20"><span class='ocrx_word' id='word_1_179' title='bbox 542 2573 883 2654; x_wconf 90' lang='lat' dir='ltr'><strong>dicuntur,</strong></span> <span class='ocrx_word' id='word_1_180' title='bbox 945 2573 1027 2639; x_wconf 89' lang='lat' dir='ltr'><strong>ab</strong></span> <span class='ocrx_word' id='word_1_181' title='bbox 1093 2595 1316 2639; x_wconf 86' lang='lat' dir='ltr'><strong>earum</strong></span> <span class='ocrx_word' id='word_1_182' title='bbox 1381 2596 1502 2640; x_wconf 90' lang='lat' dir='ltr'><strong>esu</strong></span> <span class='ocrx_word' id='word_1_183' title='bbox 1566 2574 1880 2659; x_wconf 89' lang='lat' dir='ltr'><strong>prohibiti</strong></span> <span class='ocrx_word' id='word_1_184' title='bbox 1945 2582 2104 2639; x_wconf 89' lang='lat' dir='ltr'><strong>sunt</strong></span> <span class='ocrx_word' id='word_1_185' title='bbox 2166 2573 2484 2639; x_wconf 82' lang='lat' dir='ltr'><strong>extranei.</strong></span> 
     </span>
     <span class='ocr_line' id='line_1_26' title="bbox 541 2659 2487 2745; baseline -0.001 -20"><span class='ocrx_word' id='word_1_186' title='bbox 541 2659 718 2725; x_wconf 86' lang='lat' dir='ltr'><strong>Nam</strong></span> <span class='ocrx_word' id='word_1_187' title='bbox 774 2660 829 2725; x_wconf 91' lang='lat' dir='ltr'><strong>si</strong></span> <span class='ocrx_word' id='word_1_188' title='bbox 873 2660 1271 2741; x_wconf 88' lang='lat' dir='ltr'><strong>quibuslibet</strong></span> <span class='ocrx_word' id='word_1_189' title='bbox 1312 2681 1425 2726; x_wconf 88' lang='lat' dir='ltr'><strong>eas</strong></span> <span class='ocrx_word' id='word_1_190' title='bbox 1469 2668 1775 2745; x_wconf 91' lang='lat' dir='ltr'><strong>tangere,</strong></span> <span class='ocrx_word' id='word_1_191' title='bbox 1818 2660 2075 2743; x_wconf 90' lang='lat' dir='ltr'><strong>illisque</strong></span> <span class='ocrx_word' id='word_1_192' title='bbox 2116 2661 2295 2726; x_wconf 81' lang='lat' dir='ltr'><strong>vesci</strong></span> <span class='ocrx_word' id='word_1_193' title='bbox 2338 2679 2487 2742; x_wconf 89' lang='lat' dir='ltr'><strong>per-</strong></span> 
     </span>
     <span class='ocr_line' id='line_1_27' title="bbox 541 2745 2490 2830; baseline 0.001 -20"><span class='ocrx_word' id='word_1_194' title='bbox 541 2745 817 2811; x_wconf 89' lang='lat' dir='ltr'><strong>missum</strong></span> <span class='ocrx_word' id='word_1_195' title='bbox 866 2746 1068 2822; x_wconf 88' lang='lat' dir='ltr'><strong>foret,</strong></span> <span class='ocrx_word' id='word_1_196' title='bbox 1126 2746 1382 2812; x_wconf 91' lang='lat' dir='ltr'><strong>nullum</strong></span> <span class='ocrx_word' id='word_1_197' title='bbox 1440 2747 1615 2813; x_wconf 91' lang='lat' dir='ltr'><strong>inter</strong></span> <span class='ocrx_word' id='word_1_198' title='bbox 1672 2767 1784 2813; x_wconf 89' lang='lat' dir='ltr'><strong>eas</strong></span> <span class='ocrx_word' id='word_1_199' title='bbox 1839 2754 1908 2812; x_wconf 91' lang='lat' dir='ltr'><strong>et</strong></span> <span class='ocrx_word' id='word_1_200' title='bbox 1963 2746 2269 2830; x_wconf 82' lang='lat' dir='ltr'><strong>vulgares</strong></span> <span class='ocrx_word' id='word_1_201' title='bbox 2311 2745 2490 2811; x_wconf 88' lang='lat' dir='ltr'><strong>cibos</strong></span> 
     </span>
     <span class='ocr_line' id='line_1_28' title="bbox 539 2829 2489 2917; baseline 0.001 -21"><span class='ocrx_word' id='word_1_202' title='bbox 539 2831 774 2897; x_wconf 88' lang='lat' dir='ltr'><strong>fuisset</strong></span> <span class='ocrx_word' id='word_1_203' title='bbox 831 2829 1202 2897; x_wconf 88' lang='lat' dir='ltr'><strong>discrimen.</strong></span> <span class='ocrx_word' id='word_1_204' title='bbox 1304 2833 1413 2897; x_wconf 81' lang='lat' dir='ltr'><strong>Ex</strong></span> <span class='ocrx_word' id='word_1_205' title='bbox 1467 2834 1764 2917; x_wconf 89' lang='lat' dir='ltr'><strong>portione</strong></span> <span class='ocrx_word' id='word_1_206' title='bbox 1817 2830 2233 2899; x_wconf 87' lang='lat' dir='ltr'><strong>sacerdotum</strong></span> <span class='ocrx_word' id='word_1_207' title='bbox 2290 2852 2489 2915; x_wconf 90' lang='lat' dir='ltr'><strong>quae-</strong></span> 
     </span>
     <span class='ocr_line' id='line_1_29' title="bbox 542 2915 2492 3002; baseline 0 -20"><span class='ocrx_word' id='word_1_208' title='bbox 542 2916 693 2982; x_wconf 90' lang='lat' dir='ltr'><strong>dam</strong></span> <span class='ocrx_word' id='word_1_209' title='bbox 766 2915 1040 2982; x_wconf 89' lang='lat' dir='ltr'><strong>fuerunt</strong></span> <span class='ocrx_word' id='word_1_210' title='bbox 1090 2919 1247 2983; x_wconf 86' lang='lat' dir='ltr'><strong>totis</strong></span> <span class='ocrx_word' id='word_1_211' title='bbox 1304 2918 1571 2985; x_wconf 81' lang='lat' dir='ltr'><strong>familiis</strong></span> <span class='ocrx_word' id='word_1_212' title='bbox 1627 2917 2028 2997; x_wconf 88' lang='lat' dir='ltr'><strong>communia,</strong></span> <span class='ocrx_word' id='word_1_213' title='bbox 2086 2916 2203 2985; x_wconf 89' lang='lat' dir='ltr'><strong>sed</strong></span> <span class='ocrx_word' id='word_1_214' title='bbox 2259 2936 2492 3002; x_wconf 86' lang='lat' dir='ltr'><strong>excep-</strong></span> 
     </span>
     <span class='ocr_line' id='line_1_30' title="bbox 539 3003 2490 3089; baseline -0.001 -19"><span class='ocrx_word' id='word_1_215' title='bbox 539 3011 613 3070; x_wconf 90' lang='lat' dir='ltr'><strong>ta</strong></span> <span class='ocrx_word' id='word_1_216' title='bbox 689 3003 957 3068; x_wconf 87' lang='lat' dir='ltr'><strong>fuerunt</strong></span> <span class='ocrx_word' id='word_1_217' title='bbox 1017 3012 1277 3084; x_wconf 88' lang='lat' dir='ltr'><strong>sancta,</strong></span> <span class='ocrx_word' id='word_1_218' title='bbox 1354 3014 1431 3069; x_wconf 91' lang='lat' dir='ltr'><strong>ut</strong></span> <span class='ocrx_word' id='word_1_219' title='bbox 1495 3005 1617 3073; x_wconf 90' lang='lat' dir='ltr'><strong>sub</strong></span> <span class='ocrx_word' id='word_1_220' title='bbox 1694 3025 1829 3070; x_wconf 91' lang='lat' dir='ltr'><strong>una</strong></span> <span class='ocrx_word' id='word_1_221' title='bbox 1901 3004 2117 3089; x_wconf 91' lang='lat' dir='ltr'><strong>specie</strong></span> <span class='ocrx_word' id='word_1_222' title='bbox 2193 3004 2490 3069; x_wconf 89' lang='lat' dir='ltr'><strong>omnium</strong></span> 
     </span>
     <span class='ocr_line' id='line_1_31' title="bbox 538 3089 2494 3175; baseline 0.001 -20"><span class='ocrx_word' id='word_1_223' title='bbox 538 3092 912 3157; x_wconf 87' lang='lat' dir='ltr'><strong>reverentia</strong></span> <span class='ocrx_word' id='word_1_224' title='bbox 952 3089 1537 3158; x_wconf 87' lang='lat' dir='ltr'><strong>commendaretur.</strong></span> <span class='ocrx_word' id='word_1_225' title='bbox 1628 3092 1878 3158; x_wconf 88' lang='lat' dir='ltr'><strong>Eodem</strong></span> <span class='ocrx_word' id='word_1_226' title='bbox 1921 3100 2171 3175; x_wconf 88' lang='lat' dir='ltr'><strong>spectat</strong></span> <span class='ocrx_word' id='word_1_227' title='bbox 2213 3091 2494 3157; x_wconf 90' lang='lat' dir='ltr'><strong>circum-</strong></span> 
     </span>
     <span class='ocr_line' id='line_1_32' title="bbox 542 3176 2494 3261; baseline -0.001 -18"><span class='ocrx_word' id='word_1_228' title='bbox 542 3177 790 3243; x_wconf 84' lang='lat' dir='ltr'><strong>stantia</strong></span> <span class='ocrx_word' id='word_1_229' title='bbox 841 3176 1000 3243; x_wconf 86' lang='lat' dir='ltr'><strong>loci:</strong></span> <span class='ocrx_word' id='word_1_230' title='bbox 1060 3177 1216 3260; x_wconf 90' lang='lat' dir='ltr'><strong>quia</strong></span> <span class='ocrx_word' id='word_1_231' title='bbox 1271 3177 1452 3243; x_wconf 91' lang='lat' dir='ltr'><strong>intra</strong></span> <span class='ocrx_word' id='word_1_232' title='bbox 1507 3178 1897 3245; x_wconf 89' lang='lat' dir='ltr'><strong>domesticos</strong></span> <span class='ocrx_word' id='word_1_233' title='bbox 1956 3178 2238 3261; x_wconf 83' lang='lat' dir='ltr'><strong>parietes</strong></span> <span class='ocrx_word' id='word_1_234' title='bbox 2282 3196 2494 3242; x_wconf 91' lang='lat' dir='ltr'><strong>come·</strong></span> 
     </span>
     <span class='ocr_line' id='line_1_33' title="bbox 542 3261 2496 3346; baseline 0 -19"><span class='ocrx_word' id='word_1_235' title='bbox 542 3262 697 3328; x_wconf 88' lang='lat' dir='ltr'><strong>dere</strong></span> <span class='ocrx_word' id='word_1_236' title='bbox 757 3282 892 3327; x_wconf 92' lang='lat' dir='ltr'><strong>non</strong></span> <span class='ocrx_word' id='word_1_237' title='bbox 946 3261 1130 3329; x_wconf 91' lang='lat' dir='ltr'><strong>licuit</strong></span> <span class='ocrx_word' id='word_1_238' title='bbox 1182 3263 1354 3346; x_wconf 89' lang='lat' dir='ltr'><strong>quod</strong></span> <span class='ocrx_word' id='word_1_239' title='bbox 1413 3273 1714 3330; x_wconf 88' lang='lat' dir='ltr'><strong>sanctum</strong></span> <span class='ocrx_word' id='word_1_240' title='bbox 1759 3272 1932 3344; x_wconf 90' lang='lat' dir='ltr'><strong>erat,</strong></span> <span class='ocrx_word' id='word_1_241' title='bbox 1992 3267 2070 3330; x_wconf 91' lang='lat' dir='ltr'><strong>ut</strong></span> <span class='ocrx_word' id='word_1_242' title='bbox 2115 3263 2413 3330; x_wconf 87' lang='lat' dir='ltr'><strong>differret</strong></span> <span class='ocrx_word' id='word_1_243' title='bbox 2454 3282 2496 3327; x_wconf 91' lang='lat' dir='ltr'><strong>a</strong></span> 
     </span>
     <span class='ocr_line' id='line_1_34' title="bbox 540 3347 2492 3416; baseline -0.001 -2"><span class='ocrx_word' id='word_1_244' title='bbox 540 3348 873 3414; x_wconf 89' lang='lat' dir='ltr'><strong>communi</strong></span> <span class='ocrx_word' id='word_1_245' title='bbox 939 3357 1006 3414; x_wconf 91' lang='lat' dir='ltr'><strong>et</strong></span> <span class='ocrx_word' id='word_1_246' title='bbox 1062 3347 1394 3414; x_wconf 85' lang='lat' dir='ltr'><strong>ordinario</strong></span> <span class='ocrx_word' id='word_1_247' title='bbox 1439 3350 1639 3416; x_wconf 85' lang='lat' dir='ltr'><strong>victu.</strong></span> <span class='ocrx_word' id='word_1_248' title='bbox 1741 3348 1996 3415; x_wconf 88' lang='lat' dir='ltr'><strong>Eadem</strong></span> <span class='ocrx_word' id='word_1_249' title='bbox 2055 3370 2258 3415; x_wconf 87' lang='lat' dir='ltr'><strong>causa</strong></span> <span class='ocrx_word' id='word_1_250' title='bbox 2316 3369 2492 3414; x_wconf 91' lang='lat' dir='ltr'><strong>com-</strong></span> 
     </span>
     <span class='ocr_line' id='line_1_35' title="bbox 539 3433 2498 3517; baseline 0.001 -18"><span class='ocrx_word' id='word_1_251' title='bbox 539 3433 688 3500; x_wconf 88' lang='lat' dir='ltr'><strong>buri</strong></span> <span class='ocrx_word' id='word_1_252' title='bbox 733 3435 1023 3516; x_wconf 88' lang='lat' dir='ltr'><strong>oportuit</strong></span> <span class='ocrx_word' id='word_1_253' title='bbox 1064 3435 1124 3499; x_wconf 92' lang='lat' dir='ltr'><strong>si</strong></span> <span class='ocrx_word' id='word_1_254' title='bbox 1168 3436 1326 3517; x_wconf 92' lang='lat' dir='ltr'><strong>quid</strong></span> <span class='ocrx_word' id='word_1_255' title='bbox 1369 3437 1681 3502; x_wconf 88' lang='lat' dir='ltr'><strong>manebat</strong></span> <span class='ocrx_word' id='word_1_256' title='bbox 1721 3435 2079 3513; x_wconf 89' lang='lat' dir='ltr'><strong>residuum,</strong></span> <span class='ocrx_word' id='word_1_257' title='bbox 2124 3457 2209 3500; x_wconf 91' lang='lat' dir='ltr'><strong>ne</strong></span> <span class='ocrx_word' id='word_1_258' title='bbox 2252 3436 2308 3501; x_wconf 86' lang='lat' dir='ltr'><strong>si</strong></span> <span class='ocrx_word' id='word_1_259' title='bbox 2351 3456 2498 3501; x_wconf 90' lang='lat' dir='ltr'><strong>car-</strong></span> 
     </span>
     <span class='ocr_line' id='line_1_36' title="bbox 541 3520 2501 3605; baseline 0 -21"><span class='ocrx_word' id='word_1_260' title='bbox 541 3540 663 3586; x_wconf 91' lang='lat' dir='ltr'><strong>nes</strong></span> <span class='ocrx_word' id='word_1_261' title='bbox 724 3521 961 3586; x_wconf 87' lang='lat' dir='ltr'><strong>fierent</strong></span> <span class='ocrx_word' id='word_1_262' title='bbox 1017 3520 1323 3587; x_wconf 90' lang='lat' dir='ltr'><strong>rancidae</strong></span> <span class='ocrx_word' id='word_1_263' title='bbox 1380 3530 1497 3587; x_wconf 89' lang='lat' dir='ltr'><strong>aut</strong></span> <span class='ocrx_word' id='word_1_264' title='bbox 1553 3520 1853 3589; x_wconf 90' lang='lat' dir='ltr'><strong>mucidus</strong></span> <span class='ocrx_word' id='word_1_265' title='bbox 1904 3522 2124 3605; x_wconf 87' lang='lat' dir='ltr'><strong>panis,</strong></span> <span class='ocrx_word' id='word_1_266' title='bbox 2179 3522 2387 3586; x_wconf 87' lang='lat' dir='ltr'><strong>foetor</strong></span> <span class='ocrx_word' id='word_1_267' title='bbox 2431 3528 2501 3585; x_wconf 91' lang='lat' dir='ltr'><strong>et</strong></span> 
     </span>
     <span class='ocr_line' id='line_1_37' title="bbox 543 3604 2498 3691; baseline 0.001 -21"><span class='ocrx_word' id='word_1_268' title='bbox 543 3604 922 3671; x_wconf 84' lang='lat' dir='ltr'><strong>deformitas</strong></span> <span class='ocrx_word' id='word_1_269' title='bbox 957 3606 1204 3690; x_wconf 90' lang='lat' dir='ltr'><strong>aliquid</strong></span> <span class='ocrx_word' id='word_1_270' title='bbox 1239 3627 1323 3672; x_wconf 88' lang='lat' dir='ltr'><strong>ex</strong></span> <span class='ocrx_word' id='word_1_271' title='bbox 1358 3629 1693 3674; x_wconf 91' lang='lat' dir='ltr'><strong>sacrorum</strong></span> <span class='ocrx_word' id='word_1_272' title='bbox 1744 3606 2064 3691; x_wconf 84' lang='lat' dir='ltr'><strong>dignitate</strong></span> <span class='ocrx_word' id='word_1_273' title='bbox 2103 3608 2498 3688; x_wconf 80' lang='lat' dir='ltr'><strong>minuerent.</strong></span> 
     </span>
     <span class='ocr_line' id='line_1_38' title="bbox 542 3691 2500 3777; baseline 0.001 -21"><span class='ocrx_word' id='word_1_274' title='bbox 542 3691 965 3757; x_wconf 85' lang='lat' dir='ltr'><strong>Rudimentis</strong></span> <span class='ocrx_word' id='word_1_275' title='bbox 1021 3693 1198 3757; x_wconf 90' lang='lat' dir='ltr'><strong>enim</strong></span> <span class='ocrx_word' id='word_1_276' title='bbox 1254 3694 1615 3777; x_wconf 89' lang='lat' dir='ltr'><strong>puerilibus</strong></span> <span class='ocrx_word' id='word_1_277' title='bbox 1658 3713 1827 3777; x_wconf 88' lang='lat' dir='ltr'><strong>opus</strong></span> <span class='ocrx_word' id='word_1_278' title='bbox 1873 3692 2104 3759; x_wconf 87' lang='lat' dir='ltr'><strong>habuit</strong></span> <span class='ocrx_word' id='word_1_279' title='bbox 2145 3692 2500 3758; x_wconf 85' lang='lat' dir='ltr'><strong>infirmitas</strong></span> 
     </span>
     <span class='ocr_line' id='line_1_39' title="bbox 545 3776 2502 3863; baseline 0.001 -21"><span class='ocrx_word' id='word_1_280' title='bbox 545 3777 791 3842; x_wconf 82' lang='lat' dir='ltr'><strong>veteris</strong></span> <span class='ocrx_word' id='word_1_281' title='bbox 827 3777 1068 3862; x_wconf 89' lang='lat' dir='ltr'><strong>populi,</strong></span> <span class='ocrx_word' id='word_1_282' title='bbox 1113 3776 1229 3843; x_wconf 87' lang='lat' dir='ltr'><strong>sed</strong></span> <span class='ocrx_word' id='word_1_283' title='bbox 1264 3800 1431 3862; x_wconf 91' lang='lat' dir='ltr'><strong>quae</strong></span> <span class='ocrx_word' id='word_1_284' title='bbox 1465 3779 1661 3844; x_wconf 90' lang='lat' dir='ltr'><strong>altius</strong></span> <span class='ocrx_word' id='word_1_285' title='bbox 1697 3780 2030 3863; x_wconf 88' lang='lat' dir='ltr'><strong>erigerent</strong></span> <span class='ocrx_word' id='word_1_286' title='bbox 2064 3778 2323 3862; x_wconf 89' lang='lat' dir='ltr'><strong>piorum</strong></span> <span class='ocrx_word' id='word_1_287' title='bbox 2359 3779 2502 3844; x_wconf 89' lang='lat' dir='ltr'><strong>ani-</strong></span> 
     </span>
     <span class='ocr_line' id='line_1_40' title="bbox 547 3862 2501 3949; baseline 0.001 -22"><span class='ocrx_word' id='word_1_288' title='bbox 547 3883 708 3930; x_wconf 90' lang='lat' dir='ltr'><strong>mos.</strong></span> <span class='ocrx_word' id='word_1_289' title='bbox 797 3862 881 3928; x_wconf 92' lang='lat' dir='ltr'><strong>In</strong></span> <span class='ocrx_word' id='word_1_290' title='bbox 922 3883 1074 3929; x_wconf 91' lang='lat' dir='ltr'><strong>eum</strong></span> <span class='ocrx_word' id='word_1_291' title='bbox 1120 3865 1319 3929; x_wconf 88' lang='lat' dir='ltr'><strong>finem</strong></span> <span class='ocrx_word' id='word_1_292' title='bbox 1364 3866 1588 3931; x_wconf 89' lang='lat' dir='ltr'><strong>omnia</strong></span> <span class='ocrx_word' id='word_1_293' title='bbox 1632 3864 2022 3944; x_wconf 89' lang='lat' dir='ltr'><strong>tendebant,</strong></span> <span class='ocrx_word' id='word_1_294' title='bbox 2082 3884 2168 3930; x_wconf 89' lang='lat' dir='ltr'><strong>ne</strong></span> <span class='ocrx_word' id='word_1_295' title='bbox 2210 3885 2343 3949; x_wconf 88' lang='lat' dir='ltr'><strong>qua</strong></span> <span class='ocrx_word' id='word_1_296' title='bbox 2386 3863 2501 3930; x_wconf 92' lang='lat' dir='ltr'><strong>ob-</strong></span> 
     </span>
     <span class='ocr_line' id='line_1_41' title="bbox 546 3950 2503 4034; baseline 0.001 -20"><span class='ocrx_word' id='word_1_297' title='bbox 546 3959 810 4032; x_wconf 85' lang='lat' dir='ltr'><strong>reperet</strong></span> <span class='ocrx_word' id='word_1_298' title='bbox 866 3951 1238 4033; x_wconf 88' lang='lat' dir='ltr'><strong>corruptela</strong></span> <span class='ocrx_word' id='word_1_299' title='bbox 1292 3972 1459 4034; x_wconf 91' lang='lat' dir='ltr'><strong>quae</strong></span> <span class='ocrx_word' id='word_1_300' title='bbox 1511 3951 1640 4018; x_wconf 91' lang='lat' dir='ltr'><strong>Dei</strong></span> <span class='ocrx_word' id='word_1_301' title='bbox 1698 3951 1951 4019; x_wconf 89' lang='lat' dir='ltr'><strong>cultum</strong></span> <span class='ocrx_word' id='word_1_302' title='bbox 2008 3951 2337 4030; x_wconf 90' lang='lat' dir='ltr'><strong>inficeret,</strong></span> <span class='ocrx_word' id='word_1_303' title='bbox 2394 3950 2503 4016; x_wconf 82' lang='lat' dir='ltr'><strong>vel</strong></span> 
     </span>
     <span class='ocr_line' id='line_1_42' title="bbox 545 4035 1473 4120; baseline 0.001 -18"><span class='ocrx_word' id='word_1_304' title='bbox 545 4035 852 4102; x_wconf 84' lang='lat' dir='ltr'><strong>redderet</strong></span> <span class='ocrx_word' id='word_1_305' title='bbox 894 4037 1473 4120; x_wconf 89' lang='lat' dir='ltr'><strong>contemptibilem.</strong></span> 
     </span>
    </p>
   </div>
   <div class='ocr_carea' id='block_1_3' title="bbox 1198 4328 1855 4396">
    <p class='ocr_par' dir='ltr' id='par_1_3' title="bbox 1198 4328 1855 4396">
     <span class='ocr_line' id='line_1_43' title="bbox 1198 4328 1855 4396; baseline 0 -3"><span class='ocrx_word' id='word_1_306' title='bbox 1198 4328 1332 4394; x_wconf 80' lang='lat' dir='ltr'><strong>Ex</strong></span> <span class='ocrx_word' id='word_1_307' title='bbox 1377 4328 1687 4396; x_wconf 82' lang='lat' dir='ltr'><strong>LEVI&#39;P.</strong></span> <span class='ocrx_word' id='word_1_308' title='bbox 1734 4328 1855 4394; x_wconf 90' lang='lat' dir='ltr'><strong>VI.</strong></span> 
     </span>
    </p>
   </div>
   <div class='ocr_carea' id='block_1_4' title="bbox 546 4462 2521 5232">
    <p class='ocr_par' dir='ltr' id='par_1_4' title="bbox 546 4462 2521 5232">
     <span class='ocr_line' id='line_1_44' title="bbox 729 4462 2507 4550; baseline 0.002 -23"><span class='ocrx_word' id='word_1_309' title='bbox 729 4462 811 4528; x_wconf 85' lang='lat'><strong>19</strong></span> <span class='ocrx_word' id='word_1_310' title='bbox 839 4462 906 4550; x_wconf 84' lang='lat'><strong>¹).</strong></span> <span class='ocrx_word' id='word_1_311' title='bbox 953 4463 1043 4529; x_wconf 80' lang='lat' dir='ltr'><strong>Et</strong></span> <span class='ocrx_word' id='word_1_312' title='bbox 1081 4464 1374 4546; x_wconf 66' lang='lat' dir='ltr'><strong>loqaeaeutms</strong></span> <span class='ocrx_word' id='word_1_313' title='bbox 1414 4465 1758 4532; x_wconf 70' lang='lat' dir='ltr'><strong>estIeJoova</strong></span> <span class='ocrx_word' id='word_1_314' title='bbox 1799 4466 1887 4531; x_wconf 81' lang='lat' dir='ltr'><strong>ad</strong></span> <span class='ocrx_word' id='word_1_315' title='bbox 1929 4465 2171 4546; x_wconf 80' lang='lat' dir='ltr'><strong>Mosen,</strong></span> <span class='ocrx_word' id='word_1_316' title='bbox 2215 4466 2507 4533; x_wconf 75' lang='lat' dir='ltr'><strong>dicendo.-</strong></span> 
     </span>
     <span class='ocr_line' id='line_1_45' title="bbox 550 4545 2505 4634; baseline 0.002 -21"><span class='ocrx_word' id='word_1_317' title='bbox 550 4548 984 4614; x_wconf 51' lang='lat' dir='ltr'><strong>alsam-it</strong></span> <span class='ocrx_word' id='word_1_318' title='bbox 1041 4545 2026 4633; x_wconf 62' lang='lat' dir='ltr'><strong>oblatioAharonetfiliov-um</strong></span> <span class='ocrx_word' id='word_1_319' title='bbox 2082 4553 2256 4629; x_wconf 72' lang='lat' dir='ltr'><strong>eius,</strong></span> <span class='ocrx_word' id='word_1_320' title='bbox 2313 4573 2505 4634; x_wconf 73' lang='lat' dir='ltr'><strong>quam</strong></span> 
     </span>
     <span class='ocr_line' id='line_1_46' title="bbox 550 4634 2521 4723; baseline 0.003 -25"><span class='ocrx_word' id='word_1_321' title='bbox 550 4635 805 4717; x_wconf 66' lang='lat' dir='ltr'><strong>offerent</strong></span> <span class='ocrx_word' id='word_1_322' title='bbox 863 4634 1127 4702; x_wconf 76' lang='lat' dir='ltr'><strong>Iehovae</strong></span> <span class='ocrx_word' id='word_1_323' title='bbox 1182 4637 1286 4702; x_wconf 77' lang='lat' dir='ltr'><strong>die</strong></span> <span class='ocrx_word' id='word_1_324' title='bbox 1348 4659 1477 4720; x_wconf 75' lang='lat' dir='ltr'><strong>qua</strong></span> <span class='ocrx_word' id='word_1_325' title='bbox 1528 4643 1796 4723; x_wconf 74' lang='lat' dir='ltr'><strong>unydm·</strong></span> <span class='ocrx_word' id='word_1_326' title='bbox 1851 4640 2131 4721; x_wconf 72' lang='lat' dir='ltr'><strong>quisque.</strong></span> <span class='ocrx_word' id='word_1_327' title='bbox 2234 4636 2521 4704; x_wconf 63' lang='lat' dir='ltr'><strong>Decima</strong></span> 
     </span>
     <span class='ocr_line' id='line_1_47' title="bbox 550 4720 2504 4808; baseline 0.002 -23"><span class='ocrx_word' id='word_1_328' title='bbox 550 4720 712 4802; x_wconf 75' lang='lat' dir='ltr'><strong>epha</strong></span> <span class='ocrx_word' id='word_1_329' title='bbox 765 4720 1020 4787; x_wconf 73' lang='lat' dir='ltr'><strong>similae</strong></span> <span class='ocrx_word' id='word_1_330' title='bbox 1033 4747 1052 4786; x_wconf 90' lang='grc'><strong>.-</strong></span> <span class='ocrx_word' id='word_1_331' title='bbox 1115 4722 1334 4788; x_wconf 74' lang='lat' dir='ltr'><strong>minha</strong></span> <span class='ocrx_word' id='word_1_332' title='bbox 1388 4725 1650 4808; x_wconf 63' lang='lat' dir='ltr'><strong>imiter.-</strong></span> <span class='ocrx_word' id='word_1_333' title='bbox 1717 4724 2059 4791; x_wconf 76' lang='lat' dir='ltr'><strong>dimidium</strong></span> <span class='ocrx_word' id='word_1_334' title='bbox 2112 4726 2253 4789; x_wconf 76' lang='lat' dir='ltr'><strong>eius</strong></span> <span class='ocrx_word' id='word_1_335' title='bbox 2304 4745 2504 4805; x_wconf 73' lang='lat' dir='ltr'><strong>mam,</strong></span> 
     </span>
     <span class='ocr_line' id='line_1_48' title="bbox 550 4807 2507 4894; baseline 0.001 -21"><span class='ocrx_word' id='word_1_336' title='bbox 550 4812 607 4873; x_wconf 67' lang='lat' dir='ltr'><strong><em>d</em></strong></span> <span class='ocrx_word' id='word_1_337' title='bbox 647 4807 991 4873; x_wconf 76' lang='lat' dir='ltr'><strong>dimidium</strong></span> <span class='ocrx_word' id='word_1_338' title='bbox 1031 4810 1289 4890; x_wconf 66' lang='lat' dir='ltr'><strong>vesperi.</strong></span> <span class='ocrx_word' id='word_1_339' title='bbox 1373 4811 1475 4877; x_wconf 82' lang='lat'><strong>21.</strong></span> <span class='ocrx_word' id='word_1_340' title='bbox 1525 4811 1614 4876; x_wconf 77' lang='lat' dir='ltr'><strong>In</strong></span> <span class='ocrx_word' id='word_1_341' title='bbox 1652 4810 1958 4878; x_wconf 74' lang='lat' dir='ltr'><strong>craticula</strong></span> <span class='ocrx_word' id='word_1_342' title='bbox 1999 4811 2124 4877; x_wconf 81' lang='lat' dir='ltr'><strong>oleo</strong></span> <span class='ocrx_word' id='word_1_343' title='bbox 2162 4810 2299 4892; x_wconf 72' lang='lat' dir='ltr'><strong>fiet,</strong></span> <span class='ocrx_word' id='word_1_344' title='bbox 2352 4811 2507 4894; x_wconf 78' lang='lat' dir='ltr'><strong>fric-</strong></span> 
     </span>
     <span class='ocr_line' id='line_1_49' title="bbox 549 4892 2506 4979; baseline 0.002 -21"><span class='ocrx_word' id='word_1_345' title='bbox 549 4898 681 4958; x_wconf 77' lang='lat' dir='ltr'><strong>tam</strong></span> <span class='ocrx_word' id='word_1_346' title='bbox 734 4892 960 4974; x_wconf 76' lang='lat' dir='ltr'><strong>afferes</strong></span> <span class='ocrx_word' id='word_1_347' title='bbox 1016 4913 1155 4959; x_wconf 85' lang='lat' dir='ltr'><strong>eam</strong></span> <span class='ocrx_word' id='word_1_348' title='bbox 1170 4945 1185 4971; x_wconf 91' lang='lat'><strong>,</strong></span> <span class='ocrx_word' id='word_1_349' title='bbox 1242 4899 1540 4963; x_wconf 80' lang='lat' dir='ltr'><strong>coctiones</strong></span> <span class='ocrx_word' id='word_1_350' title='bbox 1594 4897 1845 4963; x_wconf 70' lang='lat' dir='ltr'><strong>minhae</strong></span> <span class='ocrx_word' id='word_1_351' title='bbox 1891 4897 2244 4979; x_wconf 67' lang='lat' dir='ltr'><strong>fractorum</strong></span> <span class='ocrx_word' id='word_1_352' title='bbox 2286 4897 2506 4979; x_wconf 73' lang='lat' dir='ltr'><strong>offeres</strong></span> 
     </span>
     <span class='ocr_line' id='line_1_50' title="bbox 548 4980 2506 5150; baseline 0.002 -106"><span class='ocrx_word' id='word_1_353' title='bbox 548 4980 619 5043; x_wconf 74' lang='lat' dir='ltr'><strong>in</strong></span> <span class='ocrx_word' id='word_1_354' title='bbox 662 4981 911 5080; x_wconf 38' lang='lat' dir='ltr'><strong>odore-m</strong></span> <span class='ocrx_word' id='word_1_355' title='bbox 952 4980 1181 5148; x_wconf 37' lang='lat' dir='ltr'><strong>quatis</strong></span> <span class='ocrx_word' id='word_1_356' title='bbox 1213 4980 1664 5150; x_wconf 57' lang='grc' dir='ltr'><strong>Ιοῆουαῗααξιῖ.</strong></span> <span class='ocrx_word' id='word_1_357' title='bbox 1710 4983 1802 5048; x_wconf 79' lang='lat' dir='ltr'><strong>Et</strong></span> <span class='ocrx_word' id='word_1_358' title='bbox 1840 4984 2128 5136; x_wconf 51' lang='lat' dir='ltr'><strong>szcmergae</strong></span> <span class='ocrx_word' id='word_1_359' title='bbox 2168 4987 2394 5048; x_wconf 68' lang='lat' dir='ltr'><strong>umus</strong></span> <span class='ocrx_word' id='word_1_360' title='bbox 2434 4983 2506 5047; x_wconf 80' lang='lat' dir='ltr'><strong>in</strong></span> 
     </span>
     <span class='ocr_line' id='line_1_51' title="bbox 546 5064 2507 5153; baseline 0.002 -23"><span class='ocrx_word' id='word_1_361' title='bbox 546 5064 748 5132; x_wconf 77' lang='lat' dir='ltr'><strong>locum</strong></span> <span class='ocrx_word' id='word_1_362' title='bbox 802 5086 942 5131; x_wconf 68' lang='lat' dir='ltr'><strong>evus</strong></span> <span class='ocrx_word' id='word_1_363' title='bbox 981 5086 1015 5132; x_wconf 76' lang='lat' dir='ltr'><strong>c</strong></span> <span class='ocrx_word' id='word_1_364' title='bbox 1126 5087 1214 5132; x_wconf 72' lang='lat' dir='ltr'><strong>ns</strong></span> <span class='ocrx_word' id='word_1_365' title='bbox 1256 5087 1395 5134; x_wconf 77' lang='lat' dir='ltr'><strong>ems</strong></span> <span class='ocrx_word' id='word_1_366' title='bbox 1661 5089 1831 5135; x_wconf 81' lang='lat' dir='ltr'><strong>cam.-</strong></span> <span class='ocrx_word' id='word_1_367' title='bbox 2122 5089 2189 5133; x_wconf 79' lang='lat' dir='ltr'><strong>m</strong></span> <span class='ocrx_word' id='word_1_368' title='bbox 2225 5073 2507 5153; x_wconf 73' lang='lat' dir='ltr'><strong>perpetu-</strong></span> 
     </span>
     <span class='ocr_line' id='line_1_52' title="bbox 546 5151 1581 5232; baseline 0.006 -18"><span class='ocrx_word' id='word_1_369' title='bbox 546 5170 658 5215; x_wconf 76' lang='lat' dir='ltr'><strong>um</strong></span> <span class='ocrx_word' id='word_1_370' title='bbox 700 5151 980 5232; x_wconf 71' lang='lat' dir='ltr'><strong>Iehovac,</strong></span> <span class='ocrx_word' id='word_1_371' title='bbox 1022 5157 1150 5219; x_wconf 77' lang='lat' dir='ltr'><strong>tota</strong></span> <span class='ocrx_word' id='word_1_372' title='bbox 1189 5155 1581 5220; x_wconf 68' lang='lat' dir='ltr'><strong>croenabitur.</strong></span> 
     </span>
    </p>
   </div>
   <div class='ocr_carea' id='block_1_5' title="bbox 541 5271 960 5283">
    <p class='ocr_par' dir='ltr' id='par_1_5' title="bbox 541 5271 960 5283">
     <span class='ocr_line' id='line_1_53' title="bbox 541 5271 960 5283; baseline 0 0"><span class='ocrx_word' id='word_1_373' title='bbox 541 5271 960 5283; x_wconf 95' lang='lat' dir='ltr'><strong> </strong></span> 
     </span>
    </p>
   </div>
   <div class='ocr_carea' id='block_1_6' title="bbox 719 5339 1241 5407">
    <p class='ocr_par' dir='ltr' id='par_1_6' title="bbox 719 5339 1241 5407">
     <span class='ocr_line' id='line_1_54' title="bbox 719 5339 1241 5407; baseline 0.006 -14"><span class='ocrx_word' id='word_1_374' title='bbox 719 5339 778 5407; x_wconf 93' lang='lat'><strong>1)</strong></span> <span class='ocrx_word' id='word_1_375' title='bbox 812 5339 981 5395; x_wconf 85' lang='lat' dir='ltr'><strong>Hebr.</strong></span> <span class='ocrx_word' id='word_1_376' title='bbox 1020 5340 1241 5398; x_wconf 73' lang='lat'><strong>12-15,</strong></span> 
     </span>
    </p>
   </div>
   <div class='ocr_carea' id='block_1_7' title="bbox 1946 407 3156 477">
    <p class='ocr_par' dir='ltr' id='par_1_7' title="bbox 1946 407 3156 477">
     <span class='ocr_line' id='line_1_55' title="bbox 1946 407 3156 477; baseline -0.002 -1"><span class='ocrx_word' id='word_1_377' title='bbox 1946 407 2464 477; x_wconf 75' lang='lat' dir='ltr'>SECUNDUM</span> <span class='ocrx_word' id='word_1_378' title='bbox 2507 407 3156 476; x_wconf 76' lang='lat' dir='ltr'><strong>PRAECEPTUM.</strong></span> 
     </span>
    </p>
   </div>
   <div class='ocr_carea' id='block_1_8' title="bbox 2539 615 2572 5400">
    <p class='ocr_par' dir='ltr' id='par_1_8' title="bbox 2539 615 2572 5400">
     <span class='ocr_line' id='line_1_56' title="bbox 2539 615 2572 5400; baseline 0 0"><span class='ocrx_word' id='word_1_379' title='bbox 2539 615 2572 5400; x_wconf 95' lang='lat' dir='ltr'><strong> </strong></span> 
     </span>
    </p>
   </div>
   <div class='ocr_carea' id='block_1_9' title="bbox 4395 409 4508 477">
    <p class='ocr_par' dir='ltr' id='par_1_9' title="bbox 4395 409 4508 477">
     <span class='ocr_line' id='line_1_57' title="bbox 4395 409 4508 477; baseline 0 -2"><span class='ocrx_word' id='word_1_380' title='bbox 4395 409 4508 477; x_wconf 81' lang='lat'><strong>440</strong></span> 
     </span>
    </p>
   </div>
   <div class='ocr_carea' id='block_1_10' title="bbox 2593 594 4527 2145">
    <p class='ocr_par' dir='ltr' id='par_1_10' title="bbox 2593 594 4527 2145">
     <span class='ocr_line' id='line_1_58' title="bbox 2780 594 4509 679; baseline 0.003 -18"><span class='ocrx_word' id='word_1_381' title='bbox 2780 596 2881 662; x_wconf 85' lang='lat'><strong>19.</strong></span> <span class='ocrx_word' id='word_1_382' title='bbox 2926 595 3016 662; x_wconf 82' lang='lat' dir='ltr'><strong>Et</strong></span> <span class='ocrx_word' id='word_1_383' title='bbox 3054 596 3351 679; x_wconf 68' lang='lat' dir='ltr'><strong>loquutus</strong></span> <span class='ocrx_word' id='word_1_384' title='bbox 3391 602 3499 662; x_wconf 78' lang='lat' dir='ltr'><strong>est.</strong></span> <span class='ocrx_word' id='word_1_385' title='bbox 3568 594 3746 664; x_wconf 89' lang='lat' dir='ltr'><strong>Satis</strong></span> <span class='ocrx_word' id='word_1_386' title='bbox 3790 603 4021 663; x_wconf 89' lang='lat' dir='ltr'><strong>notum</strong></span> <span class='ocrx_word' id='word_1_387' title='bbox 4067 602 4171 661; x_wconf 90' lang='lat' dir='ltr'><strong>est</strong></span> <span class='ocrx_word' id='word_1_388' title='bbox 4211 597 4509 666; x_wconf 83' lang='lat' dir='ltr'><strong>sacrificiis</strong></span> 
     </span>
     <span class='ocr_line' id='line_1_59' title="bbox 2602 681 4508 765; baseline 0.002 -17"><span class='ocrx_word' id='word_1_389' title='bbox 2602 682 2804 749; x_wconf 83' lang='lat' dir='ltr'><strong>fuisse</strong></span> <span class='ocrx_word' id='word_1_390' title='bbox 2860 681 3237 749; x_wconf 92' lang='lat' dir='ltr'><strong>adiunctam</strong></span> <span class='ocrx_word' id='word_1_391' title='bbox 3297 681 3689 748; x_wconf 87' lang='lat' dir='ltr'><strong>oblationem</strong></span> <span class='ocrx_word' id='word_1_392' title='bbox 3744 702 3941 765; x_wconf 88' lang='lat' dir='ltr'><strong>quam</strong></span> <span class='ocrx_word' id='word_1_393' title='bbox 3997 689 4234 750; x_wconf 81' lang='lat' dir='ltr'><strong>vocant</strong></span> <span class='ocrx_word' id='word_1_394' title='bbox 4293 684 4508 765; x_wconf 85' lang='lat' dir='ltr'><strong>minha,</strong></span> 
     </span>
     <span class='ocr_line' id='line_1_60' title="bbox 2602 767 4511 853; baseline 0.002 -18"><span class='ocrx_word' id='word_1_395' title='bbox 2602 767 2719 835; x_wconf 87' lang='lat' dir='ltr'><strong>sed</strong></span> <span class='ocrx_word' id='word_1_396' title='bbox 2775 788 3068 837; x_wconf 84' lang='lat' dir='ltr'><strong>seorsum</strong></span> <span class='ocrx_word' id='word_1_397' title='bbox 3123 790 3379 853; x_wconf 90' lang='lat' dir='ltr'><strong>quoque</strong></span> <span class='ocrx_word' id='word_1_398' title='bbox 3435 768 3643 836; x_wconf 85' lang='lat' dir='ltr'><strong>fuisse</strong></span> <span class='ocrx_word' id='word_1_399' title='bbox 3681 769 3753 834; x_wconf 92' lang='lat' dir='ltr'><strong>in</strong></span> <span class='ocrx_word' id='word_1_400' title='bbox 3795 791 3918 835; x_wconf 88' lang='lat' dir='ltr'><strong>usu</strong></span> <span class='ocrx_word' id='word_1_401' title='bbox 3960 767 4117 835; x_wconf 89' lang='lat' dir='ltr'><strong>alibi</strong></span> <span class='ocrx_word' id='word_1_402' title='bbox 4161 768 4511 839; x_wconf 86' lang='lat' dir='ltr'><strong>videbimus.</strong></span> 
     </span>
     <span class='ocr_line' id='line_1_61' title="bbox 2603 854 4510 939; baseline 0.002 -19"><span class='ocrx_word' id='word_1_403' title='bbox 2603 855 2825 921; x_wconf 84' lang='lat' dir='ltr'><strong>Licuit</strong></span> <span class='ocrx_word' id='word_1_404' title='bbox 2880 854 3124 939; x_wconf 88' lang='lat' dir='ltr'><strong>absque</strong></span> <span class='ocrx_word' id='word_1_405' title='bbox 3178 855 3451 921; x_wconf 82' lang='lat' dir='ltr'><strong>victima</strong></span> <span class='ocrx_word' id='word_1_406' title='bbox 3507 855 3617 921; x_wconf 81' lang='lat' dir='ltr'><strong>vel</strong></span> <span class='ocrx_word' id='word_1_407' title='bbox 3668 875 3904 939; x_wconf 88' lang='lat' dir='ltr'><strong>puram</strong></span> <span class='ocrx_word' id='word_1_408' title='bbox 3956 856 4236 921; x_wconf 85' lang='lat' dir='ltr'><strong>farinam</strong></span> <span class='ocrx_word' id='word_1_409' title='bbox 4284 857 4510 937; x_wconf 85' lang='lat' dir='ltr'><strong>offerre,</strong></span> 
     </span>
     <span class='ocr_line' id='line_1_62' title="bbox 2601 940 4515 1025; baseline 0 -16"><span class='ocrx_word' id='word_1_410' title='bbox 2601 940 2711 1009; x_wconf 83' lang='lat' dir='ltr'><strong>vel</strong></span> <span class='ocrx_word' id='word_1_411' title='bbox 2763 940 2927 1021; x_wconf 88' lang='lat' dir='ltr'><strong>liba,</strong></span> <span class='ocrx_word' id='word_1_412' title='bbox 2986 951 3053 1008; x_wconf 84' lang='lat' dir='ltr'><strong>et</strong></span> <span class='ocrx_word' id='word_1_413' title='bbox 3096 941 3431 1024; x_wconf 85' lang='lat' dir='ltr'><strong>placentas</strong></span> <span class='ocrx_word' id='word_1_414' title='bbox 3473 942 3617 1007; x_wconf 91' lang='lat' dir='ltr'><strong>oleo</strong></span> <span class='ocrx_word' id='word_1_415' title='bbox 3658 940 3973 1008; x_wconf 88' lang='lat' dir='ltr'><strong>conditas.</strong></span> <span class='ocrx_word' id='word_1_416' title='bbox 4063 941 4242 1025; x_wconf 87' lang='lat' dir='ltr'><strong>Ergo</strong></span> <span class='ocrx_word' id='word_1_417' title='bbox 4283 950 4515 1025; x_wconf 88' lang='lat' dir='ltr'><strong>praeter</strong></span> 
     </span>
     <span class='ocr_line' id='line_1_63' title="bbox 2600 1026 4515 1112; baseline 0.002 -19"><span class='ocrx_word' id='word_1_418' title='bbox 2600 1026 2994 1093; x_wconf 87' lang='lat' dir='ltr'><strong>sacrificium</strong></span> <span class='ocrx_word' id='word_1_419' title='bbox 3047 1028 3551 1094; x_wconf 85' lang='lat' dir='ltr'><strong>consecrationis</strong></span> <span class='ocrx_word' id='word_1_420' title='bbox 3567 1077 3583 1105; x_wconf 91' lang='lat'><strong>,</strong></span> <span class='ocrx_word' id='word_1_421' title='bbox 3642 1026 3723 1093; x_wconf 92' lang='lat' dir='ltr'><strong>de</strong></span> <span class='ocrx_word' id='word_1_422' title='bbox 3776 1047 3904 1112; x_wconf 87' lang='lat' dir='ltr'><strong>quo</strong></span> <span class='ocrx_word' id='word_1_423' title='bbox 3946 1026 4259 1093; x_wconf 89' lang='lat' dir='ltr'><strong>disseruit</strong></span> <span class='ocrx_word' id='word_1_424' title='bbox 4297 1028 4515 1109; x_wconf 82' lang='lat' dir='ltr'><strong>Moses,</strong></span> 
     </span>
     <span class='ocr_line' id='line_1_64' title="bbox 2604 1111 4513 1198; baseline 0.001 -20"><span class='ocrx_word' id='word_1_425' title='bbox 2604 1112 2766 1179; x_wconf 89' lang='lat' dir='ltr'><strong>haec</strong></span> <span class='ocrx_word' id='word_1_426' title='bbox 2819 1112 3108 1178; x_wconf 89' lang='lat' dir='ltr'><strong>secunda</strong></span> <span class='ocrx_word' id='word_1_427' title='bbox 3162 1113 3403 1180; x_wconf 87' lang='lat' dir='ltr'><strong>oblatio</strong></span> <span class='ocrx_word' id='word_1_428' title='bbox 3461 1132 3501 1177; x_wconf 91' lang='lat' dir='ltr'><strong>a</strong></span> <span class='ocrx_word' id='word_1_429' title='bbox 3545 1111 3878 1179; x_wconf 87' lang='lat' dir='ltr'><strong>sacerdote</strong></span> <span class='ocrx_word' id='word_1_430' title='bbox 3923 1113 4237 1198; x_wconf 84' lang='lat' dir='ltr'><strong>exigitur,</strong></span> <span class='ocrx_word' id='word_1_431' title='bbox 4286 1122 4357 1178; x_wconf 90' lang='lat' dir='ltr'><strong>ut</strong></span> <span class='ocrx_word' id='word_1_432' title='bbox 4390 1114 4513 1196; x_wconf 90' lang='lat' dir='ltr'><strong>pla-</strong></span> 
     </span>
     <span class='ocr_line' id='line_1_65' title="bbox 2599 1198 4519 1283; baseline 0.001 -20"><span class='ocrx_word' id='word_1_433' title='bbox 2599 1207 2861 1264; x_wconf 87' lang='lat' dir='ltr'><strong>centam</strong></span> <span class='ocrx_word' id='word_1_434' title='bbox 2894 1198 3138 1265; x_wconf 84' lang='lat' dir='ltr'><strong>frixam</strong></span> <span class='ocrx_word' id='word_1_435' title='bbox 3179 1199 3247 1264; x_wconf 91' lang='lat' dir='ltr'><strong>in</strong></span> <span class='ocrx_word' id='word_1_436' title='bbox 3291 1200 3658 1283; x_wconf 88' lang='lat' dir='ltr'><strong>sartagine,</strong></span> <span class='ocrx_word' id='word_1_437' title='bbox 3721 1209 3788 1265; x_wconf 90' lang='lat' dir='ltr'><strong>et</strong></span> <span class='ocrx_word' id='word_1_438' title='bbox 3830 1200 3900 1263; x_wconf 91' lang='lat' dir='ltr'><strong>in</strong></span> <span class='ocrx_word' id='word_1_439' title='bbox 3942 1199 4156 1264; x_wconf 84' lang='lat' dir='ltr'><strong>frusta</strong></span> <span class='ocrx_word' id='word_1_440' title='bbox 4195 1199 4519 1281; x_wconf 86' lang='lat' dir='ltr'><strong>concisam,</strong></span> 
     </span>
     <span class='ocr_line' id='line_1_66' title="bbox 2597 1285 4521 1434; baseline 0 -84"><span class='ocrx_word' id='word_1_441' title='bbox 2597 1304 2719 1434; x_wconf 53' lang='lat' dir='ltr'><strong>fro</strong></span> <span class='ocrx_word' id='word_1_442' title='bbox 2760 1304 2880 1350; x_wconf 87' lang='lat' dir='ltr'><strong>sua</strong></span> <span class='ocrx_word' id='word_1_443' title='bbox 2920 1286 3423 1369; x_wconf 86' lang='lat' dir='ltr'><strong>inauguratione</strong></span> <span class='ocrx_word' id='word_1_444' title='bbox 3465 1285 3718 1351; x_wconf 87' lang='lat' dir='ltr'><strong>offerat.</strong></span> <span class='ocrx_word' id='word_1_445' title='bbox 3791 1285 3977 1352; x_wconf 89' lang='lat' dir='ltr'><strong>Haec</strong></span> <span class='ocrx_word' id='word_1_446' title='bbox 4020 1292 4240 1351; x_wconf 88' lang='lat' dir='ltr'><strong>autem</strong></span> <span class='ocrx_word' id='word_1_447' title='bbox 4285 1285 4521 1351; x_wconf 82' lang='lat' dir='ltr'><strong>videtur</strong></span> 
     </span>
     <span class='ocr_line' id='line_1_67' title="bbox 2625 1370 4521 1455; baseline 0.001 -19"><span class='ocrx_word' id='word_1_448' title='bbox 2625 1370 2799 1438; x_wconf 90' lang='lat' dir='ltr'><strong>uisse</strong></span> <span class='ocrx_word' id='word_1_449' title='bbox 2844 1372 3041 1450; x_wconf 88' lang='lat' dir='ltr'><strong>ratio,</strong></span> <span class='ocrx_word' id='word_1_450' title='bbox 3087 1379 3161 1436; x_wconf 89' lang='lat' dir='ltr'><strong>ut</strong></span> <span class='ocrx_word' id='word_1_451' title='bbox 3205 1371 3540 1455; x_wconf 85' lang='lat' dir='ltr'><strong>legitimus</strong></span> <span class='ocrx_word' id='word_1_452' title='bbox 3585 1370 3821 1437; x_wconf 89' lang='lat' dir='ltr'><strong>deinde</strong></span> <span class='ocrx_word' id='word_1_453' title='bbox 3863 1380 4038 1437; x_wconf 90' lang='lat' dir='ltr'><strong>esset</strong></span> <span class='ocrx_word' id='word_1_454' title='bbox 4078 1371 4281 1437; x_wconf 87' lang='lat' dir='ltr'><strong>totius</strong></span> <span class='ocrx_word' id='word_1_455' title='bbox 4319 1372 4521 1455; x_wconf 88' lang='lat' dir='ltr'><strong>populi</strong></span> 
     </span>
     <span class='ocr_line' id='line_1_68' title="bbox 2598 1457 4523 1540; baseline 0.001 -19"><span class='ocrx_word' id='word_1_456' title='bbox 2598 1457 2934 1537; x_wconf 89' lang='lat' dir='ltr'><strong>minister,</strong></span> <span class='ocrx_word' id='word_1_457' title='bbox 2986 1468 3053 1523; x_wconf 91' lang='lat' dir='ltr'><strong>et</strong></span> <span class='ocrx_word' id='word_1_458' title='bbox 3108 1457 3386 1522; x_wconf 91' lang='lat' dir='ltr'><strong>aliorum</strong></span> <span class='ocrx_word' id='word_1_459' title='bbox 3445 1457 3711 1523; x_wconf 90' lang='lat' dir='ltr'><strong>nomine</strong></span> <span class='ocrx_word' id='word_1_460' title='bbox 3769 1458 3895 1523; x_wconf 90' lang='lat' dir='ltr'><strong>rite</strong></span> <span class='ocrx_word' id='word_1_461' title='bbox 3937 1457 4236 1535; x_wconf 86' lang='lat' dir='ltr'><strong>offerret,</strong></span> <span class='ocrx_word' id='word_1_462' title='bbox 4288 1478 4367 1523; x_wconf 90' lang='lat' dir='ltr'><strong>ex</strong></span> <span class='ocrx_word' id='word_1_463' title='bbox 4408 1478 4523 1540; x_wconf 91' lang='lat' dir='ltr'><strong>quo</strong></span> 
     </span>
     <span class='ocr_line' id='line_1_69' title="bbox 2598 1540 4523 1627; baseline 0.001 -20"><span class='ocrx_word' id='word_1_464' title='bbox 2598 1540 2943 1609; x_wconf 84' lang='lat' dir='ltr'><strong>defunctus</strong></span> <span class='ocrx_word' id='word_1_465' title='bbox 3001 1544 3216 1608; x_wconf 84' lang='lat' dir='ltr'><strong>fuerat</strong></span> <span class='ocrx_word' id='word_1_466' title='bbox 3258 1562 3378 1626; x_wconf 91' lang='lat' dir='ltr'><strong>pro</strong></span> <span class='ocrx_word' id='word_1_467' title='bbox 3422 1564 3494 1608; x_wconf 88' lang='lat' dir='ltr'><strong>se</strong></span> <span class='ocrx_word' id='word_1_468' title='bbox 3532 1544 3692 1627; x_wconf 90' lang='lat' dir='ltr'><strong>ipso.</strong></span> <span class='ocrx_word' id='word_1_469' title='bbox 3794 1543 4144 1609; x_wconf 83' lang='lat' dir='ltr'><strong>Caeterum</strong></span> <span class='ocrx_word' id='word_1_470' title='bbox 4193 1543 4523 1609; x_wconf 89' lang='lat' dir='ltr'><strong>discrimen</strong></span> 
     </span>
     <span class='ocr_line' id='line_1_70' title="bbox 2597 1628 4522 1713; baseline 0.001 -20"><span class='ocrx_word' id='word_1_471' title='bbox 2597 1629 2918 1695; x_wconf 89' lang='lat' dir='ltr'><strong>statuitur</strong></span> <span class='ocrx_word' id='word_1_472' title='bbox 2950 1630 3125 1694; x_wconf 91' lang='lat' dir='ltr'><strong>inter</strong></span> <span class='ocrx_word' id='word_1_473' title='bbox 3159 1650 3407 1694; x_wconf 88' lang='lat' dir='ltr'><strong>munus</strong></span> <span class='ocrx_word' id='word_1_474' title='bbox 3441 1628 3798 1696; x_wconf 89' lang='lat' dir='ltr'><strong>sacerdotis</strong></span> <span class='ocrx_word' id='word_1_475' title='bbox 3835 1639 3900 1696; x_wconf 91' lang='lat' dir='ltr'><strong>et</strong></span> <span class='ocrx_word' id='word_1_476' title='bbox 4023 1629 4178 1713; x_wconf 88' lang='lat' dir='ltr'><strong>puli,</strong></span> <span class='ocrx_word' id='word_1_477' title='bbox 4225 1638 4298 1694; x_wconf 91' lang='lat' dir='ltr'><strong>ut</strong></span> <span class='ocrx_word' id='word_1_478' title='bbox 4329 1639 4522 1695; x_wconf 82' lang='lat' dir='ltr'><strong>totum</strong></span> 
     </span>
     <span class='ocr_line' id='line_1_71' title="bbox 2597 1714 4526 1800; baseline 0 -20"><span class='ocrx_word' id='word_1_479' title='bbox 2597 1715 2958 1799; x_wconf 89' lang='lat' dir='ltr'><strong>adoleatur,</strong></span> <span class='ocrx_word' id='word_1_480' title='bbox 3001 1715 3184 1781; x_wconf 90' lang='lat' dir='ltr'><strong>cuius</strong></span> <span class='ocrx_word' id='word_1_481' title='bbox 3228 1715 3324 1780; x_wconf 89' lang='lat' dir='ltr'><strong>rei</strong></span> <span class='ocrx_word' id='word_1_482' title='bbox 3368 1736 3655 1796; x_wconf 86' lang='lat' dir='ltr'><strong>causam,</strong></span> <span class='ocrx_word' id='word_1_483' title='bbox 3698 1716 3853 1798; x_wconf 90' lang='lat' dir='ltr'><strong>quia</strong></span> <span class='ocrx_word' id='word_1_484' title='bbox 3895 1738 3934 1781; x_wconf 89' lang='lat' dir='ltr'><strong>a</strong></span> <span class='ocrx_word' id='word_1_485' title='bbox 3959 1715 4048 1781; x_wconf 93' lang='lat' dir='ltr'><strong>ibi</strong></span> <span class='ocrx_word' id='word_1_486' title='bbox 4093 1714 4526 1800; x_wconf 85' lang='lat' dir='ltr'><strong>explicabitur,</strong></span> 
     </span>
     <span class='ocr_line' id='line_1_72' title="bbox 2598 1800 4526 1885; baseline 0.001 -21"><span class='ocrx_word' id='word_1_487' title='bbox 2598 1821 2731 1866; x_wconf 89' lang='lat' dir='ltr'><strong>uno</strong></span> <span class='ocrx_word' id='word_1_488' title='bbox 2785 1800 2989 1868; x_wconf 82' lang='lat' dir='ltr'><strong>verbo</strong></span> <span class='ocrx_word' id='word_1_489' title='bbox 3044 1801 3494 1885; x_wconf 85' lang='lat' dir='ltr'><strong>perstringere</strong></span> <span class='ocrx_word' id='word_1_490' title='bbox 3553 1823 3731 1869; x_wconf 92' lang='lat' dir='ltr'><strong>nunc</strong></span> <span class='ocrx_word' id='word_1_491' title='bbox 3774 1803 3947 1868; x_wconf 81' lang='lat' dir='ltr'><strong>satis</strong></span> <span class='ocrx_word' id='word_1_492' title='bbox 4004 1802 4228 1867; x_wconf 89' lang='lat' dir='ltr'><strong>fuerit.</strong></span> <span class='ocrx_word' id='word_1_493' title='bbox 4315 1801 4526 1867; x_wconf 89' lang='lat' dir='ltr'><strong>Noluit</strong></span> 
     </span>
     <span class='ocr_line' id='line_1_73' title="bbox 2595 1886 4525 1954; baseline 0 -3"><span class='ocrx_word' id='word_1_494' title='bbox 2595 1886 2844 1953; x_wconf 87' lang='lat' dir='ltr'><strong>scilicet</strong></span> <span class='ocrx_word' id='word_1_495' title='bbox 2867 1887 3051 1953; x_wconf 87' lang='lat' dir='ltr'><strong>Deus</strong></span> <span class='ocrx_word' id='word_1_496' title='bbox 3085 1887 3454 1953; x_wconf 86' lang='lat' dir='ltr'><strong>sacerdotes</strong></span> <span class='ocrx_word' id='word_1_497' title='bbox 3490 1908 3663 1953; x_wconf 87' lang='lat' dir='ltr'><strong>vana</strong></span> <span class='ocrx_word' id='word_1_498' title='bbox 3684 1890 4122 1954; x_wconf 89' lang='lat' dir='ltr'><strong>ostentatione</strong></span> <span class='ocrx_word' id='word_1_499' title='bbox 4155 1908 4230 1953; x_wconf 88' lang='lat' dir='ltr'><strong>se</strong></span> <span class='ocrx_word' id='word_1_500' title='bbox 4270 1888 4525 1954; x_wconf 88' lang='lat' dir='ltr'><strong>iactare:</strong></span> 
     </span>
     <span class='ocr_line' id='line_1_74' title="bbox 2593 1972 4526 2058; baseline 0.001 -21"><span class='ocrx_word' id='word_1_501' title='bbox 2593 1972 2767 2055; x_wconf 90' lang='lat' dir='ltr'><strong>quod</strong></span> <span class='ocrx_word' id='word_1_502' title='bbox 2805 1973 3094 2056; x_wconf 82' lang='lat' dir='ltr'><strong>proclive</strong></span> <span class='ocrx_word' id='word_1_503' title='bbox 3138 1981 3300 2053; x_wconf 90' lang='lat' dir='ltr'><strong>erat,</strong></span> <span class='ocrx_word' id='word_1_504' title='bbox 3344 1974 3401 2040; x_wconf 86' lang='lat' dir='ltr'><strong>si</strong></span> <span class='ocrx_word' id='word_1_505' title='bbox 3443 1973 3516 2038; x_wconf 92' lang='lat' dir='ltr'><strong>in</strong></span> <span class='ocrx_word' id='word_1_506' title='bbox 3559 1974 3851 2058; x_wconf 89' lang='lat' dir='ltr'><strong>ipsorum</strong></span> <span class='ocrx_word' id='word_1_507' title='bbox 3895 1996 4090 2041; x_wconf 91' lang='lat' dir='ltr'><strong>usum</strong></span> <span class='ocrx_word' id='word_1_508' title='bbox 4133 1994 4399 2042; x_wconf 82' lang='lat' dir='ltr'><strong>reversa</strong></span> <span class='ocrx_word' id='word_1_509' title='bbox 4436 1974 4526 2038; x_wconf 85' lang='lat' dir='ltr'><strong>fu-</strong></span> 
     </span>
     <span class='ocr_line' id='line_1_75' title="bbox 2594 2059 4527 2145; baseline 0.002 -23"><span class='ocrx_word' id='word_1_510' title='bbox 2594 2059 2754 2126; x_wconf 89' lang='lat' dir='ltr'><strong>isset</strong></span> <span class='ocrx_word' id='word_1_511' title='bbox 2817 2059 3060 2126; x_wconf 89' lang='lat' dir='ltr'><strong>oblatio</strong></span> <span class='ocrx_word' id='word_1_512' title='bbox 3078 2110 3094 2138; x_wconf 90' lang='lat'><strong>,</strong></span> <span class='ocrx_word' id='word_1_513' title='bbox 3161 2059 3356 2126; x_wconf 86' lang='lat' dir='ltr'><strong>sicuti</strong></span> <span class='ocrx_word' id='word_1_514' title='bbox 3420 2060 3651 2125; x_wconf 89' lang='lat' dir='ltr'><strong>minha</strong></span> <span class='ocrx_word' id='word_1_515' title='bbox 3712 2060 4046 2145; x_wconf 90' lang='lat' dir='ltr'><strong>popularis</strong></span> <span class='ocrx_word' id='word_1_516' title='bbox 4111 2081 4314 2144; x_wconf 90' lang='lat' dir='ltr'><strong>penes</strong></span> <span class='ocrx_word' id='word_1_517' title='bbox 4364 2060 4527 2144; x_wconf 80' lang='lat' dir='ltr'><strong>ipsos</strong></span> 
     </span>
    </p>
   </div>
   <div class='ocr_carea' id='block_1_11' title="bbox 2564 2143 2917 2211">
    <p class='ocr_par' dir='ltr' id='par_1_11' title="bbox 2564 2143 2917 2211">
     <span class='ocr_line' id='line_1_76' title="bbox 2564 2143 2917 2211; baseline 0.003 -2"><span class='ocrx_word' id='word_1_518' title='bbox 2564 2192 2569 2198; x_wconf 79' lang='lat'><strong>.</strong></span> <span class='ocrx_word' id='word_1_519' title='bbox 2594 2143 2917 2211; x_wconf 86' lang='lat' dir='ltr'><strong>manebat.</strong></span> 
     </span>
    </p>
   </div>
   <div class='ocr_carea' id='block_1_12' title="bbox 3187 2486 3959 2555">
    <p class='ocr_par' dir='ltr' id='par_1_12' title="bbox 3187 2486 3959 2555">
     <span class='ocr_line' id='line_1_77' title="bbox 3187 2486 3959 2555; baseline 0 -1"><span class='ocrx_word' id='word_1_520' title='bbox 3187 2488 3322 2554; x_wconf 87' lang='lat' dir='ltr'><strong>EX</strong></span> <span class='ocrx_word' id='word_1_521' title='bbox 3363 2487 3429 2553; x_wconf 91' lang='lat' dir='ltr'>N</span> <span class='ocrx_word' id='word_1_522' title='bbox 3431 2488 3717 2555; x_wconf 79' lang='lat' dir='ltr'><strong>UMER.</strong></span> <span class='ocrx_word' id='word_1_523' title='bbox 3766 2486 3959 2554; x_wconf 89' lang='lat' dir='ltr'><strong>VIII.</strong></span> 
     </span>
    </p>
   </div>
   <div class='ocr_carea' id='block_1_13' title="bbox 2585 2656 4556 5417">
    <p class='ocr_par' dir='ltr' id='par_1_13' title="bbox 2585 2656 4556 5417">
     <span class='ocr_line' id='line_1_78' title="bbox 2767 2656 4541 2742; baseline -0.001 -18"><span class='ocrx_word' id='word_1_524' title='bbox 2767 2659 2828 2724; x_wconf 85' lang='lat'><strong>5.</strong></span> <span class='ocrx_word' id='word_1_525' title='bbox 2875 2659 3321 2742; x_wconf 71' lang='lat' dir='ltr'><strong>Loquutusque</strong></span> <span class='ocrx_word' id='word_1_526' title='bbox 3378 2665 3468 2726; x_wconf 76' lang='lat' dir='ltr'><strong>est</strong></span> <span class='ocrx_word' id='word_1_527' title='bbox 3512 2664 3848 2741; x_wconf 68' lang='lat' dir='ltr'><strong>praeterea</strong></span> <span class='ocrx_word' id='word_1_528' title='bbox 3893 2658 4125 2725; x_wconf 75' lang='lat' dir='ltr'><strong>Iehova</strong></span> <span class='ocrx_word' id='word_1_529' title='bbox 4181 2660 4317 2741; x_wconf 77' lang='lat' dir='ltr'><strong>ipsi</strong></span> <span class='ocrx_word' id='word_1_530' title='bbox 4360 2656 4541 2735; x_wconf 70' lang='lat' dir='ltr'><strong>Moci,</strong></span> 
     </span>
     <span class='ocr_line' id='line_1_79' title="bbox 2592 2744 4538 2829; baseline -0.002 -17"><span class='ocrx_word' id='word_1_531' title='bbox 2592 2745 2882 2812; x_wconf 73' lang='lat' dir='ltr'><strong>dicendo.-</strong></span> <span class='ocrx_word' id='word_1_532' title='bbox 2948 2746 3008 2810; x_wconf 86' lang='lat'><strong>6.</strong></span> <span class='ocrx_word' id='word_1_533' title='bbox 3058 2744 3229 2829; x_wconf 74' lang='lat' dir='ltr'><strong>cape</strong></span> <span class='ocrx_word' id='word_1_534' title='bbox 3272 2745 3529 2812; x_wconf 75' lang='lat' dir='ltr'><strong>Levitas</strong></span> <span class='ocrx_word' id='word_1_535' title='bbox 3572 2767 3604 2812; x_wconf 84' lang='lat' dir='ltr'><strong>e</strong></span> <span class='ocrx_word' id='word_1_536' title='bbox 3645 2746 3847 2812; x_wconf 76' lang='lat' dir='ltr'><strong>medio</strong></span> <span class='ocrx_word' id='word_1_537' title='bbox 3884 2745 4162 2827; x_wconf 70' lang='lat' dir='ltr'><strong>filiorum</strong></span> <span class='ocrx_word' id='word_1_538' title='bbox 4208 2745 4450 2823; x_wconf 75' lang='lat' dir='ltr'><strong>Israel,</strong></span> <span class='ocrx_word' id='word_1_539' title='bbox 4488 2747 4538 2809; x_wconf 67' lang='lat' dir='ltr'><strong>d</strong></span> 
     </span>
     <span class='ocr_line' id='line_1_80' title="bbox 2585 2828 4539 2915; baseline -0.001 -18"><span class='ocrx_word' id='word_1_540' title='bbox 2585 2831 2889 2915; x_wconf 56' lang='lat' dir='ltr'><strong>purifices</strong></span> <span class='ocrx_word' id='word_1_541' title='bbox 2940 2831 3102 2898; x_wconf 75' lang='lat' dir='ltr'><strong>illos.</strong></span> <span class='ocrx_word' id='word_1_542' title='bbox 3192 2830 3406 2897; x_wconf 52' lang='lat' dir='ltr'><strong>[Sic</strong></span> <span class='ocrx_word' id='word_1_543' title='bbox 3458 2837 3667 2898; x_wconf 76' lang='lat' dir='ltr'><strong>autem</strong></span> <span class='ocrx_word' id='word_1_544' title='bbox 3720 2831 3918 2914; x_wconf 77' lang='lat' dir='ltr'><strong>facies</strong></span> <span class='ocrx_word' id='word_1_545' title='bbox 3966 2828 4539 2914; x_wconf 69' lang='lat' dir='ltr'><strong>illisutpurifiocs</strong></span> 
     </span>
     <span class='ocr_line' id='line_1_81' title="bbox 2596 2917 4540 3002; baseline -0.001 -18"><span class='ocrx_word' id='word_1_546' title='bbox 2596 2917 2770 2984; x_wconf 78' lang='lat' dir='ltr'><strong>illos.-</strong></span> <span class='ocrx_word' id='word_1_547' title='bbox 2809 2937 3035 3002; x_wconf 76' lang='lat' dir='ltr'><strong>sporye</strong></span> <span class='ocrx_word' id='word_1_548' title='bbox 3060 2938 3256 2999; x_wconf 62' lang='lat' dir='ltr'><strong>super</strong></span> <span class='ocrx_word' id='word_1_549' title='bbox 3298 2939 3401 2984; x_wconf 78' lang='lat' dir='ltr'><strong>cos</strong></span> <span class='ocrx_word' id='word_1_550' title='bbox 3442 2937 3677 3001; x_wconf 76' lang='lat' dir='ltr'><strong>aquam</strong></span> <span class='ocrx_word' id='word_1_551' title='bbox 3706 2917 4207 2999; x_wconf 72' lang='lat' dir='ltr'><strong>purificationis,</strong></span> <span class='ocrx_word' id='word_1_552' title='bbox 4251 2923 4308 2984; x_wconf 84' lang='lat' dir='ltr'><strong>et</strong></span> <span class='ocrx_word' id='word_1_553' title='bbox 4348 2923 4540 2982; x_wconf 76' lang='lat' dir='ltr'><strong>trans-</strong></span> 
     </span>
     <span class='ocr_line' id='line_1_82' title="bbox 2596 3001 4538 3089; baseline -0.001 -20"><span class='ocrx_word' id='word_1_554' title='bbox 2596 3005 2694 3069; x_wconf 67' lang='lat' dir='ltr'><strong>ire</strong></span> <span class='ocrx_word' id='word_1_555' title='bbox 2734 3003 2979 3086; x_wconf 76' lang='lat' dir='ltr'><strong>faciant</strong></span> <span class='ocrx_word' id='word_1_556' title='bbox 3016 3004 3384 3071; x_wconf 80' lang='lat' dir='ltr'><strong>novaculam</strong></span> <span class='ocrx_word' id='word_1_557' title='bbox 3425 3025 3618 3089; x_wconf 78' lang='lat' dir='ltr'><strong>super</strong></span> <span class='ocrx_word' id='word_1_558' title='bbox 3659 3009 3850 3070; x_wconf 78' lang='lat' dir='ltr'><strong>totam</strong></span> <span class='ocrx_word' id='word_1_559' title='bbox 3891 3023 4139 3070; x_wconf 76' lang='lat' dir='ltr'><strong>comem</strong></span> <span class='ocrx_word' id='word_1_560' title='bbox 4185 3024 4403 3083; x_wconf 72' lang='lat' dir='ltr'><strong>suam,</strong></span> <span class='ocrx_word' id='word_1_561' title='bbox 4459 3001 4538 3068; x_wconf 82' lang='lat' dir='ltr'><strong>la-</strong></span> 
     </span>
     <span class='ocr_line' id='line_1_83' title="bbox 2597 3090 4545 3174; baseline -0.001 -17"><span class='ocrx_word' id='word_1_562' title='bbox 2597 3094 2850 3173; x_wconf 76' lang='lat' dir='ltr'><strong>ventque</strong></span> <span class='ocrx_word' id='word_1_563' title='bbox 2889 3092 3252 3157; x_wconf 57' lang='lat' dir='ltr'><strong>vestimenta</strong></span> <span class='ocrx_word' id='word_1_564' title='bbox 3293 3112 3435 3169; x_wconf 77' lang='lat' dir='ltr'><strong>sua,</strong></span> <span class='ocrx_word' id='word_1_565' title='bbox 3478 3097 3534 3158; x_wconf 79' lang='lat' dir='ltr'><strong>et</strong></span> <span class='ocrx_word' id='word_1_566' title='bbox 3561 3092 3996 3174; x_wconf 72' lang='lat' dir='ltr'><strong>purificentur.</strong></span> <span class='ocrx_word' id='word_1_567' title='bbox 4074 3090 4138 3156; x_wconf 88' lang='grc'><strong>8.</strong></span> <span class='ocrx_word' id='word_1_568' title='bbox 4188 3091 4416 3157; x_wconf 76' lang='lat' dir='ltr'><strong>Postea</strong></span> <span class='ocrx_word' id='word_1_569' title='bbox 4454 3110 4545 3155; x_wconf 83' lang='lat' dir='ltr'><strong>oo-</strong></span> 
     </span>
     <span class='ocr_line' id='line_1_84' title="bbox 2586 3175 4544 3259; baseline -0.001 -17"><span class='ocrx_word' id='word_1_570' title='bbox 2586 3177 3126 3258; x_wconf 73' lang='lat' dir='ltr'><strong>pientiuvencum</strong></span> <span class='ocrx_word' id='word_1_571' title='bbox 3164 3177 3377 3259; x_wconf 73' lang='lat' dir='ltr'><strong>filium</strong></span> <span class='ocrx_word' id='word_1_572' title='bbox 3418 3177 3621 3258; x_wconf 66' lang='lat' dir='ltr'><strong>bocio,</strong></span> <span class='ocrx_word' id='word_1_573' title='bbox 3667 3176 4046 3243; x_wconf 54' lang='lat' dir='ltr'><strong>amintam</strong></span> <span class='ocrx_word' id='word_1_574' title='bbox 4086 3178 4230 3244; x_wconf 77' lang='lat' dir='ltr'><strong>eius</strong></span> <span class='ocrx_word' id='word_1_575' title='bbox 4274 3175 4544 3244; x_wconf 73' lang='lat' dir='ltr'><strong>similam</strong></span> 
     </span>
     <span class='ocr_line' id='line_1_85' title="bbox 2598 3263 4542 3346; baseline -0.001 -16"><span class='ocrx_word' id='word_1_576' title='bbox 2598 3282 2999 3346; x_wconf 77' lang='lat' dir='ltr'><strong>conspersam</strong></span> <span class='ocrx_word' id='word_1_577' title='bbox 3031 3264 3190 3330; x_wconf 82' lang='lat' dir='ltr'><strong>oleo.-</strong></span> <span class='ocrx_word' id='word_1_578' title='bbox 3232 3269 3289 3330; x_wconf 72' lang='lat' dir='ltr'><strong>et</strong></span> <span class='ocrx_word' id='word_1_579' title='bbox 3320 3265 3647 3330; x_wconf 76' lang='lat' dir='ltr'><strong>iuvencum</strong></span> <span class='ocrx_word' id='word_1_580' title='bbox 3688 3263 3957 3329; x_wconf 76' lang='lat' dir='ltr'><strong>alterum</strong></span> <span class='ocrx_word' id='word_1_581' title='bbox 3991 3263 4205 3344; x_wconf 74' lang='lat' dir='ltr'><strong>filium</strong></span> <span class='ocrx_word' id='word_1_582' title='bbox 4246 3264 4418 3329; x_wconf 79' lang='lat' dir='ltr'><strong>bovis</strong></span> <span class='ocrx_word' id='word_1_583' title='bbox 4455 3281 4542 3328; x_wconf 80' lang='lat' dir='ltr'><strong>oa-</strong></span> 
     </span>
     <span class='ocr_line' id='line_1_86' title="bbox 2589 3347 4548 3521; baseline 0 -21"><span class='ocrx_word' id='word_1_584' title='bbox 2589 3349 3191 3502; x_wconf 50' lang='lat' dir='ltr'><strong>1⁰35.sz</strong></span> <span class='ocrx_word' id='word_1_585' title='bbox 3085 3351 3480 3502; x_wconf 53' lang='lat' dir='ltr'><strong>...mmm</strong></span> <span class='ocrx_word' id='word_1_586' title='bbox 3488 3354 3887 3502; x_wconf 53' lang='lat' dir='ltr'><strong>pm...-</strong></span> <span class='ocrx_word' id='word_1_587' title='bbox 3798 3437 3810 3449; x_wconf 92' lang='lat'>-</span> <span class='ocrx_word' id='word_1_588' title='bbox 3847 3349 4135 3501; x_wconf 63' lang='lat'><strong>⁹...2&#39;22320</strong></span> <span class='ocrx_word' id='word_1_589' title='bbox 4157 3347 4548 3521; x_wconf 43' lang='lat' dir='ltr'><strong>mr..</strong></span> 
     </span>
     <span class='ocr_line' id='line_1_87' title="bbox 2598 3521 4547 3604; baseline -0.001 -18"><span class='ocrx_word' id='word_1_590' title='bbox 2598 3542 2839 3587; x_wconf 81' lang='lat' dir='ltr'><strong>omnem</strong></span> <span class='ocrx_word' id='word_1_591' title='bbox 2889 3526 3121 3588; x_wconf 72' lang='lat' dir='ltr'><strong>coctum</strong></span> <span class='ocrx_word' id='word_1_592' title='bbox 3171 3521 3455 3604; x_wconf 72' lang='lat' dir='ltr'><strong>filiorum</strong></span> <span class='ocrx_word' id='word_1_593' title='bbox 3512 3522 3741 3588; x_wconf 76' lang='lat' dir='ltr'><strong>Israel.</strong></span> <span class='ocrx_word' id='word_1_594' title='bbox 3834 3522 3933 3588; x_wconf 89' lang='lat'><strong>10.</strong></span> <span class='ocrx_word' id='word_1_595' title='bbox 4001 3521 4245 3604; x_wconf 72' lang='lat' dir='ltr'><strong>Offeres</strong></span> <span class='ocrx_word' id='word_1_596' title='bbox 4298 3522 4547 3603; x_wconf 67' lang='lat' dir='ltr'><strong>inquam</strong></span> 
     </span>
     <span class='ocr_line' id='line_1_88' title="bbox 2601 3607 4547 3690; baseline -0.001 -18"><span class='ocrx_word' id='word_1_597' title='bbox 2601 3608 2858 3673; x_wconf 73' lang='lat' dir='ltr'><strong>Levitae</strong></span> <span class='ocrx_word' id='word_1_598' title='bbox 2889 3627 3100 3673; x_wconf 84' lang='lat' dir='ltr'><strong>coram</strong></span> <span class='ocrx_word' id='word_1_599' title='bbox 3122 3608 3372 3686; x_wconf 71' lang='lat' dir='ltr'><strong>Iekova,</strong></span> <span class='ocrx_word' id='word_1_600' title='bbox 3418 3613 3475 3674; x_wconf 70' lang='lat' dir='ltr'><strong>et</strong></span> <span class='ocrx_word' id='word_1_601' title='bbox 3506 3609 3871 3690; x_wconf 74' lang='lat' dir='ltr'><strong>coniunyent</strong></span> <span class='ocrx_word' id='word_1_602' title='bbox 3900 3607 4030 3689; x_wconf 73' lang='lat' dir='ltr'><strong>filii</strong></span> <span class='ocrx_word' id='word_1_603' title='bbox 4071 3608 4294 3675; x_wconf 76' lang='lat' dir='ltr'><strong>Israel</strong></span> <span class='ocrx_word' id='word_1_604' title='bbox 4331 3625 4547 3672; x_wconf 71' lang='lat' dir='ltr'><strong>manus</strong></span> 
     </span>
     <span class='ocr_line' id='line_1_89' title="bbox 2600 3693 4547 3776; baseline -0.001 -17"><span class='ocrx_word' id='word_1_605' title='bbox 2600 3714 2756 3759; x_wconf 78' lang='lat' dir='ltr'><strong>suas</strong></span> <span class='ocrx_word' id='word_1_606' title='bbox 2807 3713 3000 3774; x_wconf 74' lang='lat' dir='ltr'><strong>super</strong></span> <span class='ocrx_word' id='word_1_607' title='bbox 3056 3693 3332 3761; x_wconf 71' lang='lat' dir='ltr'><strong>Levitae.</strong></span> <span class='ocrx_word' id='word_1_608' title='bbox 3420 3695 3518 3759; x_wconf 92' lang='grc'><strong>11.</strong></span> <span class='ocrx_word' id='word_1_609' title='bbox 3571 3693 3916 3776; x_wconf 72' lang='lat' dir='ltr'><strong>offeretque</strong></span> <span class='ocrx_word' id='word_1_610' title='bbox 3973 3694 4246 3760; x_wconf 74' lang='grc' dir='ltr'><strong>ΑΙιανοη</strong></span> <span class='ocrx_word' id='word_1_611' title='bbox 4305 3693 4547 3759; x_wconf 75' lang='lat' dir='ltr'><strong>Levita-9</strong></span> 
     </span>
     <span class='ocr_line' id='line_1_90' title="bbox 2601 3777 4549 3863; baseline -0.002 -18"><span class='ocrx_word' id='word_1_612' title='bbox 2601 3780 2674 3845; x_wconf 77' lang='lat' dir='ltr'><strong>in</strong></span> <span class='ocrx_word' id='word_1_613' title='bbox 2726 3778 3091 3847; x_wconf 73' lang='lat' dir='ltr'><strong>oblationem</strong></span> <span class='ocrx_word' id='word_1_614' title='bbox 3144 3799 3357 3847; x_wconf 82' lang='lat' dir='ltr'><strong>coram</strong></span> <span class='ocrx_word' id='word_1_615' title='bbox 3399 3779 3630 3846; x_wconf 73' lang='lat' dir='ltr'><strong>Iehova</strong></span> <span class='ocrx_word' id='word_1_616' title='bbox 3685 3801 3729 3846; x_wconf 84' lang='lat' dir='ltr'><strong>a</strong></span> <span class='ocrx_word' id='word_1_617' title='bbox 3765 3780 3926 3863; x_wconf 71' lang='lat' dir='ltr'><strong>filiis</strong></span> <span class='ocrx_word' id='word_1_618' title='bbox 3970 3780 4185 3847; x_wconf 77' lang='lat' dir='ltr'><strong>Israel</strong></span> <span class='ocrx_word' id='word_1_619' title='bbox 4200 3832 4218 3860; x_wconf 89' lang='lat'><strong>,</strong></span> <span class='ocrx_word' id='word_1_620' title='bbox 4276 3786 4336 3846; x_wconf 77' lang='lat' dir='ltr'><strong>et</strong></span> <span class='ocrx_word' id='word_1_621' title='bbox 4374 3777 4549 3845; x_wconf 73' lang='lat' dir='ltr'><strong>mini-</strong></span> 
     </span>
     <span class='ocr_line' id='line_1_91' title="bbox 2602 3865 4547 3933; baseline -0.001 -2"><span class='ocrx_word' id='word_1_622' title='bbox 2602 3865 2889 3931; x_wconf 65' lang='lat' dir='ltr'><strong>strabum</strong></span> <span class='ocrx_word' id='word_1_623' title='bbox 2952 3866 3023 3931; x_wconf 74' lang='lat' dir='ltr'><strong>in</strong></span> <span class='ocrx_word' id='word_1_624' title='bbox 3088 3866 3436 3932; x_wconf 58' lang='lat' dir='ltr'><strong>ministerio</strong></span> <span class='ocrx_word' id='word_1_625' title='bbox 3489 3866 3771 3932; x_wconf 75' lang='lat' dir='ltr'><strong>Iehovac.</strong></span> <span class='ocrx_word' id='word_1_626' title='bbox 3871 3867 3969 3932; x_wconf 77' lang='lat'><strong>12.</strong></span> <span class='ocrx_word' id='word_1_627' title='bbox 4030 3866 4292 3933; x_wconf 73' lang='lat' dir='ltr'><strong>Levitae</strong></span> <span class='ocrx_word' id='word_1_628' title='bbox 4355 3871 4547 3931; x_wconf 68' lang='lat' dir='ltr'><strong>autom</strong></span> 
     </span>
     <span class='ocr_line' id='line_1_92' title="bbox 2601 3953 4550 4035; baseline -0.001 -17"><span class='ocrx_word' id='word_1_629' title='bbox 2601 3953 2967 4035; x_wconf 76' lang='lat' dir='ltr'><strong>coniunqent</strong></span> <span class='ocrx_word' id='word_1_630' title='bbox 2999 3973 3230 4018; x_wconf 77' lang='lat' dir='ltr'><strong>manus</strong></span> <span class='ocrx_word' id='word_1_631' title='bbox 3260 3973 3417 4019; x_wconf 72' lang='lat' dir='ltr'><strong>suas</strong></span> <span class='ocrx_word' id='word_1_632' title='bbox 3448 3972 3641 4035; x_wconf 75' lang='lat' dir='ltr'><strong>super</strong></span> <span class='ocrx_word' id='word_1_633' title='bbox 3672 3957 3858 4035; x_wconf 76' lang='lat' dir='ltr'><strong>caput</strong></span> <span class='ocrx_word' id='word_1_634' title='bbox 3889 3955 4319 4020; x_wconf 77' lang='lat' dir='ltr'><strong>iuvencorum:</strong></span> <span class='ocrx_word' id='word_1_635' title='bbox 4344 3955 4550 4035; x_wconf 68' lang='lat' dir='ltr'><strong>postea</strong></span> 
     </span>
     <span class='ocr_line' id='line_1_93' title="bbox 2603 4038 4551 4121; baseline -0.002 -17"><span class='ocrx_word' id='word_1_636' title='bbox 2603 4038 2801 4121; x_wconf 75' lang='lat' dir='ltr'><strong>facies</strong></span> <span class='ocrx_word' id='word_1_637' title='bbox 2857 4058 3057 4104; x_wconf 76' lang='lat' dir='ltr'><strong>unum</strong></span> <span class='ocrx_word' id='word_1_638' title='bbox 3103 4059 3228 4121; x_wconf 77' lang='lat' dir='ltr'><strong>pro</strong></span> <span class='ocrx_word' id='word_1_639' title='bbox 3269 4044 3554 4119; x_wconf 66' lang='lat' dir='ltr'><strong>peccam,</strong></span> <span class='ocrx_word' id='word_1_640' title='bbox 3609 4044 3666 4105; x_wconf 81' lang='lat' dir='ltr'><strong>et</strong></span> <span class='ocrx_word' id='word_1_641' title='bbox 3716 4040 4094 4105; x_wconf 60' lang='lat' dir='ltr'><strong>alten-imin</strong></span> <span class='ocrx_word' id='word_1_642' title='bbox 4134 4038 4551 4105; x_wconf 72' lang='lat' dir='ltr'><strong>holocaustum</strong></span> 
     </span>
     <span class='ocr_line' id='line_1_94' title="bbox 2608 4122 4552 4208; baseline -0.001 -19"><span class='ocrx_word' id='word_1_643' title='bbox 2608 4123 2873 4190; x_wconf 74' lang='lat' dir='ltr'><strong>Iehovae</strong></span> <span class='ocrx_word' id='word_1_644' title='bbox 2926 4125 3012 4191; x_wconf 80' lang='lat' dir='ltr'><strong>ad</strong></span> <span class='ocrx_word' id='word_1_645' title='bbox 3067 4125 3454 4208; x_wconf 73' lang='lat' dir='ltr'><strong>expiandum</strong></span> <span class='ocrx_word' id='word_1_646' title='bbox 3509 4124 3782 4191; x_wconf 69' lang='lat' dir='ltr'><strong>Levitae.</strong></span> <span class='ocrx_word' id='word_1_647' title='bbox 3868 4125 3970 4192; x_wconf 84' lang='lat'><strong>13.</strong></span> <span class='ocrx_word' id='word_1_648' title='bbox 4019 4123 4395 4208; x_wconf 69' lang='lat' dir='ltr'><strong>Statuesque</strong></span> <span class='ocrx_word' id='word_1_649' title='bbox 4442 4122 4552 4188; x_wconf 79' lang='lat' dir='ltr'><strong>Le·</strong></span> 
     </span>
     <span class='ocr_line' id='line_1_95' title="bbox 2605 4208 4555 4294; baseline -0.001 -19"><span class='ocrx_word' id='word_1_650' title='bbox 2605 4210 2772 4275; x_wconf 72' lang='lat' dir='ltr'><strong>vitas</strong></span> <span class='ocrx_word' id='word_1_651' title='bbox 2803 4228 3015 4276; x_wconf 81' lang='lat' dir='ltr'><strong>coram</strong></span> <span class='ocrx_word' id='word_1_652' title='bbox 3036 4210 3302 4277; x_wconf 73' lang='lat' dir='ltr'><strong>Aharon</strong></span> <span class='ocrx_word' id='word_1_653' title='bbox 3334 4215 3391 4277; x_wconf 76' lang='lat' dir='ltr'><strong>et</strong></span> <span class='ocrx_word' id='word_1_654' title='bbox 3422 4231 3633 4278; x_wconf 83' lang='lat' dir='ltr'><strong>coram</strong></span> <span class='ocrx_word' id='word_1_655' title='bbox 3661 4211 3824 4293; x_wconf 78' lang='lat' dir='ltr'><strong>filiis</strong></span> <span class='ocrx_word' id='word_1_656' title='bbox 3860 4214 4018 4289; x_wconf 67' lang='grc' dir='ltr'><strong><em>εἰπε,</em></strong></span> <span class='ocrx_word' id='word_1_657' title='bbox 4061 4217 4119 4277; x_wconf 79' lang='lat' dir='ltr'><strong>et</strong></span> <span class='ocrx_word' id='word_1_658' title='bbox 4162 4213 4386 4294; x_wconf 72' lang='lat' dir='ltr'><strong>offeres</strong></span> <span class='ocrx_word' id='word_1_659' title='bbox 4420 4208 4555 4275; x_wconf 74' lang='lat' dir='ltr'><strong>illos</strong></span> 
     </span>
     <span class='ocr_line' id='line_1_96' title="bbox 2606 4295 4553 4382; baseline -0.001 -20"><span class='ocrx_word' id='word_1_660' title='bbox 2606 4296 2969 4362; x_wconf 74' lang='lat' dir='ltr'><strong>oblationem</strong></span> <span class='ocrx_word' id='word_1_661' title='bbox 3011 4295 3295 4363; x_wconf 74' lang='lat' dir='ltr'><strong>Iehovae.</strong></span> <span class='ocrx_word' id='word_1_662' title='bbox 3387 4296 3489 4362; x_wconf 86' lang='lat'><strong>14.</strong></span> <span class='ocrx_word' id='word_1_663' title='bbox 3533 4297 3634 4363; x_wconf 85' lang='lat' dir='ltr'><strong>Ac</strong></span> <span class='ocrx_word' id='word_1_664' title='bbox 3674 4317 3818 4382; x_wconf 73' lang='lat' dir='ltr'><strong>seyr</strong></span> <span class='ocrx_word' id='word_1_665' title='bbox 3884 4297 4025 4365; x_wconf 68' lang='lat' dir='ltr'><strong>abis</strong></span> <span class='ocrx_word' id='word_1_666' title='bbox 4065 4297 4333 4365; x_wconf 70' lang='lat' dir='ltr'><strong>Levites</strong></span> <span class='ocrx_word' id='word_1_667' title='bbox 4371 4317 4404 4361; x_wconf 84' lang='lat' dir='ltr'><strong>e</strong></span> <span class='ocrx_word' id='word_1_668' title='bbox 4442 4313 4553 4361; x_wconf 71' lang='lat' dir='ltr'><strong>mo-</strong></span> 
     </span>
     <span class='ocr_line' id='line_1_97' title="bbox 2604 4318 4554 4464; baseline -0.001 -15"><span class='ocrx_word' id='word_1_669' title='bbox 2604 4383 2712 4449; x_wconf 76' lang='lat' dir='ltr'><strong>dio</strong></span> <span class='ocrx_word' id='word_1_670' title='bbox 2760 4382 3040 4464; x_wconf 74' lang='lat' dir='ltr'><strong>filiorum</strong></span> <span class='ocrx_word' id='word_1_671' title='bbox 3095 4382 3338 4449; x_wconf 78' lang='lat' dir='ltr'><strong>Israel.-</strong></span> <span class='ocrx_word' id='word_1_672' title='bbox 3392 4388 3576 4450; x_wconf 76' lang='lat' dir='ltr'><strong>erunt</strong></span> <span class='ocrx_word' id='word_1_673' title='bbox 3629 4386 3753 4449; x_wconf 68' lang='lat' dir='ltr'><strong>mei</strong></span> <span class='ocrx_word' id='word_1_674' title='bbox 3809 4318 4081 4451; x_wconf 52' lang='lat' dir='ltr'><strong>gestae.</strong></span> <span class='ocrx_word' id='word_1_675' title='bbox 4172 4384 4281 4450; x_wconf 81' lang='lat'><strong>15.</strong></span> <span class='ocrx_word' id='word_1_676' title='bbox 4342 4382 4554 4449; x_wconf 66' lang='lat' dir='ltr'><strong>Postea</strong></span> 
     </span>
     <span class='ocr_line' id='line_1_98' title="bbox 2605 4466 4552 4537; baseline -0.001 -2"><span class='ocrx_word' id='word_1_677' title='bbox 2605 4472 2814 4535; x_wconf 77' lang='lat' dir='ltr'><strong>autem</strong></span> <span class='ocrx_word' id='word_1_678' title='bbox 2846 4470 3088 4535; x_wconf 77' lang='lat' dir='ltr'><strong>venient</strong></span> <span class='ocrx_word' id='word_1_679' title='bbox 3108 4469 3361 4536; x_wconf 73' lang='lat' dir='ltr'><strong>Levitae</strong></span> <span class='ocrx_word' id='word_1_680' title='bbox 3393 4469 3480 4535; x_wconf 82' lang='lat' dir='ltr'><strong>ad</strong></span> <span class='ocrx_word' id='word_1_681' title='bbox 3510 4470 4005 4536; x_wconf 67' lang='lat' dir='ltr'><strong>ministrandum</strong></span> <span class='ocrx_word' id='word_1_682' title='bbox 4045 4472 4118 4537; x_wconf 79' lang='lat' dir='ltr'><strong>in</strong></span> <span class='ocrx_word' id='word_1_683' title='bbox 4159 4466 4552 4536; x_wconf 73' lang='lat' dir='ltr'><strong>tabernaculo</strong></span> 
     </span>
     <span class='ocr_line' id='line_1_99' title="bbox 2605 4554 4553 4639; baseline -0.002 -18"><span class='ocrx_word' id='word_1_684' title='bbox 2605 4554 3055 4631; x_wconf 73' lang='lat' dir='ltr'><strong>conventionis,</strong></span> <span class='ocrx_word' id='word_1_685' title='bbox 3113 4560 3171 4622; x_wconf 77' lang='lat' dir='ltr'><strong>et</strong></span> <span class='ocrx_word' id='word_1_686' title='bbox 3227 4555 3516 4636; x_wconf 67' lang='lat' dir='ltr'><strong>expiabis</strong></span> <span class='ocrx_word' id='word_1_687' title='bbox 3556 4555 3726 4634; x_wconf 69' lang='lat' dir='ltr'><strong>alos,</strong></span> <span class='ocrx_word' id='word_1_688' title='bbox 3793 4556 4127 4639; x_wconf 74' lang='lat' dir='ltr'><strong>offeresque</strong></span> <span class='ocrx_word' id='word_1_689' title='bbox 4166 4578 4276 4623; x_wconf 75' lang='lat' dir='ltr'><strong>eos</strong></span> <span class='ocrx_word' id='word_1_690' title='bbox 4317 4554 4553 4621; x_wconf 67' lang='lat' dir='ltr'><strong>oblafio-</strong></span> 
     </span>
     <span class='ocr_line' id='line_1_100' title="bbox 2605 4640 4555 4723; baseline -0.001 -17"><span class='ocrx_word' id='word_1_691' title='bbox 2605 4660 2763 4706; x_wconf 80' lang='lat' dir='ltr'><strong>nem.</strong></span> <span class='ocrx_word' id='word_1_692' title='bbox 2847 4640 2948 4706; x_wconf 89' lang='lat'><strong>16.</strong></span> <span class='ocrx_word' id='word_1_693' title='bbox 3000 4641 3169 4723; x_wconf 74' lang='lat' dir='ltr'><strong>Quia</strong></span> <span class='ocrx_word' id='word_1_694' title='bbox 3207 4643 3362 4722; x_wconf 64' lang='lat' dir='ltr'><strong>dati,</strong></span> <span class='ocrx_word' id='word_1_695' title='bbox 3405 4642 3544 4707; x_wconf 76' lang='lat' dir='ltr'><strong>dati</strong></span> <span class='ocrx_word' id='word_1_696' title='bbox 3582 4642 3850 4723; x_wconf 77' lang='lat' dir='ltr'><strong>inquam</strong></span> <span class='ocrx_word' id='word_1_697' title='bbox 3890 4647 4039 4708; x_wconf 67' lang='lat' dir='ltr'><strong>stent</strong></span> <span class='ocrx_word' id='word_1_698' title='bbox 4079 4642 4248 4708; x_wconf 67' lang='lat' dir='ltr'><strong>mihi</strong></span> <span class='ocrx_word' id='word_1_699' title='bbox 4291 4663 4325 4709; x_wconf 76' lang='lat' dir='ltr'><strong>c</strong></span> <span class='ocrx_word' id='word_1_700' title='bbox 4366 4640 4555 4707; x_wconf 72' lang='lat' dir='ltr'><strong>medio</strong></span> 
     </span>
     <span class='ocr_line' id='line_1_101' title="bbox 2599 4726 4554 4810; baseline -0.001 -18"><span class='ocrx_word' id='word_1_701' title='bbox 2599 4727 2883 4810; x_wconf 73' lang='lat' dir='ltr'><strong>filiorum</strong></span> <span class='ocrx_word' id='word_1_702' title='bbox 2917 4726 3128 4795; x_wconf 75' lang='lat' dir='ltr'><strong>Israel</strong></span> <span class='ocrx_word' id='word_1_703' title='bbox 3155 4746 3282 4809; x_wconf 76' lang='lat' dir='ltr'><strong>pro</strong></span> <span class='ocrx_word' id='word_1_704' title='bbox 3323 4729 3637 4810; x_wconf 68' lang='lat' dir='ltr'><strong>oper-iente</strong></span> <span class='ocrx_word' id='word_1_705' title='bbox 3676 4748 3913 4794; x_wconf 81' lang='lat' dir='ltr'><strong>omnem</strong></span> <span class='ocrx_word' id='word_1_706' title='bbox 3953 4729 4228 4808; x_wconf 80' lang='lat' dir='ltr'><strong>vulvam,</strong></span> <span class='ocrx_word' id='word_1_707' title='bbox 4267 4749 4392 4810; x_wconf 80' lang='lat' dir='ltr'><strong>pro</strong></span> <span class='ocrx_word' id='word_1_708' title='bbox 4422 4727 4554 4810; x_wconf 76' lang='lat' dir='ltr'><strong>pri-</strong></span> 
     </span>
     <span class='ocr_line' id='line_1_102' title="bbox 2605 4811 4554 4897; baseline -0.001 -18"><span class='ocrx_word' id='word_1_709' title='bbox 2605 4815 2906 4897; x_wconf 71' lang='lat' dir='ltr'><strong>moyenito</strong></span> <span class='ocrx_word' id='word_1_710' title='bbox 2952 4812 3232 4886; x_wconf 68' lang='lat' dir='ltr'><strong>filiorum</strong></span> <span class='ocrx_word' id='word_1_711' title='bbox 3277 4813 3486 4880; x_wconf 77' lang='lat' dir='ltr'><strong>Israel</strong></span> <span class='ocrx_word' id='word_1_712' title='bbox 3538 4815 3749 4894; x_wconf 78' lang='lat' dir='ltr'><strong>accepi</strong></span> <span class='ocrx_word' id='word_1_713' title='bbox 3805 4834 3910 4880; x_wconf 78' lang='lat' dir='ltr'><strong>eos</strong></span> <span class='ocrx_word' id='word_1_714' title='bbox 3951 4813 4130 4880; x_wconf 74' lang='lat' dir='ltr'><strong>mihi.</strong></span> <span class='ocrx_word' id='word_1_715' title='bbox 4223 4816 4327 4881; x_wconf 81' lang='lat'><strong>17.</strong></span> <span class='ocrx_word' id='word_1_716' title='bbox 4376 4811 4554 4878; x_wconf 59' lang='lat' dir='ltr'><strong>Mus</strong></span> 
     </span>
     <span class='ocr_line' id='line_1_103' title="bbox 2605 4896 4555 4985; baseline -0.001 -20"><span class='ocrx_word' id='word_1_717' title='bbox 2605 4904 2695 4966; x_wconf 77' lang='lat' dir='ltr'><strong>est</strong></span> <span class='ocrx_word' id='word_1_718' title='bbox 2749 4900 2917 4965; x_wconf 75' lang='lat' dir='ltr'><strong>enim</strong></span> <span class='ocrx_word' id='word_1_719' title='bbox 2972 4899 3178 4965; x_wconf 74' lang='lat' dir='ltr'><strong>omnis</strong></span> <span class='ocrx_word' id='word_1_720' title='bbox 3220 4901 3680 4985; x_wconf 71' lang='lat' dir='ltr'><strong>primoqmitus</strong></span> <span class='ocrx_word' id='word_1_721' title='bbox 3719 4900 3790 4965; x_wconf 77' lang='lat' dir='ltr'><strong>in</strong></span> <span class='ocrx_word' id='word_1_722' title='bbox 3827 4898 3989 4983; x_wconf 75' lang='lat' dir='ltr'><strong>filiis</strong></span> <span class='ocrx_word' id='word_1_723' title='bbox 4032 4896 4249 4967; x_wconf 75' lang='lat' dir='ltr'><strong>Israel</strong></span> <span class='ocrx_word' id='word_1_724' title='bbox 4290 4907 4425 4967; x_wconf 80' lang='lat' dir='ltr'><strong>tam</strong></span> <span class='ocrx_word' id='word_1_725' title='bbox 4461 4898 4555 4963; x_wconf 66' lang='grc' dir='ltr'><strong>1ου·</strong></span> 
     </span>
     <span class='ocr_line' id='line_1_104' title="bbox 2605 4985 4556 5068; baseline -0.001 -18"><span class='ocrx_word' id='word_1_726' title='bbox 2605 4987 3090 5067; x_wconf 78' lang='lat' dir='ltr'><strong>minumquam</strong></span> <span class='ocrx_word' id='word_1_727' title='bbox 3145 4987 3589 5052; x_wconf 77' lang='lat' dir='ltr'><strong>iumentorum.-</strong></span> <span class='ocrx_word' id='word_1_728' title='bbox 3643 4985 3841 5051; x_wconf 74' lang='lat' dir='ltr'><strong>odie</strong></span> <span class='ocrx_word' id='word_1_729' title='bbox 3894 4988 4556 5068; x_wconf 67' lang='lat' dir='ltr'><strong>quoperwssiomm</strong></span> 
     </span>
     <span class='ocr_line' id='line_1_105' title="bbox 2594 5071 4553 5243; baseline 0 -21"><span class='ocrx_word' id='word_1_730' title='bbox 2594 5072 3437 5240; x_wconf 53' lang='lat' dir='ltr'><strong>{mmm</strong></span> <span class='ocrx_word' id='word_1_731' title='bbox 3446 5072 3668 5240; x_wconf 53' lang='grc' dir='ltr'><strong>Ψ.</strong></span> <span class='ocrx_word' id='word_1_732' title='bbox 3625 5071 4363 5243; x_wconf 50' lang='lat' dir='ltr'><strong>...mmm</strong></span> <span class='ocrx_word' id='word_1_733' title='bbox 4387 5071 4553 5240; x_wconf 54' lang='lat'><strong>22⁶⁸..</strong></span> 
     </span>
     <span class='ocr_line' id='line_1_106' title="bbox 2609 5242 4554 5312; baseline 0.001 -6"><span class='ocrx_word' id='word_1_734' title='bbox 2609 5243 2831 5309; x_wconf 80' lang='lat' dir='ltr'><strong>Israel.</strong></span> <span class='ocrx_word' id='word_1_735' title='bbox 2924 5243 3023 5310; x_wconf 87' lang='grc'><strong>19.</strong></span> <span class='ocrx_word' id='word_1_736' title='bbox 3070 5242 3159 5308; x_wconf 81' lang='lat' dir='ltr'><strong>Et</strong></span> <span class='ocrx_word' id='word_1_737' title='bbox 3207 5243 3356 5310; x_wconf 75' lang='lat' dir='ltr'><strong>dodi</strong></span> <span class='ocrx_word' id='word_1_738' title='bbox 3413 5243 3671 5311; x_wconf 71' lang='lat' dir='ltr'><strong>Levitas</strong></span> <span class='ocrx_word' id='word_1_739' title='bbox 3720 5244 3878 5310; x_wconf 78' lang='lat' dir='ltr'><strong>dono</strong></span> <span class='ocrx_word' id='word_1_740' title='bbox 3928 5245 4110 5312; x_wconf 76' lang='lat' dir='ltr'><strong>datos</strong></span> <span class='ocrx_word' id='word_1_741' title='bbox 4151 5244 4455 5312; x_wconf 64' lang='lat' dir='ltr'><strong>Maroni</strong></span> <span class='ocrx_word' id='word_1_742' title='bbox 4501 5244 4554 5307; x_wconf 68' lang='lat' dir='ltr'><strong><em>d</em></strong></span> 
     </span>
     <span class='ocr_line' id='line_1_107' title="bbox 2599 5328 4553 5417; baseline -0.002 -21"><span class='ocrx_word' id='word_1_743' title='bbox 2599 5328 3000 5410; x_wconf 72' lang='lat' dir='ltr'><strong>filiiseiusc</strong></span> <span class='ocrx_word' id='word_1_744' title='bbox 3040 5330 3242 5397; x_wconf 76' lang='lat' dir='ltr'><strong>medio</strong></span> <span class='ocrx_word' id='word_1_745' title='bbox 3279 5329 3813 5413; x_wconf 73' lang='lat' dir='ltr'><strong>filiorumlsrael,</strong></span> <span class='ocrx_word' id='word_1_746' title='bbox 3854 5335 3927 5397; x_wconf 78' lang='lat' dir='ltr'><strong>ut</strong></span> <span class='ocrx_word' id='word_1_747' title='bbox 3964 5331 4326 5417; x_wconf 63' lang='lat' dir='ltr'><strong>fumantur</strong></span> <span class='ocrx_word' id='word_1_748' title='bbox 4366 5329 4553 5413; x_wconf 75' lang='lat' dir='ltr'><strong>officio</strong></span> 
     </span>
    </p>
   </div>
   <div class='ocr_carea' id='block_1_14' title="bbox 4805 5 4814 605">
    <p class='ocr_par' dir='ltr' id='par_1_14' title="bbox 4805 5 4814 605">
     <span class='ocr_line' id='line_1_108' title="bbox 4805 5 4814 605; baseline 0 0"><span class='ocrx_word' id='word_1_749' title='bbox 4805 5 4814 605; x_wconf 95' lang='lat' dir='ltr'><strong> </strong></span> 
     </span>
    </p>
   </div>
   <div class='ocr_carea' id='block_1_15' title="bbox 4804 601 4812 1400">
    <p class='ocr_par' dir='ltr' id='par_1_15' title="bbox 4804 601 4812 1400">
     <span class='ocr_line' id='line_1_109' title="bbox 4804 601 4812 1400; baseline 0 0"><span class='ocrx_word' id='word_1_750' title='bbox 4804 601 4812 1400; x_wconf 95' lang='lat' dir='ltr'><strong> </strong></span> 
     </span>
    </p>
   </div>
   <div class='ocr_carea' id='block_1_16' title="bbox 4805 5 4818 2753">
    <p class='ocr_par' dir='ltr' id='par_1_16' title="bbox 4805 5 4818 2753">
     <span class='ocr_line' id='line_1_110' title="bbox 4805 5 4818 2753; baseline 0 0"><span class='ocrx_word' id='word_1_751' title='bbox 4805 5 4818 2753; x_wconf 95' lang='lat' dir='ltr'><strong> </strong></span> 
     </span>
    </p>
   </div>
   <div class='ocr_carea' id='block_1_17' title="bbox 4810 3079 4815 3808">
    <p class='ocr_par' dir='ltr' id='par_1_17' title="bbox 4810 3079 4815 3808">
     <span class='ocr_line' id='line_1_111' title="bbox 4810 3079 4815 3808; baseline 0 0"><span class='ocrx_word' id='word_1_752' title='bbox 4810 3079 4815 3808; x_wconf 95' lang='lat' dir='ltr'><strong> </strong></span> 
     </span>
    </p>
   </div>
  </div>
 </body>
</html>
