4867 6150
387 457 507 525 265

385 647 538 713 locis
583 646 667 712 ad
712 651 1274 716 confirmationem
1333 649 1727 733 specialibus
1784 653 2148 736 praeceptis
2211 672 2330 716 an-

387 732 705 816 nectitur,
772 734 1134 802 doctrinam
1192 735 1568 822 generalem
1631 758 1809 803 nunc
1866 759 1951 803 ex
2008 737 2132 804 hoe
2189 737 2331 803 loco

385 830 606 885 tenere
647 821 946 887 sufficiat.

1039 1166 1173 1232 Ex
1217 1163 1488 1233 DEU'P.
1535 1165 1656 1232 VI.

556 1339 657 1404 14.
708 1337 855 1404 Non
896 1335 1298 1403 ambulabitis
1326 1343 1477 1418 post
1517 1338 1660 1403 deos
1702 1338 1945 1405 alienos
1987 1359 2020 1405 e
2054 1339 2184 1405 diis
2215 1358 2330 1419 po-

369 1425 671 1510 pulorum
713 1424 826 1505 qui
864 1424 1140 1505 undique
1180 1424 1413 1488 circum
1455 1444 1563 1489 vos
1601 1429 1778 1490 sunt.-
1866 1423 1966 1490 15.
2019 1425 2329 1507 Quoniam

381 1512 563 1580 Deus
612 1511 832 1577 zelotes
875 1509 1104 1575 Isbova
1149 1508 1329 1574 Dens
1379 1514 1526 1574 taus
1584 1512 1654 1576 in
1695 1511 1897 1576 medio
1936 1511 2034 1576 tui
2075 1517 2192 1588 est,
2250 1531 2329 1575 ne

376 1600 534 1683 forte
573 1597 894 1663 irascatur
933 1596 1118 1677 furor
1163 1593 1428 1661 Isbovae
1449 1594 1579 1662 Dei
1617 1598 1718 1663 tui
1761 1598 1832 1662 in
1874 1601 1946 1674 te,
1993 1601 2049 1662 et
2087 1597 2330 1679 disper-

376 1687 483 1752 dat
526 1688 584 1749 te
628 1705 660 1749 e
692 1682 1018 1765 supeoficie
1058 1686 1275 1747 terrae.

550 1855 652 1920 14.
703 1853 849 1920 Non
912 1851 1333 1919 ambulabitis.
1442 1853 1591 1921 Hoc
1655 1853 1797 1920 1000
1861 1862 2040 1921 vetat
2104 1855 2327 1920 Moses

371 1942 689 2027 populum
751 1962 790 2005 a
846 1939 1129 2022 simplici
1172 1936 1304 2003 Dei
1360 1939 1542 2004 cultu
1583 1939 1961 2019 deflectere,
2024 1940 2324 2023 quamvis

371 2028 532 2095 hinc
565 2026 718 2092 inde
753 2034 1101 2091 versentur
1143 2024 1226 2091 ob
1270 2045 1493 2090 eorum
1530 2026 1752 2092 oculos
1787 2028 2323 2110 superstitionum

369 2114 698 2198 exempla.
745 2112 914 2178 Erat
957 2114 1131 2176 enim
1168 2112 1331 2176 haec
1365 2110 1564 2177 valde
1599 2115 1800 2178 noxia
1836 2114 2129 2192 tentatio,
2168 2133 2323 2177 nus·

368 2221 572 2285 quam
652 2197 923 2282 reperiri
991 2198 1103 2281 qui
1170 2197 1337 2282 legis
1403 2196 1735 2264 doctrinae
1801 2198 2322 2265 subscriberent:

368 2309 576 2372 quum
636 2285 807 2370 apud
866 2283 1163 2368 singulas
1218 2294 1448 2367 gentes
1505 2284 1726 2368 aliqua
1771 2284 2024 2369 vigeret
2075 2283 2323 2368 religiO,

367 2383 482 2439 aut
531 2372 766 2439 saltem
810 2370 1282 2436 nominaretur.
1330 2368 1659 2450 Quoniam
1703 2391 1860 2455 ergo
1904 2371 2071 2436 varii
2107 2369 2322 2435 cultus

367 2459 645 2526 totidem
691 2466 911 2523 essent
953 2456 1410 2522 distractiones
1447 2478 1486 2520 a
1521 2466 1702 2521 recta
1737 2457 1862 2532 via,
1902 2477 2166 2522 necesse
2200 2456 2324 2520 fuit

364 2544 663 2630 periculo
702 2551 962 2608 mature
1007 2562 1370 2622 occurrere,
1404 2550 1474 2607 et
1507 2543 1600 2606 ita
1636 2542 1930 2607 stabilire
1974 2542 2172 2607 unius
2195 2542 2322 2608 Dei

364 2631 823 2706 autoritatem,
881 2640 954 2693 ut
1008 2629 1311 2714 gentium
1365 2631 1656 2693 omnium
1725 2649 2115 2694 consensum
2175 2628 2319 2692 vili·

362 2717 659 2802 pendere
703 2715 932 2781 Iudaei
977 2714 1317 2779 auderent.
1407 2713 1696 2781 Additur
1740 2715 2189 2793 comminatio,
2249 2716 2316 2778 in

360 2812 682 2890 promptu
745 2803 883 2867 fore
945 2800 1317 2879 vindictam,
1384 2801 1440 2866 si
1506 2801 1589 2865 ad
1654 2802 2151 2884 superstitiones
2209 2800 2318 2865 de-

359 2893 686 2957 sciscant:
730 2888 1040 2971 quoniam
1062 2888 1247 2952 Deus
1281 2885 1370 2952 sit
1402 2886 1661 2965 zeloteS,
1701 2900 1767 2951 et
1801 2887 1979 2952 inter
2011 2887 2188 2971 ipsos
2223 2907 2321 2951 re-

359 2978 601 3043 sideat.
689 2975 793 3039 De
849 2977 1067 3058 priore
1119 2992 1279 3039 voce
1334 2972 1526 3055 plura
1570 2972 1865 3039 dicturus
1908 2994 2053 3039 sum
2101 2974 2170 3038 in
2216 2993 2317 3038 se-

359 3062 660 3131 cundum
695 3070 1135 3146 praeceptum.
1224 3058 1372 3126 Hoc
1415 3061 1669 3125 interea
1713 3069 1979 3125 teneant
2023 3059 2316 3137 lectores,

359 3151 586 3216 Deum
649 3147 867 3214 vocari
920 3148 1228 3227 zelotem,
1292 3146 1448 3229 quia
1500 3146 1749 3212 nullam
1809 3145 2316 3212 aemulationem

362 3234 678 3312 admittit,
746 3254 910 3317 quae
977 3232 1281 3298 detrahat
1347 3233 1487 3297 eius
1530 3232 1809 3316 gloriae,
1871 3251 1993 3296 nec
2036 3233 2318 3299 sustinet

361 3322 621 3388 cultum
657 3320 778 3387 sibi
812 3321 929 3385 uni
963 3318 1255 3386 debitum
1291 3318 1422 3384 8110
1464 3318 1826 3384 transferri.
1874 3317 2096 3399 Quum
2133 3340 2204 3385 se
2243 3318 2315 3383 in

360 3408 585 3473 medio
641 3405 861 3489 populi
920 3406 1222 3471 habitare
1280 3403 1620 3482 admonet,
1687 3405 1928 3487 partim
1987 3424 2070 3470 ex
2129 3426 2315 3488 prae-

360 3497 540 3559 senti
589 3502 857 3576 aspectu
901 3502 1223 3557 terrorem
1266 3491 1524 3570 incutit,
1571 3491 1810 3575 partim
1865 3511 2017 3556 vero
2060 3492 2318 3574 oblique

443 3579 754 3663 retringit
816 3599 1043 3644 eorum
1110 3575 1688 3661 ingratitudinem,
1760 3578 1815 3643 si
1874 3578 2017 3660 ipso
2071 3577 2319 3658 relicte,

357 3600 521 3732 figes
567 3663 688 3731 sibi
736 3685 772 3729 e
816 3665 1173 3749 longinquo
1218 3672 1575 3730 accersant.

960 4005 1091 4071 Ex
1135 4005 1408 4074 DEU'r.
1453 4006 1721 4073 XVIII.

534 4179 596 4245 9.
652 4178 858 4262 Quam
899 4182 968 4243 tu
1008 4179 1333 4263 myressus
1371 4180 1577 4261 fueris
1616 4180 1689 4244 in
1730 4184 1963 4244 terram
1997 4200 2189 4261 qnam
2213 4181 2314 4245 Ie-

348 4265 518 4332 }iova
561 4264 743 4331 Dens
784 4270 930 4330 taus
969 4265 1080 4330 dat
1112 4265 1256 4349 tibi,
1320 4285 1399 4330 ne
1440 4266 1652 4331 discas
1696 4266 1780 4331 ad
1819 4265 2179 4347 faciendum
2221 4286 2313 4331 se·

347 4353 635 4418 cundum
699 4351 1190 4417 abominationes
1247 4353 1525 4434 yentinm
1588 4353 1887 4417 istarum:
1994 4352 2095 4417 10.
2166 4352 2312 4417 Non

345 4438 714 4503 invenietur
771 4439 844 4501 in
897 4438 1097 4503 medio
1140 4438 1235 4501 tai
1279 4439 1390 4518 qai
1433 4438 1723 4503 traducat
1743 4438 1796 4522 ¹)
1836 4438 2050 4519 silium
2101 4458 2309 4517 suum,

343 4524 446 4589 vel
487 4524 698 4606 filiam
739 4542 921 4590 suam
954 4543 1080 4607 per
1123 4525 1355 4607 iynem,
1419 4525 1531 4605 qni
1587 4525 1823 4588 divinet
1873 4524 2310 4603 divinationes,

346 4630 586 4693 auqur,
630 4630 870 4691 mayus,
917 4614 975 4675 et
1015 4611 1378 4689 incantator,
1463 4611 1565 4676 11.
1616 4609 1931 4694 Goliiyans
1974 4611 2312 4693 colliqatio-

344 4716 480 4773 nes,
536 4698 860 4762 consulens
907 4695 1263 4780 Pythonem,
1296 4701 1663 4780 proynostes
1678 4695 1750 4783 ²),
1794 4701 1851 4761 et
1893 4698 2004 4777 qui
2037 4697 2313 4763 sciscita-

345 4788 462 4848 tur
533 4802 577 4845 a
639 4783 923 4848 mortuis.
1030 4782 1128 4847 12.
1196 4782 1598 4848 Abominatio
1668 4784 1833 4848 enim
1896 4786 1988 4846 est
2051 4781 2314 4847 Iehovae

345 4868 653 4951 quisquis
712 4868 869 4950 facit
932 4867 1107 4946 haec,
1174 4874 1230 4933 et
1282 4873 1540 4949 propter
1604 4866 2092 4934 abminationes
2155 4869 2316 4933 istas

344 4954 561 5019 evellit
595 4974 696 5020 eos
739 4955 970 5020 Iekova
1012 4953 1191 5020 Deus
1234 4959 1383 5019 tuus
1427 4975 1469 5018 a
1505 4954 1670 5036 facie
1703 4959 1831 5019 tua.
1923 4953 2022 5018 13.
2071 4952 2318 5037 Inteyer

348 5042 489 5106 eris
527 5059 667 5104 cum
714 5039 945 5105 Iehova
988 5039 1126 5106 Deo
1169 5046 1291 5106 tuo.
1355 5041 1453 5105 14.
1505 5040 1679 5106 Nam
1716 5046 1929 5124 yentes
1961 5040 2122 5105 istae
2155 5061 2316 5122 quas

540 5331 572 5384 1
634 5332 709 5385 In
743 5335 1020 5400 maryine:
1056 5332 1123 5385 ad
1162 5334 1415 5385 verbum.
1453 5332 1707 5386 Transire
1743 5332 1922 5385 faciat.

538 5332 599 5469 ἒξ
634 5400 812 5456 Isia„-
847 5402 964 5467 Vel,
1002 5401 1202 5455 ariolus
1236 5409 1286 5456 et
1321 5403 1401 5456 sic
1434 5417 1644 5471 quoque
1677 5418 1725 5455 v.
1764 5398 1847 5454 14.

1829 461 2206 529 PRIMUM
2250 459 2898 531 PRAEOEP'PUM.

4252 467 4384 532 266

2435 652 2505 714 tn
2547 648 2848 716 obtinebis
2881 656 3143 717 attentae
3182 658 3333 718 sunt
3362 653 3449 720 ad
3478 658 3856 737 proqnostas
3888 660 3948 721 et
3978 655 4066 721 ad
4098 654 4383 721 divinos.-

2433 736 2601 816 quod
2641 738 2729 802 ad
2768 742 2841 830 te,
2887 758 3013 803 non
3067 739 3163 803 ita
3208 739 3511 819 permisit
3565 740 3678 806 tibi
3724 740 3953 806 Iekova
3995 740 4177 807 Deus
4216 747 4381 807 tuus.

2608 906 2670 973 9.
2714 909 2919 990 Quam
2959 915 3028 975 tn
3072 910 3413 994 inpressas.
3503 909 3723 991 Quam
3767 912 4004 995 cupide
4048 913 4222 978 mala
4265 934 4379 978 ex-

2433 991 2653 1074 empla
2695 996 2969 1079 arripiat
3012 995 3375 1062 humanum
3420 1018 3662 1081 genus,
3727 1008 3796 1063 et
3849 1018 4047 1081 quam
4090 998 4379 1083 proclive

2432 1077 2519 1141 sit
2552 1078 2635 1143 ad
2670 1101 2896 1147 eorum
2931 1081 3384 1161 imitationem,
3428 1084 3831 1166 experientia
3873 1085 4023 1167 plus
4058 1085 4219 1151 satis
4265 1105 4380 1150 no·

2435 1171 2575 1227 tum
2619 1176 2736 1242 est,
2782 1168 3166 1250 praesertim
3213 1168 3328 1250 qui
3370 1171 3438 1233 in
3478 1170 3753 1235 alienam
3803 1179 4044 1235 terram
4085 1173 4378 1250 veniunt,

2431 1247 2621 1314 facile
2665 1266 3052 1319 assuescunt
3096 1254 3177 1318 ad
3225 1274 3438 1320 mores
3481 1262 3548 1318 et
3590 1257 3774 1320 ritus.
3834 1255 4022 1321 Haec
4065 1258 4234 1323 ratio
4278 1265 4380 1322 est

2432 1355 2550 1398 cur
2596 1335 2836 1403 diserte
2883 1339 3064 1405 Deus
3107 1361 3340 1407 cavere
3383 1340 3603 1406 iubeat
3636 1341 3971 1408 Israelitas
4016 1363 4097 1407 ne
4132 1354 4377 1408 terram

2433 1417 2756 1487 Chanaan
2798 1423 3100 1508 ingressi,
3145 1426 3494 1509 quidquam
3540 1427 3943 1512 contagionis
3980 1427 4060 1493 ab
4096 1429 4238 1495 eius
4278 1430 4380 1494 in-

2431 1506 2593 1572 colis
2637 1509 3046 1576 contrahant.
3150 1511 3501 1577 Generalis
3564 1513 3829 1596 quidem
3896 1525 4000 1578 est
4052 1514 4370 1580 doctrina:

2430 1591 2544 1656 sed
2590 1596 2877 1676 periculo
2935 1596 3107 1681 quod
3164 1599 3435 1682 propius
3488 1599 3808 1679 instabat,
3863 1621 4203 1667 occurrere
4259 1622 4376 1666 ne·

2429 1697 2610 1743 cesse
2652 1680 2793 1747 fuit.
2881 1682 3090 1750 Porro
3135 1683 3415 1751 dilucide
3471 1683 3593 1750 hoc
3648 1685 3787 1751 loco
3842 1687 4110 1769 exponit
4155 1687 4375 1754 Moses

2429 1762 2585 1846 quid
2621 1767 2710 1830 sit
2758 1768 2998 1834 habere
3047 1768 3202 1836 deos
3244 1770 3523 1848 alienos,
3571 1791 3808 1854 nempe
3850 1770 4160 1854 profanas
4205 1773 4373 1837 mix—

2428 1856 2612 1915 turas
2666 1854 3003 1920 involvere
3046 1877 3194 1921 cum
3254 1857 3380 1921 Dei
3431 1857 3646 1922 cultu:
3705 1858 3893 1923 cuius
3956 1859 4208 1940 puritas
4250 1858 4375 1925 hac

2428 1956 2563 1999 una
2605 1939 2857 2005 ratione
2900 1942 3250 2021 asseritur,
3320 1941 3426 2007 ubi
3474 1942 3800 2008 facessunt
3846 1963 4076 2009 omnes
4122 1944 4375 2010 alienae

2427 2024 2943 2105 superstitiones.
3026 2026 3305 2094 Summa
3347 2027 3552 2112 igitur
3595 2040 3713 2109 est,
3775 2038 3843 2094 ut
3889 2027 4217 2096 abstineat
4261 2050 4377 2115 po·

2427 2107 2621 2189 pulus
2668 2110 2792 2175 Dei
2831 2111 2914 2176 ab
2958 2114 3259 2181 omnibus
3303 2113 3642 2179 bominum
3689 2115 4093 2192 commentis,
4138 2117 4377 2198 quibus

2427 2213 2594 2275 pura
2647 2209 2713 2260 et
2777 2211 2957 2263 casta
3001 2200 3233 2284 religio
3276 2199 3708 2265 adulteratur.
3798 2201 3966 2265 Nam
4014 2201 4080 2265 in
4135 2223 4378 2285 genere

2430 2278 2639 2344 voluit
2661 2280 2847 2349 Deus
2891 2304 3112 2350 arcere
3133 2285 3418 2353 cultores
3455 2306 3607 2351 suos
3642 2285 3724 2351 ab
3759 2287 4062 2352 omnibus
4097 2287 4375 2354 fallaciis

2424 2365 2662 2448 quibus
2709 2369 2792 2435 ab
2843 2370 3031 2436 initio
3068 2371 3279 2437 Satan
3319 2372 3559 2438 delusit
3593 2384 3681 2438 ac·
3712 2373 4061 2437 fascinavit
4102 2375 4375 2440 miseros

2426 2450 2746 2520 homines.
2839 2454 3107 2539 Species
3165 2467 3383 2523 tamen
3447 2456 3761 2541 quasdam
3822 2469 4164 2523 enumerat
4208 2480 4375 2543 quae

2427 2558 2548 2602 usu
2596 2552 2663 2603 et
2706 2543 3177 2608 consuetudine
3213 2545 3424 2627 magis
3465 2544 3894 2609 invaluerant.
3955 2544 4207 2609 Verum
4246 2567 4374 2628 (1110

2424 2627 2670 2692 certius
2710 2626 2898 2692 nobis
2959 2640 3178 2712 pateat
3222 2630 3347 2696 Dei
3408 2629 3788 2708 consilium,
3851 2639 4074 2695 tenere
4135 2652 4373 2698 conve·

2426 2711 2530 2777 nit
2589 2713 2742 2793 quid
2804 2714 2933 2797 ipsi
2992 2717 3056 2779 in
3116 2715 3223 2781 his
3265 2737 3432 2799 quae
3477 2716 3744 2781 damnat
3785 2716 3968 2781 vitiis
4013 2715 4369 2800 displiceat.

2426 2795 2648 2877 Quum
2717 2800 3110 2867 naturaliter
3174 2802 3477 2868 homines
3541 2803 3708 2868 scire
3761 2811 4103 2885 appetant,
4172 2804 4371 2868 etiam

2426 2883 2496 2948 in
2542 2886 3014 2966 superstitiosis
3058 2886 3379 2971 cupiditas
3432 2909 3472 2952 a
3524 2886 3694 2953 bono
3735 2888 4058 2972 principio
4113 2910 4372 2972 semper

2425 2972 2752 3046 manavit,
2815 2981 3041 3055 utpote
3086 2994 3279 3056 quam
3333 2973 3518 3039 Deus
3560 2974 3849 3038 omnium
3897 2974 4227 3041 mentibus
4269 2976 4368 3040 in-

2426 3056 2608 3137 didit,
2654 3079 2859 3140 quum
2904 3081 3113 3144 genus
3158 3071 3450 3126 nostrum
3499 3082 3538 3126 a
3583 3058 3796 3125 brutis
3839 3060 4232 3127 animalibus
4277 3060 4372 3126 di-

2425 3145 2735 3211 stinctum
2783 3145 2997 3211 vellet.
3087 3147 3231 3212 Iam
3287 3154 3355 3211 et
3410 3146 3531 3212 1100
3586 3145 4094 3229 reprehensione
4137 3148 4364 3225 caruit,

2424 3230 2596 3312 quod
2648 3228 2949 3297 homines
3005 3231 3417 3317 ignorantiae
3475 3254 3632 3297 suae
3690 3233 3936 3299 conscii
3999 3253 4133 3298 non
4177 3243 4368 3317 puta-

2422 3326 2584 3381 runt
2626 3316 2822 3382 aliam
2869 3318 3115 3387 sciendi
3160 3320 3336 3384 viam
3381 3319 3504 3384 sibi
3551 3317 3901 3384 tenendam
3947 3339 4124 3399 esse,
4170 3340 4369 3402 quam

2420 3413 2496 3468 111
2540 3403 2758 3470 Deum
2825 3405 3262 3470 consulerent.
3354 3407 3554 3488 Atqui
3615 3404 3739 3470 1100
3794 3425 4002 3471 unum
4060 3405 4369 3489 gentibus

2417 3489 2823 3572 propositum
2867 3491 3008 3568 fuit,
3046 3512 3249 3573 quum
3297 3511 3523 3574 magos
3566 3500 3631 3555 et
3662 3489 3899 3556 ariolos
3932 3491 4366 3571 consulerent,

2418 3576 2758 3642 scient-iam
2804 3597 2933 3660 qua
2976 3597 3046 3642 se
3092 3577 3359 3642 destitui
3405 3575 3746 3656 videbant,
3807 3598 3843 3642 e
3900 3575 4075 3642 coelo
4169 3586 4365 3643 etere.

2417 3661 2527 3727 Ita
2592 3660 2862 3726 dubium
2933 3684 3060 3726 non
3126 3672 3229 3729 est
3292 3665 3451 3746 quin
3509 3683 3580 3728 se
3636 3662 3706 3726 in
3772 3661 4059 3728 tenebris
4156 3684 4367 3729 emer-

2416 3768 2525 3813 sos
2568 3768 2711 3813 esse
2753 3749 3035 3813 confessi
3078 3749 3230 3826 sint,
3278 3758 3347 3814 et
3389 3749 3599 3814 lucem
3639 3747 4112 3831 intelligentiae
4147 3749 4370 3833 singu-

2416 3834 2552 3899 lare
2596 3854 2739 3899 esse
2786 3835 2911 3899 Dei
2956 3834 3363 3902 beneficium.
3467 3834 3662 3901 Unde
3707 3847 3773 3899 et
3817 3856 4054 3899 nomen
4115 3833 4369 3902 divina-

2416 3921 2645 3985 tionis:
2705 3920 2862 4003 quia
2918 3941 3306 4003 persuasum
3363 3919 3497 3986 illis
3552 3929 3694 3985 erat
3750 3941 3855 3986 res
3901 3941 4172 3986 arcanas
4230 3941 4365 3985 non

2413 4006 2874 4089 comprehendi
2912 4006 3202 4071 humano
3245 4016 3476 4089 captu,
3538 4005 3654 4070 sed
3706 4006 3877 4072 hanc
3922 4006 4373 4089 cognitionem.

2413 4091 2623 4158 divini
2659 4112 2801 4156 esse
2835 4093 3202 4159 instinctus.
3269 4092 3519 4158 Verum
3558 4090 3658 4179 (ut
3690 4092 3826 4158 suis
3868 4092 4160 4158 artificiis
4197 4113 4362 4175 quae

2414 4200 2530 4262 per
2574 4201 2643 4244 se
2690 4191 2869 4245 recta
2924 4191 3082 4244 sunt
3125 4178 3419 4244 diabolus
3464 4176 3810 4264 pervertit)
3867 4177 4027 4242 haec
4088 4185 4364 4245 naturae

2416 4285 2581 4349 quae
2626 4264 2912 4330 diximus
2956 4266 3209 4330 semina
3267 4264 3521 4331 duobus
3586 4265 3762 4330 vitiis
3821 4272 4129 4346 corrupta
4172 4279 4359 4329 sunt:

2413 4353 2566 4435 (11118
2623 4361 2689 4415 01
2746 4350 3096 4417 immodica
3158 4352 3480 4435 cupiditas
3524 4350 3675 4435 plus
3717 4349 3963 4415 sciendi
4007 4371 4201 4433 quam
4264 4350 4362 4415 fas

2413 4447 2585 4503 esset-
2642 4436 2973 4502 mentibus
3039 4436 3344 4520 obrepsit,
3412 4446 3478 4502 et
3520 4437 3778 4502 illicitos
3823 4435 4055 4500 deinde
4111 4436 4362 4501 sciendi

2413 4522 2639 4588 modos
2698 4531 3062 4606 captarunt.
3153 4524 3257 4588 Ex
3317 4523 3421 4587 1118
3480 4521 3801 4600 fontibus,
3872 4542 4105 4605 nempe
4159 4522 4363 4588 stulta

2414 4609 2806 4686 curiositate,
2854 4617 2919 4673 et
2955 4610 3151 4673 nimis
3198 4610 3534 4676 licentiosa
3577 4609 3964 4685 temeritate,
4012 4608 4120 4672 vel
4161 4608 4361 4674 auda-

2414 4696 2530 4772 cia,
2570 4696 2884 4778 profluxit
2925 4694 3241 4778 quidquid
3279 4694 3812 4777 superstitionum
3852 4705 3917 4759 et
3960 4715 4252 4759 errorum
4290 4696 4361 4759 in

2415 4782 2659 4846 mundo
2715 4793 3083 4863 grassatum
3144 4781 3285 4845 fuit.
3390 4779 3674 4863 Ideoque
3717 4780 3970 4847 duabus
4013 4780 4118 4845 his
4164 4782 4359 4863 pesti·

2415 4868 2539 4933 bus
2581 4868 2865 4932 occurrit
2909 4865 3094 4931 Deus
3140 4876 3315 4931 artes
3360 4868 3647 4950 magicas
3692 4866 4001 4936 vetando:
4068 4887 4234 4949 quae
4289 4868 4356 4931 in

2418 4955 2540 5018 1100
2597 4973 2937 5036 perperam
2995 4954 3406 5035 excogitatae
3461 4960 3621 5018 sunt
3677 4961 3750 5016 ut
3815 4961 4123 5016 eruerent
4180 4963 4246 5014 et
4290 4954 4357 5015 in

2415 5040 2627 5105 lucem
2664 5040 3030 5121 proferrent
3065 5060 3229 5120 quae
3250 5039 3391 5123 ipse
3417 5039 3626 5104 voluit
3648 5037 4044 5102 abscondita.
4092 5037 4361 5119 Optima

2416 5127 2590 5190 enim
2638 5124 2882 5190 sciendi
2931 5124 3096 5189 ratio
3136 5135 3238 5189 est
3274 5124 3607 5203 sobrietas,
3655 5133 3729 5189 ut
3764 5123 4045 5188 sufficiat
4093 5141 4363 5205 cognos-

2415 5231 2563 5277 cere
2629 5217 2944 5294 quantum
3012 5211 3295 5292 expedit.
3400 5211 3617 5275 Altius
3683 5209 3835 5273 tulit
3891 5208 4188 5272 homines
4239 5230 4360 5274 sua

2415 5296 2651 5375 libide,
2771 5304 2847 5361 ut
2945 5298 3016 5360 in
3117 5297 3629 5380 profundissima
3730 5314 4021 5377 quaeque
4120 5315 4361 5361 arcana

2417 5390 2765 5466 penetrare
2844 5393 3174 5466 cuperent.
3286 5382 3592 5448 Alterum
3672 5401 3831 5445 vero
3910 5378 4080 5461 quod
4151 5382 4357 5464 attigi,
