4867 6150
549 435 680 500 323

544 623 780 689 delicto.
882 622 983 688 18.
1047 622 1223 705 Quod
1276 627 1483 688 autem
1537 630 1816 706 superest
1867 625 1944 692 de
1996 626 2124 691 oleo
2188 624 2351 706 quod
2414 628 2504 689 est

551 709 627 775 in
643 726 841 773 manu
874 709 1027 787 eius,
1051 713 1243 790 ponet
1269 730 1463 791 super
1482 715 1668 792 caput
1692 711 2074 778 mundandi.-
2107 710 2505 794 expiabitque

548 813 691 862 eum
733 795 1021 861 sacerdos
1061 815 1269 861 coram
1305 795 1553 861 Iehova.
1626 795 1726 861 19.
1777 796 1993 862 Faciet
2033 800 2181 863 item
2214 797 2505 862 sacerdos

551 881 912 946 oblationem
942 901 1070 962 pro
1100 885 1350 960 peccato
1365 932 1381 960 ,
1427 883 1906 965 emundabitque
1948 882 2382 949 mundandum
2424 882 2505 947 ab

550 966 961 1032 immunditia
1038 986 1160 1031 sua
1177 1017 1191 1043 ,
1282 972 1339 1031 et
1402 972 1624 1049 postea
1700 968 1993 1035 mactabit
2062 968 2502 1035 holocaustum.

554 1053 658 1119 20.
699 1050 787 1117 Et
820 1052 1143 1118 ascendere
1172 1051 1366 1132 faciet
1397 1055 1683 1120 sacerdos
1703 1053 2122 1120 holocaustum
2144 1059 2202 1120 et
2222 1052 2508 1120 minham

553 1159 747 1221 super
802 1138 1036 1203 altare.-
1100 1137 1494 1221 eoepiabitque
1551 1159 1693 1204 eum
1748 1141 2066 1220 sacerdos,
2121 1145 2177 1206 et
2231 1140 2507 1206 mundus

555 1226 693 1292 erit.
780 1223 884 1289 21.
933 1222 1011 1288 Si
1053 1228 1261 1288 autem
1294 1245 1546 1307 pauper
1583 1225 1797 1308 fuerit,
1841 1231 1899 1292 et
1940 1246 2171 1292 manus
2211 1228 2353 1292 eius
2383 1245 2508 1290 non

545 1311 753 1395 possit
791 1310 1074 1391 assequi,
1139 1314 1269 1374 tum
1312 1311 1573 1393 accipiet
1611 1331 1844 1395 aqnum
1886 1332 2086 1378 unum
2128 1313 2200 1377 in
2241 1311 2507 1377 hostiam

539 1417 667 1480 pro
699 1396 914 1462 delicto
950 1397 1020 1461 in
1062 1395 1455 1461 elevationem
1494 1397 1581 1463 ad
1612 1398 1994 1481 expiandum
2025 1397 2225 1474 illum,
2260 1402 2319 1462 et
2349 1397 2505 1462 deci-

554 1502 726 1549 mam
747 1486 997 1564 partem
1039 1480 1292 1547 similae
1322 1501 1513 1546 unam
1542 1484 1920 1563 permistam
1940 1485 2068 1550 oleo
2102 1504 2226 1569 pro
2267 1482 2506 1562 minha,

556 1570 1022 1649 sextariumque
1063 1566 1199 1631 olei.
1287 1567 1392 1633 22.
1436 1567 1622 1634 Duos
1650 1574 1984 1650 praeterea
2028 1574 2335 1648 tintures,
2395 1572 2510 1634 aut

554 1654 712 1720 duos
748 1652 917 1734 filios
971 1651 1298 1730 columbae,
1344 1655 1747 1753 quodcunque
1793 1654 2248 1737 apprehendere
2283 1655 2510 1737 poterit

555 1758 786 1805 manus
826 1740 997 1805 eius.-
1050 1740 1290 1820 eritque
1332 1759 1500 1805 unus
1540 1740 1610 1805 in
1651 1740 1919 1806 hostiam
1948 1762 2075 1823 pro
2117 1746 2393 1824 peccato,
2453 1744 2507 1805 et

555 1826 717 1892 alter
768 1844 894 1906 pro
955 1823 1316 1891 holocausto.
1420 1824 1522 1891 23.
1594 1826 1947 1909 Afferetque
2011 1849 2085 1894 ea
2140 1832 2348 1893 octavo
2405 1826 2508 1891 die

548 1910 1237 2063 Μῗαὲῗᾶἳῗεῗέἑ
1276 1911 1833 2064 &mm
1894 1913 2016 2065 “2⁰31
2030 1913 2508 2081 mstt‘ssfflm

556 2082 849 2149 sacerdos
903 2101 1138 2166 aqnum
1192 2080 1520 2148 oblationis
1566 2103 1690 2165 pro
1745 2084 1996 2165 delicto,
2048 2090 2105 2150 et
2158 2085 2507 2150 sextarium

558 2168 708 2248 olei,
772 2173 957 2250 atque
1018 2167 1282 2251 ayitabit
1347 2188 1423 2233 ea
1491 2170 1782 2236 sacerdos
1839 2171 2236 2236 elevationem
2297 2189 2507 2235 coram

559 2253 808 2320 Iehova.
875 2253 979 2319 25.
1028 2252 1451 2335 Mactabitque
1484 2275 1721 2354 aynum
1757 2255 2091 2322 oblationis
2110 2276 2236 2338 pro
2270 2256 2505 2333 delicto,

559 2361 636 2407 ac
679 2340 845 2406 tollet
897 2339 1191 2404 sacerdos
1238 2340 1315 2404 de
1366 2342 1672 2440 sanquine
1713 2341 2044 2407 oblationis
2089 2363 2216 2425 pro
2271 2343 2507 2415 delicto.

551 2430 858 2509 ponetque
896 2445 1088 2507 super
1141 2431 1415 2490 tenerum
1472 2428 1657 2492 auris
1708 2428 2059 2493 mundandi
2111 2429 2398 2505 dextrae,
2455 2432 2511 2494 et

559 2532 749 2594 super
777 2511 1070 2594 pollicem
1109 2531 1341 2576 manus
1381 2513 1518 2577 eius
1555 2513 1842 2592 dextrae,
1905 2518 1961 2579 et
1999 2534 2191 2596 super
2221 2513 2510 2595 pollicem

550 2598 738 2683 pedis
779 2599 919 2663 eius
950 2597 1178 2662 dextri.
1247 2597 1349 2662 26.
1399 2597 1500 2664 De
1531 2598 1661 2665 oleo
1694 2618 1933 2681 quoque
1960 2600 2187 2682 fundet
2217 2600 2511 2665 sacerdos

559 2685 634 2750 in
675 2703 932 2749 manum
971 2702 1158 2747 suam
1196 2683 1547 2749 sinistram.
1635 2683 1739 2749 27.
1790 2684 2173 2769 Sparqetque
2214 2685 2508 2750 sacerdos

558 2769 755 2853 diqito
787 2788 903 2835 suo
935 2770 1154 2834 dextro
1185 2769 1263 2835 de
1299 2769 1427 2835 oleo
1461 2769 1624 2852 quod
1655 2774 1747 2836 est
1777 2771 1849 2836 in
1882 2772 2506 2837 manusuasinistra

557 2860 786 2937 septem
859 2854 1101 2920 vicibus
1174 2874 1386 2921 coram
1449 2854 1698 2921 Iehova.
1822 2856 1925 2923 28.
2003 2857 2197 2922 Ponet
2268 2877 2506 2939 quoque

561 2941 849 3007 sacerdos
887 2941 963 3005 de
1005 2940 1132 3005 oleo
1172 2941 1335 3022 quod
1374 2946 1464 3006 est
1502 2942 1573 3006 in
1606 2961 1798 3007 manu
1832 2963 1954 3009 sua
1993 2963 2186 3026 super
2226 2947 2505 3008 tenerum

560 3027 744 3094 auris
777 3026 1158 3095 emundandi
1190 3027 1461 3107 dextrae,
1504 3032 1562 3093 et
1591 3047 1786 3112 super
1805 3029 2094 3112 pollicem
2114 3049 2345 3096 manus
2365 3028 2505 3094 eius

559 3114 841 3194 deoetme,
883 3119 941 3179 et
980 3133 1170 3194 super
1212 3113 1505 3195 pollicem
1542 3115 1735 3194 pedis
1774 3117 1915 3182 eius
1969 3117 2206 3195 dextri,
2262 3118 2335 3182 in
2376 3115 2504 3182 loco

556 3200 893 3283 sanquinis
927 3199 1255 3265 oblationis
1276 3219 1402 3282 pro
1434 3199 1665 3266 delicto.
1723 3200 1827 3267 29.
1862 3202 2036 3283 Quod
2055 3207 2266 3268 autem
2282 3222 2504 3284 super-

562 3290 651 3351 est
690 3286 767 3352 de
809 3285 935 3351 oleo
976 3285 1138 3367 quod
1178 3289 1270 3350 est
1325 3286 1395 3349 in
1434 3306 1634 3352 manu
1671 3289 2046 3364 sacerdotis,
2079 3293 2268 3369 ponet
2314 3308 2505 3369 super

561 3377 754 3452 caput
794 3370 1175 3435 emundandi
1216 3371 1305 3436 ad
1323 3371 1786 3438 ernundandum
1807 3373 1992 3438 illum
2017 3394 2228 3440 coram
2251 3374 2502 3441 Iehova.

563 3457 668 3523 30.
731 3456 949 3522 Faciet
999 3456 1145 3521 item
1199 3476 1396 3521 unum
1453 3458 1531 3523 de
1586 3459 1937 3524 turturibus
1951 3507 1969 3542 ,
2025 3461 2124 3526 vel
2179 3481 2257 3525 ex
2297 3460 2506 3542 pullis

561 3543 1001 3619 columbarum,
1052 3563 1130 3608 ex
1184 3542 1275 3608 iis
1328 3563 1489 3624 quae
1538 3544 2011 3625 apprehenderit
2061 3565 2291 3611 manus
2346 3547 2503 3612 eius.

561 3629 665 3696 31.
730 3628 907 3712 Quod
958 3629 1226 3711 inquam
1281 3627 1789 3730 apprehenderit·
1821 3651 2052 3697 manus
2116 3631 2255 3697 eius
2318 3633 2510 3714 faciet

562 3735 783 3866 'mnizhma
799 3720 1375 3882 prgmundabit’queg
1443 3735 1732 3866 sacerdnbs
1761 3716 2508 3869 mmuliiodlthdutfrtrti‘mcorm

567 3884 815 3953 Iehova.
915 3885 1018 3951 32.
1068 3886 1176 3951 Ita
1229 3891 1320 3951 est
1375 3888 1477 3953 lex
1532 3888 1671 3952 eius
1726 3889 1794 3953 in
1859 3910 1981 3971 quo
2045 3888 2261 3971 fuerat
2305 3890 2508 3973 playa

562 3973 793 4054 leprae,
836 3973 1018 4038 cuius
1057 3992 1288 4038 manus
1328 3994 1452 4038 non
1481 3977 1726 4055 poterat
1743 3974 2203 4056 apprehendere
2242 3976 2507 4041 munda-

560 4061 786 4125 tionem
824 4060 949 4124 sui.
1037 4058 1143 4124 33.
1189 4057 1280 4122 Et
1317 4058 1611 4141 loquutus
1650 4064 1740 4124 est
1781 4060 2012 4125 Iehova
2055 4062 2142 4127 ad
2185 4060 2406 4128 Mosen
2450 4066 2509 4126 et

560 4145 844 4222 Aharon‚
888 4145 1147 4211 dicendo
1162 4167 1181 4206 .·
1237 4143 1339 4209 34.
1395 4145 1599 4226 Quum
1642 4145 1913 4228 inqressi
1959 4146 2214 4228 fueritis
2270 4152 2502 4213 terram

564 4230 902 4314 Ghanaan,
957 4251 1151 4313 quam
1203 4250 1308 4313 eqo
1342 4232 1424 4296 do
1463 4230 1633 4296 vobis
1675 4231 1746 4296 in
1774 4232 2246 4312 possessionem
2304 4239 2361 4299 et
2389 4254 2503 4316 po-

561 4336 743 4383 suero
752 4317 1018 4400 plaqam
1051 4316 1263 4398 leprae
1294 4317 1361 4382 in
1386 4316 1565 4382 domo
1583 4322 1788 4383 terrae
1799 4319 2218 4400 possessionis
2236 4325 2504 4385 vestrae.-

564 4403 667 4469 35.
709 4402 922 4468 Veniet
962 4402 1069 4468 ille
1099 4402 1281 4468 cuius
1322 4403 1441 4468 erit
1481 4403 1719 4479 domus,
1759 4404 2263 4504 renunciabitque
2301 4425 2503 4471 sacer-

563 4489 712 4564 doti,
758 4488 1046 4554 dicendo.-
1109 4489 1437 4571 Tanquam
1479 4489 1680 4572 playa
1732 4488 1950 4572 leprae
2004 4491 2146 4556 visa
2203 4497 2293 4556 est
2344 4491 2504 4556 mihi

563 4577 636 4641 in
677 4575 872 4640 domo.
961 4575 1064 4640 36.
1116 4574 1291 4641 Tunc
1332 4576 1684 4657 praecipiet
1735 4576 2048 4652 sacerdos,
2098 4581 2157 4641 et
2195 4597 2500 4662 expurqa-

563 4661 712 4727 bunt
753 4661 1000 4726 domum
1044 4665 1377 4741 antequam
1419 4661 1813 4744 ingrediatur
1851 4663 2154 4743 sacerdos,
2195 4667 2265 4727 ut
2307 4663 2506 4762 dispi-

562 4748 687 4814 ciat
719 4746 1013 4831 plaqam,
1067 4767 1147 4811 ne
1187 4745 1519 4826 polluatur
1569 4747 1914 4829 quidquam
1967 4749 2132 4830 quod
2183 4748 2268 4814 sit
2318 4751 2387 4814 in
2430 4770 2506 4816 ea

564 4835 775 4901 domo:
818 4838 876 4897 et
902 4838 1126 4913 postea
1181 4832 1570 4915 inyredietur
1619 4835 1907 4900 sacerdos
1963 4834 2051 4900 ad
2100 4835 2508 4934 contemplan-

566 4920 716 4986 dam
757 4920 1024 4986 domum
1109 4917 1215 4983 37.
1269 4917 1444 4984 Tunc
1495 4920 1905 4986 considerabit
1949 4921 2214 5004 plaqam
2263 4923 2509 5001 ipsam.-

567 5012 623 5072 et
663 5007 726 5071 si
775 5005 1028 5087 quidem
1072 5004 1140 5068 in
1169 5003 1371 5086 playa
1421 5023 1579 5085 quae
1620 5011 1712 5072 est
1766 5008 1837 5072 in
1867 5007 2224 5090 parietibus
2267 5008 2507 5085 domus,

564 5092 806 5175 fuerint
843 5091 1214 5170 nioredines,
1253 5089 1610 5172 flavedines,
1653 5091 1750 5156 vel
1783 5093 2145 5158 rubedines:
2198 5097 2258 5156 et
2298 5113 2508 5175 aspec-

565 5182 667 5244 tus
709 5196 928 5243 earum
964 5178 1165 5260 fuerit
1200 5176 1555 5256 depressior
1590 5177 1833 5260 reliquo
1862 5181 2138 5262 pariete.-
2179 5178 2283 5245 38.
2309 5178 2505 5263 Eqre·

565 5266 776 5331 dictur
816 5262 1104 5329 sacerdos
1146 5284 1179 5328 e
1220 5263 1397 5327 domo
1438 5264 1526 5329 ad
1580 5266 1812 5332 ostium
1853 5266 2098 5343 domus,
2157 5270 2215 5331 et
2268 5265 2513 5331 claudet

566 5351 826 5416 domum
858 5353 1084 5432 septem
1123 5349 1360 5414 diebus.
1426 5350 1530 5416 39.
1582 5351 1806 5416 Postea
1847 5356 2182 5416 revertetur
2222 5352 2511 5417 sacerdos

2018 434 2397 502 PRIMUM
2443 435 3091 503 PRAEOEPTUM.

4413 437 4521 502 324

2606 625 2707 690 die
2756 625 3017 707 septimo
3033 672 3049 701 ,
3112 629 3168 690 et
3208 622 3750 705 contemplabitur.-
3808 627 3863 687 et
3905 623 3967 688 si
4011 622 4259 705 quidem
4296 628 4523 691 creverit

2594 711 2799 794 playa
2842 711 2912 775 in
2944 710 3300 792 parietibus
3340 711 3582 786 domus,
3669 709 3774 774 40.
3830 708 4004 774 Tunc
4048 709 4393 789 praecipiet
4435 730 4522 774 sa-

2606 797 2833 868 cerdos,
2883 800 2937 860 et
2980 801 3191 861 eruent
3233 796 3479 877 lapides
3535 796 3606 860 in
3661 795 3888 875 quibus
3934 795 4133 876 fuerit
4180 795 4370 877 playa
4408 796 4520 874 illa,

2596 883 3047 964 proiicientque
3078 882 3224 955 illos
3266 887 3442 946 extra
3476 882 3782 947 civitatem
3801 881 3873 945 in
3913 880 4115 946 locum
4135 881 4526 946 immundum.-

2606 967 2709 1033 41.
2759 967 3030 1034 Domum
3073 973 3281 1032 autem
3317 968 3538 1032 radere
3595 967 3823 1032 iubebit
3864 967 4241 1034 intrinsecus
4274 988 4386 1049 per
4422 969 4525 1032 cir-

2605 1054 2859 1125 cuitum,
2902 1058 2959 1118 et
3001 1053 3312 1134 effundent
3349 1052 3678 1134 pulverem
3729 1072 3909 1135 quem
3963 1052 4314 1118 abraserint
4369 1058 4527 1120 extra

2606 1140 2912 1205 civitatem
2956 1140 3026 1203 in
3069 1139 3273 1204 locum
3327 1139 3738 1205 immundum.
3830 1138 3931 1203 42.
3977 1135 4068 1203 Et
4124 1139 4416 1221 accipient
4449 1139 4528 1204 la-

2598 1225 2785 1306 pides
2848 1224 3011 1290 alios
3073 1245 3225 1307 quos
3283 1230 3577 1306 reponent
3634 1225 3761 1291 loco
3813 1224 4098 1306 lapidum
4149 1224 4425 1299 illorum,
4482 1230 4530 1290 et

2606 1312 2807 1376 lutum
2828 1310 3011 1376 aliud
3032 1312 3292 1392 capient.
3338 1316 3396 1376 et
3415 1309 3884 1392 complanabunt
3903 1311 4173 1376 domum.
4241 1310 4344 1376 43.
4376 1311 4531 1392 Quod

2606 1399 2669 1462 si
2708 1416 2956 1461 reversa
2993 1396 3188 1477 fuerit
3218 1397 3436 1478 playa,
3472 1401 3530 1461 et
3568 1397 3850 1478 effloreat
3891 1397 3961 1461 in
4003 1396 4121 1461 illa
4178 1396 4354 1463 domo
4386 1404 4533 1481 post-

2607 1502 2797 1565 quam
2840 1483 2981 1546 erui
3018 1483 3168 1564 fecit
3207 1482 3469 1565 lapides,
3514 1487 3569 1547 et
3623 1482 3851 1547 abradi
3892 1483 4163 1565 domum,
4209 1487 4266 1547 et
4313 1489 4529 1564 postea·

2608 1588 2798 1650 quam
2842 1567 3103 1634 obducta
3141 1568 3301 1650 fuit.-
3363 1568 3466 1632 44.
3522 1569 3693 1634 Tunc
3729 1568 4113 1652 inyredietur
4153 1569 4449 1645 sacerdos,
4485 1572 4532 1633 et

2606 1654 3058 1720 considerabit.-
3102 1659 3158 1718 et
3198 1655 3259 1719 si
3279 1655 3528 1736 quidem
3550 1656 3808 1719 creverit
3837 1653 4037 1737 playa
4058 1655 4128 1718 in
4148 1654 4343 1732 domo,
4375 1654 4531 1738 lepra

2607 1740 2941 1807 corrodens
2982 1746 3072 1805 est
3114 1741 3184 1804 in
3241 1740 3390 1821 ipsa
3435 1740 3610 1806 domo
3628 1788 3643 1818 ,
3699 1742 4027 1806 immunda
4080 1745 4187 1805 est.
4274 1740 4377 1807 45.
4427 1740 4533 1806 De-

2607 1830 2919 1924 struetque
2959 1827 3230 1902 domum,
3275 1831 3329 1891 et
3370 1825 3615 1907 lapides
3654 1827 3811 1903 eius,
3854 1831 3912 1891 et
3950 1825 4129 1910 liqna
4171 1827 4327 1906 eius,
4369 1832 4535 1908 atque

2609 1913 2974 1978 universum
3018 1911 3216 1977 lutum
3257 1912 3502 1990 domus,
3545 1912 3867 1993 educetque
3909 1917 4087 1977 extra
4129 1914 4438 1978 civitatem
4472 1913 4536 1977 in

2608 1997 2803 2063 boum
2860 1998 3267 2062 immundum.
3371 1997 3662 2079 46.(2211:
3714 2003 3920 2063 autem
3986 1999 4309 2098 inqressus
4359 1999 4538 2081 fuerit

2605 2083 2858 2149 domum
2911 2083 3098 2149 illam
3162 2081 3448 2148 omnibus
3513 2082 3728 2149 diebus
3804 2082 4028 2166 quibus
4091 2085 4349 2150 iusserit
4411 2103 4537 2149 eam

2605 2169 2837 2248 claudi,
2884 2169 3249 2234 immundus
3310 2171 3432 2234 erit
3485 2188 3681 2250 usque
3732 2170 3820 2234 ad
3872 2190 4211 2250 vesperam.
4313 2171 4414 2236 47.
4462 2168 4539 2234 Et

2607 2255 2718 2337 qui
2779 2255 3101 2320 dormierit
3155 2255 3226 2353 in
3279 2275 3353 2355 ea
3410 2256 3625 2334 domo,
3681 2254 3915 2321 lavabit
3965 2257 4328 2322 vestimenta
4395 2276 4538 2322 sua:

2608 2360 2840 2491 Ξιέηιέῖ
2891 2361 3107 2492 wem
3158 2361 3559 2526 inq-ratfredo
3602 2339 3936 2526 ’,fflm
3987 2347 4185 2509 ἕῗεξῆὒ
4233 2362 4541 2495 sam-223.-

2610 2513 3172 2595 contemplatusque
3214 2513 3444 2577 viderit
3480 2532 3600 2578 non
3643 2533 3909 2580 crevisse
3956 2514 4222 2596 plaqam
4281 2517 4350 2580 in
4402 2516 4540 2595 ipsa

2612 2598 2807 2674 domo,
2843 2603 3178 2679 postquam
3224 2599 3372 2678 ipsa
3411 2597 3665 2665 obducta
3706 2599 3868 2681 fuit.-
3909 2600 4211 2666 mundam
4253 2600 4542 2666 iudicabit

2608 2685 2895 2750 sacerdos
2936 2685 3206 2760 domum,
3249 2685 3404 2766 quia
3424 2690 3656 2751 sanata
3698 2686 3783 2750 sit
3800 2684 3997 2768 playa
4020 2685 4154 2752 illa.
4221 2687 4331 2754 49.
4364 2685 4542 2752 Tollet

2608 2771 2821 2852 itaque
2860 2770 2948 2835 ad
2977 2735 3456 2851 purificandam
3497 2770 3747 2837 domum
3777 2770 3939 2837 duos
3966 2792 4287 2857 passeres,
4330 2778 4389 2838 et
4431 2772 4539 2854 liq-

2606 2875 2759 2921 num
2823 2855 3172 2936 cedrinum,
3238 2860 3294 2922 et
3354 2875 3594 2921 coccum
3654 2857 4009 2935 vermiculi,
4074 2864 4131 2923 et
4190 2858 4539 2942 hyssopum.

2608 2940 2709 3007 50.
2783 2941 3201 3024 Mactabitque
3254 2961 3577 3022 passerem
3645 2962 3842 3007 unum
3904 2963 4097 3026 super
4158 2965 4279 3010 vas
4350 2945 4541 3027 fictile,

2607 3046 2798 3109 super
2829 3048 3035 3111 aquas
3087 3029 3283 3094 vivas.
3372 3027 3476 3095 51.
3530 3025 3867 3112 Gapietque
3922 3028 4164 3114 liqnum
4207 3033 4539 3109 cedrinum,

2606 3120 2664 3180 et
2702 3114 3054 3198 hyssopum,
3099 3119 3153 3180 et
3193 3132 3432 3180 coccum
3474 3115 3817 3190 vermiculi,
3861 3121 3918 3181 et
3949 3137 4280 3198 passerem
4322 3120 4538 3195 vivum,

2608 3205 2663 3266 et
2704 3202 2894 3285 tinqet
2932 3200 3051 3266 illa
3092 3202 3166 3266 in
3206 3201 3515 3284 sanquine
3543 3203 3834 3282 passeris
3855 3204 4125 3279 mactati,
4172 3206 4346 3270 etin
4384 3223 4543 3286 aqua

2606 3287 2870 3352 vivente:
2916 3292 3312 3370 asperqetque
3351 3287 3600 3352 domum
3638 3292 3868 3369 septem
3895 3288 4148 3354 vicibus.
4209 3289 4319 3356 52.
4362 3289 4542 3355 Puri-

2603 3372 2932 3472 ficabitque
2985 3373 3234 3438 domum
3290 3372 3472 3438 illam
3525 3374 3834 3456 sanquine
3875 3376 4198 3456 passeris,
4265 3382 4324 3442 et
4384 3395 4544 3459 aqua

2605 3459 2768 3540 viva,
2811 3464 2868 3524 et
2897 3478 3162 3539 passere
3201 3458 3359 3535 vivo,
3404 3457 3455 3521 l
3727 3459 4007 3540 cedrino,
4042 3465 4099 3525 et
4137 3461 4435 3544 hyssopo,
4490 3466 4542 3527 et

2605 3563 2773 3609 cocco
2816 3544 3156 3611 vermiculi.
3245 3542 3351 3609 53.
3401 3544 3629 3610 Postea
3664 3545 3932 3644 dimittet
3960 3566 4288 3629 passerem
4343 3550 4543 3613 vivum

2605 3636 2782 3695 extra
2817 3631 3124 3697 civitatem
3164 3649 3354 3712 super
3391 3630 3622 3711 faciem
3641 3631 3806 3714 ayri,
3837 3631 4261 3716 purqabitque
4282 3635 4541 3712 domum,

2606 3716 3113 3782 etmundaerit.
3202 3715 3306 3781 54.
3353 3715 4275 3803 Istaestlexomnisplaqae
4325 3681 4541 3802 leprae:

2607 3801 3290 3885 etmaculaeniqrae.
3377 3800 3483 3867 55.
3530 3800 4147 3882 Etlepraevestis,
4207 3808 4538 3873 etdomus.

2605 3887 2710 3953 56.
2768 3887 2857 3952 Et
2922 3889 3212 3967 tumoris,
3277 3893 3336 3954 et
3395 3886 3651 3968 scabiei,
3726 3893 3785 3953 et
3845 3889 4166 3957 candentis
4236 3892 4542 3958 maculae:

2605 3974 2709 4040 57.
2755 3974 2865 4039 Ad
2905 3974 3239 4040 docendum
3280 3973 3436 4056 quid
3475 3974 3811 4056 aqendum,
3871 3994 3991 4057 quo
4042 3976 4147 4042 die
4187 3978 4543 4044 immundus

2603 4066 2662 4126 et
2703 4079 2823 4142 quo
2863 4060 2966 4125 die
3005 4060 3277 4126 mundus
3315 4059 3734 4126 declarandus
3774 4065 3880 4126 est.

2770 4230 2830 4296 2.
2879 4229 3052 4297 Ηαεε
3093 4232 3214 4295 erit
3262 4230 3363 4296 lex
3406 4230 3654 4313 leprosi.
3765 4230 3962 4297 Nune
4019 4230 4285 4300 disserit
4341 4235 4549 4301 Moses

2598 4315 2916 4401 quomodo
2961 4317 3228 4401 purgari
3272 4328 3341 4381 et
3382 4316 3640 4386 restitui
3684 4317 3963 4383 debeant
3997 4320 4113 4401 qui
4157 4321 4374 4386 sanati
4418 4320 4550 4385 fue·

2604 4405 2740 4469 rint
2794 4425 2834 4468 a.
2876 4403 3078 4487 lepra.
3165 4402 3509 4468 Hactenus
3576 4403 3793 4469 docuit
3851 4426 4013 4488 quoe
4058 4405 4408 4472 admittere
4451 4405 4550 4470 de-

2603 4492 2753 4556 beat
2795 4489 3097 4555 sacerdos
3152 4489 3222 4553 in
3280 4510 3539 4556 eaerum
3600 4501 3893 4569 ooetum,
3948 4503 4016 4556 et
4056 4494 4232 4557 inter
4278 4490 4550 4558 mundos

2603 4594 2901 4643 eeneere:
2976 4595 3154 4640 nuno
3207 4575 3412 4640 ritum
3477 4576 3874 4658 expiationis
3930 4578 4317 4659 praeseribit
4384 4576 4551 4643 unde

2603 4662 2884 4746 populus
2927 4660 3133 4728 diseat
3168 4670 3570 4745 quantopere
3591 4661 4008 4727 abominetur
4054 4661 4238 4730 Deus
4271 4664 4553 4728 immun·

2605 4747 2853 4827 ditiem,
2920 4767 3116 4848 quam
3151 4747 3406 4812 solenni
3444 4746 3698 4830 piaculo
3748 4747 3879 4811 elui
3923 4746 4131 4813 iubet:
4190 4748 4428 4815 deinde
4481 4756 4554 4813 nt

2605 4841 2921 4919 agnoscat
2972 4834 3078 4916 qui
3125 4844 3399 4899 sanetus
3439 4845 3558 4910 eet,
3603 4832 3920 4916 singulari
3965 4833 4096 4899 Dei
4138 4835 4450 4901 beneficio
4486 4853 4552 4899 ee

2607 4942 2750 4987 esee
2794 4941 2879 4984 ex
2925 4931 3133 4984 morte
3175 4928 3493 5002 ereptum,
3540 4929 3607 4984 et
3646 4918 3720 4982 in
3763 4930 4095 5002 posterum
4139 4920 4223 4986 ad
4266 4920 4550 4987 studium

2608 5005 2910 5089 puritatis
2974 5005 3061 5070 eit
3119 5005 3332 5090 magis
3388 5015 3700 5070 attentus.
3790 5004 3960 5072 Nam
4005 5007 4327 5083 sacrificii,
4388 5003 4549 5090 qnod

2607 5094 2714 5159 hie
2759 5092 3062 5175 exigitur,
3108 5089 3234 5156 duo
3269 5093 3538 5155 fuerunt
3572 5089 3885 5170 membra,
3927 5091 4138 5158 sordis
4180 5091 4449 5168 ablutio,
4493 5099 4552 5156 et

2609 5178 2970 5262 gratiarum
3017 5178 3201 5241 actio.
3312 5174 3586 5259 Semper
3630 5189 3848 5242 autem
3894 5177 4218 5243 tenendus
4261 5193 4367 5245 eet
4408 5178 4549 5243 finis

2608 5264 2723 5328 ille
2780 5282 2972 5344 quem
3033 5261 3333 5345 proximo
3393 5262 3607 5345 eapite
3664 5263 3916 5342 notavi,
3984 5263 4107 5329 hae
4151 5264 4553 5330 caeremonia

2612 5349 2873 5415 edoetoe
2926 5348 3124 5414 fuisse
3177 5347 3546 5427 Israelitae,
3614 5355 3790 5415 eante
3857 5369 4146 5433 pureque
4211 5350 4551 5417 nolendum
