4867 6150
578 446 708 513 679

1186 636 1319 702 EX
1363 635 1667 703 EXODI
1707 636 1943 702 XXII.

759 810 864 877 25.
881 809 926 899 ¹)
992 808 1070 875 Si
1121 809 1461 892 pecuniam
1525 812 1808 874 mutuam
1849 808 2099 875 dederis
2135 807 2370 892 populo
2411 828 2546 876 meo

581 898 867 981 pauperi
921 897 1032 980 qui
1089 900 1180 961 est
1229 901 1446 971 tecum,
1506 915 1630 961 non
1681 895 1811 961 eris
1867 895 1927 962 ei
1968 896 2130 962 sicut
2169 896 2548 963 usurarius.-

592 1003 721 1056 non
755 983 1085 1064 imponetis
1126 981 1187 1047 ei
1226 1001 1511 1048 usuram.

1175 1339 1310 1409 Ex
1353 1341 1539 1407 LEV
1549 1342 1661 1409 1‘1'.
1707 1339 1937 1409 XXV.

758 1511 861 1580 35.
905 1511 984 1578 Si
1009 1517 1369 1579 attenuatas
1397 1511 1594 1596 fuerit
1632 1513 1833 1596 frater
1864 1518 2033 1593 tuus,
2070 1519 2127 1579 et
2156 1513 2545 1581 vacillaverit

585 1619 817 1664 manus
871 1600 1011 1666 eius
1063 1599 1238 1680 apud
1294 1603 1380 1683 te,
1436 1598 1661 1681 fulcies
1678 1599 1732 1686 ²)
1793 1599 2006 1665 illum:
2034 1601 2445 1684 pereyrinum
2487 1606 2545 1666 et

589 1686 896 1751 advenam
911 1709 932 1751 .·
988 1690 1044 1750 et
1097 1685 1258 1750 vivet
1317 1690 1529 1751 tecum.
1620 1685 1724 1751 36.
1775 1686 1924 1750 Non
1964 1688 2234 1768 accipies
2276 1707 2544 1753 usuram

581 1770 663 1836 ab
705 1792 773 1837 eo
813 1776 872 1837 et
914 1776 1309 1855 auymentum
1349 1771 1458 1836 sed
1500 1771 1744 1837 timebis
1764 1771 1978 1839 Deum
2018 1777 2225 1838 tuum,-
2266 1774 2543 1855 vivetque

573 1856 782 1940 frater
824 1859 998 1938 apud
1028 1862 1102 1922 te.
1191 1856 1297 1921 37.
1347 1855 1692 1922 Pecuniam
1746 1863 1923 1922 tuam
1963 1879 2084 1924 non
2128 1857 2310 1924 dabis
2352 1860 2414 1924 ei
2455 1859 2543 1925 ad

583 1963 871 2021 usuram,
909 1963 1020 2008 nec
1051 1963 1192 2008 cum
1228 1949 1549 2026 auymento
1582 1943 1765 2009 dabis
1798 1964 2000 2010 escam
2031 1949 2225 2010 tuam.
2272 1944 2376 2010 38.
2401 1942 2542 2028 Eyo

586 2028 820 2096 Iehova
878 2027 1058 2095 Deus
1110 2034 1306 2094 vester
1363 2030 1476 2112 qui
1536 2029 1726 2095 edu-vi
1766 2049 1875 2095 vos
1915 2030 1992 2096 de
2035 2035 2208 2097 terra
2248 2030 2540 2115 Aeyypti,

576 2120 649 2267 ¹103
700 2115 919 2181 darem
974 2113 1148 2181 vobis
1202 2120 1436 2181 terram
1494 2113 1799 2181 Ghanaan
1816 2167 1830 2193 ‚
1887 2135 1961 2181 ac
2016 2136 2210 2182 essem
2251 2117 2425 2184 vobis
2468 2117 2537 2182 in

648 2220 804 2266 eum.

1179 2542 1314 2607 EX
1356 2541 1628 2609 DEUT.
1674 2542 1947 2610 xxm.

758 2711 857 2778 19.
881 2709 936 2811 Β)
991 2713 1136 2779 Νοη
1184 2712 1533 2794 foenerabis
1572 2712 1772 2797 fratri
1812 2720 1917 2781 tuo
1955 2716 2178 2798 foenus
2206 2719 2536 2800 pecuniae,

577 2797 801 2880 foenus
861 2797 984 2864 cibi
997 2851 1013 2877 ,
1076 2800 1297 2882 foenus
1356 2801 1780 2882 cuiuscunque
1847 2803 1942 2867 rei
2005 2803 2076 2867 in
2127 2823 2256 2886 qua
2309 2806 2535 2886 foenus

582 2889 917 2950 exercetur.
1028 2885 1132 2951 20.
1201 2883 1527 2951 Extraneo
1595 2887 1975 2973 foenerabis,
2045 2910 2119 2955 ac
2177 2891 2376 2970 fratri
2431 2894 2535 2957 tuo

582 2989 706 3036 non
759 2970 1139 3051 foenerabis.-
1192 2976 1263 3036 ut
1317 2972 1633 3039 benedicat
1684 2973 1798 3039 tibi
1855 2972 2086 3040 Iehova
2143 2974 2327 3041 Deus
2385 2981 2535 3042 taus

576 3056 651 3122 in
709 3058 881 3123 omni
935 3058 1353 3142 applicatione
1405 3080 1635 3125 manus
1686 3064 1832 3127 tuae
1894 3082 2087 3145 super
2143 3067 2380 3130 terram
2444 3063 2532 3131 aa

572 3163 767 3225 quam
810 3145 1179 3228 inm-ederis,
1219 3149 1293 3210 ut
1322 3147 1662 3227 possideas
1704 3168 1861 3213 eam.

749 3314 879 3380 His
902 3315 1058 3381 locis
1083 3314 1392 3381 docemur
1413 3338 1550 3382 non
1587 3318 1888 3385 sufficere
1923 3319 1981 3386 si
2016 3320 2162 3403 quis
2197 3320 2280 3385 ab
2316 3320 2533 3389 alieno

576 3398 700 3467 sibi
745 3411 1098 3484 temperet,
1144 3402 1271 3466 nisi
1315 3402 1537 3487 vigeat
1580 3402 1989 3486 humanitaS,
2049 3418 2117 3472 et
2161 3408 2527 3474 misericor-

576 3486 687 3551 dia
743 3487 826 3552 ad
872 3509 1193 3570 pauperes·
1237 3486 1696 3556 sublevandos.
1786 3490 2117 3558 Viderunt
2160 3494 2227 3557 id
2271 3515 2529 3578 quoque

575 3573 836 3656 profani
889 3576 1273 3656 scriptores,
1331 3573 1488 3642 licet
1545 3597 1678 3642 non
1739 3578 1900 3644 satis
1959 3577 2266 3646 dilucide:
2325 3602 2525 3663 quum

577 3679 808 3725 omnes
864 3658 1206 3724 hominum
1265 3682 1465 3727 causa.
1521 3663 1728 3745 geniti
1773 3664 1939 3744 sint,
1997 3687 2134 3731 non
2178 3676 2356 3733 recte
2399 3667 2525 3734 coli

577 3746 751 3811 vitae
794 3748 1354 3825 communitatem,
1400 3749 1530 3813 nisi
1573 3750 1746 3814 inter
1789 3771 1860 3816 se
1902 3750 2121 3818 officia
2161 3752 2523 3818 conferant.

574 3830 779 3914 Ergo,
825 3852 911 3895 ne
955 3832 1288 3914 proximos
1331 3832 1724 3913 fraudemus,
1770 3846 1965 3919 atque
2007 3838 2102 3902 ita
2144 3850 2530 3923 reputemur

579 3937 801 3982 coram
853 3915 997 3982 Deo
1053 3919 1267 3996 fures,
1323 3918 1652 3985 discamus
1710 3920 1926 4004 quoad
1983 3924 2152 3989 feret
2211 3926 2529 4009 cuiusque

576 4002 874 4078 facultas,
922 4003 993 4067 in
1039 4024 1149 4068 eos
1194 4004 1304 4087 qui
1350 4026 1471 4088 ope
1516 4017 1745 4073 nostra
1784 4008 2104 4092 indigent,
2148 4032 2292 4077 esse
2335 4009 2529 4078 bene-

573 4090 701 4154 fici.
792 4089 961 4154 Pars
1015 4089 1190 4154 enim
1235 4090 1523 4156 iustitiae
1568 4108 1668 4157 est
1710 4093 2091 4175 liberalitas,
2137 4096 2247 4161 ubi
2292 4098 2529 4163 merito

575 4176 858 4241 iniustus
916 4177 1166 4240 censeri
1224 4175 1454 4241 debeat
1488 4180 1607 4261 qui
1650 4180 1926 4244 fratrum
1975 4183 2350 4247 necessitati
2393 4205 2527 4249 non

576 4263 902 4326 succurrit
959 4262 1070 4326 ubi
1127 4272 1360 4345 potest.
1451 4263 1604 4330 Huc
1657 4267 1944 4348 pertinet
1988 4266 2358 4335 Solomonis
2413 4292 2527 4335 ex-

576 4345 861 4411 hortatio
903 4346 1128 4433 (Prov.
1175 4347 1236 4425 5,
1284 4347 1426 4435 15),
1485 4361 1559 4414 ut
1615 4349 1913 4417 bibamus
1971 4375 2206 4437 aquam
2251 4377 2288 4421 e
2330 4355 2529 4420 fonti·

580 4430 704 4496 bus
748 4435 1010 4513 nostris,
1056 4444 1122 4499 et
1166 4434 1549 4500 deriventur
1591 4435 1721 4503 rivi
1766 4438 1849 4503 ad
1894 4440 2246 4523 proximos.
2336 4442 2528 4508 Post-

581 4538 778 4600 quam
836 4520 1008 4583 enim
1054 4520 1248 4586 iussit
1291 4521 1590 4605 singulos
1632 4543 1752 4589 suo
1799 4537 2137 4591 contentos
2181 4549 2352 4608 esse,
2409 4550 2532 4594 nec

578 4602 832 4685 copiam
890 4618 1192 4688 appetere
1255 4629 1339 4672 ex
1397 4608 1673 4674 aliorum
1732 4609 2108 4695 dispendio,
2169 4615 2367 4681 simul
2413 4616 2530 4680 ad·

576 4690 827 4774 iungit,
887 4712 1016 4754 non
1077 4703 1249 4758 recte
1294 4696 1432 4760 suis
1475 4694 1781 4777 operibus
1830 4697 1961 4762 frui
2005 4700 2118 4781 qui
2173 4701 2530 4781 abundant,

582 4775 708 4841 nisi
777 4795 929 4874 cum
994 4779 1393 4875 pauperibus
1459 4784 1942 4847 communicent
2024 4785 2105 4850 ad
2181 4786 2527 4854 levandam

581 4883 809 4927 eorum
888 4881 1198 4945 inopiam.

576 4959 646 5011 et
744 4969 992 5030 pauper
1009 4998 1024 5027 ,

2347 4872 2532 4940 dives

2022 4957 2177 5023 dicit
2264 4957 2532 5026 Solomo

1312 4863 1467 4930 Ideo
1536 4869 1707 4932 enim
1803 4870 2069 4935 obviant
2142 4872 2266 4939 sibi

1129 4950 1676 5031 quemadmodum
1764 4954 1920 5019 alibi

747 5223 810 5429 ἐξ
843 5221 1228 5358 ΙΙῙηὼοὲοὲξιῗηεε
1263 5295 1368 5361 vel,
1406 5295 1802 5365 Apprehendes
1837 5305 1899 5353 ut
1932 5303 2217 5358 sustineas.

749 5362 785 5415 3
846 5361 1014 5416 Hebr.
1051 5361 1136 5417 20.
1172 5362 1256 5417 21.

2036 445 2495 521 OCTAVUM
2539 444 3187 514 PRAEOEP'I'UM.

4452 446 4561 514 680

2648 632 2872 786 (ξιον.
2919 635 3024 714 22,
3090 632 3191 722 2),
3258 642 3330 699 et
3393 635 3689 718 utrisque
3754 634 4119 702 communis
4184 642 4283 700 est
4342 642 4562 702 creator

2718 742 2853 788 eus.

2822 806 3039 873 Exodi
3085 806 3189 883 22,
3235 804 3340 873 25.
3408 804 3484 872 Si
3519 806 3876 888 pecuniam
3946 804 4026 869 In
4072 807 4322 872 ratione
4374 816 4563 872 mutu-

2649 891 2803 958 andi
2863 894 3152 959 maxime
3207 894 3435 977 vigere
3494 889 3684 957 debet
3746 892 4157 968 humanitas,
4216 894 4564 976 praesertim

2648 978 2758 1044 ubi
2801 980 2947 1062 quis
2983 977 3063 1043 ad
3110 990 3407 1044 extrema
3448 976 3773 1055 redactus,
3821 978 4051 1042 divitis*
4093 977 4564 1045 misericordiam

2646 1065 2975 1148 implorat.
3078 1064 3266 1130 Haec
3338 1064 3513 1130 enim
3596 1085 3754 1129 vera
3816 1064 4078 1129 demum
4139 1075 4239 1129 cst
4310 1065 4575 1131 caritatis

2644 1150 2962 1233 probati0‚
2998 1151 3111 1217 ubi
3147 1149 3507 1217 secundum
3545 1149 3797 1216 Christi
3886 1162 4256 1233 raeceptum
4299 1149 4476 1236 (Luc.
4518 1150 4569 1230 6,

2645 1234 2757 1325 34)
2780 1238 3020 1321 absque
3050 1258 3163 1320 spe
3185 1245 3487 1302 mutuum
3514 1233 3764 1302 damus.
3896 1257 3981 1301 on
4004 1236 4142 1321 agit
4174 1235 4411 1303 illic'de
4435 1256 4568 1301 usu·

2645 1325 2757 1399 ris,
2796 1337 2873 1388 ut
2908 1323 3073 1387 falso
3108 1333 3448 1407 putarunt,
3492 1341 3568 1388 ac
3604 1322 3659 1387 si
3690 1322 3897 1408 gratis
3924 1330 3989 1387 et
4033 1322 4176 1388 sine
4217 1343 4333 1407 spe
4366 1341 4569 1405 quaes-

2646 1418 2752 1475 tus
2810 1420 3108 1477 mutuum
3156 1406 3311 1473 dare
3369 1407 3640 1474 iuberet.
3731 1406 3863 1474 Sed
3923 1409 4078 1492 quia
4120 1416 4197 1473 ut
4238 1408 4569 1493 plurimum

2646 1495 3012 1560 mutuando
3055 1503 3357 1578 captatur
3392 1494 3654 1577 privata
3688 1493 3954 1570 utilitas,
3991 1492 4264 1579 ideoque
4285 1493 4569 1579 neglectis

2645 1580 3039 1665 pauperibus
3075 1581 3462 1647 beneficium
3509 1601 3643 1645 non
3689 1581 3976 1646 locamus
4035 1580 4163 1645 nisi
4210 1581 4382 1665 apud
4424 1580 4568 1645 divi·

2646 1676 2777 1744 tes,
2845 1666 3022 1732 unde
3087 1674 3391 1750 speratur
3457 1665 3679 1749 aliqua
3742 1666 4216 1751 compensatio:
4288 1666 4570 1731 admonet

2646 1751 2992 1834 Christus,
3037 1754 3094 1818 si
3140 1752 3418 1818 divitum
3466 1752 3745 1837 gratiam
3784 1772 4121 1834 venamur,
4168 1752 4422 1818 nullum
4463 1751 4571 1817 hoc

2644 1840 2838 1904 modo
2878 1860 3000 1905 nos
3050 1839 3383 1923 specimen
3433 1840 3727 1904 caritatis
3760 1849 3827 1903 et
3862 1839 4346 1904 misericordiae
4380 1837 4568 1903 edere.

2643 1923 2932 2008 Ideoque
2969 1925 3165 1991 aliam
3202 1924 3572 2009 largitionis
3608 1924 3948 1989 materiam
3987 1926 4295 2009 proponit
4327 1926 4392 1991 in
4430 1944 4569 2007 pau—

2644 2011 2913 2094 peribus
2957 2009 3291 2090 iuvandis,
3349 2031 3517 2094 quae
3560 2010 3755 2094 plane
3799 2012 4088 2094 gratuita
4130 2020 4266 2077 est:
4313 2032 4443 2075 non
4481 2029 4571 2075 so·

2643 2097 2781 2162 lum
2840 2098 2992 2180 quia
3057 2118 3198 2162 sors
3263 2095 3701 2180 periclitatur,
3762 2095 3877 2160 sed
3931 2097 4086 2180 quia
4142 2098 4329 2180 paria
4381 2097 4570 2161 facere

2643 2194 2993 2267 nequeunt.
3090 2184 3460 2265 Antequam
3517 2191 3737 2247 tamen
3785 2180 3867 2246 ad
3925 2203 4159 2248 usuras
4220 2181 4569 2258 descendat,

2642 2280 3002 2353 egestatem
3063 2289 3138 2334 ac
3199 2269 3532 2335 miseriam
3594 2268 3882 2352 profert,
3939 2288 4069 2351 qua
4110 2269 4463 2335 flectantur
4501 2268 4570 2331 ad

2640 2355 3158 2421 misericordiam
3223 2355 3444 2420 animi.
3535 2353 3610 2420 Si
3657 2356 3968 2438 pauperie
4027 2355 4173 2436 quis
4232 2363 4569 2440 prematur,

2640 2442 2828 2508 iubet
2884 2442 3028 2508 eius
3088 2440 3461 2507 necessitati
3504 2441 3815 2507 succurri.
3906 2439 4138 2506 Utitur
4192 2450 4414 2506 tamen
4452 2460 4569 2504 me-

2640 2526 2937 2612 taphora,
2975 2534 3050 2592 ut
3071 2528 3183 2609 qui
3219 2525 3522 2611 trepidat,
3561 2527 3921 2605 roboretur,
3959 2527 4147 2609 quasi
4183 2525 4572 2611 apprehensa

2638 2634 2861 2679 manu.
2933 2612 3124 2695 Quod
3163 2614 3462 2695 sequitur
3498 2612 3577 2678 de
3623 2613 3975 2696 peregrino
4021 2621 4087 2677 et
4128 2613 4405 2693 advena,
4442 2631 4571 2677 meo

2638 2698 2879 2766 iudicio
2936 2699 3294 2782 amplificat
3352 2697 3463 2766 vel
3507 2698 3805 2764 extendit
3860 2701 4265 2780 superiorem
4335 2709 4571 2764 senten-

2638 2786 2832 2851 tiam:
2892 2805 2968 2852 ac
3011 2787 3067 2849 si
3111 2783 3374 2861 diceret,
3419 2784 3678 2866 quando
3722 2805 3806 2848 ne
3851 2782 4122 2848 advenis
4165 2783 4430 2867 quidem
4472 2804 4569 2847 ne-

2636 2869 2855 2955 ganda
2912 2879 3011 2937 est
3069 2871 3478 2949 humanitas,
3536 2870 3747 2935 multo
3805 2870 4017 2953 magis
4058 2870 4403 2936 ferendam
4447 2890 4570 2935 esse

2635 2978 2825 3040 opem
2864 2957 3193 3023 fratribus.
3279 2955 3342 3020 N
3346 2976 3454 3021 am
3496 2977 3696 3039 quum
3742 2954 3955 3021 voluit
3996 2953 4181 3022 Deus
4227 2956 4570 3041 peregrinis

2635 3041 3104 3109 habitationem
3170 3040 3474 3121 concedi,
3547 3062 3665 3125 pro
3722 3042 3866 3107 iure
3930 3040 4237 3126 hospitali
4308 3044 4570 3128 benigne

2636 3129 2967 3195 tractandi
3024 3131 3324 3196 fuerunt:
3383 3129 3611 3196 vivere
3663 3128 3841 3193 enim
3887 3126 4084 3193 datur
4125 3131 4395 3209 exteris,
4431 3129 4568 3195 dum

2636 3236 2843 3299 aequa
2885 3224 2954 3281 et
2996 3215 3357 3280 tolerabilis
3400 3215 3807 3299 permittitur
3849 3214 4154 3280 conditio.
4236 3218 4456 3300 Atque
4491 3215 4572 3280 ita

2635 3301 2895 3384 oblique
2929 3300 3301 3367 subindicat
3335 3301 3536 3377 Deus,
3572 3299 3814 3385 expelli
3860 3308 3926 3365 et
3968 3297 4143 3386 abigi
4188 3303 4465 3368 miseros
4497 3320 4570 3366 ne

2638 3388 2893 3472 vivant,
2931 3388 2987 3452 si
3022 3388 3284 3453 iniustis
3327 3385 3635 3452 oneribus
3679 3397 4090 3469 premuntur.
4155 3387 4351 3455 Haec
4390 3389 4570 3472 igitur

2637 3493 2897 3539 summa
2931 3481 3033 3538 est
3067 3473 3318 3557 primae
3362 3473 3747 3550 sententiae,
3793 3482 3871 3537 ut
3912 3470 4099 3539 dives
4144 3474 4252 3538 cui
4302 3473 4571 3558 suppetit

2636 3558 2933 3638 facultas,
2977 3579 3327 3641 pauperem
3368 3557 3731 3641 collapsum
3779 3556 4164 3642 opitulando
4208 3562 4438 3645 erigat,
4479 3558 4567 3626 vel

2637 3655 2983 3710 nutantem
3052 3647 3412 3711 confirmet.
3519 3643 3806 3710 Additur
3874 3655 4300 3729 praeceptum
4377 3656 4570 3711 mutu·

2633 3730 2789 3796 andi
2855 3731 3096 3814 absque
3153 3731 3416 3796 foenore
3440 3782 3456 3809 ,
3515 3729 3687 3814 quod
3744 3732 4011 3797 tametsi
4066 3732 4410 3815 politicum
4465 3738 4567 3809 est,

2633 3815 2876 3901 pendet
2940 3827 3161 3880 tamen
3228 3839 3312 3882 ex
3369 3815 3668 3883 caritatis
3724 3816 3986 3901 regula:
4052 3818 4206 3900 quia
4263 3819 4410 3885 fieri
4466 3817 4566 3884 vix

2633 3909 2850 3986 potest
2895 3903 3055 3985 quin
3102 3903 3384 3968 foenoris
3425 3903 3770 3968 exactione
3812 3902 4300 3970 exhauriantur
4345 3906 4567 3987 inopes,

2632 3997 2701 4053 et
2744 4009 2945 4072 prope
2989 4000 3348 4073 exsugatur
3392 4009 3616 4054 eorum
3663 3988 3950 4072 sanguis.
4016 3987 4155 4055 Nec
4178 4011 4341 4056 vero
4385 3991 4567 4057 alium

2633 4075 2830 4140 finem
2892 4075 3183 4158 respexit
3239 4073 3424 4139 Deus
3482 4095 3675 4158 quam
3736 4083 3813 4139 ut
3875 4082 4107 4140 mutuo
4151 4076 4416 4160 vigeret
4456 4078 4565 4140 fra·

2634 4173 2825 4227 terna
2860 4160 3123 4225 dilectio
3159 4159 3333 4242 apud
3367 4159 3727 4226 Israelitas.
3794 4160 3987 4225 Hanc
4022 4161 4288 4243 quidem
4326 4162 4568 4247 politiae

2633 4246 2933 4312 iudaicae
2971 4246 3169 4311 fuisse
3210 4257 3468 4330 partem
3514 4246 3737 4330 liquet,
3784 4246 3940 4329 quia
3983 4248 4393 4329 permittitur
4434 4268 4568 4331 gen-

2635 4333 2812 4397 tibus
2868 4332 3227 4397 foenerari:
3285 4331 3458 4414 quod
3504 4333 3854 4396 discrimen
3894 4330 4002 4397 lex
4047 4334 4413 4414 spiritualis
4453 4354 4567 4398 non

2635 4416 2941 4483 admittit.
3031 4419 3379 4483 Caeterum
3430 4419 3525 4484 ita
3568 4419 3954 4502 abrogatum
4014 4436 4114 4483 est
4180 4419 4289 4486 ius
4330 4420 4567 4486 forense

2634 4505 2805 4588 quod
2872 4505 3081 4569 veteri
3148 4504 3383 4589 populo
3450 4505 3634 4571 Deus
3701 4505 4155 4588 praescripsit,
4225 4516 4307 4571 ut
4366 4515 4565 4572 tamen

2633 4600 2902 4656 maneat
2968 4589 3140 4673 quod
3209 4590 3411 4657 dictat
3475 4589 3745 4667 caritas,
3820 4609 3954 4656 non
4013 4611 4156 4656 esse
4214 4590 4567 4677 gravandus

2633 4676 2874 4741 fratres
2916 4677 3027 4760 qui
3074 4684 3302 4742 nostra
3344 4697 3466 4759 ope
3507 4676 3829 4760 indigent.
3918 4676 4128 4743 Porro
4214 4678 4326 4743 uia
4370 4676 4569 4742 diruta

2634 4773 2737 4827 est
2780 4763 3064 4827 maceria
3114 4784 3241 4845 qua
3284 4762 3438 4827 olim
3486 4761 4029 4828 discernebantur
4072 4698 4301 4829 Iudlaei
4346 4785 4386 4830 a
4426 4782 4567 4847 gen·

2634 4844 2844 4926 tibus,
2904 4850 3071 4912 ratio
3133 4857 3358 4913 nostra
3415 4847 3607 4912 hodie
3653 4846 3916 4915 diversa
3959 4856 4088 4915 est:
4136 4848 4407 4933 ideoque
4446 4858 4564 4913 tam
4618 4857 4621 4858 ’

2633 4934 2702 4997 in
2765 4932 3031 4999 foenore
3086 4954 3284 5018 quam
3328 4935 3397 4998 in
3442 4933 3591 4998 aliis
3637 4933 4143 5018 expilationibus
4187 4934 4565 5018 parcendum

2634 5031 2734 5083 est
2817 5019 3122 5085 omnibus
3187 5019 3332 5084 sine
3398 5019 3812 5103 exceptione,
3881 5030 3949 5086 et
4011 5041 4171 5105 erga
4236 5030 4564 5087 extraneos

2635 5124 2893 5188 quoque
2930 5105 3253 5171 servanda
3290 5105 3604 5188 aequitas.
3672 5106 3970 5172 Primum
4010 5107 4268 5191 quidem
4306 5106 4563 5191 gradum

2632 5188 2932 5255 obtinent
2966 5190 3306 5256 domestici
3362 5191 3513 5256 fidei
3571 5189 3795 5279 (sicuti
3831 5193 4083 5259 Paulus
4118 5191 4299 5258 iubet
4340 5190 4560 5276 peculi·

2633 5277 2835 5340 ariter
2876 5275 3007 5342 illis
3053 5275 3433 5343 benefacere
3479 5276 3656 5358 [Gal.
3695 5278 3756 5359 6,
3805 5276 3981 5366 10]):
4028 5277 4316 5363 postulat
4360 5289 4555 5344 tamen

2631 5361 2997 5466 communis
3074 5362 3335 5447 generis
3401 5363 3672 5429 humani
3737 5367 4042 5442 societas,
4117 5385 4203 5430 ne
4265 5363 4558 5429 ditescere
