4867 6150
523 404 664 471 ⁷683

533 591 729 659 hodie
765 611 895 656 non
933 608 1076 654 esse
1120 586 1400 664 illicitas,
1446 584 1572 651 nisi
1617 595 1939 670 quatenus
1981 607 2133 653 cum
2178 584 2507 669 aequitate

535 687 603 744 et
638 679 925 744 fraterna
961 673 1416 741 coniunctione
1451 682 1773 756 pugnant.
1841 672 1950 738 Ita
1984 694 2053 739 se
2099 672 2374 756 quisque
2418 667 2504 736 ad

533 763 664 831 Dei
699 761 990 828 tribunal
1026 760 1234 837 sistat,
1274 779 1392 825 nec
1428 758 1728 843 proximo
1763 780 1881 824 suo
1925 759 2123 825 faciat
2163 758 2335 842 quod
2380 756 2505 823 sibi

534 849 681 918 fieri
740 848 972 913 nollet:
1017 844 1194 911 unde
1237 854 1420 909 certa
1463 853 1531 909 et
1573 864 1741 928 quae
1788 866 2121 929 nunquam
2162 843 2346 909 fallet
2388 842 2503 909 de-

535 936 748 1004 finitio
772 933 941 1000 sumi
963 932 1225 1016 poterit.
1292 930 1558 996 Foenus
1600 929 1865 1013 quidem
1918 951 2249 1008 exercere,
2298 950 2504 1014 quum

534 1024 712 1089 inter
764 1019 1103 1104 pudendos
1161 1027 1229 1083 et
1272 1024 1499 1100 turpes
1539 1025 1847 1100 quaestus
1892 1015 2204 1083 duxerint
2246 1016 2504 1101 profani

535 1109 919 1191 scriptores,
986 1103 1194 1170 multo
1266 1103 1489 1168 minus
1546 1102 1887 1168 tolerabile
1945 1112 2049 1169 est
2101 1105 2276 1168 inter
2331 1102 2504 1168 filios

535 1194 699 1263 Dei:
768 1192 881 1258 sed
947 1187 1207 1274 quando
1272 1199 1338 1254 et
1403 1183 1738 1274 quousqu'e
1805 1211 2074 1254 usuram
2133 1211 2216 1255 ex
2272 1196 2504 1254 mutuo

535 1280 873 1365 percipere
946 1276 1181 1357 liceat,
1236 1274 1475 1340 melius
1531 1274 1933 1357 praescribet
1989 1275 2099 1340 lex
2155 1274 2504 1359 aequitatis

535 1386 736 1450 quam
790 1365 1028 1447 longae
1087 1360 1579 1445 disputationes.
1672 1360 1735 1425 N
1741 1382 1865 1427 unc
1926 1360 2128 1428 verba
2172 1359 2503 1444 expenda-

534 1474 706 1518 mus.
773 1450 999 1516 Primo
1025 1448 1166 1513 loco
1200 1447 1312 1512 ubi
1337 1447 1672 1526 vertimus,
1714 1446 1866 1512 Non
1896 1448 2027 1513 eris
2070 1448 2239 1514 sicut
2280 1448 2503 1512 foene-

535 1549 736 1617 rator,
781 1538 852 1600 in
895 1555 1053 1602 voce
1097 1532 1429 1600 Hebraica
1470 1545 1605 1601 nv)
1667 1533 1885 1616 aliqua
1929 1542 2033 1598 est
2076 1533 2502 1618 ambiguitas:

525 1625 695 1710 quia
760 1622 1032 1688 verbum
1097 1632 1233 1688 ΠΨ)
1299 1617 1630 1683 interdum
1711 1619 2108 1702 generaliter
2188 1619 2505 1702 accipitur

537 1732 658 1796 pro
717 1722 1024 1774 mutuum
1084 1705 1272 1785 dare,
1330 1704 1572 1788 absque
1630 1704 1902 1771 sinistra
1959 1713 2145 1772 nota:
2192 1705 2299 1772 hic
2343 1725 2507 1772 vero

540 1796 809 1863 dubium
836 1813 971 1858 non
1003 1801 1103 1858 est
1131 1791 1288 1876 quin
1312 1813 1431 1875 pro
1456 1791 1863 1857 foeneratore
1885 1803 2202 1868 sumatur,
2247 1791 2359 1874 qui
2383 1790 2505 1855 mi·

537 1903 719 1949 seros
754 1878 1036 1946 arrodit:
1076 1875 1625 1962 quemadmodum
1665 1886 1733 1942 et
1765 1877 1837 1942 in
1861 1877 2125 1945 Psalmo
2162 1877 2337 1965 (109,
2361 1875 2507 1963 11):

537 1968 860 2052 Illaqueet
896 1965 1265 2029 foenerator
1316 1962 1536 2029 omnia
1581 1983 1747 2046 quae
1782 1973 1940 2030 sunt
1983 1966 2143 2032 eius.
2226 1963 2508 2031 Summa

537 2062 659 2134 set,
704 2052 1060 2118 liberaliter
1113 2048 1435 2115 iuvandos
1479 2069 1624 2115 esse
1668 2070 2008 2134 pauperes,
2055 2070 2177 2116 neo
2220 2071 2508 2135 gravan-

539 2140 659 2207 dos
715 2157 857 2204 esse
915 2135 1100 2202 duris
1155 2134 1623 2201 exactionibus.
1709 2135 1942 2220 Itaque
2000 2137 2314 2203 continuo
2356 2142 2511 2219 post

536 2222 992 2309 explicationis
1070 2240 1269 2288 causa
1354 2219 1570 2286 addit:
1659 2220 1762 2286 Ne
1836 2223 2066 2289 foenus
2142 2223 2505 2305 imponant.

538 2312 762 2394 Quum
807 2309 1049 2376 iterum
1095 2306 1368 2389 repetit:
1415 2305 1491 2372 Si
1515 2315 1896 2373 attenuatus
1943 2319 2086 2387 etc„
2109 2307 2408 2375 videmus
2430 2317 2510 2374 ιιι

585 2416 905 2482 auperum
940 2393 1110 2459 ratio
1144 2390 1384 2476 ubique
1416 2391 1766 2459 habeatur:
1802 2395 1959 2477 quia
2000 2395 2124 2461 etsi
2169 2393 2507 2461 interdum

565 2482 917 2550 oenoribus
988 2478 1478 2544 exhauriuntur
1546 2479 1660 2561 qui
1728 2479 2078 2547 latifundia
2148 2480 2507 2566 possident,

537 2570 737 2657 (sicut
795 2565 951 2632 dicit
996 2564 1229 2631 Cicero
1257 2562 1303 2652 ¹)
1345 2562 1657 2648 quosdam
1705 2565 1811 2631 sui
1853 2567 2170 2650 temporis
2213 2568 2508 2632 luxurio-

544 2677 651 2723 sos
698 2676 773 2720 ac
816 2651 1125 2737 prodigos
1168 2671 1318 2716 cum
1365 2650 1586 2717 usuris
1630 2660 1915 2718 certasse
1959 2651 2279 2720 fructibus
2323 2674 2511 2737 prae-

533 2741 827 2808 diorum:
869 2738 1027 2821 quia
1060 2756 1288 2802 omnes
1331 2756 1558 2802 eorum
1606 2747 1959 2819 proventus
2006 2739 2324 2805 vorabant
2365 2759 2509 2805 cre-

538 2827 785 2893 ditores
801 2822 846 2912 t)
891 2822 1078 2908 digni
1119 2832 1338 2888 tamen
1386 2822 1833 2889 misericordia
1874 2824 2146 2892 fuerunt
2187 2826 2310 2891 soli
2351 2845 2510 2909 pau-

536 2934 761 2998 peres,
828 2931 991 2994 quos
1049 2917 1338 2994 egestas,
1392 2928 1526 2973 non
1571 2909 1839 2976 luxuria
1877 2912 2172 2977 mutuari
2212 2913 2506 2997 cogebat.

538 2999 805 3066 Tertius
841 3016 1001 3061 vero
1033 2995 1213 3061 locus
1241 2995 1488 3081 optime
1523 2994 1810 3080 explicat
1832 2994 1961 3062 Dei
1995 3005 2302 3078 mentem,
2348 2996 2510 3064 dum

535 3087 773 3158 foenus
817 3081 1119 3149 extendit
1175 3080 1257 3147 ad
1304 3083 1566 3161 vinum,
1612 3083 1936 3163 triticum,
1979 3093 2048 3150 et
2091 3105 2547 3168 quascunque,

537 3173 708 3239 alias
784 3189 911 3236 res.
1019 3166 1221 3233 Multi
1297 3166 1475 3234 enim
1555 3177 1927 3236 contractus
1990 3171 2072 3237 ab
2134 3169 2512 3237 hominibus

544 3256 756 3327 vafris
823 3253 1178 3339 excogitati
1247 3253 1552 3332 fuerunt,
1628 3255 1865 3337 quibus
1935 3277 2092 3342 opes
2138 3278 2219 3322 ex
2270 3256 2514 3323 ilarent

537 3346 686 3412 sine
720 3339 1091 3429 ignominia
1131 3340 1239 3407 vel
1276 3338 1618 3406 dedecore:
1658 3350 1852 3424 atque
1896 3341 2090 3408 hodie
2134 3342 2319 3408 nula
2360 3365 2510 3409 cru·

541 3429 753 3496 delier
801 3436 906 3493 est
944 3426 1270 3509 rapacitas
1312 3446 1511 3509 quam
1554 3424 1668 3491 ubi
1710 3425 1955 3510 absque
1997 3429 2330 3495 mentione
2374 3427 2512 3496 foe-

541 3515 728 3582 noris
745 3564 761 3593 ,
815 3511 1103 3597 vectigal
1158 3510 1559 3578 debitoribus
1606 3512 1990 3596 imponitur.
2075 3514 2334 3582 Medios
2367 3515 2511 3581 fru-

543 3601 752 3668 menti
794 3620 914 3668 sex
958 3600 1017 3665 si
1057 3618 1307 3682 pauper
1350 3598 1747 3665 commodari
1791 3599 1914 3665 sibi
1957 3601 2280 3685 postulet,
2335 3601 2514 3668 volet

536 3686 832 3756 creditor
890 3693 1141 3768 septem
1185 3683 1313 3750 sibi
1355 3683 1571 3750 reddi:
1619 3684 1791 3750 idem
1836 3687 1908 3751 in
1952 3687 2110 3752 vino
2154 3687 2509 3772 continget.

541 3774 736 3839 Haec
779 3771 945 3838 lucri
995 3770 1276 3836 accessio
1329 3769 1556 3836 foenus
1598 3793 1733 3836 non
1778 3772 2140 3853 vocabitur,
2185 3774 2337 3857 quia
2381 3796 2513 3839 non

545 3867 937 3926 numeratur
992 3856 1288 3940 pecunia.
1380 3857 1562 3921 Deus
1619 3877 1776 3923 vero
1836 3865 2052 3924 astum
2119 3859 2295 3926 hunc
2350 3859 2514 3925 obli-

541 3965 674 4030 que
734 3942 1204 4022 subsannans„
1251 3941 1453 4008 variis
1516 3943 1585 4008 in
1651 3944 1847 4010 rebus
1886 3966 1962 4011 ac
2006 3945 2142 4010 fere
2184 3944 2257 4011 in
2301 3946 2516 4012 omni-

542 4033 671 4099 bus
742 4028 1149 4097 commerciis
1230 4025 1536 4094 foenebre
1614 4029 1862 4095 malum
1939 4032 2228 4115 grassari
2292 4030 2510 4099 docet:

544 4114 718 4184 unde
785 4116 959 4183 clare
1024 4123 1326 4199 apparet,
1396 4136 1528 4180 non
1597 4114 1777 4181 aliud
1842 4118 2127 4201 praecipi
2195 4116 2516 4184 Israelitis

544 4203 676 4269 nisi
740 4213 815 4269 ut
871 4201 985 4267 alii
1042 4201 1203 4266 alios
1259 4200 1636 4266 humaniter
1680 4202 2044 4269 sublevent.
2109 4204 2319 4269 Porro
2362 4204 2519 4287 quia

542 4288 846 4355 homines
889 4297 1195 4355 excaecat
1238 4293 1306 4351 et
1349 4295 1799 4352 transversum
1844 4289 2021 4372 rapit
2062 4287 2387 4373 cupiditas
2433 4288 2517 4355 ad

543 4375 886 4459 improbos
965 4382 1306 4458 quaestus,
1389 4371 1659 4458 opponit
1735 4373 1919 4442 Deus
1994 4373 2517 4442 benedictionem

548 4459 857 4526 omnibus
921 4459 1252 4543 perversis
1307 4459 1588 4539 artibus,
1651 4480 1816 4543 quae
1873 4471 2026 4526 sunt
2086 4460 2289 4529 veluti
2350 4461 2516 4528 lucri

548 4546 847 4629 aucupia,
898 4556 966 4610 et
1023 4568 1060 4611 o
1109 4566 1179 4610 es
1233 4565 1273 4609 a
1330 4564 1400 4611 se
1443 4566 1576 4611 uno
1620 4543 1944 4612 bonorum
1987 4546 2285 4613 omnium
2327 4558 2517 4615 auto·

547 4653 655 4698 res
680 4652 952 4732 sperare
996 4631 1062 4696 iu
1107 4640 1174 4698 et
1217 4631 1437 4715 potius
1480 4652 1676 4715 quam
1722 4633 1972 4715 rapinis
2018 4633 2125 4699 vel
2169 4632 2517 4701 fraudibus

549 4738 804 4785 venari.

687 4988 2515 5063 umdemquemiuoratlLinGafili-

444 5106 454 5117 .
546 5059 847 5115 namass.

1955 395 2264 464 OCTAV
2274 397 2407 465 ΠΜ
2467 396 3121 464 ΡΒΑΕΟΕΡΤΠΜ.

4409 399 4515 467 684

3225 582 3355 647 EX
3408 581 3680 652 DEU'I'.
3727 582 3964 652 XXII.

2781 756 2841 821 1.
2901 754 3047 822 Non
3099 756 3339 822 videbis
3372 709 3601 822 'bovm
3649 757 3885 840 fratris
3941 756 4041 822 tm·
4105 761 4218 822 aut
4256 758 4519 839 poa-«am

2603 848 2903 923 errante-5,
2947 841 3365 910 &abscondes
3406 847 3461 908 te
3503 843 3584 911 ab
3624 844 3748 910 eis:
3801 843 4143 910 reducendo
4184 842 4524 911 mamad

2601 929 2868 1011 fratrem
2907 933 3101 994 tuum.
3159 930 3222 997 2.
3248 928 3472 995 Etiam
3509 931 3573 996 εἰ
3614 949 3737 996 non
3755 928 3951 1011 fuerit
3987 930 4190 1012 frater
4230 934 4369 997 tuas
4396 950 4525 1011 pro-

2593 1013 3348 1168 ffffiuffiffge
3362 1015 4531 1184 ffifflmfflffiu‘ssamfrffl

2606 1120 2757 1251 laus
2812 1193 2884 1252 ut
2924 1152 3227 1254 restituae
3271 1189 3350 1254 σί.
3431 1189 3491 1254 3.
3543 1187 3653 1254 Sic
3692 1188 3896 1271 facies
3937 1189 4014 1256 dc
4054 1188 4241 1257 asino
4274 1189 4535 1268 σίἰιε,εἰσ

2604 1270 2807 1355 factes
2835 1272 2912 1338 de
2955 1274 3310 1340 vestimento
3350 1276 3508 1355 σίιιε,
3550 1276 3646 1341 εἰσ
3659 1274 3867 1358 facies
3905 1275 3982 1341 de
4014 1274 4188 1340 omni
4219 1294 4288 1339 re
4320 1293 4535 1342 amma

2603 1358 2840 1510 eoum
2892 1359 3519 1512 mmmm&
3571 1361 3653 1427 ab
3709 1361 3880 1444 ipso:
3938 1360 4535 1439 εἰίπυσπσήεσαιιι,

3185 1735 3321 1803 EX
3364 1735 3668 1802 EXODI
3710 1735 3985 1804 XXIII.

2779 1907 2840 1973 4.
2884 1907 2961 1972 Si
2993 1911 3338 1974 occurreris
3368 1909 3507 1975 bovi
3540 1910 3791 1975 ἰηίωιίοἰ
3829 1911 3944 1990 tui,
3986 1916 4041 1976 et
4082 1911 4273 1977 asino
4314 1912 4446 1976 eius
4468 1931 4549 1976 er·

2608 1994 2802 2073 ronti,
2844 1994 3187 2062 reducendo
3228 1996 3486 2062 reduces
3526 1996 3613 2061 ad
3653 1997 3855 2062 illum.

2780 2165 2997 2231 Exodi
3053 2164 3157 2243 23,
3209 2165 3271 2232 4.
3373 2168 3451 2233 Si
3502 2171 3865 2235 occurreris.
3970 2169 4078 2233 Ex
4144 2169 4254 2234 his
4317 2168 4548 2237 duobus

2610 2251 2769 2317 loeis
2825 2252 2986 2317 satis
3044 2262 3256 2333 patet,
3317 2254 3431 2336 qui
3487 2275 3527 2320 a
3578 2255 3896 2321 maleficio
3951 2256 4379 2333 abstinuerit,
4433 2276 4549 2321 non

2611 2337 2914 2420 protinus
2973 2356 3189 2403 coram
3247 2338 3394 2405 Deo
3448 2341 3811 2406 immunem
3868 2356 4014 2407 esse
4064 2362 4103 2405 a
4152 2341 4383 2425 culpa,
4439 2342 4549 2407 nisi

2610 2424 2810 2489 etiam
2868 2424 3174 2506 prodesse
3232 2427 3512 2492 studeat.
3604 2425 3681 2493 Si
3734 2428 3912 2493 enim
3956 2447 4154 2493 curae
4197 2428 4390 2494 nobis
4428 2447 4553 2494 eme

2611 2510 2804 2575 debet
2867 2512 3146 2575 fratrum
3205 2510 3457 2577 utilitas
3516 2519 3593 2578 ut
3648 2513 3827 2578 ultro
3878 2514 4175 2595 citroque
4228 2515 4433 2580 simus
4485 2511 4556 2577 ad

2611 2594 3068 2661 auxiliandum
3125 2598 3461 2680 propensi,
3504 2597 3718 2681 quoad
3762 2599 4039 2665 facultas
4082 2609 4151 2665 et
4192 2599 4556 2684 opportuni-

2614 2690 2717 2747 tas
2790 2682 2974 2747 feret.
3078 2683 3264 2748 Haec
3329 2703 3526 2766 porro
3593 2684 3894 2751 doctrina
3954 2684 4148 2751 valde
4203 2687 4559 2752 necessaria

2612 2776 2746 2834 est:
2804 2769 2959 2851 quia
3016 2767 3176 2833 dum
3232 2772 3505 2853 quisque
3559 2769 3641 2835 ad
3698 2791 3805 2835 res
3862 2793 4015 2836 suas
4059 2770 4389 2838 curandas
4430 2772 4558 2855 plus

2612 2873 2817 2937 aequo
2882 2865 2985 2920 est
3048 2863 3378 2933 attentus,
3446 2858 3528 2921 ab
3587 2856 3735 2922 aliis
3802 2856 4108 2924 iuvandis
4165 2879 4239 2924 se
4301 2859 4560 2924 libenter

2612 2937 2933 3006 subducit.
3021 2942 3207 3007 Deus
3251 2950 3474 3008 autem
3517 2942 3682 3008 furti
3723 2963 3909 3009 reum
3944 2944 4101 3010 facit
4143 2945 4258 3027 qui
4304 2965 4424 3011 sua
4462 2963 4559 3009 ne-

2614 3026 2935 3112 gligentia
3011 3027 3325 3094 damnum
3402 3028 3707 3094 intulerit
3780 3031 4130 3114 proximis:
4188 3042 4262 3097 et
4325 3031 4560 3108 merito,

2615 3115 2768 3197 quia
2822 3115 3092 3179 nonnisi
3151 3135 3269 3197 per
3328 3137 3478 3180 eum
3538 3117 3727 3180 stetit
3782 3116 3942 3200 quin
3996 3117 4188 3184 salva
4233 3139 4342 3183 res
4386 3127 4558 3191 esset,

2615 3220 2813 3283 quam
2870 3201 3086 3267 sciens
3142 3215 3208 3266 et
3265 3202 3500 3267 volens
3557 3202 3773 3283 perire
3830 3201 4011 3268 sinit.
4113 3202 4219 3269 Ad
4282 3203 4564 3269 inimicos

2616 3297 2837 3352 autem
2893 3286 3273 3352 extenditur
3328 3288 3454 3353 hoc
3515 3288 3838 3354 officium:
3903 3309 4033 3372 quo
4096 3291 4324 3356 minus
4387 3309 4563 3355 excu-

2616 3374 2840 3440 sabilis
2881 3383 2983 3438 est
3042 3373 3496 3440 inhumanitas
3512 3423 3529 3454 ,
3594 3374 3654 3438 si
3696 3374 3925 3441 amicis
3989 3395 4124 3440 non
4190 3385 4562 3459 praestetur.

2617 3458 2899 3525 Summa
2951 3459 3155 3544 igitur
3198 3469 3326 3538 est,
3378 3472 3454 3526 ut
3508 3460 3782 3527 benefici
3831 3463 3967 3527 sint
4007 3460 4256 3539 fideles,
4305 3483 4430 3546 quo
4466 3481 4563 3543 pa·

2615 3555 2786 3611 trem
2850 3567 3045 3612 suum
3098 3544 3447 3612 coelestem
3488 3547 3866 3613 imitentur:
3912 3569 4035 3615 nec
4076 3569 4347 3633 operam
4394 3545 4565 3613 modo

2619 3652 2807 3698 suam
2841 3629 3033 3696 bonis
3077 3631 3189 3716 qui
3233 3632 3415 3715 digni
3461 3642 3623 3698 sunt
3662 3632 4069 3718 impendant,
4115 3634 4233 3701 sed
4276 3633 4565 3718 indignos

2618 3739 2872 3802 quoque
2956 3717 3289 3784 beneficiis
3352 3730 3850 3802 prosequantur.
3960 3719 4105 3785 Iam
4172 3722 4332 3804 quia
4395 3715 4568 3784 multi

2618 3803 3101 3888 tergiversandi
3155 3805 3405 3870 colores
3459 3807 3623 3889 fingi
3668 3815 3990 3887 poterant,
4036 3809 4325 3873 occurrit
4385 3808 4568 3883 Deus,

2620 3901 2686 3956 et
2745 3890 2988 3956 animal
3033 3889 3322 3955 hominis
3379 3891 3699 3975 incogniti
3755 3891 4008 3957 servari
4064 3892 4251 3958 iubet
4297 3891 4496 3957 donec
4532 3908 4567 3952 a

2619 3997 2742 4044 sno
2802 3974 3064 4042 domino
3106 3987 3488 4059 quaeratur:
3550 3976 3728 4042 idem
3786 3979 3891 4043 ius
3947 3976 4028 4042 de
4085 3978 4234 4044 aliis
4278 3976 4567 4044 omnibus

2618 4063 2878 4129 amissis
2920 4061 3115 4128 rebus
3158 4063 3410 4128 statuit.

3277 4356 3408 4423 EX
3451 4356 3806 4425 NUMER.
3856 4354 3937 4422 V.

2798 4528 2857 4596 5.
2902 4528 3232 4611 Loquutus
3252 4535 3341 4595 σει
3362 4527 3592 4596 Iehova
3613 4528 3700 4596 ad
3722 4526 3961 4609 Mosen,
3983 4528 4268 4595 dicendo.-
4319 4529 4382 4595 6.
4408 4526 4569 4593 Allo-

2622 4636 2809 4700 quere
2858 4614 3030 4698 filios
3075 4616 3318 4682 Israel:
3377 4615 3495 4682 Vir
3536 4616 3667 4681 sive
3702 4615 3933 4681 mulier
3972 4635 4167 4696 quum
4205 4615 4465 4697 fecerint
4500 4630 4569 4676 ατ

2623 4702 2909 4768 omnibus
2960 4703 3230 4788 peccatis
3285 4701 3620 4780 hominum,
3681 4701 4190 4785 tramqredimtdo
4233 4706 4297 4765 tr

2620 4790 2797 4855 sione
2853 4788 2924 4853 ἰη
2969 4786 3281 4866 Ielmvam,
3337 4793 3393 4853 et
3433 4787 3767 4870 deliquerit
3809 4788 4031 4853 anima
4072 4785 4226 4852 izza:
4286 4786 4347 4851 7.
4455 4789 4566 4850 ato-

2621 4874 2851 4940 buntur
2885 4879 3213 4957 peccatum
3266 4893 3459 4939 suum
3508 4873 3674 4957 quod
3723 4873 4029 4955 fecerunt.-
4070 4876 4125 4939 et
4159 4874 4438 4938 restituet
4473 4869 4568 4935 de·

2619 4961 2837 5028 lictum
2890 4980 3081 5027 suum
3137 4960 3205 5025 in
3259 4958 3549 5037 solidum,
3594 4964 3652 5024 et
3683 4961 3968 5042 quintam
4010 4959 4148 5025 eius
4178 4965 4432 5042 partem
4470 4975 4569 5022 su·

2610 5046 2937 5130 per-addet,
2979 5046 3269 5129 dabitque
3311 5045 3373 5109 ei
3413 5045 3486 5110 in
3528 5064 3713 5130 quem
3745 5045 4107 5127 peccaverit.

2796 5217 2857 5286 5.
2906 5218 3232 5300 Loquutus
3288 5221 3394 5282 est.
3484 5215 3879 5301 Quanquam
3937 5216 4203 5284 videtur
4252 5212 4564 5300 principio

2624 5303 2864 5372 delicta
2920 5304 3142 5369 omnia
3195 5301 3783 5388 comprehendere,
3842 5324 3926 5368 ex
3985 5312 4297 5370 contextu
4353 5311 4561 5368 tamen
