4867 6150
556 440 683 505 267

563 626 844 714 multo’)
889 625 1196 705 deterius,
1242 625 1414 707 quod
1461 625 1789 707 perversis
1833 623 2041 689 modis
2086 644 2191 688 res
2226 623 2514 688 occultas

565 714 911 797 exquirere
952 722 1311 776 tentarunt.
1400 709 1793 775 Videbimus
1838 709 2030 793 paulo
2076 718 2241 791 post,
2291 706 2512 772 Deum

563 820 820 886 quoque
865 820 970 863 res
1014 798 1269 862 futuras
1313 797 1717 879 praedixisse
1751 817 1869 879 per
1911 817 2138 861 servos
2183 815 2353 873 suos,
2398 793 2513 860 sed

565 886 831 953 nonnisi
856 892 1177 967 quatenus
1201 881 1514 965 expedire
1538 894 1828 958 noverat,
1877 903 1950 947 ac
1977 892 2234 946 tantum
2260 901 2337 945 eo
2360 900 2512 945 con-

565 973 729 1048 silio,
776 982 847 1035 ut
883 968 1098 1053 palam
1145 969 1415 1048 faceret,
1471 967 1867 1052 peculiarem
1912 990 1983 1033 se
2037 988 2264 1033 curam
2308 966 2513 1032 eccle·

565 1060 704 1125 siae
740 1076 985 1141 gerere.
1076 1054 1282 1138 Atqui
1328 1068 1402 1118 ut
1436 1054 1825 1120 insatiabilis
1870 1066 1970 1119 est
2015 1053 2355 1118 hominum
2401 1073 2513 1117 cu·

564 1143 855 1218 riositas,
913 1160 1047 1205 non
1104 1140 1458 1224 respiciunt
1498 1140 1651 1223 quid
1699 1141 1820 1206 sibi
1871 1141 2031 1204 utile
2076 1141 2197 1204 sit:
2244 1138 2358 1204 sed
2399 1160 2513 1202 ex·

566 1229 783 1312 emplo
830 1225 1011 1292 Adae
1057 1226 1284 1291 volunt
1330 1246 1473 1291 esse
1518 1224 1644 1290 diis
1687 1227 1953 1305 similes,
1998 1237 2066 1290 et
2108 1226 2329 1289 omnia
2372 1225 2514 1288 sine

566 1314 950 1397 exceptione
1008 1312 1193 1378 scire.
1298 1311 1521 1392 Quum
1579 1323 1713 1376 tam
1780 1312 2093 1395 improbis
2160 1312 2329 1375 votis
2382 1331 2512 1374 non

566 1400 908 1484 indulgeat
963 1399 1165 1474 Deus,
1225 1419 1295 1463 se
1355 1396 1438 1461 ad
1496 1396 1826 1463 diabolum
1893 1409 2144 1481 patrem
2191 1396 2514 1461 mendacii

568 1488 1001 1552 transferunt:
1060 1484 1183 1549 sub
1242 1483 1459 1549 fallaci
1519 1494 1740 1548 tamen
1796 1484 2079 1548 nominis
2139 1481 2265 1547 Dei
2326 1502 2513 1565 prae-

561 1585 783 1651 textu,
847 1580 919 1636 ut
978 1568 1225 1636 dictum
1286 1582 1402 1634 est.
1491 1568 1678 1634 Haec
1736 1579 1832 1633 tot
1890 1569 2261 1634 vanitatum
2307 1569 2512 1652 orig0,

561 1658 799 1743 quibus
841 1676 1101 1738 semper
1142 1655 1429 1721 mundus
1475 1655 1598 1720 fuit
1642 1656 2016 1738 implicitus.
2066 1656 2208 1720 Iam
2247 1654 2328 1719 ad
2365 1675 2511 1737 spe·

562 1747 695 1812 cies
740 1740 1078 1808 descendo,

658 1895 662 1900 ,
740 1830 839 1894 16.
891 1828 1037 1893 Non
1079 1826 1430 1892 invenietur
1460 1827 1532 1891 in
1572 1827 1777 1893 medio
1818 1826 1930 1892 tui.
2007 1826 2362 1891 Horribilis
2407 1825 2514 1891 hic

562 1919 749 1983 furor
793 1936 868 1981 ac
911 1913 1179 1979 omnino
1223 1912 1667 1995 prodigiosus,
1730 1932 1857 1994 quo
1916 1912 2331 1977 dementatae
2377 1912 2514 1976 fue-

564 2014 717 2070 rant
761 2010 1010 2086 gentes,
1052 1997 1336 2063 Iudaeos
1374 2019 1631 2081 quoque
1666 2008 1892 2081 postea
1935 1998 2195 2081 invasit,
2233 2008 2311 2061 ut
2347 1997 2515 2062 filios

565 2089 987 2155 immolarent
1051 2093 1245 2168 atque
1309 2085 1506 2149 etiam
1563 2086 2023 2151 comburerent
2073 2085 2140 2149 in
2195 2084 2514 2148 honorem

566 2177 837 2240 deorum
893 2170 1128 2254 quibus
1188 2191 1258 2235 se
1316 2170 1723 2235 addixerant.
1821 2169 2212 2253 Quanquam
2280 2172 2516 2255 proba-

566 2261 697 2329 bile
741 2268 860 2334 est,
901 2256 1137 2321 bonam
1182 2268 1436 2338 partem
1482 2277 1615 2321 non
1660 2258 1985 2322 exarsisse
2023 2267 2207 2321 tanta
2242 2256 2518 2321 vesania

568 2347 682 2414 sed
726 2344 1192 2427 superstitione
1239 2341 1450 2407 levius
1494 2363 1636 2407 esse
1681 2341 2038 2423 defunctos,
2097 2363 2297 2424 quum
2343 2341 2516 2407 scili-

568 2441 674 2499 cet
728 2430 967 2495 liberos
1026 2448 1180 2492 suos
1224 2436 1480 2492 tantum
1543 2449 1661 2511 por
1715 2429 2050 2493 flammam
2116 2430 2514 2493 traiicerent.

570 2518 715 2584 Hoc
768 2515 901 2580 illis
954 2515 1079 2578 fuit
1131 2512 1540 2579 lustrationis
1600 2535 1807 2597 genus
1866 2513 1946 2578 ad
2008 2534 2237 2579 omnes
2290 2513 2518 2579 sordes

568 2602 944 2687 expiandas.
1031 2598 1166 2664 Sed
1210 2599 1455 2664 multos
1500 2599 1582 2664 ad
1628 2600 2088 2665 mactationem
2135 2621 2345 2682 usque
2392 2601 2513 2664 im·

564 2689 741 2774 pulit
773 2685 1054 2754 crudelis
1097 2684 1209 2749 ille
1254 2684 1451 2761 zelus,
1498 2694 1573 2750 ut
1615 2706 1700 2751 ne
1745 2684 2005 2768 proprio
2055 2686 2315 2768 quidem
2364 2707 2516 2751 san-

570 2775 755 2860 guini
798 2778 1163 2857 parcerent.
1223 2770 1306 2835 In
1352 2792 1479 2855 quo
1522 2784 1740 2837 tamen
1792 2771 2096 2837 Abrahae
2138 2772 2515 2856 exemplum

567 2859 920 2938 iactabant,
964 2878 1040 2925 ac
1075 2857 1131 2923 si
1168 2857 1518 2939 quidquam
1556 2867 1730 2922 esset
1762 2858 1976 2922 simile
2010 2858 2186 2923 inter
2218 2858 2519 2923 obedien-

570 2949 733 3012 tiam
778 2944 983 3010 sancti
1029 2943 1174 3022 viri,
1221 2944 1332 3025 qui
1378 2957 1732 3026 praeeunte
1769 2942 1898 3008 Dei
1943 2945 2271 3023 mandato,
2309 2945 2516 3009 filium

571 3054 763 3102 suum
808 3032 994 3097 Isaac
1037 3028 1379 3095 immolare
1422 3040 1688 3113 paratus
1733 3031 1883 3107 fuit,
1943 3040 2010 3096 et
2051 3031 2227 3096 inter
2286 3029 2514 3096 barba·

571 3141 720 3187 rum
779 3117 1004 3202 populi
1060 3117 1413 3198 impetum,
1486 3118 1600 3200 qui
1653 3125 1923 3182 vetante
1987 3127 2054 3182 et
2117 3118 2518 3182 reclamante

572 3208 717 3273 Deo
760 3204 1000 3269 liberos
1044 3223 1194 3267 suos
1239 3202 1584 3285 iugulavit.
1677 3202 2028 3268 Caeterum
2085 3204 2155 3267 in
2221 3204 2338 3268 hoc
2383 3216 2516 3266 tam

570 3291 761 3358 foedo
805 3288 1170 3373 spectaculo
1206 3289 1506 3353 videmus
1550 3299 1795 3370 quanto
1839 3289 2177 3355 ardentius
2218 3290 2520 3353 ferantur

573 3377 877 3443 homines
937 3376 1019 3440 ad
1086 3374 1321 3457 impios
1378 3374 1593 3439 cultus
1657 3395 1822 3456 quos
1879 3375 2012 3441 illis
2071 3375 2346 3442 dictavit
2397 3394 2519 3440 sua

574 3462 933 3540 temeritas,
978 3480 1171 3543 quam
1224 3458 1306 3524 ad
1362 3456 1652 3524 studium
1711 3462 1837 3525 rite
1892 3461 2144 3526 colendi
2206 3462 2358 3538 Dei,
2405 3459 2521 3525 ubi

574 3550 793 3635 palam
853 3559 922 3611 et
979 3546 1218 3611 diserte
1277 3545 1590 3628 praecipit
1633 3545 1789 3629 quid
1834 3559 2084 3612 rectum
2143 3549 2247 3613 sit.
2337 3546 2520 3612 Haec

574 3633 836 3720 quidem
879 3633 1094 3716 prima
1139 3642 1482 3713 parentum
1531 3654 1686 3697 cura
1730 3653 1872 3698 esse
1917 3631 2110 3699 debet
2152 3642 2228 3698 ut
2281 3632 2521 3697 liberos

576 3741 732 3787 suos
779 3721 918 3783 Deo
962 3730 1371 3783 consecrent:
1417 3719 1531 3782 sed
1587 3718 1818 3784 unicus
1863 3718 2036 3801 apud
2071 3719 2353 3784 Iudaeos
2395 3719 2518 3782 ini-

577 3804 782 3871 tiandi
849 3804 1014 3869 ritus
1087 3803 1211 3868 fuit
1284 3803 1720 3883 circumcisio,
1786 3826 1916 3888 quo
1975 3816 2315 3871 contentos
2375 3826 2519 3870 esse

575 3890 881 3976 oportuit.
1009 3888 1337 3954 Recenset
1415 3887 1652 3954 deinde
1735 3890 1953 3956 Moses
2034 3891 2518 3956 divinationum

577 3978 846 4062 species,
893 3973 1131 4060 quibus
1174 3976 1484 4058 profanae
1528 3986 1757 4059 gentes
1803 3975 2057 4041 deditae
2102 3978 2385 4053 fuerunt,
2446 3988 2522 4041 ut

574 4064 846 4131 stultam
911 4063 1060 4145 plus
1112 4081 1303 4143 quam
1380 4060 1478 4127 fas
1545 4071 1718 4126 esset
1782 4061 2029 4127 sciendi
2094 4062 2521 4146 cupiditatem

574 4150 938 4234 explerent.
1030 4146 1429 4230 Quanquam
1485 4167 1619 4211 non
1674 4147 1973 4231 improbo
2032 4148 2206 4231 quod
2250 4149 2520 4231 quibus-

577 4236 726 4301 dam
785 4236 1026 4319 placet,
1088 4234 1302 4317 primo
1370 4233 1506 4298 loco
1564 4255 1773 4317 genus
1838 4236 2034 4318 poni,
2099 4234 2337 4300 deinde
2404 4233 2520 4299 ad·

576 4322 761 4406 iungi
806 4330 1041 4404 partes.
1104 4320 1182 4384 In
1230 4319 1467 4404 quibus
1512 4320 1918 4403 explicandis
1965 4320 2180 4386 brevis
2223 4343 2352 4400 ero,
2400 4341 2521 4385 nec

576 4404 943 4473 refutandis
988 4406 1268 4490 singulis
1311 4405 1730 4488 opinionibus
1772 4407 2099 4472 insistam:
2159 4408 2281 4472 etsi
2326 4428 2520 4489 quos-

578 4491 729 4558 dam
786 4492 982 4556 etiam
1041 4513 1128 4556 ex
1185 4490 1503 4558 Rabbinis
1567 4513 1785 4557 crasse
1831 4492 2223 4558 hallucinari
2267 4503 2519 4558 certum

579 4589 695 4644 est.
743 4591 906 4667 uum
951 4575 1231 4642 libenter
1275 4579 1515 4661 recipio
1563 4576 1915 4643 deductum
1959 4601 2099 4645 esse
2143 4599 2182 4644 a
2217 4579 2519 4656 nubibus,

576 4663 853 4747 ideoque
895 4683 1015 4746 pro
1058 4663 1419 4746 auguribus
1463 4664 1570 4729 vel
1618 4685 1736 4747 pro
1781 4664 2125 4746 astrologis
2162 4665 2521 4730 iudiciariis

581 4750 791 4833 accipi
840 4759 1353 4815 consentaneum
1411 4759 1529 4816 est.
1613 4750 1792 4816 Sunt
1835 4751 1948 4834 qui
1993 4750 2276 4817 radicem
2322 4751 2522 4816 huius

579 4837 759 4902 vocis
795 4856 939 4901 esse
961 4836 1221 4900 malunt
1241 4847 1376 4932 mm
1400 4836 1569 4918 quod
1593 4835 1807 4901 locum
1833 4836 2154 4902 Hebraeis
2178 4837 2521 4921 significat.

579 4924 801 5005 Atque
845 4921 1009 4987 haec
1051 4921 1445 5005 etymologia
1488 4942 1623 4986 non
1666 4922 1838 4987 male
1883 4924 2234 5007 quadraret
2286 4923 2524 4988 fanati-

575 5009 692 5086 cis,
737 5008 848 5092 qui
893 5027 979 5071 ex
1022 5018 1347 5071 astrorum
1393 5008 1522 5072 situ
1567 5011 1787 5073 omnia
1831 5007 2158 5073 divinant:
2206 5010 2356 5091 quia
2390 5019 2525 5073 tam

579 5094 862 5179 planetis
904 5112 1102 5177 quam
1137 5093 1344 5176 signis
1378 5092 1621 5159 zodiaci
1658 5095 1968 5161 stationes
2003 5116 2157 5161 suas
2186 5095 2531 5180 assignant

581 5181 665 5246 ad
714 5190 978 5246 mutuos
1021 5187 1376 5261 respectus.
1464 5178 1610 5244 Hoc
1653 5179 1910 5263 quidem
1958 5181 2157 5265 probe
2200 5183 2526 5261 convenit,

756 5368 816 5438 1)
851 5369 1115 5437 fflnceps
1128 5389 1145 5418 .-
1181 5365 1368 5421 nihilo.

2034 433 2412 500 PRIMUM
2458 433 3104 500 PRAEOEPTUM.

4424 434 4531 500 268

2619 634 2753 686 tam
2802 623 3079 706 auguria
3123 620 3244 687 hoc
3289 623 3461 698 loc0,
3529 643 3722 704 quam
3770 622 4041 686 frivolas
4085 631 4403 687 astrorum
4442 630 4535 695 ob-

2617 708 3022 773 servationes
3068 707 3393 773 damnari:
3443 708 3602 773 dum
3646 707 3892 774 scilicet
3948 707 4249 774 homines
4290 729 4532 795 praepo-

2618 805 2793 859 stere
2837 794 3111 871 curiosi,
3173 794 3366 859 astris
3426 794 3784 859 subiiciunt
3826 815 4053 859 omnes
4104 815 4321 859 rerum
4364 819 4536 867 even·

2618 889 2743 945 tus.
2817 880 3074 944 Nomen
3128 892 3313 947 vmm
3351 880 3519 961 quod
3566 881 3880 961 sequitur,
3928 879 4224 945 divinum
4263 883 4362 946 vel
4397 887 4536 952 ario-

2617 965 2754 1029 lum
2801 967 3157 1050 significat:
3219 965 3388 1048 quod
3449 966 3609 1031 satis
3667 966 3874 1047 liquet
3916 986 3998 1030 ex
4044 966 4132 1031 44
4172 968 4378 1050 capite
4419 972 4537 1038 Ge-

2618 1071 2883 1130 neseos,
2945 1050 3057 1125 ubi
3101 1050 3338 1133 Ioseph
3385 1072 3456 1115 se
3498 1053 3565 1116 in
3613 1050 3861 1136 scypho
3906 1050 4233 1118 divinasse
4277 1055 4536 1136 simulat,

2618 1138 2770 1221 quia
2816 1136 3012 1221 vulgo
3057 1137 3379 1221 putabant
3418 1147 3557 1202 arte
3595 1138 3988 1204 vaticinandi
4074 1139 4409 1206 raeditum.
4454 1147 4539 1209 Ac

2620 1244 2855 1288 nomen
2923 1223 3119 1287 etiam
3202 1225 3356 1289 hinc
3439 1224 3853 1304 serpentibus
3932 1225 3998 1287 in
4050 1226 4211 1289 itum
4300 1243 4541 1311 propter

2617 1310 2946 1375 astutiam.
3006 1322 3198 1403 qwnn
3240 1309 3504 1391 quidam
3547 1310 4069 1391 interpretantur
4113 1313 4541 1397 praestigiato—

2619 1417 2776 1472 rem,
2826 1397 2937 1479 qui
2982 1394 3205 1460 oculos
3251 1397 3523 1477 spectris
3566 1396 3834 1462 obiectis
3878 1398 4296 1480 perstringat,
4341 1420 4413 1464 ac
4444 1400 4544 1466 de·

2616 1481 2818 1546 ludat.
2911 1480 3223 1565 Sequitur
3270 1483 3606 1564 quintum,
3676 1481 3846 1564 quod
3895 1482 4211 1548 vertimus
4246 1484 4544 1570 colligans

2617 1568 3095 1651 colligationes:
3166 1589 3294 1650 quo
3338 1568 3639 1632 nonnulli
3679 1567 4063 1651 intelligunt
4103 1568 4544 1652 incantatores,

2617 1654 2730 1736 qui
2775 1653 3049 1737 magicis
3093 1654 3344 1718 artibus
3404 1661 3645 1732 cogunt
3697 1665 4034 1737 serpentes
4076 1654 4143 1719 in
4202 1677 4406 1721 unum
4461 1658 4547 1723 lo-

2617 1761 2786 1805 cum.
2896 1737 3087 1820 Quod
3178 1759 3322 1803 meo
3402 1740 3647 1807 iudicio
3734 1740 4049 1823 frigidum
4127 1751 4261 1806 est:
4341 1743 4549 1826 itaque

2617 1825 2764 1891 aliis
2808 1825 3024 1908 potius
3068 1826 3410 1903 assentior,
3455 1826 3569 1908 qui
3613 1827 3828 1890 notari
3874 1826 4110 1891 volunt
4150 1830 4550 1895 evocationes

2618 1911 3029 1976 daemonum.
3138 1910 3393 1976 Verum
3459 1912 3611 1994 quia
3675 1910 4014 1978 commode
4090 1914 4258 1980 verti
4333 1925 4550 1996 potest,

2617 1997 2951 2081 colligens,
3000 1996 3102 2062 vel
3146 1997 3563 2063 committens
3607 2010 3893 2075 coetum,
3953 2019 4087 2062 non
4153 2020 4420 2082 prorsus
4462 2022 4554 2066 re·

2619 2083 2814 2166 pudio
2879 2082 3052 2166 quod
3118 2083 3228 2147 alii
3298 2082 3597 2161 tradunt,
3684 2085 3913 2149 referri
3998 2083 4080 2150 ad
4145 2085 4557 2169 imaginarios

2617 2179 3014 2236 conventus:
3082 2167 3163 2233 ad
3210 2189 3374 2251 qnos
3420 2170 3640 2234 miseri
3688 2171 3984 2235 homines
4028 2168 4216 2257 (quos
4275 2171 4559 2237 diabolus

2620 2254 2992 2342 fascinavit)
3057 2275 3128 2320 se
3194 2255 3336 2338 rapi
3394 2257 3746 2329 somniant,
3814 2267 3889 2322 ut
3942 2258 4140 2321 simul
4200 2258 4558 2340 epulentur,

2619 2342 2894 2421 saltent,
2974 2349 3041 2405 et
3104 2339 3407 2405 nefandis
3472 2343 4064 2424 conspirationibus
4130 2363 4202 2408 se
4265 2344 4558 2426 obligent.

2620 2428 2842 2510 Vulgo
2908 2447 3282 2511 synagogas
3348 2429 3712 2493 nominant.
3824 2428 3909 2492 In
3971 2439 4161 2495 sexto
4222 2430 4412 2495 nulla
4471 2438 4562 2495 est

2619 2514 3047 2597 ambiguitas,
3108 2513 3222 2577 ubi
3280 2523 3543 2577 vetatur
3604 2514 3878 2597 populus
3936 2515 4277 2581 consulere
4319 2516 4560 2599 Pytho·

2620 2621 2792 2664 nem.
2874 2598 2987 2664 Sic
3030 2598 3204 2664 enim
3252 2600 3509 2681 proprie
3546 2599 3950 2666 Hebraicum
3997 2622 4235 2667 nomen
4271 2616 4391 2670 me<
4431 2623 4561 2667 ver·

2622 2694 2759 2750 tere
2803 2685 2954 2750 licet
2997 2695 3145 2768 post
3194 2684 3477 2765 Lucam,
3533 2685 3736 2750 fidum
3781 2699 3849 2751 et
3889 2685 4198 2752 idoneum
4242 2688 4563 2772 interpre-

2621 2784 2774 2850 tem,
2841 2771 3000 2836 dum
3066 2780 3292 2835 narrat
3370 2772 3673 2853 spiritum
3752 2772 4082 2856 Pythonis
4150 2775 4348 2839 Pauli
4416 2793 4563 2839 voce

2622 2858 2904 2921 eiectum
2972 2877 3053 2921 ex
3121 2857 3342 2938 puella
3413 2854 3588 2940 (Act.
3661 2858 3758 2933 16,
3832 2858 3957 2946 16).
4069 2860 4159 2924 Ει
4237 2859 4563 2924 interdum

2623 2945 2951 3026 scriptura
3006 2956 3190 3012 mm&
3245 2958 3436 3009 vocat
3493 2945 3862 3026 quicunque
3906 2946 4253 3013 daemones
4303 2947 4567 3011 eliciunt

2624 3028 2704 3095 ad
2765 3029 2983 3094 danda
3038 3049 3378 3113 respousa:
3446 3032 3631 3097 cuius
3688 3031 3985 3098 fallaciae
4037 3032 4300 3114 insigne
4358 3052 4568 3098 exem-

2621 3116 2807 3199 plum
2868 3128 3268 3182 memoratur
3323 3116 3393 3180 in
3446 3138 3631 3182 sacra
3691 3117 3966 3183 historia
4015 3118 4094 3182 de
4150 3120 4565 3203 Pythonissa‚

2623 3224 2790 3283 quae
2836 3203 3215 3267 Samuelem
3274 3213 3604 3268 mortuum
3666 3202 3856 3270 Sauli
3912 3206 4202 3269 ostendit
4253 3204 4346 3292 (1.
4395 3205 4566 3271 Sam.

2622 3288 2726 3365 28,
2774 3288 2858 3376 7).
2951 3288 3326 3372 Pythonem
3372 3289 3613 3355 Graeci
3660 3303 4039 3369 verterunt,
4107 3292 4280 3374 quod
4328 3294 4399 3356 in
4446 3290 4569 3372 pri-

2623 3376 2748 3439 mis
2790 3374 3079 3440 celebres
3114 3384 3302 3439 erant
3336 3376 3730 3459 praestigiae
3754 3376 3985 3460 Pythii
4012 3377 4363 3460 Apollinis.
4415 3376 4569 3460 Sep-

2623 3461 2823 3526 timus
2867 3458 3025 3525 ordo
3067 3474 3169 3525 est
3210 3472 3366 3537 ’ἓν-ι’
3422 3462 3534 3543 qui
3582 3474 3756 3528 recte
3803 3462 3925 3528 dici
3964 3475 4237 3546 possunt
4284 3473 4571 3547 gnostae‚

2622 3547 2726 3611 vel
2772 3547 3158 3629 cognitores.
3251 3546 3480 3629 Neque
3537 3547 3709 3611 enim
3771 3548 3992 3615 dubito
4050 3549 4207 3630 quin
4259 3548 4568 3614 honorifi-

2621 3653 2770 3699 cum
2818 3633 2941 3697 hoc
3002 3653 3237 3696 nomen
3294 3633 3565 3697 fallendi
3622 3654 3823 3700 causa
3878 3635 4345 3700 obtenderent:
4407 3632 4571 3718 quod

2619 3718 3081 3801 impostoribus
3128 3718 3400 3783 minime
3444 3740 3689 3785 novum
3734 3732 3852 3806 est.
3938 3720 4052 3786 Sic
4095 3720 4254 3785 olim
4306 3719 4570 3805 geneth-

2621 3803 2771 3869 liaci
2828 3817 2895 3868 ει
2956 3802 3204 3869 similes
3270 3825 3388 3888 pro
3449 3807 3927 3871 mathematicis
3984 3827 4055 3872 se
4122 3806 4569 3872 venditarunt.

2621 3889 2712 3953 Et
2754 3890 2862 3955 hic
2906 3901 3006 3955 est
3049 3901 3227 3956 astus
3273 3889 3591 3966 Satanae,
3659 3893 3861 3957 furari
3909 3892 4184 3957 honesta
4242 3893 4571 3958 virtutum

2621 3987 2690 4040 et
2746 3996 2969 4041 rerum
3033 3974 3346 4042 bonarum
3399 3978 3684 4056 nomina,
3744 3980 3980 4061 quibus
4039 3980 4571 4062 integumentum

2622 4065 2760 4126 suis
2803 4061 3163 4127 mendaciis
3208 4062 3435 4130 faciat:
3479 4065 3671 4129 sicuti
3717 4065 4063 4150 Aegyptiis
4108 4076 4174 4129 et
4218 4062 4571 4130 Chaldaeis

2622 4148 3083 4230 impostoribus
3161 4170 3400 4213 nomen
3481 4151 3850 4232 sapientum
3931 4152 4264 4232 imposuit.
4400 4150 4574 4232 Ergo

2622 4254 2825 4316 quum
2883 4234 3237 4317 prophetae
3294 4235 3600 4300 dicantur
3647 4237 3960 4311 videntes,
4030 4257 4201 4301 vana
4257 4237 4572 4302 falsorum

2624 4330 2853 4385 vatum
2897 4321 3313 4404 prognostica
3355 4323 3688 4405 opposuit,
3748 4344 3916 4406 quae
3973 4322 4310 4406 simplices
4354 4322 4574 4387 obstu-

2625 4406 3014 4488 pefacerent.
3105 4407 3274 4471 Nam
3321 4406 3492 4490 quod
3538 4407 3803 4490 quidam
3853 4429 4092 4473 nomen
4146 4408 4272 4473 hoc
4319 4409 4407 4475 ab
4461 4426 4575 4471 ave

2623 4491 2974 4568 deducunt,
3020 4492 3218 4558 nimis
3264 4495 3513 4576 puerile
3551 4506 3652 4559 est
3686 4496 4107 4577 figmentum:
4148 4515 4224 4558 ac
4260 4495 4477 4559 miror
4507 4492 4577 4556 in

2621 4599 2693 4643 re
2735 4593 2962 4660 aperta
3004 4578 3165 4643 adeo
3209 4583 3491 4663 turpiter
3534 4580 3863 4657 delirasse,
3911 4581 4066 4645 dum
4114 4582 4454 4664 argutiam
4494 4577 4568 4641 de

2622 4664 2830 4729 nihilo
2885 4664 3214 4731 affectant.
3320 4667 3571 4734 Ultimo
3615 4668 3755 4734 loco
3799 4667 4150 4731 damnatur
4194 4685 4575 4732 necroman-

2623 4752 2734 4828 tia,
2783 4752 2901 4815 boc
2946 4759 3064 4829 est,
3110 4750 3311 4817 fallax
3356 4762 3424 4818 et
3467 4753 3793 4819 delusoria
3838 4751 4238 4818 vaticinandi
4301 4750 4577 4819 seientia

2623 4858 2707 4901 ex
2755 4846 3161 4901 mortuorum
3221 4840 3581 4921 responsis:
3642 4860 3842 4923 quam
3901 4859 4247 4922 perperam
4308 4835 4575 4921 quidam

2627 4923 3040 5006 restringunt
3093 4923 3174 4988 ad
3234 4946 3344 4989 eos
3401 4926 3515 5008 qui
3573 4926 3907 4991 dormiunt
3973 4925 4054 4989 ad
4099 4923 4445 5008 sepulcra,
4508 4929 4578 4984 ut

2627 5019 2922 5073 mortuos
3006 5028 3126 5091 per
3210 5013 3535 5076 somnium
3607 5012 3946 5094 loquentes
4032 5008 4345 5075 audiant:
4429 5007 4576 5092 quia

2627 5092 2927 5176 pluribus
2985 5093 3195 5162 modis
3253 5096 3437 5160 stulti
3493 5097 3792 5163 homines
3838 5095 4157 5180 colloquia
4204 5115 4361 5160 cum
4411 5112 4577 5158 mor-

2629 5179 2760 5245 tuis
2804 5189 3169 5263 captarunt.
3258 5182 3466 5247 Porro
3512 5184 3838 5250 discamus
3882 5204 3967 5247 ex
4010 5181 4134 5248 hoc
4178 5180 4357 5262 loco,
4421 5198 4575 5264 quo-

2632 5265 2757 5330 ties
2801 5267 2985 5331 Deus
3019 5267 3317 5333 fraenum
3369 5267 3655 5335 Satanae
3698 5269 3897 5347 laxat,
3942 5290 4139 5351 quam
4183 5266 4578 5351 prodigiosis

2633 5351 2933 5418 ludibriis
2973 5352 3248 5421 fascinet
3291 5355 3563 5421 miseros
3607 5356 3926 5435 homines,
3984 5365 4050 5420 et
4092 5364 4413 5438 quantam
4461 5349 4576 5416 fal-
