4867 6150
364 441 487 507 641

362 611 755 689 homicidas,
815 614 1138 696 sacrilegii
1185 637 1339 682 reos
1391 614 1552 679 fore:
1603 613 1757 695 quia
1801 627 1979 678 terra
2022 613 2313 680 humano

364 699 690 784 sanguine
715 699 921 766 effuso
959 700 1295 782 polluitur,
1321 710 1386 765 et
1409 697 1853 765 maledictioni
1876 699 2159 765 obnoxia
2195 710 2314 781 est,

363 786 569 851 donec
620 786 881 869 expiata
933 787 1146 851 fuerit.
1230 785 1489 851 Deinde
1547 806 1750 868 quum
1798 786 1866 848 in
1913 796 2091 849 terra
2135 784 2312 851 Cha-

359 892 529 937 naan
578 870 829 937 habitet
877 872 1073 951 Deus,
1117 872 1229 955 qui
1274 872 1398 938 sibi
1444 870 1848 937 domicilium
1892 871 2097 957 elegit
2139 873 2317 937 inter

360 958 532 1024 filios
554 956 783 1037 Israel,
829 958 1025 1022 simul
1058 958 1446 1042 profanatur
1471 958 1611 1022 eius
1633 958 1966 1024 sanctitas.
2035 956 2315 1024 Summa

361 1054 481 1121 est,
520 1042 727 1109 modis
764 1044 1072 1110 omnibus
1106 1043 1575 1111 occurrendum
1614 1062 1774 1123 esse,
1810 1064 1895 1109 ne
1931 1053 2107 1109 terra
2145 1065 2314 1129 quae

358 1127 506 1194 Deo
549 1149 735 1195 sacra
777 1141 895 1206 est,
937 1129 1246 1196 caedibus
1290 1129 1791 1196 contaminetur.

534 1215 730 1280 Deut.
793 1216 893 1295 19,
951 1215 1008 1281 1.
1090 1216 1296 1298 Quum
1353 1217 1650 1282 exciderit
1707 1214 1955 1282 Ichova.
2061 1214 2312 1281 Eadem

358 1322 524 1386 quae
569 1322 782 1384 nuper
842 1302 1122 1368 vidimus
1188 1310 1537 1386 praecepta
1579 1302 1774 1366 iterat
1822 1302 2044 1367 Moses
2065 1352 2081 1380 ,
2125 1311 2200 1367 ut
2241 1303 2315 1367 in

359 1387 731 1454 homicidiis
755 1388 1032 1471 populus
1067 1408 1358 1453 errorem
1399 1388 1727 1453 discernat
1755 1408 1795 1452 a
1832 1387 2096 1454 scelere.
2169 1388 2315 1453 Hac

359 1474 617 1540 ratione
646 1495 765 1539 sex
801 1474 999 1540 urbes
1039 1474 1330 1558 assignat
1357 1474 1468 1539 ubi
1511 1483 1653 1538 tuto
1698 1473 1950 1539 lateant
1989 1482 2055 1537 et
2097 1474 2313 1557 quies-

359 1570 517 1626 cant
571 1560 681 1643 qui
730 1580 917 1625 suam
961 1561 1401 1625 innocentiam
1461 1560 1915 1643 probaverunt
1971 1558 2311 1626 iudicibus.

357 1646 513 1714 Uno
565 1654 780 1712 autem
840 1646 1039 1712 verbo
1098 1645 1329 1711 definit
1362 1646 1666 1729 quisnam
1712 1645 2101 1711 eximendus
2145 1646 2231 1710 sit
2276 1668 2317 1710 a

357 1753 600 1817 poena,
671 1732 785 1815 qui
856 1733 1105 1800 scilicet
1172 1735 1472 1798 nesciens
1546 1733 1923 1814 proximum
1983 1731 2314 1810 occiderit,

357 1819 552 1885 sicuti
610 1832 803 1883 antea
856 1819 1072 1884 visum
1133 1827 1259 1895 est,
1320 1827 1389 1883 et
1445 1827 1648 1882 recte:
1708 1818 1865 1900 quia
1919 1817 2313 1901 principium

359 1912 424 1970 et
483 1925 676 1970 causa
733 1905 1034 1970 maleficii
1091 1904 1231 1970 sola
1286 1918 1384 1969 est
1446 1903 1778 1969 voluntas:
1838 1901 2113 1988 ideoque
2174 1906 2316 1970 sine

358 2011 669 2075 perverso
696 1990 933 2056 affectu
973 1990 1228 2056 nullum
1263 2000 1366 2056 est
1401 1991 1671 2055 crimen.
1720 1989 1971 2055 Verum
2009 2012 2092 2055 ne
2126 2011 2315 2075 prae·

1780 439 2265 510 SEPTIMUM
2307 440 2959 509 PRAEOEPTUM.

4249 445 4379 510 642

2416 622 2603 678 textu
2659 614 2900 678 erroris
2954 613 3216 696 culpam
3263 614 3588 699 effugiant
3644 614 3756 697 qui
3814 613 3939 680 sibi
3996 613 4167 680 male
4226 637 4380 681 con-

2417 700 2534 765 scii
2572 708 2744 775 sunt,
2782 708 2939 763 nota
2975 699 3370 766 discriminis
3406 699 3696 765 additur:
3736 722 3971 784 nempe
4007 702 4062 765 si
4107 701 4377 768 nullum

2417 786 2642 850 odium
2700 788 3160 870 praecesserit:
3218 788 3404 852 cuius
3447 787 3650 850 etiam
3694 786 3790 852 rei
3836 788 4102 870 ponitur
4146 809 4371 853 exem·

2415 872 2633 955 plum,
2689 872 2743 935 si
2801 870 2930 936 duo
2988 871 3181 937 amici
3240 872 3311 936 in
3356 872 3614 956 sylvam
3663 872 3861 937 simul
3907 873 4172 956 profecti
4217 873 4370 953 sint,

2417 966 2485 1022 et
2528 955 2771 1040 absque
2807 958 2921 1021 lite
2963 956 3071 1021 vel
3114 958 3331 1042 iurgio
3375 960 3619 1023 ferrum
3665 960 3932 1037 securis,
3980 958 4152 1042 quod
4196 960 4375 1024 exci-

2418 1042 2590 1108 derit
2645 1065 2683 1108 a
2727 1063 2927 1108 manu
2987 1044 3205 1123 unius,
3261 1045 3542 1109 alterum
3587 1044 3796 1109 feriat.
3885 1045 4165 1109 Fontem
4213 1065 4287 1110 er
4332 1065 4374 1110 o

2418 1129 2682 1194 sceleris
2744 1129 2976 1194 merito
3024 1130 3207 1196 iubet
3252 1131 3434 1196 Deus
3478 1130 3896 1215 investigari,
3941 1140 4008 1196 et
4051 1150 4288 1214 quomo
4333 1152 4373 1197 o

2419 1214 2850 1299 reperiendus
2890 1217 2977 1280 sit
3011 1214 3326 1281 ostendit:
3374 1237 3610 1299 nempe
3647 1217 3702 1281 si
3741 1238 3869 1299 qua
3905 1216 4100 1281 fuerit
4144 1215 4373 1281 simul-

2420 1310 2540 1378 tas,
2589 1300 2690 1366 vel
2718 1301 2775 1366 si
2819 1321 2947 1385 qua
2991 1310 3224 1366 exorta
3266 1301 3466 1367 fuerit
3508 1305 3853 1368 contentio.
3913 1302 4148 1386 Neque
4190 1303 4370 1368 enim

2418 1385 2728 1453 credibile
2783 1395 2882 1452 est
2938 1389 3308 1471 quempiam
3364 1409 3567 1471 usque
3612 1387 3773 1453 adeo
3818 1410 3963 1454 esse
4003 1389 4377 1470 improbum

2418 1484 2497 1538 ut
2531 1474 2736 1557 gratis
2771 1472 2852 1538 ad
2892 1474 3103 1539 scelus
3138 1472 3570 1539 abominabile
3607 1473 3917 1556 prosiliat.
3990 1475 4377 1540 Notandum
4482 1478 4489 1487 “

2420 1580 2579 1624 vero
2637 1568 2768 1637 est,
2827 1558 2985 1625 huic
3028 1560 3445 1627 coniecturae
3490 1559 3702 1626 locum
3763 1581 3894 1625 non
3941 1582 4083 1626 esse
4125 1560 4253 1625 nisi
4298 1560 4368 1623 in

2419 1666 2493 1710 re
2520 1644 2746 1710 dubia:
2786 1665 2942 1710 nam
2979 1644 3035 1710 si
3059 1646 3206 1728 quis
3240 1646 3467 1711 stricto
3490 1646 3706 1730 gladio
3733 1646 4123 1713 transfodiat
4146 1645 4370 1729 proxi-

2419 1751 2635 1807 mum,
2692 1731 2799 1797 vel
2844 1731 3129 1797 iaculum
3187 1733 3257 1797 in
3313 1754 3425 1799 cor
3481 1733 3625 1798 eius
3669 1733 3918 1813 vibret,
3963 1750 4374 1814 supervacua

2420 1817 2549 1881 erit
2589 1817 2960 1899 inquisitio:
3015 1818 3170 1901 quia
3227 1819 3388 1884 satis
3431 1839 3755 1903 superque
3814 1818 4091 1886 scelesta
4132 1817 4372 1885 volun-

2423 1914 2526 1968 tas
2569 1900 2823 1968 detecta
2869 1914 2986 1968 est.

1546 2872 2215 3012 SEPTIMUM
2281 2913 3187 3011 PRAEGEPTUM.

994 3220 1124 3287 EX
1169 3220 1473 3289 EXODI
1515 3220 1678 3289 XX.

539 3393 639 3462 14.
693 3394 841 3460 Non
879 3395 1212 3460 committes
1255 3393 1656 3461 adulterium.

705 3794 1284 3871 REPETITIO
1331 3793 1968 3871 PRAECEPTI.

1044 3993 1174 4058 Ex
1219 3992 1490 4060 naum.
1539 3993 1623 4059 v,

553 4166 651 4232 18.
701 4165 848 4232 Non
888 4165 1220 4232 commetes
1262 4123 1666 4231 adalman..

535 4337 678 4402 Etsi
716 4359 847 4402 una
883 4345 1145 4402 tantum
1182 4335 1628 4419 impudicitiae
1663 4337 1915 4420 specics
1959 4337 2326 4421 attingitur,

375 4448 462 4492 ex
504 4423 831 4508 principio
877 4430 1098 4488 tamen
1157 4424 1374 4506 posito
1434 4422 1641 4507 liquet
1699 4423 1924 4489 fideles
1969 4426 2038 4488 in
2086 4444 2326 4507 genere

375 4512 460 4578 ad
529 4511 893 4575 castitatem
952 4509 1240 4574 institui:
1304 4529 1455 4572 nam
1517 4511 1573 4574 si
1632 4510 1737 4574 lex
1819 4511 1986 4575 iuste
2053 4509 2325 4574 vivendi

375 4595 670 4683 perfecta
713 4604 811 4660 est
855 4594 1101 4678 regula,
1146 4595 1298 4678 plus
1322 4615 1517 4678 quam
1544 4594 1899 4661 absurdum
1944 4607 2118 4661 esset
2152 4615 2324 4660 scor-

377 4683 565 4748 tandi
632 4680 963 4747 licentiam
1046 4681 1233 4761 dare,
1294 4683 1585 4765 exceptis
1643 4692 1903 4746 tantum
1962 4680 2322 4746 adulteriis.

377 4767 639 4835 Deinde
696 4776 885 4833 extra
929 4769 1443 4834 controversiam
1490 4778 1620 4844 est,
1668 4768 1940 4832 minime
1985 4769 2129 4833 Deo
2176 4788 2326 4849 pro·

377 4856 554 4932 bari,
611 4852 722 4919 vel
782 4856 1081 4919 excusari
1140 4855 1312 4937 apud
1374 4855 1512 4921 eius
1571 4852 1860 4918 tribunal
1908 4853 2082 4937 quod
2127 4853 2330 4917 dictat

379 4939 746 5007 communis
805 4939 1145 5004 hominum
1204 4961 1437 5006 sensus
1494 4941 1884 5006 obscoenum
1931 4960 2089 5004 esse.
2182 4939 2330 5003 Etsi

382 5030 557 5092 enim
617 5027 860 5109 passim
919 5025 1221 5090 omnibus
1280 5027 1553 5092 saeculis
1613 5038 1945 5110 grassatae
1991 5035 2144 5089 sunt
2187 5023 2331 5089 libi-

383 5113 601 5193 dines,
642 5133 973 5194 nunquam
1019 5123 1241 5175 tamen
1287 5114 1546 5193 penitus
1590 5112 1793 5177 deleri
1836 5115 2048 5193 potuit
2090 5110 2327 5194 opinio,

385 5201 850 5266 scortationem
916 5219 1059 5262 esse
1118 5199 1436 5280 flagitium
1502 5200 1602 5263 vel
1663 5199 2042 5280 nequitiam.
2130 5198 2330 5262 Certe

386 5286 467 5352 ab
513 5284 702 5349 initio
742 5284 954 5367 viguit
989 5282 1157 5367 quod
1196 5284 1380 5348 docet
1425 5285 1673 5350 Paulus
1710 5285 1865 5371 (Tit.
1912 5284 1973 5364 2,
2021 5283 2148 5371 12),
2195 5293 2329 5348 tres

384 5373 551 5438 bene
611 5371 870 5435 vivendi
915 5391 1058 5435 esse
1106 5381 1354 5452 partes,
1403 5371 1941 5462 temperantiam,
1987 5370 2329 5450 iustitiam,

574 5471 796 5530 Gavvini
829 5489 1014 5543 opera.
1093 5471 1210 5527 Vol.
1248 5471 1475 5526 XXIV.

2427 3229 2496 3282 et
2548 3218 2896 3301 pietatem:
2957 3222 3142 3303 atqui
3196 3223 3631 3306 temperantia
3688 3243 3887 3306 quam
3948 3223 4380 3301 commendat,

2425 3326 2466 3367 a
2500 3306 2804 3370 castitate
2841 3327 2968 3370 non
3006 3316 3372 3388 separatur.
3440 3307 3632 3373 Adde
3676 3308 3848 3391 quod
3893 3317 4031 3373 tam
4079 3308 4385 3376 Christus

2423 3412 2619 3474 quam
2683 3391 2995 3475 apostoli,
3050 3391 3161 3457 ubi
3219 3392 3299 3458 de
3358 3394 3535 3460 vitae
3591 3395 3985 3476 perfectione
4031 3392 4383 3475 disserunt,

2424 3498 2683 3559 semper
2728 3477 2808 3542 ad
2854 3476 3069 3562 legem
3113 3479 3341 3544 fideles
3383 3489 3715 3546 revocant.
3796 3480 3964 3545 Nam
4011 3484 4183 3547 sicut
4225 3481 4385 3547 olim

2425 3584 2466 3628 a
2509 3563 2694 3628 Mose
2739 3562 2988 3628 dictum
3035 3573 3170 3630 est:
3228 3564 3414 3630 Haec
3458 3578 3560 3631 est
3604 3566 3744 3641 via,
3793 3567 4124 3631 ambulate
4163 3567 4230 3630 in
4279 3589 4384 3633 ea:

2422 3648 2598 3714 idem
2639 3649 2950 3714 Christus
3006 3651 3350 3716 confirmat
3422 3651 3613 3717 Matt.
3663 3652 3763 3728 19,
3813 3652 3892 3717 17
3941 3671 3956 3715 ε
4016 3651 4094 3718 Si
4153 3652 4256 3719 vis
4302 3653 4385 3718 ad

2427 3736 2631 3800 vitam
2679 3735 2964 3818 ingredi,
3009 3756 3202 3802 serva
3230 3757 3382 3802 man
3434 3747 3560 3802 ata.
3615 3734 3885 3804 Subscri
3931 3739 3984 3803 it
4027 3746 4093 3802 et
4136 3738 4391 3805 Paulus

2424 3819 2648 3971 §Rom
2689 3822 2790 3899 13,
2841 3820 2981 3906 lO):
3028 3821 3163 3903 Qui
3202 3822 3416 3908 diligit
3460 3824 3760 3899 alterum,
3808 3823 4021 3909 legem
4066 3824 4389 3908 implevit.

2469 3919 2691 3972 nterea
2726 3928 2859 3971 non
2883 3907 3194 3974 desinunt
3228 3908 3511 3974 subinde
3553 3912 3943 3975 sententiam
3991 3910 4392 3976 maledictio·

2430 3992 2534 4059 nis
2590 3991 2765 4058 ferre
2808 3993 2878 4056 in
2925 4015 3155 4059 omnes
3201 4004 3613 4062 scortatores.
3704 3995 4020 4079 Singulos
4065 3996 4243 4062 locos
4286 4018 4391 4062 re-

2429 4080 2636 4146 citare
2702 4099 2939 4162 operae
3006 4082 3289 4162 pretium
3337 4104 3471 4145 non
3518 4090 3637 4147 est.
3723 4081 3934 4146 Porro
3979 4082 4038 4146 si
4082 4082 4394 4150 Christus

2432 4176 2500 4230 et
2541 4164 2820 4248 apostoli
2864 4165 3226 4232 fidelissimi
3274 4168 3439 4251 legis
3479 4168 3881 4251 interpretes
3938 4168 4395 4252 pronunciant,

2433 4274 2566 4316 non
2591 4252 2811 4317 minus
2847 4253 3193 4317 scortando
3217 4274 3412 4337 quam
3434 4254 3713 4318 furando
3739 4253 3967 4319 violari
3992 4251 4124 4319 Dei
4157 4255 4393 4338 legem,

2433 4347 2612 4402 certo
2655 4336 2810 4401 inde
2855 4336 3223 4420 colligimus
3278 4338 3399 4404 sub
3460 4361 3596 4404 una
3655 4340 3872 4422 specie
3924 4341 3995 4404 in
4037 4339 4161 4406 hoc
4205 4361 4395 4423 prae-

2433 4437 2621 4507 cepto
2667 4435 2872 4487 totum
2920 4445 3132 4507 genus
3177 4424 3658 4508 comprehendi.
3733 4424 3955 4506 Quare
3999 4425 4170 4490 nihil
4214 4426 4397 4492 aliud

2433 4529 2631 4593 quam
2676 4508 3005 4575 inscitiam
3038 4532 3226 4575 suam
3273 4532 3420 4577 cum
3461 4510 3774 4576 dedecore
3810 4511 4239 4593 prodiderunt
4282 4513 4395 4596 qui

2433 4618 2517 4660 ex
2576 4607 2996 4677 praepostera
3050 4596 3431 4663 curiositate
3483 4605 3834 4679 captarunt
3886 4599 4203 4663 acuminis
4250 4598 4393 4662 lau·

2435 4680 2603 4758 dem,
2652 4681 2806 4746 dum
2844 4681 3125 4747 confessi
3161 4683 3417 4747 suntin
3465 4704 3639 4747 novo
3690 4681 3952 4766 quidem
4000 4694 4391 4748 testamento

2433 4767 2597 4832 satis
2633 4767 2805 4832 clare
2850 4777 2916 4833 et
2960 4771 3334 4851 frequenter
3379 4769 3680 4833 damnari
3736 4769 4224 4846 scortationem,
4275 4769 4395 4834 sed

2434 4874 2570 4917 non
2616 4853 2684 4917 in
2732 4853 2894 4936 lege.
2988 4854 3155 4919 Nam
3214 4855 3270 4920 si
3325 4854 3684 4939 prudenter
3727 4855 4099 4919 ratiocinati
4151 4867 4388 4932 essent,

2434 4961 2521 5002 ex
2565 4959 2691 5022 quo
2734 4939 3014 5021 legimus
3061 4941 3271 5005 Deum
3321 4939 3734 5007 benedixisse
3779 4941 4097 5024 coniugio,
4151 4961 4234 5003 ex
4278 4962 4395 5022 op-

2435 5025 2644 5107 posito
2680 5035 2973 5090 statuere
2997 5039 3369 5109 promptum
3408 5039 3569 5104 erat,
3609 5026 4030 5092 maledictum
4067 5046 4209 5090 esse
4247 5045 4401 5090 con-

2437 5132 2734 5194 gressum
2763 5111 2979 5177 viriet
3002 5112 3316 5188 mulieris,
3344 5114 3471 5179 nisi
3498 5116 3569 5177 in
3593 5112 3919 5194 coniugio.
3966 5111 4163 5177 Hanc
4198 5114 4401 5175 ratio·

2435 5218 2587 5262 nem
2626 5209 2940 5280 sequutus
2975 5208 3076 5262 est
3113 5213 3301 5263 autor
3319 5200 3653 5280 Epistolae
3690 5199 3770 5263 ad
3796 5196 4134 5262 Hebraeos
4159 5195 4289 5282 (13,
4304 5195 4395 5285 4),

2437 5283 2546 5348 ubi
2605 5305 2711 5349 res
2767 5286 2941 5348 inter
2983 5305 3052 5350 se
3118 5291 3479 5351 contrarias
3515 5304 3918 5367 comparans,
3966 5282 4393 5359 Honorabile,

2434 5371 2684 5453 inquit,
2739 5371 2916 5436 inter
2970 5391 3197 5436 omnes
3240 5373 3650 5455 coniugium,
3716 5379 3782 5434 et
3824 5368 4037 5435 cubile
4081 5369 4400 5454 impollu-
